4036 6212
1709 323 1952 385 INDEX
2000 323 2516 387 SCRIPTORUM

393 329 548 390 1227
1709 329 1952 385 INDEX
2000 329 2050 385 Sl

2167 329 2516 387 IPTORUM
3703 332 3888 392 1228

389 468 626 534 patrum
659 459 1041 533 Epitimedes,
1071 461 1407 531 Cyrenaeus,
1440 458 1834 530 Epitimedem
1864 461 2038 514 Para-
2070 460 2122 528 Α
2153 458 2455 514 οοωωάίεθ
2487 459 2743 530 proximi
2773 459 2960 528 fuere,
2984 459 3125 515 belli
3159 459 3678 534 Peloponnesiaci
3719 467 3888 517 tem-
3971 458 3973 516 1

392 552 591 620 bates,
649 550 998 606 Parabatem
1033 547 1330 619 Hegesias,
1379 547 1787 603 Pisithanatus
1831 546 2046 614 dictus,

394 643 703 715 Hegesiam
729 639 1195 707 Anniceris,non
1218 639 1318 693 ille
1342 639 1442 709 qui
1467 639 1774 694 Platonem
1795 638 2052 694 redemit

466 733 680 798 Aristo,
715 730 981 785 Platonis
1012 734 1196 800 pater,
1233 734 1344 784 etc.

399 821 620 887 Aristo,
656 819 928 885 Lembus,
963 819 1062 890 qui
1121 818 1341 873 librum
1400 817 1718 874 Herodiani
1751 818 1786 886 ἡ
1813 815 2050 872 καθόλου

392 909 553 979 (scil.
585 908 777 980 τέχνη)
809 907 1184 978 inscriptum,
1231 907 1292 962 in
1352 908 1772 979 compendium
1825 908 2053 980 redegit

395 1001 719 1070 Danaoque
751 998 1078 1069 inscripsit.

465 1088 814 1156 Aristocles,
839 1089 1187 1152 Messenius,
1209 1087 1599 1159 philosophus
1622 1089 2053 1159 Peripateticus

398 1177 639 1248 scripsit
676 1176 798 1250 περὶ
836 1173 1188 1252 φιλοσοφίας,
1221 1178 1286 1230 de
1307 1177 1672 1247 philosophia
1699 1178 1864 1232 libros
1891 1180 1958 1246 X,
1991 1179 2052 1232 in

401 1268 618 1338 quibus
649 1283 858 1322 omnes
888 1266 1278 1338 philosophos
1333 1271 1392 1322 et
1423 1267 1689 1338 ipsorum
1742 1268 2054 1339 Opiniones

398 1361 693 1412 recenset.
728 1355 963 1428 Πότερον
997 1351 1419 1424 σπουδαιότερος
1461 1355 1711 1428 Ὅμηρος
1735 1354 1771 1424 ἢ
1805 1353 2054 1426 Πλάτων,

409 1444 601 1498 Utrum
656 1445 922 1498 Homerus
988 1445 1368 1512 praestantior,
1439 1459 1511 1497 an
1573 1443 1730 1499 Plato
1761 1443 1788 1498 ‘I
1843 1442 2057 1518 Τέχναις

412 1529 747 1604 ῥητορικὰς,
806 1539 981 1588 artem
1030 1531 1360 1587 rhetoricam
1421 1530 1553 1606 Περὶ
1605 1527 1939 1606 Σαράπιδος,
1993 1535 2059 1590 de

407 1621 698 1690 Sarapide.
737 1619 947 1688 Ἠθικὰ,
979 1621 1046 1675 de
1074 1623 1314 1676 moribus
1345 1622 1509 1676 libros
1537 1623 1631 1678 IX.

479 1709 822 1778 Aristocles,
867 1711 1326 1781 Lampsacenus,
1360 1710 1750 1782 philosophus
1807 1711 2057 1780 Stoicus,

409 1797 648 1868 scripsit
702 1795 961 1871 ἐξήγησιν
1018 1801 1127 1852 τῶν
1196 1797 1518 1871 Χρυσίππου
1575 1798 1699 1874 περὶ
1779 1803 1877 1854 τοῦ
1934 1803 2053 1862 πῶς

409 1883 606 1940 ἕκαστα
662 1885 892 1960 λὲγομεν
943 1886 1034 1941 καὶ
1093 1885 1488 1960 διανοούμεθα,
1541 1893 1942 1946 enarrationem
1997 1893 2054 1946 in

411 1977 776 2047 Chrysippum
831 1977 898 2032 de
953 1980 1188 2044 ratione,
1237 1995 1349 2048 qua
1384 1979 1607 2048 singula
1655 1981 1964 2050 eloquimur
2009 1987 2061 2036 et

413 2069 740 2135 cogitamus,
774 2067 929 2122 libris
956 2069 1056 2122 IV.

481 2157 823 2227 Aristocles,
868 2161 1291 2231 Pergamenus,
1351 2160 1635 2232 sophista,
1695 2162 1796 2232 qui
1826 2161 2060 2234 Trajani

414 2252 473 2302 et
502 2247 744 2304 Adriani
797 2249 1164 2320 temporibus
1221 2249 1386 2304 vixit.
1437 2250 1685 2321 Scripsit
1721 2258 1896 2307 artem
1933 2253 2058 2308 rhe-

413 2335 684 2405 toricam;
717 2340 1010 2407 epistolas;
1039 2339 1106 2393 de
1157 2339 1434 2394 rhetorica
1463 2339 1629 2394 libros
1694 2341 1759 2394 V.
1791 2339 2058 2410 Μελὲτας,

410 2427 876 2492 declamationes;
934 2426 1076 2500 Πρὸς
1155 2427 1248 2482 τὸν
1331 2425 1560 2501 βασιλέα
1616 2426 1703 2483 ἐπὶ
1761 2433 1830 2503 τῇ
1883 2427 2058 2485 διανε-

413 2514 576 2584 μήσει
606 2516 702 2567 τοῦ
733 2512 987 2588 χρυσίου,
1045 2517 1119 2570 ad
1147 2519 1535 2587 imperatorem
1564 2518 1629 2573 de
1685 2518 1815 2575 auri
1859 2521 2057 2576 distri-

409 2602 648 2658 butione.

475 2689 856 2761 Aristogenes
891 2732 904 2758 ,
959 2690 1237 2757 Thasius,
1297 2691 1586 2763 medicus,
1645 2693 1830 2751 libros
1885 2697 2058 2753 XXIV

412 2777 671 2847 scripsit,
706 2777 768 2830 in
792 2777 1006 2848 quibus
1032 2778 1446 2848 praestantiora
1468 2780 1737 2851 judicata
1765 2790 1904 2839 sunt
1931 2783 2056 2858 περῖ

409 2861 624 2934 διαίτης
653 2867 894 2922 devictus
927 2867 1167 2935 ratione,
1227 2864 1352 2939 περὶ
1407 2865 1710 2941 δυνάμεως,
1759 2875 1826 2929 de
1875 2878 2054 2944 facul-

409 2960 542 3021 tate,
583 2953 708 3029 περὶ
759 2951 1016 3023 δακέτων,
1076 2957 1141 3010 de
1194 2960 1473 3014 venenatis
1524 2961 1876 3028 animalibus,
1930 2963 2054 3037 περὶ

406 3063 742 3116 σπερματος,
769 3046 837 3100 de
863 3047 1086 3112 semine,
1115 3044 1365 3120 ὑγιεινὸν,
1391 3048 1458 3104 de
1485 3051 1800 3108 valetudine
1829 3056 2051 3124 tuenda,

403 3131 781 3200 Ἐπιστολικὰ,
813 3137 1049 3206 quaesita
1096 3151 1202 3206 per
1248 3138 1544 3208 epistolas:
1586 3140 1859 3214 Ἐπιτομὴ
1893 3164 2049 3216 φυσι·

2156 563 2300 620 pore
2336 547 2560 619 olymp.
2597 548 2857 602 LXXXV.
2891 548 3093 604 Dictus
3122 551 3450 624 Θυροποιός.

2225 635 3089 708 Aristonicus,Alexandrinus,
3117 641 3576 712 grammaticus.
3609 642 3886 712 scripsit

2157 723 2418 798 περὶτῶν
2474 728 2720 796 σημεῖων
2779 729 2924 782 notis
2980 729 3192 783 criticis
3247 731 3304 784 in
3358 729 3718 800 Theogonia
3757 733 3879 786 He-

2155 813 2322 883 siodi,
2357 820 2414 869 et
2453 815 2636 871 libros
2669 815 2735 870 Vl
2763 817 2886 871 Τῶν
2923 821 3019 884 τῆς
3077 813 3308 878 Ἰλιάδος
3353 816 3447 870 καὶ
3508 814 3878 880 Ὀδυσσείας

2159 901 2501 958 ἀσυντάκτων
2561 901 2872 976 ὀνομάτων,
2935 906 3002 960 de
3055 907 3365 962 nominibus
3415 909 3481 960 in
3551 907 3772 962 Iliade
3823 918 3878 964 et

2159 993 2416 1064 Odyssea,
2452 1009 2576 1063 qua
2614 1009 2649 1048 a
2675 996 2950 1048 communi
2979 998 3378 1050 constructione
3421 997 3750 1052 recedunt.

2233 1083 2669 1154 Aristonymus,
2698 1084 2983 1151 comicus,
3025 1090 3287 1156 tempore
3314 1085 3648 1140 Ptolemaei
3685 1087 3866 1142 Phil-

2161 1171 2397 1242 adelphi
2430 1177 2489 1227 et
2520 1172 2938 1244 Philopatoris,
2976 1178 3033 1228 et
3057 1179 3190 1245 post
3217 1175 3629 1246 Apollonium
3665 1178 3870 1248 (Rho-

2163 1259 2349 1332 dium)
2406 1261 2784 1316 bibliothecas
2838 1262 3013 1335 regias
3060 1263 3298 1334 prmfuit
3339 1281 3582 1320 annum
3657 1283 3868 1338 agens

2164 1349 2343 1404 LXIV.
2387 1351 2531 1406 Cum
2562 1351 2761 1422 fugam
2813 1351 3126 1408 moliretur
3170 1353 3244 1408 ad
3287 1355 3663 1422 Eumenem,
3703 1373 3869 1411 con-

2155 1438 2352 1510 jectus
2383 1445 2473 1496 est
2529 1441 2592 1496 in
2651 1458 2971 1512 carcerem,
3005 1449 3063 1498 et
3087 1448 3222 1515 post
3275 1443 3524 1515 aliquod
3595 1451 3862 1518 tempus

2163 1528 2438 1597 emissus,
2472 1531 2620 1584 obiit
2651 1547 2721 1587 ex
2751 1533 3086 1604 stranguria
3114 1549 3272 1588 anno
3313 1533 3512 1588 astatis
3567 1535 3861 1591 LXXVII.

2164 1618 2392 1690 Scripta
2419 1620 2548 1691 ejus
2579 1623 2879 1692 permulta
2907 1627 3048 1678 sunt
3083 1639 3096 1690 ;
3134 1639 3202 1678 ex
3231 1623 3547 1680 commdiis
3607 1626 3756 1696 ejus
3789 1626 3866 1682 ab

2163 1707 2449 1763 Athenwo
2473 1709 2690 1765 citatur
2709 1707 2907 1771 Ἥλιος
2937 1709 3128 1786 ῥίγῶν,
3159 1711 3241 1768 sol
3266 1712 3484 1782 algens.

2237 1798 2668 1870 Aristophanes
2702 1843 2716 1868 ,
2766 1801 3105 1872 Byzantius,
3150 1803 3617 1874 grammaticus,
3681 1805 3854 1860 filius

2171 1885 2414 1956 Apellis,
2441 1887 2542 1958 qui
2564 1889 2804 1944 ordines
2827 1889 3013 1956 duxit,
3031 1890 3358 1962 discipulus
3389 1891 3770 1949 Callimachi
3797 1897 3854 1949 et

2167 1975 2470 2046 Zenodoti,
2504 1995 2759 2050 quorum
2790 1979 2948 2034 hunc
2967 1980 3228 2051 juvenis,
3271 1980 3440 2035 illum
3477 1999 3647 2052 puer
3676 1985 3856 2039 andi-

2167 2065 2271 2133 vit,
2313 2071 2372 2121 et
2401 2071 2690 2137 prwterea
2732 2068 2998 2141 Dionysii
3046 2069 3230 2148 iambi
3283 2075 3341 2125 et
3392 2072 3844 2148 Euphronida,

2169 2157 2480 2229 Corinthii,
2514 2159 2634 2214 sive
2667 2157 2946 2232 Sicyonii.
2979 2160 3135 2215 Vixit
3164 2160 3508 2232 Olympiade
3541 2163 3769 2218 CXLV.

2240 2247 2688 2320 Aristophanes,
2724 2249 3008 2317 Rhodius,
3043 2249 3162 2304 sive
3196 2249 3439 2305 Lindius
3471 2251 3647 2320 (aliis
3681 2255 3854 2326 A-Zgy-

2168 2335 2348 2408 ptius,
2381 2335 2514 2392 aliis
2545 2337 2950 2410 Camirensns),
2995 2338 3228 2394 civitate
3276 2339 3707 2410 Atheniensis,
3739 2360 3844 2397 co-

2169 2426 2381 2494 micus,
2411 2427 2571 2482 filius
2602 2427 2884 2499 Philippi,
2918 2427 2978 2482 in
3025 2444 3203 2483 scena
3260 2429 3508 2484 certavit
3530 2429 3840 2502 olympia-

2169 2515 2241 2570 de
2275 2515 2437 2572 CXIV
2469 2516 2800 2572 tetrametri
2852 2521 2911 2570 et
2939 2518 3246 2572 octametri
3277 2517 3584 2576 inventor.
3655 2520 3843 2575 Filios

2166 2603 2722 2675 habuitArarotem,
2741 2605 3084 2678 Philippum
3109 2611 3167 2662 et
3197 2605 3612 2674 Philotan-um,
3649 2612 3838 2664 comi-

2165 2711 2284 2750 cos.
2317 2694 2565 2759 Quidam
2578 2691 2910 2761 ἀπόδουλον,
2927 2695 3207 2752 libertum
3219 2694 3405 2752 fuisse
3420 2697 3619 2752 tradid
3631 2707 3833 2756 erunt.

2165 2783 2443 2839 Dramata
2473 2783 2601 2854 ejus
2635 2789 2776 2840 sunt
2821 2784 2956 2852 LIV,
2991 2783 3125 2858 ἅπερ
3160 2780 3218 2837 δὲ
3248 2781 3648 2858 πεπράχαμεν,
3703 2803 3835 2859 qua:

2165 2876 2366 2926 autem
2396 2873 2796 2944 tractavimus,
2843 2873 2962 2928 sive
3002 2873 3066 2928 in
3106 2887 3253 2944 quas
3293 2877 3694 2930 commentati
3736 2892 3835 2931 su~

2164 2977 2297 3017 mus
2355 2961 2486 3033 (54),
2535 2961 2936 3029 Acharnenses,
2987 2965 3174 3028 Rana,
3204 2964 3346 3030 Pace,
3399 2964 3832 3032 Ecclesiazusz,

2165 3050 2709 3121 Tesmophoriazusae,
2760 3051 3004 3122 Equites,
3055 3051 3388 3120 Lusistrata,
3422 3053 3630 3121 Nubes,
3661 3054 3819 3121 Aves,

2169 3139 2380 3203 Plutus,
2415 3141 2622 3210 Vespa.

399 3229 511 3279 κῶν
544 3224 914 3300 βοηθημάτων
955 3223 1094 3301 πρὸς
1126 3225 1458 3302 Ἀντίγονον,
1511 3208 1858 3290 naturalium
1880 3208 2050 3293 neme-

2239 3208 2598 3296 Aristoteles,
2637 3228 2976 3284 Nicomachi
3031 3234 3090 3284 et
3145 3229 3459 3285 thstidis
3520 3231 3584 3288 F.
3630 3233 3828 3300 (Nico-

401 3317 621 3372 diorum
650 3318 1028 3388 compendium
1060 3318 1134 3373 ad
1162 3319 1522 3389 Antigonum.

469 3407 869 3480 Aristogenes,
893 3407 1156 3476 Cnidius,
1185 3409 1473 3478 medicus,
1508 3429 1710 3469 servus
1739 3414 2048 3487 Chrysippi

397 3497 758 3569 philosophi,
793 3503 852 3552 et
881 3497 1160 3569 Antigoni
1192 3499 1430 3555 Gonatm
1460 3501 1748 3559 medicus.

467 3585 850 3657 Aristogiton,
882 3575 1223 3666 Cydimachi
1276 3589 1570 3661 (Scydimi)
1629 3594 1758 3660 (53),
1817 3593 1906 3648 vel
1939 3593 2042 3666 Ly-

397 3675 646 3730 simachi
680 3676 762 3742 F.,
794 3663 1197 3740 Atheniensis,
1232 3678 1455 3744 rhetor,
1505 3686 1694 3736 matre
1747 3663 2044 3767 libertina,

391 3767 635 3835 propter
676 3763 1109 3834 impudentiam
1160 3766 1322 3821 Canis
1377 3770 1826 3840 cognominatus
1857 3777 1917 3826 et
1971 3763 2044 3827 ab

390 3849 856 3907 Atheniensibus
883 3852 1250 3924 interfectus,
1286 3860 1396 3910 etc.
1432 3857 1680 3928 Scripsit
1710 3861 2040 3917 orationes:

391 3941 729 4010 Apologiam
780 3943 1038 3998 adversus
1111 3945 1521 4001 Demosthenem
1589 3947 1732 4002 belli
1791 3948 2042 4006 ducem:

391 4031 646 4086 adversus
691 4033 1018 4102 Lycurgum,
1078 4034 1331 4090 adversus
1383 4036 1738 4104 Timotheum,
1789 4039 2045 4096 adversus

397 4120 766 4188 Timarchum,
812 4122 1067 4178 adversus
1118 4125 1450 4194 Hyperidem
1483 4127 1680 4196 (quem
1731 4127 1805 4182 ob
1837 4129 2039 4184 decre-

388 4214 517 4265 tum
547 4217 682 4281 post
729 4211 957 4266 cladem
1015 4214 1474 4270 Chaeronensem
1531 4215 1753 4272 factum
1811 4219 2044 4274 actione

383 4301 491 4352 τῶν
525 4299 854 4373 παρανόμων
892 4308 1240 4372 persecutus
1273 4309 1383 4368 est,
1426 4305 1528 4360 sed
1559 4306 1820 4379 frustra),
1847 4308 2040 4363 adver-

384 4403 475 4442 sus
514 4389 879 4460 Thrasyllum,
938 4396 997 4445 et
1041 4389 1366 4468 Ὀρφανικὸν
1417 4395 1539 4448 sive
1588 4397 1894 4451 orationem
1931 4412 2039 4468 pro

2157 3317 2404 3372 machus
2460 3322 2659 3373 autem
2718 3317 2983 3373 medicus
3035 3316 3148 3373 fuit
3193 3335 3262 3373 ex
3319 3318 3820 3390 Asclepiadarum

2155 3421 2394 3478 genere,
2428 3423 2462 3462 α
2491 3407 2869 3474 Nicomacho,
2895 3406 3234 3462 Machaonis
3279 3407 3426 3475 tilio,
3476 3409 3819 3480 oriundus),

2154 3511 2224 3550 ex
2251 3495 2499 3568 Stagira,
2533 3495 2679 3550 urbe
2727 3495 2989 3550 Thracia:
3038 3495 3451 3567 philosophus,
3483 3497 3816 3570 discipulus

2152 3583 2436 3653 Platonis,
2495 3581 2732 3658 τραυλὸς
2786 3582 2884 3651 τήν
2917 3581 3101 3658 φωνήν
3161 3585 3323 3639 balba
3377 3601 3528 3640 voce.
3589 3588 3815 3643 Fratres

2150 3671 2358 3726 habuit
2387 3673 2790 3728 Arimnestum
2826 3677 2884 3727 et
2913 3673 3334 3739 Arimnestem,
3370 3674 3712 3747 ﬁliamque,
3745 3694 3808 3732 ex

2151 3761 2434 3833 Pythiade
2457 3761 2735 3832 (Hermia;
2767 3762 3050 3830 ennuchi,
3080 3763 3285 3818 Atarni
3315 3762 3373 3817 in
3395 3765 3629 3821 Troade
3653 3769 3815 3837 prin-

2149 3850 2317 3922 cipis,
2351 3850 2520 3920 ﬁlia),
2552 3851 2666 3922 ipsi
2697 3857 2922 3920 natam,
2946 3867 3077 3921 quas
3109 3851 3299 3907 tribus
3343 3855 3582 3909 maritis
3610 3857 3812 3927 nupsit

2148 3938 2594 4009 liberorumque
2625 3939 2854 4010 aliquot
2884 3945 3078 3995 mater
3106 3946 3245 3996 ante
3267 3946 3497 4012 patrem
3533 3942 3815 4016 decessit.

2146 4029 2363 4083 Habuit
2391 4033 2448 4082 et
2478 4029 2688 4094 ﬁlium,
2725 4029 3172 4094 Nicomachum,
3196 4047 3268 4085 ex
3300 4031 3643 4102 Hepyllide,
3673 4051 3810 4089 con-

2147 4118 2380 4185 cubina,
2416 4121 2550 4184 etc.,
2582 4115 2820 4188 praefuit
2867 4133 2972 4189 per
3013 4135 3206 4174 annos
3236 4121 3341 4174 XII
3389 4121 3806 4192 Peripateticae

2145 4206 2563 4279 philosophia,
2585 4208 2667 4263 ita
2692 4207 2864 4263 dictm
2886 4203 2977 4261 διὰ
2993 4208 3054 4261 τὸ
3088 4205 3137 4261 ἐν
3172 4206 3459 4280 περιπάτῳ
3479 4205 3613 4276 ἤτοι
3645 4215 3812 4284 κήπῳ

2145 4292 2374 4366 διδάξαι,
2409 4297 2694 4367 quoniam
2748 4297 2810 4352 in
2867 4299 3130 4368 Peripato
3189 4298 3309 4354 sive
3364 4299 3538 4354 horto
3609 4301 3814 4358 docuit

2144 4386 2514 4454 Aristoteles,
2545 4387 2756 4442 relicta
2812 4386 3146 4456 Academia,
3195 4388 3257 4442 in
3305 4403 3421 4459 qua
3479 4389 3652 4445 Plato
3701 4392 3810 4446 do-

384 4476 645 4546 pupillis.
2147 4480 2370 4530 cuerat.
2407 4476 2587 4532 Natus
2617 4481 2707 4531 est
2749 4475 2918 4531 XCIX
2966 4475 3305 4548 Olympiade
3339 4491 3353 4530 :
3387 4482 3446 4531 et
3497 4477 3808 4551 Chalcide,

453 4565 882 4634 Aristomenes,
925 4569 1327 4640 Atheniensis,
1363 4571 1646 4642 comicus,
1677 4575 1784 4625 τῶν
1815 4568 2028 4627 ἐπιδευ-
2068 4573 2111 4638 D
2143 4563 2354 4620 hausto
2383 4565 2640 4634 aconito,
2671 4564 2838 4636 obiit,
2865 4565 3004 4636 quia
3048 4566 3110 4620 in
3151 4566 3254 4638 jus
3298 4565 3625 4624 vocabatur
3655 4571 3807 4641 quod

398 4670 570 4726 τερων
595 4658 694 4722 τῆς
729 4653 963 4729 ἀρχαίας
1021 4655 1353 4730 Κωμῳδίας,
1405 4676 1474 4715 ex
1522 4660 1595 4716 iis
1628 4661 1727 4732 qui
1778 4663 2040 4735 antiqua

2167 4656 2426 4710 Paeanem
2448 4653 2509 4709 in
2533 4654 2832 4710 Hermiam
2883 4656 3223 4711 eunuchum
3282 4657 3631 4728 scripserat.
3695 4660 3802 4715 Alii

456 4859 572 4942 (ξίβ)
601 4863 773 4942 Apud
805 4864 1049 4942 Spidam
1075 4871 1218 4942 tom.
1241 4871 1321 4942 71,7
1342 4885 1471 4942 pag.
1507 4872 1632 4937 325,
1669 4870 2033 4940 Aristogiton,
2147 4869 2250 4926 das
2281 4887 2316 4926 a
2346 4869 2692 4942 confusione
2731 4885 2931 4926 rerum
2990 4870 3420 4942 homniumque
3481 4871 3649 4927 haud
3677 4892 3797 4930 om-

456 4886 572 4931 μιο)
601 4886 642 4916 ις
698 4886 773 4917 uu
805 4886 1044 4921 numam
1075 4886 1218 4923 tom.
1264 4886 1308 4934 ι,
1383 4886 1471 4942 ag.
1507 4886 1632 4937 .520,
1669 4886 2033 4940 aristoguon,
2147 4886 2250 4926 uas
2281 4887 2316 4926 a
2346 4886 2692 4925 comusxonc
2731 4886 2931 4926 rerum
2990 4886 3420 4942 nomniumque
3482 4886 3649 4927 naua
3677 4892 3794 4930 om-

384 4886 728 5014 Cydi‘ma'cliii
772 4936 865 4990 vel
923 4938 1258 5014 Lysimachi
1296 4886 1474 5009 ﬁlius,
1508 4942 1580 4997 ab
1640 4943 2031 5014 Aristogitone,
2144 4942 2299 5014 nino
2320 4941 2735 5014 estimmunis,
2766 4959 2814 5014 v.
2852 4958 3050 5013 supra,
3085 4943 3159 4998 ad
3193 4948 3333 4998 sect.
3371 4945 3422 5010 7,
3457 4947 3613 5014 not.)
3647 4962 3794 5002 unus

382 5001 639 5085 Scydimi
673 5005 755 5070 F.,
788 5001 1172 5085 sycophanta,
1205 5001 1582 5082 discernitur,
1603 5018 1662 5068 et
1689 5013 1762 5068 de
1784 5001 2032 5085 utroque
2143 5013 2220 5068 sit
2249 5013 2525 5082 idemque
2557 5001 2888 5081 habendus,
2923 5001 3244 5069 decernere
3267 5029 3386 5069 non
3409 5001 3628 5070 ausini.
3655 5001 3796 5074 Pes?

383 5075 703 5167 spparatim
780 5075 998 5167 agitur;
1051 5075 1361 5161 Enimvero
1416 5091 1474 5139 et
1530 5075 1694 5167 prior
1749 5075 2030 5144 adversus
2141 5086 2324 5140 terius
2351 5075 2555 5167 tamen
2575 5075 2966 5167 'verisimilius
3015 5085 3164 5167 mihi
3198 5085 3654 5167 videturLConf.
3695 5107 3796 5167 su:-

383 5143 738 5232 Hyperidem
761 5143 939 5232 verba
965 5151 1205 5232 iecisse,
1239 5160 1298 5210 et
1323 5143 1615 5226 posterior
1645 5173 1879 5228 quoque
1914 5159 2029 5232 lly-
2136 5173 2245 5228 pra
2295 5155 2370 5232 ad
2418 5155 2531 5211 vol.
2574 5157 2644 5225 II,
2677 5171 2809 5230 pag.
2842 5157 2966 5211 858.
3006 5163 3130 5212 not.
3165 5163 3224 5212 et
3248 5157 3363 5212 vol.
3391 5157 3489 5222 III,
3520 5175 3656 5232 pag.
3692 5143 3794 5216 Fili

375 5215 644 5299 paridem
677 5219 750 5273 ob
782 5220 1085 5299 decretum
1118 5215 1508 5282 memoi‘atum
1542 5215 1885 5299 quahquam
1912 5215 2028 5299 frii-
2136 5215 2241 5299 seq
2265 5268 2278 5281 .
2313 5228 2487 5283 llam“

373 5292 519 5374 stra,
549 5298 895 5374 persecutus
926 5293 1156 5374 dicitur.
1185 5299 1331 5374 Num
1357 5292 1780 5374 autem-revera
1810 5297 2024 5374 diversi
2135 5367 2153 5374 ι
2205 5292 2318 5370 (54)
2341 5299 2489 5374 Sunt
2515 5297 2692 5374 verba
2724 5298 3608 5374 scholiastm_Ari_stoplianis,ad
3641 5299 3788 5374 πρά-

369 5357 612 5443 fuerint,
647 5368 706 5416 et
736 5369 987 5443 utorq_ue
1016 5367 1349 5443 _scripse_ri_t
1394 5376 1600 5424 contra
1641 5371 2019 5443 Hyperidem,
2131 5357 2237 5438 ξεις
2270 5357 2410 5424 suas
2440 5370 2827 5443 incomicum
2867 5370 3267 5443 respicientis.
3291 5357 3524 5426 ’Ἐλωί
3551 5357 3786 5430 Kusteri

367 5445 444 5486 an
477 5434 676 5516 potius
707 5453 842 5516 cum
865 5434 1281 5516 ‘Taylorofqui
1313 5441 1373 5497 in
1404 5447 1532 5516 not,
1585 5441 1658 5496 ad
1695 5434 2018 5516 :Demosthi

2167 5443 2309 5516 gitur
2359 5441 2584 5516 opinio,
2645 5434 2985 5515 εὑρήκαμεν,
3014 5459 3144 5516 pro
3200 5443 3592 5516 πεπράχαμεν,
3626 5445 3786 5516 quod

367 5459 444 5486 au
477 5459 676 5502 puuus
707 5459 842 5490 cum
895 5459 1146 5507 IawaO,
1181 5459 1281 5510 qui
1313 5459 1373 5497 in
1404 5459 1528 5506 non,
1585 5459 1658 5496 aa
1714 5459 2018 5500 uemostn.
2129 5459 2309 5512 igitur
2359 5459 2584 5566 opimo,
2645 5459 2978 5515 ευρηκαμεν,
3039 5459 3144 5513 pro
3200 5459 3592 5516 πεπραχαμεν,
3626 5459 3786 5516 quod

365 5510 538 5584 oratt.
574 5511 717 5584 tom.
750 5508 825 5564 Ill
857 5508 978 5579 (ubi
1005 5526 1136 5582 pag.
1169 5513 1270 5566 509
1301 5529 1451 5584 seq.,
1501 5513 1575 5568 de
1617 5512 2018 5584 Aristogitone
2126 5513 2227 5568 ille
2257 5528 2398 5567 voca
2441 5511 2607 5568 ulum
2639 5519 2981 5584 suspectum
3013 5513 3210 5584 habet,
3257 5515 3414 5570 haud
3443 5519 3786 5575 necessaria

361 5575 604 5670 uberius
635 5575 917 5670 disputat,
946 5575 1723 5670 et-pa'g...510,locansuidai
1755 5575 2012 5670 excitat),
2126 5589 2468 5670 estuneq‘ue
2516 5575 2950 5656 interpristatio,
3008 5575 3325 5656 superstites
3369 5592 3516 5657 sunt,
3566 5588 3784 5646 admit-

359 5661 482 5704 non
514 5649 802 5710 discernit
831 5653 968 5710 illos
998 5649 1137 5712 n'ec'
1156 5649 1361 5713 differe
1385 5655 1620 5730 judicat
1649 5659 1849 5728 (atque
1881 5649 2013 5713 Sui;
2121 5649 2323 5714 ten'da.
2363 5649 2538 5712 Hann.
