4070 6196
332 472 486 533 1229

1633 466 1732 526 DE
1778 462 2066 537 QUIBUS
2109 465 2420 526 SUIDAS.

3585 475 3743 534 1230

326 622 397 660 ex
428 601 638 657 morbo
670 600 996 657 decessisse
1030 615 1221 655 annos
1252 604 1458 654 natum
1518 599 1686 654 LXX.
1731 598 1968 652 Timwu:

2100 594 2406 667 Ῥωμαϊκὰς
2439 600 2713 670 συνέταξεν
2748 602 3036 655 historiam
3066 601 3261 657 Latine
3313 608 3617 673 composuit
3674 606 3742 660 li-

324 690 707 749 Aristotelem
733 690 1010 745 omnibus
1034 689 1364 761 proscindit
1385 688 1686 754 conviciis;
1706 686 1809 742 sed
1833 685 1982 740 alio-

330 800 463 838 rum
507 780 741 854 judicio
771 786 870 848 τῆς
901 777 1115 840 φύσεως
1147 777 1518 854 γραμματεὺς,
1551 786 1774 836 natura?
1803 778 1983 834 scriba

330 872 462 939 fuit,
490 870 583 923 τὸν
614 866 867 941 κάλαμον
899 863 1230 943 ἀπυϐρέχων
1266 869 1342 929 εἰς
1372 874 1515 937 νοῦν,
1567 872 1664 941 qui
1710 869 1982 924 calamum

326 964 386 1017 in
421 968 656 1017 mentem
702 962 956 1025 intinan’t,
1017 977 1312 1033 quemque
1370 960 1518 1016 nihil
1576 960 1726 1032 fugit
1780 972 1981 1012 rerum

330 1051 571 1108 utilium
603 1050 1169 1119 abstrusiorumque.

407 1140 819 1205 Aristoxenus,
852 1139 1088 1193 Mnesiae
1131 1138 1453 1210 Spinthari,
1502 1135 1714 1191 musici
1764 1135 1978 1188 Taren-

334 1229 467 1296 tini,
498 1230 585 1297 F.,
614 1228 771 1300 apud
803 1228 1240 1283 Mantineenses
1272 1242 1512 1299 operam
1531 1225 1693 1280 dedit
1717 1222 1977 1296 philoso-

334 1318 491 1390 phiaz
512 1322 569 1373 et
593 1316 1101 1386 musicm,auditor
1122 1316 1307 1387 patris
1324 1320 1381 1370 et
1400 1313 1652 1385 Lampri,
1670 1309 1978 1385 Erythrmi,

331 1406 673 1478 Xenophili,
698 1406 1139 1478 Pythagorei,et
1164 1404 1420 1476 denique
1442 1403 1979 1473 Aristotelis,quem

337 1496 683 1552 defunctum
712 1497 994 1552 conviciis
1024 1496 1350 1551 insectatus
1407 1500 1513 1563 est,
1563 1495 1722 1566 quod
1762 1493 1979 1549 scholae

332 1603 737 1643 successorem
795 1586 1267 1658 Theophrastum
1312 1585 1673 1656 reliquisset,
1726 1601 1845 1640 non
1894 1600 1977 1651 se,

329 1675 499 1746 cujus
525 1681 641 1730 tam
668 1691 879 1747 magna
905 1679 1061 1730 esset
1082 1674 1235 1729 inter
1257 1674 1755 1745 auditoresipsius
1769 1673 1975 1746 gloria.

326 1765 590 1836 IEQUalis
620 1766 731 1821 fuit
778 1765 1121 1831 Dicaaarchi,
1171 1764 1467 1829 Messenii,
1518 1764 1589 1818 ab
1643 1763 1978 1834 Olympiade

329 1855 472 1911 CXI.
504 1854 868 1926 Conscripsit
916 1854 1164 1921 musica,
1219 1853 1652 1925 phiIOSOphica,
1702 1853 1979 1908 historias

2093 686 2204 741 bris
2230 690 2399 745 XVII.
2436 690 2609 753 Οὗτος
2658 693 2880 762 πρῶτος
2934 689 3270 760 Ἑλληνικὴν
3316 692 3552 764 ἱστορίαν
3603 694 3746 748 Ῥω-

2096 782 2305 848 μαϊκῶς
2380 780 2767 854 συνεγράψατο.
2845 785 3065 838 Primus
3134 783 3425 838 historiam
3498 786 3742 842 Graecam

2091 871 2229 937 style
2264 872 2456 925 Latino
2488 872 2741 926 tradidit.
2776 874 2943 927 FABR.
2981 905 3042 912 —
3077 873 3158 927 De
3213 891 3280 929 eo
3330 874 3600 945 pluribus
3651 875 3738 946 egi

2092 957 2153 1011 in
2186 960 2505 1015 lntroduct.
2543 962 2603 1015 in
2636 963 2909 1017 notitiam
2966 963 3208 1019 litterat.
3261 966 3539 1019 Romanas
3592 969 3733 1019 tom.

2090 1046 2159 1115 II,
2194 1063 2322 1118 pag.
2355 1049 2457 1101 237
2486 1066 2615 1120 sqq.
2650 1052 2823 1106 HARL.

2163 1136 2430 1206 Aspasia,
2457 1137 2699 1208 Milesia,
2728 1139 2952 1195 femina
2975 1140 3731 1214 celeberrimaetsingulari

2092 1225 2433 1297 eloquentia
2462 1229 2730 1299 prwdita,
2775 1230 3113 1301 sopbistria,
3166 1226 3492 1291 διδάσκαλος
3554 1229 3730 1305 λόγων

2091 1313 2421 1389 ῥητορικῶν,
2454 1318 2739 1389 magistra
2769 1324 2826 1373 et
2855 1319 3047 1374 amica
3078 1320 3320 1374 Periclis
3348 1326 3406 1375 et
3445 1338 3592 1377 uxor
3621 1320 3731 1375 de-

2091 1405 2291 1475 nique.
2329 1423 2460 1476 quas
2492 1406 2745 1461 duorum
2787 1407 3103 1473 bellorum,
3158 1410 3409 1463 Samiaci
3458 1414 3515 1463 et
3562 1409 3735 1463 Pelo-

2088 1494 2460 1564 ponnesiaci,
2496 1511 2673 1550 causa
2704 1494 2887 1550 fuisse
2918 1496 3192 1563 traditur,
3236 1503 3294 1551 et
3341 1513 3412 1551 ex
3461 1513 3578 1566 qua
3624 1499 3735 1550 Pe-

2088 1583 2266 1638 ricles
2316 1584 2531 1649 ﬁlium,
2594 1584 2703 1639 sibi
2765 1586 3205 1657 cognominem,
3269 1588 3546 1657 suscepit.
3607 1586 3739 1640 Fuit

2090 1677 2149 1726 et
2177 1672 2382 1739 altera,
2417 1673 2717 1739 meretrix,
2753 1673 2824 1728 ab
2866 1674 3112 1745 Aspasia
3139 1674 3381 1729 Periclis
3412 1674 3656 1729 diversa.

2160 1760 2468 1831 Aspasius,
2518 1761 2779 1832 Byblius,
2829 1763 3115 1832 scphista,
3165 1762 3411 1833 aequalis
3460 1762 3732 1817 Aristidis

2089 1855 2148 1905 et
2176 1850 2442 1918 Adriani,
2476 1851 2715 1921 scripsit
2742 1850 2809 1904 de
2838 1851 3027 1920 Byblo,
3087 1849 3210 1923 περὶ
3268 1852 3500 1903 στάσεων
3562 1849 3730 1923 ἐσχη-

331 1949 389 2000 et
418 1945 749 2016 omnigenus
799 1944 1153 1999 eruditionis
1210 1942 1394 1998 libros
1452 1944 1761 1998 CCCCLIII.
1812 1942 1968 1997 Alius

2100 1936 2460 2011 ματισμὲνων,
2509 1940 2575 1994 de
2606 1941 2843 1995 statibus
2893 1943 3191 2009 ﬁguratis;
3252 1937 3498 2010 μελέτας,
3551 1942 3729 1995 decla-

328 2040 703 2103 Aristorenus,
760 2038 1098 2108 Cyrenaeus,
1166 2036 1330 2091 luxui
1393 2035 1539 2090 adeo
1599 2035 1855 2102 deditus,
1914 2040 1979 2090 ut

330 2128 591 2183 lactucas
620 2128 682 2182 in
713 2128 883 2182 horto
917 2143 1022 2183 suo
1076 2126 1303 2198 vesperi
1356 2126 1550 2180 mulso
1601 2126 1837 2198 rigaret,
1890 2124 1976 2179 di-

330 2234 490 2283 cens,
524 2216 743 2273 virides
776 2217 913 2272 inde
942 2217 1248 2289 placentas
1280 2215 1391 2270 sibi
1425 2215 1645 2272 enasci.

405 2307 729 2378 Arnuphis,
764 2306 1065 2379 lEgyptius
1096 2305 1508 2377 philosophus,
1544 2305 1643 2376 qui
1673 2303 1974 2374 Romanis,

329 2395 427 2451 siti
462 2395 893 2464 laborantibus,
928 2398 1219 2467 praesente
1246 2395 1436 2449 Marco
1468 2393 1769 2448 Antonino
1807 2393 1974 2464 imp.,

332 2488 550 2545 dicitur
580 2492 704 2543 arte
737 2487 997 2559 coegisse
1030 2486 1218 2542 nubes
1251 2490 1308 2541 et
1328 2486 1577 2544 imbrem
1602 2486 1972 2541 conciliasse.

326 2577 447 2633 Alii
476 2578 662 2644 aiunt,
696 2578 807 2633 hoc
840 2576 1106 2631 effecisse
1137 2574 1461 2643 lulianum,
1494 2575 1856 2631 Chaldamm.

398 2667 740 2731 Arrhesius,
774 2665 1123 2721 monachus.

399 2756 707 2822 Arrianus,
741 2757 917 2826 poeta
948 2754 1151 2825 epicus
1172 2752 1440 2807 versibus
1473 2753 1685 2807 Graecis
1718 2752 1974 2807 heroicis

324 2845 572 2916 Georgia
606 2844 826 2914 Virgilii
860 2841 1139 2907 reddidit,
1173 2842 1528 2913 scripsitque
1560 2837 1974 2914 Ἀλεξανδριάδα

326 2934 449 2988 sive
480 2934 550 2990 de
584 2934 758 2989 rebus
788 2932 969 3005 gestis
991 2930 1306 2988 Alexandri
1324 2930 1671 3003 rhapsodias
1694 2930 1858 2986 XXIV
1884 2936 1976 2999 ;et

324 3021 390 3076 in
424 3023 708 3091 Attalum,
744 3022 1189 3094 Pergamenum,
1223 3026 1515 3092 poemata.

398 3113 710 3181 Arrianus,
740 3111 1231 3175 Nicomediensis,
1274 3110 1664 3182 philosophus
1714 3107 1972 3175 Ἐπικτή.

317 3222 487 3271 τειος,
520 3202 726 3257 Junior
754 3201 1165 3272 Xenophonte.
1202 3202 1401 3255 Romae
1431 3200 1575 3254 vixit
1606 3199 1973 3271 temporibus

314 3293 584 3360 Adriani,
617 3290 901 3346 Antonini
935 3295 992 3345 et
1022 3290 1220 3354 Marci,
1273 3289 1719 3360 imperatorum,
1773 3293 1830 3342 et
1877 3284 1966 3341 διὰ

306 3374 413 3443 τήν
469 3379 569 3440 τῆς
624 3368 869 3431 παιδείας
930 3364 1235 3442 δεξιότητα,
1316 3374 1558 3441 propter
1614 3369 1963 3441 praeclaram

310 3462 666 3528 doctrinam,
703 3465 851 3515 teste
886 3459 1211 3526 Heliconio,
1246 3458 1320 3513 ad
1350 3456 1727 3514 consularem
1776 3474 1965 3528 usque

311 3551 665 3623 dignitatem
722 3553 977 3604 evectus.
1040 3547 1286 3619 Scripsit
1344 3546 1529 3602 libros
1591 3562 1768 3618 quam
1828 3547 1965 3619 plu-

316 3642 527 3697 rimos.

391 3729 824 3794 Artemidorus,
859 3745 927 3783 ex
954 3728 1145 3795 Daldi,
1181 3728 1367 3799 Lyciae
1409 3727 1649 3800 Oppido,
1699 3728 1965 3800 philoso-

312 3821 489 3893 phus,
522 3820 761 3891 scripsit
788 3816 1239 3892 Ὀνειροκριτικᾶ,
1288 3818 1355 3873 de
1401 3820 1736 3874 somniorum
1790 3821 1966 3873 inter-

304 3910 627 3981 pretatione
676 3910 843 3965 libros
893 3910 991 3963 IV.
1044 3906 1486 3976 Οἶωνοσκοπικᾶ,
1544 3910 1610 3965 de
1662 3910 1962 3979 auguriis;

310 3999 734 4073 χειροσκοπικά,
767 4000 833 4055 de
872 4000 1232 4067 divinatione,
1282 4016 1403 4070 quae
1449 4003 1510 4069 ﬁt
1550 4017 1656 4071 per
1700 4016 1963 4056 manuum

310 4081 731 4151 inspectionem.

384 4171 819 4237 Artemidorus,
896 4170 1601 4241 Pseudoaristophanius,
1679 4171 1964 4227 vocabula

315 4260 681 4336 opsartytica
712 4260 833 4315 sive
864 4259 935 4314 de
967 4276 1030 4314 re
1060 4258 1407 4329 coquinaria
1436 4258 1693 4331 collegit.

384 4349 791 4421 Asclepiades,
824 4348 1061 4403 Diotimi
1094 4349 1179 4413 F.,
1212 4346 1545 4418 Myrleanus
1577 4348 1671 4419 (ex
1723 4349 1958 4421 Myrlea,

312 4440 628 4511 Bithynia),
678 4437 893 4492 deinde
949 4436 1108 4492 dicta
1163 4436 1466 4509 Apamea),
1526 4442 1587 4491 at
1639 4436 1701 4490 τὸ
1758 4435 1958 4501 ἄνωθεν

309 4530 495 4605 γένος,
530 4528 577 4582 si
610 4526 788 4583 altius
828 4541 1013 4598 genus
1052 4525 1965 4598 repetas,Nic:eensis,gramma-

311 4622 490 4685 ticus,
548 4616 847 4689 Apollonii
908 4616 1255 4688 discipulus,
1316 4616 1417 4687 qui
1470 4616 1616 4670 vixit
1668 4616 1844 4671 Attali
1906 4624 1964 4673 et

2080 2033 2346 2085 motiones
2367 2048 2389 2095 ;
2418 2030 2628 2103 Τέχνας
2681 2037 2855 2086 artem
2905 2030 3279 2093 rhetoricam;
3338 2029 3727 2100 ὑπομνήματα,

2081 2120 2543 2183 commentarios;
2615 2115 2833 2185 λαλιὰς,
2907 2135 3197 2175 sermones.
3290 2121 3609 2174 Encomium
3668 2122 3727 2175 in

2079 2207 2391 2263 Adrianum
2422 2210 2556 2277 imp.
2592 2213 2642 2262 et
2674 2210 2731 2261 in
2762 2209 2900 2261 alios
2932 2207 3216 2276 quosdam.
3768 2270 3782 2283 ο

2151 2298 2451 2369 Aspasius,
2493 2297 2721 2369 Tyrius,
2760 2296 3025 2367 sophista
3048 2302 3105 2351 et
3125 2296 3463 2361 historicus,
3492 2297 3729 2368 scripsit

2080 2388 2146 2443 de
2176 2389 2340 2458 Epiro
2367 2394 2418 2442 et
2449 2388 2607 2453 rebus
2640 2386 2936 2458 Epiroticis
2956 2385 3245 2440 historiam
3270 2382 3576 2456 σύμμικτον
3610 2387 3727 2441 sive

2078 2477 2484 2531 miscellaneam
2518 2476 2674 2530 librie
2704 2477 2817 2529 XX.
2856 2477 2932 2529 De
2961 2481 3080 2528 arte
3109 2474 3410 2540 rhetorica,
3446 2479 3503 2528 et
3533 2475 3669 2529 alia.

2150 2566 2455 2637 Aspasius,
2489 2564 2874 2632 Demetriani,
2907 2564 3097 2618 critici
3127 2569 3184 2617 et
3217 2564 3618 2618 mathematici
3642 2565 3725 2628 F.,

2079 2653 3082 2725 Bavennas,50phista,temporibus
3096 2652 3410 2707 Alexandri
3426 2654 3726 2708 Mammem

2079 2744 2317 2815 scripsit
2345 2741 2479 2816 πρὸς
2507 2740 2635 2802 τοὺς
2658 2739 3085 2818 φιλολοιδόρους
3115 2739 3203 2794 καὶ
3234 2741 3371 2812 πρὸς
3402 2739 3724 2811 Ἀρίστωνα,

2076 2834 2335 2889 adversus
2364 2833 2657 2887 maledicos
2712 2838 2763 2886 et
2821 2833 3136 2887 Aristonem
3191 2832 3375 2885 varias
3429 2833 3721 2886 orationes.

2075 2923 2313 2978 Audivit
2334 2922 2687 2976 Pausaniam
2702 2926 2760 2975 et
2790 2921 3278 2991 Hippodromum,
3305 2924 3363 2975 et
3382 2924 3568 2974 artem
3594 2921 3727 2977 rhe-

2078 3014 2327 3069 toricam
2356 3015 2555 3067 Roma)
2586 3012 2807 3078 docuit,
2842 3011 2941 3065 ubi
2974 3012 3076 3066 diu
3109 3011 3308 3067 clarus
3338 3010 3470 3066 fuit.

2151 3104 2620 3176 Astramsychus,
2655 3102 2893 3172 scripsit
2926 3094 3143 3173 βιϐλίον
3180 3098 3421 3170 ἰατρικὸν
3456 3097 3531 3159 εἷς
3583 3094 3719 3153 ὄνων

2079 3191 2388 3262 θεραπείαν,
2422 3192 2621 3246 librum
2666 3191 3062 3245 veterinarium
3121 3189 3186 3243 de
3237 3190 3518 3244 asinorum
3568 3205 3724 3243 cura-

2080 3285 2246 3351 tione,
2278 3287 2337 3335 et
2367 3278 2813 3354 ὀνειροκριτικὸν,
2859 3280 2925 3334 de
2974 3279 3429 3348 interpretatione
3480 3279 3720 3332 somnio-

2077 3389 2220 3427 rum.

2146 3460 2584 3515 Astronomiam
2616 3459 2774 3514 inter
2815 3458 3175 3529 Babylonios
3227 3457 3456 3529 primus
3500 3458 3726 3513 invenit

2076 3551 2411 3605 Zoroastres
2434 3555 2492 3604 et
2522 3554 2656 3620 post
2677 3566 2813 3603 eum
2836 3550 3145 3617 Hostanes,
3172 3548 3274 3619 qui
3300 3564 3367 3602 ex
3383 3549 3653 3620 genitura
3666 3554 3724 3603 et

2075 3644 2239 3694 motu
2281 3639 2412 3694 οωιί
2452 3639 2574 3694 fata
2626 3639 2935 3693 hominum
2985 3638 3361 3692 nascentium
3409 3636 3719 3693 observare

2075 3733 2398 3800 coeperunt.
2434 3728 2518 3783 Ab
2568 3728 2661 3782 his
2728 3728 2979 3801 Egyptii
3042 3732 3101 3783 et
3151 3727 3334 3782 Graeci
3386 3726 3717 3782 doctrinam

2072 3818 2237 3874 illam
2271 3834 2570 3889 accepere,
2606 3818 2705 3888 qui
2761 3816 3142 3874 nascentibus
3199 3815 3406 3872 itidem
3456 3817 3719 3872 themata

2072 3907 2359 3962 notabilia
2389 3908 2715 3979 assignant.

2143 3998 2445 4067 Astyages,
2474 3996 2916 4067 grammaticus,
2951 3997 3188 4069 scripsit
3214 4003 3389 4051 artem
3436 4013 3714 4066 gramma-

2073 4088 2256 4141 ticam.
2292 4088 2367 4139 De
2397 4085 2664 4139 dialectis.
2699 4087 2775 4139 De
2814 4088 3003 4141 metris
3047 4084 3277 4145 κανόνας
3337 4082 3712 4154 ὀνοματικοὺς,

2070 4176 2289 4244 regulas
2318 4177 2600 4227 nominum
2624 4191 2643 4236 ;
2673 4178 3121 4229 commentarium
3147 4178 3203 4229 in
3228 4175 3639 4229 Callimachum.

2142 4267 2519 4335 Astyanassa,
2554 4264 2793 4334 scripsit
2821 4263 2942 4333 περὶ
2993 4263 3296 4336 σχημάτων
3348 4281 3715 4315 συνουσιαστι-

2069 4355 2202 4409 κῶν.
2236 4354 2376 4406 Eam
2412 4352 2654 4406 imitatae
2686 4351 2971 4406 Philmnis
3001 4357 3056 4405 et
3086 4351 3504 4422 Elephantine.

2143 4443 2516 4516 Astydamas,
2551 4444 2771 4509 senior,
2806 4444 2967 4497 filius
3000 4443 3259 4498 Morsimi
3295 4448 3352 4497 et
3374 4458 3559 4512 nepos
3582 4441 3715 4495 Phi—

2068 4534 2262 4599 'loclis,
2299 4533 2680 4605 tragicorum,
2716 4532 2973 4603 tragicus
3005 4537 3063 4587 et
3116 4531 3265 4603 ipse,
3315 4530 3719 4596 Atheniensis,

2072 4623 2307 4694 scripsit
2340 4621 2649 4694 tragoedias
2680 4622 2884 4689 CCXL,
2914 4621 3051 4675 vicit
3079 4622 3201 4675 XV.
3256 4622 3585 4690 Antequam
3638 4618 3717 4673 ad

313 4707 621 4774 Eumenis,
654 4708 1154 4778 Pergamenorum
1186 4722 1416 4778 regum,
1458 4710 1745 4777 tempore.
1798 4706 1961 4762 Scri-
1998 4708 2041 4772 D
2074 4712 2388 4786 tragwdias
2421 4710 2764 4767 scribendas
2795 4727 2856 4766 se
2887 4710 3203 4779 conferret,
3236 4709 3459 4765 audivit
3496 4710 3722 4763 Isocra-

312 4797 436 4869 psit
458 4792 774 4871 φιλοσόφων
807 4787 1040 4867 βιϐλίων
1074 4790 1422 4868 διορθωτικὰ,
1450 4794 1962 4866 philosophicorum

314 4884 585 4938 librorum
638 4883 1092 4950 emendationem,
1152 4882 1385 4953 aliaque
1463 4882 1670 4939 multa.
1756 4885 1966 4940 Docuit

314 4974 516 5028 Roma)
567 4976 833 5041 tempore
886 4972 1151 5043 Pompeii
1210 4971 1422 5043 Magni,
1478 4976 1538 5026 et
1592 4972 1964 5029 Alexandriae

315 5066 602 5134 regnante
634 5060 955 5116 Ptolemaeo
988 5066 1198 5132 quarto
1240 5060 1587 5117 adolescens
1636 5079 1962 5118 commora-

319 5156 415 5206 tus
451 5156 560 5206 est.

389 5248 779 5321 Asclepiades,
830 5247 1067 5316 medici,
1125 5248 1197 5305 ab
1248 5248 1599 5319 Esculapio,
1655 5249 1967 5306 medicinae

317 5339 596 5409 prieside.

390 5427 863 5500 Asclepiodotus,
890 5428 1348 5497 Alexandrinus,
1389 5427 1460 5484 de
1490 5445 1604 5500 quo
1631 5429 1818 5486 multa
1841 5430 1972 5486 Sui-

318 5515 421 5574 das
450 5519 496 5581 I,
529 5535 661 5590 pag.
696 5521 800 5573 352
833 5536 919 5589 sq.
956 5535 986 5573 e
1027 5519 1364 5576 Damascio.

388 5609 702 5675 Asconius,
738 5607 1076 5665 Paedianus.

390 5699 686 5765 Aseraeus,
722 5697 1035 5755 Hesiodus.

389 5788 633 5846 Asinius
690 5785 1009 5861 (Ἀσίννιος)
1071 5788 1289 5860 Pollio,
1348 5790 1673 5860 Romanus,
1732 5788 1976 5865 ἱστορίας

2072 4807 2215 4857 tem.

2144 4890 2512 4963 Astydamas,
2541 4888 2770 4960 junior,
2798 4888 3013 4961 prioris
3046 4888 3225 4955 filius,
3249 4888 3523 4961 tragicus,
3552 4886 3723 4959 cujus

2076 4979 2344 5035 dramata
2372 4976 2651 5047 Ἡρακλῆς
2697 4977 3004 5051 σατυρικὸς,
3046 4977 3353 5050 Ἐπίγονοι,
3384 4977 3544 5038 Ἀἶας
3597 4996 3727 5049 μαι-

2073 5070 2322 5141 νόμενος,
2368 5066 2836 5143 Βελλεροφόντης,
2896 5066 3077 5143 Τυρὼ,
3138 5066 3455 5141 Ἀλκμήνη,
3515 5066 3724 5137 Φοῖνιξ,

2077 5154 2444 5230 Παλαμήδης.

2151 5258 2493 5323 Athenaaus,
2528 5258 2886 5325 Naucratita,
2919 5259 3358 5330 grammaticus,
3420 5258 3519 5329 qui
3551 5253 3724 5312 Marci

2080 5347 2224 5418 imp.
2260 5352 2526 5418 tempore
2560 5348 2722 5411 vixit,
2755 5348 2993 5419 scripsit
3018 5348 3236 5406 librum
3263 5346 3728 5420 quiinscribitur

2082 5436 2530 5511 Δειπνοσοφισταὶ
2543 5478 2556 5504 ,
2590 5443 2701 5495 etc.

2154 5526 2592 5597 Athenodorus,
2618 5527 2840 5582 stoicus
2867 5526 3261 5598 phi1050phus
3283 5525 3390 5582 sub
3413 5521 3727 5579 Octaviano

2088 5619 2229 5691 imp.
2244 5665 2258 5689 ,
2288 5624 2397 5675 etc.

2157 5708 2592 5772 Athenodorus,
2614 5708 2841 5778 junior,
2874 5705 3152 5763 omnibus
3184 5705 3255 5761 ad
3287 5701 3729 5776 philosophiam

2092 5795 2375 5854 subsidiis
2406 5795 2478 5853 ab
2510 5796 2752 5868 ingenio
2786 5801 2847 5853 et
2874 5802 3036 5853 recta
3064 5796 3248 5853 animi
3296 5792 3597 5849 voluntate
3649 5794 3735 5850 in-
