4070 6196
338 412 494 473 1237

1656 416 1753 478 DE
1796 411 2082 490 QUIBUS
2125 414 2429 477 SUIDAS.

3602 420 3629 478 1
3642 421 3759 483 238

404 544 778 601 Chaeremon.
814 547 1077 604 comicus
1124 548 1262 621 (5‘7),
1296 566 1364 606 ex
1421 551 1594 624 cujus
1624 550 1990 608 dramatibus
2027 552 2084 619 Α
2113 548 2536 613 Diocletianus,
2567 547 2852 621 Egyptiis
2882 549 3155 617 infestus,
3187 550 3373 607 libros
3396 551 3467 606 de
3502 552 3757 622 chemia,

333 640 473 690 sunt
531 632 895 707 Τρευματίας,
950 634 1173 711 Οὐρεὺς,
1236 633 1608 716 ’Λλφεσίόοια,
1670 636 1987 715 Κὲνταυρος.

337 722 616 792 Διόνυσος,
643 721 947 790 Ὀδυσσεὺς,
978 724 1235 798 Θυέστης,
1268 727 1490 784 Μινύαι.

402 814 571 869 Alius
602 815 972 883 Chaeremon,
1004 818 1104 887 qui
1139 819 1375 890 scripsit
1403 820 1866 892 hieroglyphica.

401 904 797 975 Cheorephon,
831 906 1053 961 Socrati
1099 909 1356 964 maxime
1402 910 1754 965 familiaris:
1811 910 1989 982 hujus

327 992 564 1047 nullum
588 994 875 1065 scriptum
899 1001 1129 1050 exstare
1160 996 1396 1054 dicitur.
1418 999 1561 1053 Cum
1582 998 1762 1054 fratre
1785 1016 1987 1071 graves

327 1087 707 1137 exercentem
759 1083 1104 1140 inimicitias
1155 1087 1389 1141 monuit
1428 1087 1717 1153 Socrates,
1752 1086 1985 1141 nullum

324 1173 504 1226 etiam
528 1172 835 1228 oculorum
859 1173 947 1228 vel
971 1190 1257 1230 manuum
1280 1180 1381 1230 aut
1401 1175 1618 1246 pedum
1642 1192 1768 1230 esse
1788 1191 1982 1239 usum,

323 1261 439 1317 nisi
472 1261 799 1317 concordes
830 1263 1072 1317 fuerint.
1098 1266 1186 1317 Ea:
1209 1264 1586 1335 Xenophonte,
1609 1263 1712 1319 lib.
1734 1265 1802 1317 II.
1828 1265 1898 1318 M.
1925 1264 1981 1319 S.

393 1352 636 1419 Chaaris,
670 1351 1052 1419 citharmdus,
1084 1358 1196 1408 etc.

397 1440 821 1496 Chalcenterus
851 1441 1041 1497 dictus
1082 1447 1172 1497 est
1223 1441 1506 1514 Didymus
1537 1444 1981 1516 grammaticus,

318 1534 565 1602 propter
594 1531 904 1586 assiduum
937 1531 1200 1586 studium
1241 1532 1400 1602 quod
1451 1532 1620 1587 libris
1654 1532 1979 1604 impendit:

314 1619 491 1674 aiunt
522 1619 681 1674 enim
714 1636 894 1691 super
942 1621 1056 1676 tria
1106 1619 1296 1676 millia
1342 1620 1634 1677 librorum
1665 1639 1802 1677 eum
1833 1622 1982 1678 scri-

315 1709 535 1781 psisse.

390 1798 672 1866 Chaldaei,
700 1815 922 1854 nomen
958 1799 1152 1872 gentis
1184 1800 1245 1855 in
1291 1801 1659 1856 astronomia
1690 1802 1979 1858 exercita-

312 1879 585 1936 tissimm.
618 1874 901 1934 Χαλδαϊκὰ
933 1875 1358 1951 ἐπιτηδεύματα,
1392 1887 1505 1938 etc.

388 1970 688 2037 Chanaan,
722 1986 756 2024 a
789 1987 905 2041 quo
934 1970 1278 2038 Chananaai,
1312 1988 1345 2026 a
1377 1973 1554 2027 Josua
1604 1973 1843 2046 regione
1875 1990 1982 2029 sua

311 2060 566 2131 expulsi,
622 2060 722 2131 qui
781 2059 998 2114 deinde
1054 2059 1311 2115 Africam
1371 2045 1700 2126 incoluere,
1744 2060 1833 2114 κιὶ
1876 2045 1976 2115 εἰσἱ

316 2146 487 2223 μέχρι
544 2151 636 2201 νῦν
718 2147 773 2202 αἱ
847 2145 1096 2202 τοιαῦται
1169 2148 1399 2217 πλόίκες,
1478 2147 1531 2203 ἐν
1591 2153 1661 2222 τῇ
1709 2147 1980 2222 Νουμιδία

308 2233 672 2311 περιέχουσαι
730 2235 923 2298 οὕτως·
1012 2237 1203 2310 Ἡμεῖς
1288 2238 1446 2311 ἐσμεν
1516 2237 1829 2309 χανάναῖοι,
1887 2237 1979 2301 οὕς

312 2323 533 2399 ἐδίωξεν
566 2327 777 2396 Ἰησοῦς
808 2326 836 2378 ὁ
869 2322 1098 2399 λῃστής.

384 2418 635 2485 Charax,
668 2418 1089 2489 Pergamenus,
1142 2417 1421 2473 sacerdos
1471 2422 1530 2473 et
1560 2418 1975 2490 philosophus,

308 2507 387 2563 de
420 2523 537 2577 quo
571 2506 937 2578 epigramma
981 2510 1168 2575 vetus,
1201 2506 1393 2560 Suidm
1444 2506 1687 2562 lectum.
1733 2507 1980 2579 Scripsit

312 2598 651 2652 Graecarum
701 2595 1083 2649 historiarum
1130 2594 1316 2650 libros
1358 2597 1472 2653 XL.
1521 2596 1791 2652 Secundo
1824 2596 1975 2652 libro

308 2686 593 2742 meminit
638 2685 907 2757 Augusti,
958 2688 1024 2738 ut
1065 2684 1465 2755 imperatoris,
1509 2686 1639 2756 jam
1690 2686 1833 2740 olim
1873 2685 1973 2740 de'

309 2776 542 2843 functi;
577 2780 637 2830 et
660 2775 813 2830 libro
848 2773 1098 2845 septimo
1131 2775 1378 2830 Neronis
1401 2780 1460 2830 et
1490 2791 1696 2831 eorum
1719 2775 1820 2847 qui
1840 2780 1976 2846 post

308 2866 486 2921 illum
517 2865 953 2936 imperitarunt.

381 2955 628 3022 Charax,
665 2953 995 3024 Sapphonis
1026 2952 1229 3008 frater.

378 3043 643 3097 Charetis
673 3041 1137 3113 pollicitationes
1168 3041 1240 3095 de
1274 3041 1365 3109 iis,
1401 3042 1501 3113 qui
1532 3042 1705 3098 facile
1738 3042 1969 3115 quidvis

300 3130 686 3201 pollicentur,
702 3134 769 3184 ut
790 3131 1005 3186 Chares
1027 3130 1328 3202 quondam
1351 3131 1468 3186 dux
1493 3132 1966 3190 Atheniensium.

377 3220 691 3287 Charmus,
724 3220 1148 3290 Syracusanus,
1181 3221 1243 3274 in
1274 3220 1509 3293 singula
1537 3222 1806 3288 obsonia,
1835 3238 1966 3294 qum

2107 656 2142 696 a
2174 642 2465 697 veteribus
2510 643 2783 714 scriptos,
2834 641 3181 712 perquisivit
3218 648 3276 697 et
3324 642 3441 715 igni
3494 642 3759 709 tradidit,

2106 747 2180 785 ne
2214 749 2282 786 ex
2339 737 2463 787 arte
2522 731 2867 802 hujusmodi
2929 731 3048 785 illis
3102 748 3265 803 Opes,
3327 737 3385 786 et
3433 748 3503 787 ex
3543 731 3757 803 opibus

2105 819 2323 875 fiducia
2353 821 2682 876 rebellandi
2715 821 2961 892 posthac
2992 827 3351 892 suppeteret.

2172 909 2324 976 Xﬁva
2355 908 2607 981 ὀμνύναι,
2653 927 2754 980 per
2801 927 3044 964 anserem
3086 911 3306 980 jurare.
3340 913 3419 965 Ne
3446 910 3520 966 ad
3551 927 3757 966 omnes

2101 1013 2198 1051 res
2256 1015 2477 1052 nomen
2538 1000 2637 1053 Dei
2699 998 3103 1067 adhiberetur,
3160 999 3602 1055 Bliadamantus
3652 1016 3759 1071 per

2101 1102 2373 1141 anserem
2407 1094 2466 1142 et
2494 1088 2738 1143 arietem
2763 1088 2967 1159 jurare
2990 1090 3194 1160 jussit,
3226 1106 3368 1157 non,
3395 1094 3459 1144 ut
3489 1090 3753 1161 quidam,

2099 1174 2389 1231 Socrates.

2169 1263 2408 1333 Χιάζειν,
2468 1266 2626 1321 Chios
2674 1266 2906 1321 imitari.
2963 1267 3367 1332 Praxidamas,
3438 1269 3752 1323 Democra-

2098 1362 2246 1423 tum,
2308 1356 2540 1423 Chium,
2602 1362 2660 1411 et
2715 1357 3173 1423 Theoxenidem,
3255 1357 3589 1428 Siphnium,
3648 1360 3752 1441 ait,

2096 1446 2320 1517 primos
2370 1450 2664 1516 poemata,
2718 1450 2886 1516 pacta
2942 1446 3238 1511 mercede,
3298 1447 3724 1517 conscripsisse

2096 1535 2348 1609 πρώτους
2406 1534 2495 1589 ἐπὶ
2570 1535 2861 1609 χρήματος
2934 1532 3086 1604 τάξαι
3165 1531 3301 1588 ἰδίαν
3361 1536 3605 1605 ποιήσω.
3666 1540 3754 1592 Ea:

2096 1629 2332 1683 Isocrate
2360 1627 2429 1682 ad
2457 1627 2759 1682 Idotheam.

2164 1716 2352 1782 Chilo,
2388 1716 2685 1788 Damageti
2710 1717 2793 1777 F.,
2818 1715 3323 1783 Lacedaemonius,
3346 1731 3500 1770 unus
3523 1721 3751 1787 septem

2095 1805 2451 1877 sapientum,
2501 1804 2613 1859 fuit
2653 1804 3055 1875 breviloquus.
3111 1806 3301 1869 Quare
3356 1804 3749 1875 Aristagoras,

2012 1929 2057 1994 Β
2093 1894 2375 1960 Milesius,
2401 1894 2561 1949 hunc
2592 1892 2835 1948 modum
2865 1893 3101 1948 dicendi
3135 1893 3446 1948 Chilonium
3468 1892 3748 1963 appellat.

2158 1983 2497 2051 Chionides,
2529 1982 3206 2049 Atheniensis,comicus
3238 1981 3498 2052 antiqua)
3531 1997 3750 2036 comm-

2088 2069 2220 2137 diaa,
2254 2070 2424 2141 cujus
2473 2070 2646 2124 aiunt
2693 2070 3025 2140 principem
3075 2068 3257 2123 fuisse
3306 2074 3365 2122 et
3409 2073 3538 2122 octo
3571 2068 3744 2122 annis

2085 2164 2223 2214 ante
2252 2158 2477 2213 bellum
2510 2158 2819 2213 Persidum
2850 2157 3081 2213 fabulas
3129 2157 3421 2225 docuisse,
3465 2174 3495 2211 e
3527 2156 3743 2228 quibus

2084 2251 2227 2302 sunt
2255 2246 2461 2318 Ἥρως,
2494 2244 2748 2318 Πτωχοὶ,
2782 2249 2982 2317 Περσαι
3010 2241 3045 2312 ἤ
3081 2243 3381 2318 Ἀσσύριοι.

2154 2335 2394 2403 Chiron,
2438 2336 2789 2404 Centaurus,
2824 2335 2925 2406 qui
2960 2335 3189 2406 primus
3222 2333 3581 2389 medicinam
3614 2333 3748 2388 her-

2081 2423 2310 2479 bariam
2344 2424 2588 2479 invenit.
2622 2424 2871 2495 Scripsit
2902 2422 3202 2491 ὑποθήκας,
3225 2429 3532 2492 pramepta,
3559 2423 3743 2477 versi-

2082 2512 2218 2578 bus,
2267 2513 2340 2568 ad
2389 2512 2702 2567 Achillem.
2765 2514 2913 2567 Item
2969 2510 3359 2582 Ἰππιατρικὸν,
3409 2510 3744 2566 Medicinam

2080 2606 2502 2664 veterinariam;
2525 2618 2709 2673 quare
2729 2602 2905 2657 etiam
2925 2602 3255 2657 Centaurus
3275 2605 3364 2655 est
3384 2599 3736 2671 appellatus.

2152 2691 2418 2760 Cmrilus,
2444 2690 2848 2758 Atheniensis,
2886 2690 3163 2761 tragicus,
3190 2689 3290 2760 qui
3318 2689 3537 2761 olymp.
3572 2688 3740 2743 LXIV

2079 2781 2143 2835 in
2190 2797 2370 2836 scena
2423 2785 2650 2836 certare
2709 2779 2909 2850 cmpit,
2965 2778 3167 2834 docuit
3220 2778 3455 2833 fabulas
3507 2777 3610 2841 CL,
3655 2777 3741 2831 vi-

2078 2870 2160 2927 cit
2187 2871 2335 2926 XIII.
2390 2870 2513 2937 Hic,
2566 2874 2632 2925 ut
2678 2869 2920 2941 quidam
2971 2867 3234 2934 tradunt,
3268 2872 3327 2922 et
3355 2867 3649 2922 larvarum
3680 2872 3741 2922 et

2077 2961 2322 3016 vestitus
2354 2960 2573 3015 scenici
2606 2959 2836 3031 primus
2868 2964 3075 3014 auctor
3103 2958 3235 3013 fuit.

2146 3049 2455 3114 Chmrilus,
2488 3049 2743 3115 Samius,
2775 3048 2866 3104 vel
2915 3048 3197 3115 Jasensis,
3231 3050 3333 3102 aut
3360 3046 3735 3102 Halicarnas-

2075 3138 2288 3206 sensis,
2321 3138 2569 3210 aequalis
2589 3138 2875 3209 Panyasis
2899 3142 2959 3191 et
2980 3136 3331 3192 adolescens
3354 3136 3481 3206 jam
3512 3135 3734 3190 Persici

2073 3226 2217 3282 belli
2277 3227 2669 3297 tomporibus,
2744 3225 2964 3297 olymp.
3018 3226 3229 3279 LXXV.
3308 3223 3468 3279 Idem
3530 3239 3732 3278 servus

300 3309 562 3365 convivis
594 3309 1069 3381 apponebantur,
1099 3309 1422 3365 versiculos
1457 3314 1514 3364 et
1566 3311 1875 3381 proverbia
1905 3311 1966 3366 in
2006 3300 2048 3367 C
2076 3312 2258 3367 fuisse
2286 3314 2539 3368 traditur
2561 3313 2737 3367 Samii
2764 3311 3094 3383 cujusdam,
3120 3311 3311 3366 forma
3332 3310 3733 3381 pulcherrima

301 3404 585 3471 promptu
616 3399 871 3454 habebat
917 3400 1071 3471 (qum
1124 3398 1283 3471 apud
1336 3399 1575 3455 Suidam
1619 3405 1971 3471 sequuntur,

303 3489 439 3561 jam
472 3489 634 3544 fuere
669 3505 869 3560 supra,
902 3506 951 3543 v.
985 3489 1325 3559 Athenzus),
1377 3493 1518 3543 sunt
1567 3495 1764 3543 autem
1806 3489 1969 3544 haac:

307 3576 653 3644 Clearchus,
689 3577 973 3645 Solensis,
1006 3594 1220 3650 poema
1249 3578 1399 3633 illud
1421 3574 1769 3650 Δεινολογῖαν
1804 3583 1973 3633 vocat

326 3666 431 3722 alii
519 3664 865 3740 Ὀψολογίαν,
925 3668 1288 3739 Chrysippus
1355 3664 1781 3740 Γαστρονομίαν,

310 3750 694 3811 Ἡδυπάθειαν.

310 3845 566 3914 Charon,
602 3846 1057 3916 Lampsacenus,
1110 3844 1411 3916 Pythoclis
1453 3844 1537 3908 F.,
1570 3844 1670 3914 qui
1705 3847 1969 3914 tempore

306 3937 489 4007 primi
548 3937 705 3992 Darii
780 3937 983 3991 floruit
1066 3936 1288 4008 olymp.
1378 3934 1568 3990 LXXV
1630 3935 1968 3990 historicus.

303 4027 555 4097 Scripsit
582 4028 916 4097 zEthiopica,
938 4029 1162 4082 Persica
1185 4027 1343 4083 libris
1368 4028 1440 4082 II.
1469 4027 1657 4081 Graeca
1686 4027 1839 4081 libris
1870 4028 1954 4081 IV

304 4117 382 4171 De
432 4118 734 4185 Lampsaco
785 4114 940 4171 libris
988 4117 1062 4171 II.
1118 4117 1342 4185 Libyca.
1386 4116 1546 4169 Fines
1575 4117 1970 4183 Lampsaceno-

306 4223 433 4260 rum
465 4206 622 4261 libris
658 4207 750 4261 IV.
785 4206 1059 4276 Prytanes
1112 4206 1232 4259 sive
1284 4205 1588 4260 Archontes
1625 4206 1972 4262 Laceda’mo-

304 4298 556 4364 niorum,
613 4296 771 4366 quod
826 4301 916 4351 est
970 4312 1119 4366 opus
1176 4294 1681 4367 chronologicum.
1724 4296 1973 4364 Origines

305 4386 553 4451 urbium,
588 4384 745 4438 libris
802 4386 877 4451 Il,
937 4385 1152 4438 Cretica
1204 4382 1359 4437 libris
1407 4384 1505 4450 III,
1540 4383 1602 4436 in
1643 4399 1760 4453 quo
1792 4399 1970 4454 opere

306 4475 490 4529 etiam
524 4473 708 4541 leges,
763 4489 797 4527 a
844 4472 1033 4527 Minoe
1084 4472 1255 4538 latas,
1303 4471 1505 4526 refert.
1558 4474 1972 4541 Navigationem

306 4567 456 4619 circa
514 4580 670 4618 oram
726 4563 1069 4617 maritimam
1140 4567 1299 4615 extra
1364 4560 1644 4616 columnas
1703 4562 1967 4616 Herculis.

1870 3667 1971 3722 alii

380 4652 631 4718 Charon,
666 4648 1169 4721 Carthaginensis,
1226 4649 1567 4716 historicus,
1619 4650 1857 4722 scripsit
1894 4649 1966 4704 de
1997 4673 2042 4738 Ι)

309 4741 603 4812 tyrannis,
638 4744 931 4811 quotquot
984 4738 1045 4793 in
1105 4740 1340 4810 Europa
1392 4744 1450 4795 et
1496 4739 1635 4794 Asia
1684 4738 1962 4808 fuerunt;

307 4829 459 4883 vitas
490 4829 814 4883 illustrium
845 4828 1104 4883 virorum
1135 4828 1307 4884 libris
1348 4830 1439 4895 IV,
1472 4828 1791 4884 mulierum
1822 4830 1966 4883 item

306 4918 455 4973 vitas
485 4917 653 4972 libris
687 4917 777 4972 1V.

382 5009 640 5075 Charon,
670 5008 1022 5074 Naucratita,
1057 5007 1398 5062 historicus.
1434 5007 1681 5079 Scripsit
1708 5008 1774 5064 de
1797 5025 1970 5064 sacer-

310 5100 531 5154 dotibus
579 5098 964 5153 Alexandrinis
1014 5102 1063 5151 et
1109 5098 1383 5166 Egyptiis
1439 5101 1498 5150 et
1546 5114 1641 5152 res
1684 5096 1792 5151 sub
1825 5114 1969 5153 uno-

312 5206 549 5261 quoque
579 5194 793 5262 gestas.
827 5191 902 5243 De
932 5188 1170 5257 regibus,
1204 5186 1305 5257 qui
1358 5186 1569 5257 priscis
1602 5189 1967 5258 temporibus

307 5280 372 5333 in
431 5295 789 5349 unaquaque
846 5281 1018 5350 gente
1073 5275 1334 5331 fuerunt.
1374 5276 1444 5330 De
1487 5277 1793 5337 Naucrate:
1824 5278 1967 5332 item

308 5367 429 5423 alia
462 5366 735 5437 qumdam
766 5366 832 5421 de
857 5369 1109 5435 zEggplo.

384 5456 649 5524 Chemia,
700 5456 818 5511 sive
861 5471 957 5509 ars
1012 5452 1369 5508 conficiendi
1437 5453 1662 5525 argenti
1708 5459 1765 5509 et
1814 5455 1963 5509 auri.

384 5704 650 5781 (57)]ψο
684 5703 944 5771 tragicus.
978 5699 1128 5781 Eum
1175 5698 1431 5781 quidem.
1459 5701 1778 5781 Athenazus
1810 5703 1965 5781 XIII,

312 5773 443 5849 pag.
478 5778 603 5843 562,
646 5789 920 5846 expresse
970 5773 1241 5830 nominat
1287 5774 1597 5846 tragicum,
1635 5777 1692 5828 et
1722 5773 1967 5830 nomina

2077 3400 2399 3472 praiditus:
2446 3406 2503 3455 et
2554 3401 2724 3455 Samo
2770 3400 3052 3472 profugus
3096 3415 3230 3454 cum
3282 3398 3596 3467 Herodoto,
3639 3397 3732 3454 hi-

2078 3490 2316 3559 storico,
2376 3505 2617 3561 operam
2666 3488 2855 3557 daret,
2903 3488 3239 3543 litterarum
3288 3493 3345 3542 et
3374 3486 3729 3558 eloquentius

2075 3593 2277 3633 amore
2311 3582 2518 3648 captus
2548 3576 2730 3632 fuisse
2759 3593 2771 3630 :
2816 3576 2986 3647 cujus
3018 3577 3196 3631 etiam
3228 3577 3519 3631 amasium
3549 3574 3732 3629 fuisse

2076 3665 2302 3721 dicunt.
2339 3666 2621 3721 Animum
2653 3665 2725 3721 ad
2779 3666 3073 3737 poeticam
3104 3665 3336 3737 appulit
3367 3670 3424 3720 et
3452 3664 3514 3719 in
3546 3666 3734 3719 Mace-

2075 3755 2255 3812 donia
2304 3755 2451 3809 obiit
2492 3754 2649 3827 apud
2694 3755 3078 3821 Archelaum,
3128 3759 3274 3811 tunc
3327 3755 3454 3827 ejus
3510 3770 3732 3827 regem.

2076 3844 2322 3916 Scripsit
2348 3844 2634 3900 victoriam
2685 3844 2939 3900 adversus
2988 3847 3224 3900 Xerxem
3264 3849 3625 3916 reportatam
3656 3843 3731 3898 ab

2075 3935 2559 4004 Atheniensibus,
2594 3952 2698 4006 pro
2745 3936 2916 4007 cujus
2946 3936 3238 4007 poematis
3272 3934 3521 4007 singulis
3550 3933 3734 3989 versi-

2076 4024 2186 4079 bus
2218 4040 2465 4080 aureum
2508 4030 2786 4080 staterem
2836 4026 3083 4095 accepit.
3134 4027 3446 4080 Decretum
3488 4025 3733 4094 insuper

2075 4114 2207 4181 fuit,
2232 4119 2296 4167 ut
2326 4130 2536 4185 poema
2568 4114 2717 4169 illud
2747 4130 2882 4169 cum
2916 4114 3151 4168 Homeri
3184 4113 3548 4169 carminibus
3578 4112 3731 4166 reci-

2077 4207 2320 4257 taretur.
2355 4205 2635 4267 Lamiaca,
2694 4207 2753 4256 et
2801 4202 2919 4257 alia
2972 4202 3247 4272 quaedam
3299 4202 3426 4272 ejus
3458 4204 3733 4271 poemata

2076 4291 2600 4347 circumferuntur.

2147 4380 2578 4437 Choriambicis
2626 4380 2889 4435 versibus
2938 4379 3203 4450 Aisopias
3232 4377 3464 4433 fabulas
3497 4375 3736 4449 scripsit

2076 4470 2244 4525 libris
2276 4471 2321 4524 X
2356 4470 2596 4524 Babrias
2630 4486 2733 4524 seu
2766 4468 3030 4536 Babrius,
3065 4467 3137 4521 de
3168 4483 3283 4538 quo
3316 4482 3515 4538 supra.

2147 4557 2402 4633 Χορικὸς,
2432 4557 2592 4613 chori
2642 4559 2758 4612 dua:
2805 4564 2856 4611 et
2903 4559 3185 4626 magister.
3241 4555 3393 4611 Talis
3436 4554 3547 4610 fuit
3578 4558 3729 4625 Aga-

2078 4647 2245 4714 thon,
2300 4648 2400 4718 qui
2458 4646 2810 4701 histrionica
2860 4646 3148 4713 carmina,
3208 4641 3530 4717 ὑποκριτικὰ
3583 4640 3725 4714 μέλη

2075 4736 2431 4808 composuit,
2462 4741 2522 4791 et
2550 4736 2677 4807 ipse
2709 4735 3062 4790 histrionem
3102 4735 3163 4789 in
3205 4748 3383 4789 scena
3410 4733 3527 4805 egit
3554 4733 3729 4803 (infra

2074 4826 2137 4880 in
2166 4829 2223 4881 Μ
2226 4829 2457 4895 yrmem).
3638 4874 3651 4887 .

2144 4914 2314 4987 Χορὸν
2362 4910 2588 4985 δίδωμι,
2648 4914 2873 4969 chorum
2930 4915 3020 4981 do,
3072 4912 3230 4968 idem
3260 4912 3415 4967 valet
3442 4929 3508 4968 ac
3538 4912 3728 4984 gloria

2077 5005 2366 5061 excellere
2388 5022 2454 5060 ac
2474 5006 2728 5059 vincere.
2758 5006 2900 5059 Nam
2924 5003 3078 5075 apud
3100 5003 3493 5058 Athenienses
3515 5002 3725 5057 comici

2082 5099 2142 5147 et
2173 5094 2373 5165 tragici
2404 5098 2591 5164 poeta}
2622 5093 2869 5148 chorum
2900 5092 3299 5164 impetrabant
3328 5108 3448 5146 non
3480 5108 3724 5147 omnes:

2086 5181 2189 5237 sed
2222 5181 2503 5237 clariores
2534 5181 2815 5254 dignique
2847 5182 3053 5251 habiti,
3086 5185 3399 5253 postquam
3430 5182 3573 5236 artis
3606 5197 3726 5237 sum

2078 5272 2380 5343 specimen
2414 5272 2760 5327 edidissent.

2147 5360 2337 5433 Χορὸς,
2372 5363 2428 5417 in
2466 5363 2733 5418 ecclesiis
2778 5364 3141 5417 cantantium
3190 5369 3393 5419 cmtus.
3439 5364 3725 5419 Ecclesia-

2076 5469 2209 5507 rum
2242 5453 2405 5508 chori
2438 5452 2607 5507 divisi
2668 5452 2830 5507 fuere
2890 5454 2947 5506 in
3009 5452 3154 5507 duas
3210 5459 3410 5525 partes
3459 5458 3720 5522 tempore

2072 5701 2407 5758 fabularum
2456 5703 2541 5758 rei
2596 5702 2900 5757 veritatem
2964 5716 3198 5771 quoque
3268 5701 3577 5754 testantur.
3648 5701 3716 5755 V.

2073 5774 2300 5830 Kuslcr.
2334 5781 2459 5832 not.
2490 5780 2632 5831 tom.
2663 5775 2761 5845 III,
2794 5790 2925 5845 pag.
2957 5774 3080 5827 661.
3115 5773 3289 5825 llum.
