4070 6196
352 390 503 450 1241

1655 389 1758 449 DE
1800 387 2087 459 QUIBUS
2129 389 2432 450 SUIDAS.

3603 393 3756 450 1242

348 525 723 599 temporibus
755 526 1049 581 Anastasii
1101 526 1243 598 imp.
1304 526 1551 599 Scripsit
1602 524 2083 598 ChalydonicaA
2115 524 2260 598 (περὶ
2310 524 2567 599 λιμένων,
2628 528 2908 585 laudante
2968 528 3028 584 id
3106 545 3255 601 opus
3336 530 3598 585 Eustath.
3678 531 3752 585 ad

355 617 525 673 libris
557 618 627 670 VI
662 633 675 681 ;
711 617 992 671 Encomia
1021 616 1288 671 versibus
1319 618 1595 685 heroicis,
1632 621 1691 672 et
1741 617 1997 673 Persica.

429 708 638 773 Corax,
696 705 1123 777 Syracusanus,
1178 706 1506 761 rhetorices
1574 707 1881 762 inventor:
1942 706 2003 761 in

357 799 516 853 hunc
549 802 609 852 et
638 798 766 869 ejus
825 796 1212 867 discipulum,
1272 798 1512 866 Tisiam,
1564 797 1788 852 dictum
1845 797 1999 851 fuit:

350 886 487 942 Mali
516 889 666 941 corvi
696 886 905 941 malum
936 902 1113 942 ovum.
1156 886 1373 941 Confer
1424 886 1663 942 Suidam
1714 888 1775 942 in
1818 887 2002 941 Κακοῦ

353 973 609 1048 κόρακος.

428 1064 703 1130 Corinna,
736 1062 1007 1134 Thespia,
1041 1063 1246 1135 lyrica,
1281 1080 1459 1135 quam
1491 1063 1591 1118 alii
1635 1062 2001 1118 Corinthiam

353 1153 540 1209 fuisse
571 1152 868 1215 dixerunt,
901 1152 1141 1224 scripsit
1170 1169 1377 1208 nomos
1408 1153 1643 1224 lyricos.

432 1243 711 1309 Corinna,
734 1242 961 1315 junior,
994 1242 1388 1298 Acheloodori
1421 1248 1480 1298 et
1509 1242 1824 1298 Procratim
1857 1241 2000 1309 ﬁlia,

357 1329 658 1395 Thebana,
688 1329 778 1385 vel
809 1331 1143 1401 Tanagram,
1180 1329 1475 1402 discipula
1522 1330 1807 1402 Myrtidis,
1854 1330 2004 1401 Myia

354 1419 792 1491 cognominata,
829 1419 1031 1490 lyrica,
1084 1436 1216 1489 quaa
1275 1420 1617 1490 quinquies,
1667 1424 1735 1474 ut
1779 1419 1997 1484 ferunt,

354 1508 681 1564 Pindarum
740 1509 898 1564 vicit.
961 1504 1635 1581 Scripsit'(carminum)
1692 1508 1875 1563 libros
1936 1509 1997 1575 V,

349 1598 615 1669 itemque
648 1599 1075 1671 epigrammata
1104 1604 1163 1652 et
1189 1598 1420 1654 cantica
1450 1598 1653 1669 lyrica.

427 1688 697 1757 Corinus,
732 1688 987 1756 Iliensis,
1038 1692 1212 1759 poeta
1266 1688 1541 1744 heroicus
1589 1688 1887 1759 (Homero,
1937 1691 2004 1741 ut

360 1777 600 1847 quidam
634 1782 864 1848 putant,
925 1777 1271 1847 antiquior),
1332 1777 1432 1848 qui
1489 1777 1717 1848 primus
1766 1776 1999 1832 Iliadem

358 1866 617 1937 scripsit,
650 1866 902 1921 durante
929 1866 1120 1921 adhuc
1151 1865 1308 1921 bello
1340 1866 1610 1935 Trojano.
1662 1863 1997 1920 Palamedis

355 1955 709 2027 discipulus,
739 1956 964 2011 Doricis
1024 1955 1239 2010 litteris
1297 1972 1331 2010 a
1384 1954 1699 2011 Palamede
1749 1954 2003 2009 inventis

350 2045 525 2116 (opus
558 2048 755 2113 suum)
785 2046 1061 2100 exaravit.
1097 2045 1343 2115 Scripsit
1372 2045 1549 2099 etiam
1581 2043 1805 2098 bellum
1860 2044 2001 2098 Dar-

358 2132 496 2188 dani
529 2133 809 2188 adversus
869 2133 1308 2205 Paphlagonas:
1358 2138 1426 2188 ut
1477 2134 1764 2188 Homerus
1812 2136 2000 2186 totum

356 2223 649 2295 poematis
682 2223 771 2278 sui
804 2227 1219 2295 argumentum
1250 2221 1324 2277 ab
1356 2239 1423 2276 eo
1455 2221 1794 2293 sumpserit.

427 2311 757 2379 Cornelius,
794 2312 1127 2383 episcopus,
1156 2312 1256 2383 qui
1288 2328 1322 2367 a
1348 2311 1547 2367 Novati
1578 2310 1999 2366 communione

356 2401 624 2455 recessit.

425 2491 723 2545 Cornutus
763 2490 898 2561 (58).
934 2491 1058 2545 Duo
1120 2489 1370 2544 Romani
1420 2489 1687 2544 historici
1735 2489 1997 2559 fuerunt,

348 2580 511 2635 Titus
543 2579 759 2646 Livius,
792 2580 963 2650 cujus
995 2578 1231 2634 celebre
1263 2584 1318 2633 et
1365 2578 1598 2633 illustre
1623 2583 1711 2632 est
1739 2593 1998 2633 nomen:

351 2673 409 2723 et
437 2668 752 2724 Cornutus.
787 2669 1113 2723 Cornutum
1145 2668 1384 2722 divitem
1432 2667 1605 2722 multi
1647 2666 2001 2723 audiverunt

353 2758 774 2814 assentationis
806 2773 984 2813 causa
1027 2762 1084 2811 et
1124 2762 1365 2828 propter
1395 2756 1757 2811 hmreditatis
1789 2772 1954 2827 spem
1981 2771 1994 2809 :

352 2848 573 2902 Livium
606 2847 801 2919 pauci,
847 2848 951 2902 sed
1007 2846 1298 2918 praeclari.
1351 2846 1575 2901 Livium
1623 2862 1832 2901 omnes
1866 2846 1994 2917 jam

348 2942 593 3006 norunt,
624 2937 951 2991 Cornutum
983 2951 1159 2990 nemo
1190 2935 1331 2990 fere.

416 3026 730 3093 Cornutus,
762 3041 830 3079 ex
860 3025 1044 3096 Lepti,
1078 3025 1288 3079 Africae
1320 3024 1561 3097 oppido,
1604 3023 1994 3095 philosophus

351 3117 552 3170 Romae
581 3115 723 3169 vixit
752 3113 1120 3185 temporibus
1150 3114 1401 3170 Neronis
1429 3119 1488 3169 et
1516 3120 1655 3169 ante
1688 3130 1823 3169 eum
1854 3130 1866 3167 :
1899 3113 1994 3168 in-

348 3205 632 3259 terfectus
663 3220 798 3259 cum
848 3205 1134 3260 Musonio.
1192 3204 1439 3275 Scripsit
1493 3204 1681 3259 multa
1727 3203 1994 3275 philoso-

346 3293 525 3365 phica
550 3300 609 3349 et
638 3294 914 3349 oratoria.
954 3295 1015 3349 V.
1048 3294 1282 3348 Kusteri
1315 3298 1440 3347 not.

425 3383 740 3439 Cothurnus
793 3383 1112 3438 vocabatur
1157 3382 1554 3436 Theramenes
1613 3380 1993 3435 Atheniensis

348 3478 569 3542 orator,
604 3472 858 3539 Prodici,
892 3472 1033 3539 Ceii,
1062 3470 1411 3542 discipulus.
1446 3470 1672 3525 Dicitur
1701 3474 1896 3524 autem
1922 3469 1993 3524 de

349 3563 593 3619 homine
620 3564 877 3618 versatili
910 3569 969 3617 et
992 3562 1127 3618 levi.
1161 3562 1261 3617 Hic
1284 3561 1443 3617 enim
1467 3566 1525 3615 et
1551 3560 1704 3616 XXX
1725 3560 1993 3633 tyrannis

346 3658 405 3707 et
435 3653 652 3723 populo
685 3652 934 3707 favebat.
972 3651 1135 3706 Infra
1168 3651 1228 3705 in
1262 3648 1465 3721 Δεξιός.

419 3743 642 3808 Crates,
675 3740 1056 3795 Atheniensis
1074 3739 1307 3809 (veteris
1334 3739 1680 3811 comoedias),
1704 3740 1990 3807 comicus,

345 3830 593 3902 Epilyci,
627 3835 814 3901 poetze
847 3829 1020 3901 epici,
1056 3829 1255 3884 frater.
1290 3827 1600 3884 Commdim
1622 3828 1807 3899 ipsius
1833 3846 1845 3882 :
1876 3827 1992 3881 I‘el-

344 3938 524 3987 τονες,
580 3918 813 3993 Ἥρωες,
872 3917 1068 3989 Ornata,
1140 3913 1346 3988 Λαμία,
1423 3911 1680 3984 ΙῙεδῆται,
1768 3916 1990 3988 Σάμιοι.

349 4009 597 4079 Scripsit
627 4013 686 4061 et
715 4007 983 4062 oratione
1015 4007 1208 4062 soluta
1239 4005 1550 4060 nonnulla.

422 4099 644 4163 Crates,
680 4097 1085 4163 Atheniensis,
1110 4096 1373 4151 comicus
1395 4095 1752 4163 alter,etiam
1776 4095 1901 4167 ipse
1925 4112 1994 4151 ex

341 4187 524 4241 veteri
559 4186 867 4254 comcedia,
899 4186 1070 4257 cujus
1094 4191 1213 4240 tres
1234 4184 1735 4240 circumferuntur
1754 4185 1989 4240 fabula).

342 4274 648 4347 Θησαυρὸς,
682 4274 948 4348 Ὀρνιθες,
983 4272 1351 4347 Φιλάργυρος.

419 4366 643 4431 Crates,
672 4363 957 4419 Ascondze
970 4364 1054 4431 F.,
1078 4363 1408 4430 Thebanus,
1433 4363 1822 4435 philosophus
1835 4364 1995 4436 cyni-

349 4471 477 4524 cus,
512 4453 840 4525 discipulus
872 4454 1148 4526 Diogenis
1179 4459 1237 4508 et
1266 4454 1565 4526 Brysonis,
1599 4455 1816 4509 Achaei.
1877 4458 1995 4511 Nu-

343 4545 500 4616 ptias
533 4560 670 4598 suas
702 4560 835 4598 cum
871 4543 1225 4614 Hipparchia
1254 4542 1600 4597 Maronitide
1629 4541 1990 4617 κυνογαμίαν,

2116 616 2322 687 Odyss.
2358 618 2401 682 Ι,
2428 635 2559 691 pag.
2597 621 2752 675 1613.
2789 622 2897 683 39),
2933 626 2991 673 et
3020 619 3158 675 alia.

2183 706 2478 773 Cratinus,
2515 707 2856 764 Callimedis
2906 711 2989 775 F.,
3041 708 3439 775 Atheniensis,
3491 708 3753 763 comicus

2113 794 2372 865 antiqua:
2405 797 2729 865 commdiaa,
2764 793 3015 871 λαμπρὸς
3046 796 3136 850 τὸν
3169 803 3507 871 χαρακτῆρα,
3540 813 3754 869 genere

2111 882 2345 938 dicendi
2374 885 2686 956 splendido
2717 904 2880 952 usus,
2913 892 3021 942 etc.
3059 887 3306 958 Scripsit
3334 886 3564 941 fabulas
3585 886 3742 954 XXI;

2110 970 2249 1025 vicit
2279 973 2499 1028 novies.

2182 1061 2569 1131 CreOphylus,
2595 1063 2846 1134 Astyclis
2869 1065 2951 1131 F.,
2980 1064 3179 1131 Chius,
3203 1064 3291 1119 vel
3318 1064 3753 1135 Samius,poeta

2113 1148 2525 1219 epicus.quem
2542 1153 2815 1206 nonnulli
2838 1155 3072 1208 Homeri
3091 1170 3374 1226 generum
3387 1154 3571 1210 fuisse
3586 1155 3755 1209 aiunt

2111 1236 2211 1290 alii
2246 1238 2504 1293 amicum
2537 1246 2787 1307 tantum,
2849 1259 2883 1296 a
2930 1260 3067 1312 quo,
3118 1259 3252 1298 cum
3306 1244 3562 1314 hospitio
3617 1260 3750 1298 eum

2113 1328 2461 1398 excepisset,
2494 1345 2709 1400 poema
2742 1328 3012 1403 Οἱχαλίαν
3047 1327 3275 1401 ἅλωσιν,
3308 1333 3581 1390 Oechalia?
3602 1335 3746 1388 excio

2110 1416 2262 1470 dium
2290 1419 2602 1489 acceperit.
2640 1420 2698 1474 V.
2734 1420 2967 1474 Kusteri
3000 1426 3118 1475 not.
3156 1422 3226 1489 II,
3260 1438 3316 1491 p.
3349 1422 3478 1477 273.

2181 1504 2403 1573 Criton,
2443 1509 2844 1570 Atheniensis.
2862 1509 3272 1581 philosophus,
3298 1511 3552 1564 Socratis
3575 1510 3753 1564 disci-

2109 1593 2285 1664 pulus
2318 1600 2377 1650 et
2405 1598 2652 1665 amicus,
2687 1599 2889 1654 omnia
2920 1599 3028 1670 ipsi
3063 1598 3307 1670 largitus
3340 1603 3429 1653 est
3475 1615 3748 1654 necessa-

2105 1682 2213 1736 ria.
2249 1683 2494 1755 Scripsit
2520 1688 2763 1743 Socratis
2791 1688 3180 1756 defensionem.

2179 1772 2401 1841 Criton,
2438 1777 2537 1846 qui
2570 1777 2767 1832 Getica
2797 1778 3053 1847 scripsit.

2180 1859 2401 1929 Criton,
2435 1865 2670 1932 Naxius,
2704 1866 3042 1933 historicus,
3077 1866 3313 1937 scripsit
3333 1866 3752 1933 Octaeteridem,

2107 1965 2284 2019 quam
2318 1952 2542 2008 Eudoxi
2575 1954 2783 2009 dicunt
2812 1972 2963 2010 esse.

2176 2040 2397 2109 Criton,
2431 2043 2740 2111 Pieriotes,
2772 2062 2842 2099 ex
2873 2044 3088 2108 Pieria,
3120 2043 3475 2099 Macedoniae
3508 2043 3747 2115 oppido,

2104 2126 2446 2185 historicus.
2484 2131 2731 2204 Scripsit
2781 2133 3081 2188 Pallenica.
3134 2135 3535 2201 Syracusarum
3572 2131 3751 2201 origi-

2103 2231 2215 2271 nes.
2248 2220 2489 2274 Pcrsica.
2533 2223 2633 2276 Res
2683 2223 2916 2277 Siculas.
2979 2223 3382 2292 Syracusarum
3422 2220 3752 2291 descriptio-

2104 2322 2249 2362 nem.
2284 2310 2361 2362 De
2389 2311 2745 2365 Macedonum
2775 2313 3026 2381 imperio.

2174 2397 2419 2465 Ctesias,
2449 2399 2771 2455 Ctesiarchi
2806 2401 2922 2455 sive
2949 2400 3244 2456 Ctesiochi
3274 2399 3451 2469 filius,
3478 2398 3746 2467 Guidius,

2104 2486 2394 2554 medicus,
2429 2489 2654 2544 curavit
2685 2493 3059 2545 Artaxerxem
3091 2492 3486 2555 Mnemonem,
3512 2494 3571 2543 et
3600 2489 3749 2545 scri-

2101 2575 2223 2646 psit
2251 2578 2489 2644 Persica,
2522 2578 2658 2632 libr.
2692 2580 2887 2633 XXIII.

2173 2664 2516 2737 Ctesiphon,
2548 2684 2702 2723 unus
2733 2686 2763 2724 θ
2795 2669 2997 2726 decem
3030 2670 3129 2740 qui
3160 2685 3293 2723 cum
3353 2669 3748 2723 Demosthene

2102 2758 2161 2808 et
2186 2755 2461 2811 Eschine
2484 2756 2837 2829 legationem
2857 2758 3181 2813 obiverunt.
3211 2758 3398 2822 Alius,
3424 2758 3523 2828 qui
3552 2756 3748 2811 decre-

2099 2845 2225 2897 tum
2258 2842 2329 2898 de
2360 2846 2580 2916 (aurea)
2612 2863 2856 2914 corona,
2900 2846 3281 2902 Demostheni
3336 2844 3553 2909 danda,
3604 2844 3747 2900 scri-

2099 2932 2240 3001 psit,
2274 2938 2482 2989 contra
2512 2951 2690 3006 quem
2723 2942 2914 2991 exstat
2941 2936 3232 2991 IEschinis
3264 2936 3474 2990 oratio.

2170 3018 2401 3076 Κύκλια.
2435 3025 2572 3089 Quae
2607 3026 2783 3080 unius
2843 3025 3111 3096 ejusdem
3169 3029 3340 3079 erant
3386 3024 3740 3096 argumenti,

2096 3108 2284 3179 cyclia
2309 3111 2690 3180 vocabantur,
2718 3118 2786 3167 ut
2816 3113 3066 3179 cantica,
3092 3113 3318 3183 hymni,
3374 3112 3651 3182 prosodia
3691 3116 3749 3166 et

2105 3199 2391 3263 carmina,
2420 3217 2551 3270 quas
2578 3202 2639 3256 in
2671 3202 2925 3273 virgines
2957 3200 3343 3255 canebantur.

2031 3267 2074 3334 C
2176 3283 2325 3340 Κυκλ
2339 3267 2742 3349 ιοδι-δάσκαλος.
2760 3267 3092 3361 Cycliorum
3111 3288 3429 3343 chororum
3447 3287 3748 3358 magister.

2104 3375 2338 3429 Primus
2371 3376 2573 3444 Lasus,
2609 3377 3075 3441 Hermionensis,
3128 3376 3347 3447 cyclios
3398 3376 3612 3430 choros
3663 3375 3750 3429 in-

2104 3462 2314 3517 stituit.

2174 3548 2428 3605 Κυκλίων
2455 3571 2515 3606 τε
2544 3556 2731 3627 χορῶν
2766 3551 3230 3625 ᾀσματοκάμπτας
3271 3553 3560 3609 vocabant
3616 3568 3744 3607 mu-

2105 3640 2240 3695 sicae
2272 3649 2649 3714 corruptores
2676 3660 2744 3698 ac
2774 3643 3080 3699 difficilem
3100 3643 3264 3698 illam
3289 3642 3635 3697 modulandi
3660 3658 3749 3696 ra-

2104 3730 2349 3799 tionem,
2380 3749 2557 3803 quam
2616 3734 2869 3805 Phrynis
2914 3734 3261 3801 introduxit,
3316 3737 3609 3787 sectantes
3658 3731 3747 3785 vel

2104 3824 2399 3894 s0phistas
2430 3828 2635 3894 poetas
2664 3822 3132 3895 dithyrambicos
3162 3822 3481 3894 cycliorum
3502 3821 3745 3876 chorum

2103 3913 2438 3985 magistros,
2471 3919 2537 3967 ut
2565 3914 2858 3968 Cinesiam
2890 3919 2948 3967 et
2978 3913 3354 3968 Cleomenem
3389 3916 3448 3966 et
3474 3912 3747 3966 Philoxe-

2103 4020 2269 4059 num.
2304 4003 2468 4069 Quod
2500 4009 2697 4059 autem
2731 4005 2948 4075 scripta
2976 4004 3215 4058 illorum
3242 4003 3349 4058 sub
3372 4003 3747 4057 harmoniam

2105 4108 2223 4147 non
2256 4092 2490 4159 cadant,
2520 4092 2653 4148 ideo
2679 4093 2866 4147 flexus
2888 4092 3109 4147 habent
3129 4092 3507 4163 plures,quos
3535 4090 3743 4145 musici

2102 4186 2313 4235 vocant
2344 4180 2617 4251 strophas
2648 4185 2706 4235 et
2736 4181 3137 4251 antistrophas
3169 4185 3226 4232 et
3256 4180 3495 4249 epodas.
3556 4180 3745 4241 Quare

2105 4271 2281 4326 etiam
2315 4270 2375 4323 in
2409 4269 2707 4340 tragmdiis
2738 4268 2903 4324 chori
2938 4274 3077 4323 sunt
3107 4268 3384 4323 instituti.

2175 4358 2468 4432 Κυνήγιον,
2501 4358 2668 4413 locus
2694 4358 2909 4428 (CPoli)
2940 4357 3038 4412 ubi
3073 4362 3279 4412 statuae
3312 4355 3583 4426 quaedam
3640 4371 3747 4425 po-

2104 4455 2253 4523 sitae,
2289 4471 2542 4525 quarum
2572 4470 2775 4517 unam,
2825 4453 3073 4507 minime
3120 4452 3378 4523 longam,
3430 4450 3532 4505 sed
3575 4450 3744 4505 valde

2104 4544 2283 4600 latam
2308 4550 2365 4599 et
2389 4560 2673 4609 crassam,
2695 4542 3369 4613 Theodoro,anagnoste,
3393 4539 3741 4606 admirante,

346 4650 547 4688 canum
575 4635 996 4687 matrimonium
1045 4632 1384 4703 appellavit,
1441 4649 1509 4688 ex
1567 4650 1682 4703 quo
1737 4634 1998 4705 suscepit
2027 4640 2071 4704 1)
2102 4632 2399 4688 Himerius
2430 4632 2828 4688 chartularius
2860 4632 3102 4703 rogavit,
3130 4631 3405 4701 quisnam
3429 4629 3745 4701 Cynesium

345 4721 658 4777 Pasiclem.
701 4722 856 4776 Vixit
886 4721 1232 4793 Olympiade
1289 4723 1476 4777 CXIII.
1526 4721 1989 4794 Cognominatus

344 4808 809 4881 Θυρεπανοίκτης,
843 4810 1001 4880 quod
1033 4811 1094 4864 in
1124 4811 1382 4881 cujusvis
1411 4810 1655 4865 domum
1710 4811 1991 4867 audacter

342 4898 774 4969 ingrederetur.
805 4898 1051 4969 Scripsit
1078 4898 1505 4970 philosophica,
1540 4904 1650 4954 etc.

415 4989 636 5057 Crates,
660 4988 1009 5043 Timocratis
1032 4990 1115 5054 F.,
1134 4988 1419 5055 Mallotes,
1444 4989 1831 5060 philosophus
1845 4991 1994 5045 Stoi-

338 5093 465 5144 cus,
500 5077 954 5149 cognominatus
987 5077 1333 5132 Homericus
1366 5081 1455 5131 est
1484 5077 1724 5131 criticus
1751 5078 1824 5132 ob
1866 5084 1990 5134 stu-

336 5162 501 5218 dium
533 5165 618 5218 rei
653 5164 1053 5235 grammaticte
1078 5169 1137 5217 et
1158 5165 1402 5234 poetica)
1430 5180 1442 5218 :
1466 5164 1713 5235 aequalis
1736 5166 1987 5221 Aristar-

335 5252 452 5321 chi,
486 5252 878 5324 grammatici,
915 5257 1179 5323 tempore
1215 5251 1519 5306 Ptolemaei
1546 5252 1984 5310 Philometoris.

331 5339 580 5411 Scripsit
608 5342 998 5396 correctionem
1032 5339 1223 5394 Iliadis
1253 5346 1302 5393 et
1354 5340 1600 5410 Odyssea
1652 5341 1808 5394 libris
1863 5342 1982 5409 IV;

2100 4721 2514 4777 condidisset?
2543 4727 2666 4776 tum
2691 4721 2790 4775 ille
2819 4737 2831 4774 :
2857 4720 3209 4774 Maximinus
3230 4717 3743 4784 condidit,Aristi-

2100 4810 2204 4866 des
2235 4828 2369 4865 vero
2401 4810 2712 4865 dimensus
2743 4815 2849 4864 est.
2884 4810 3007 4874 Quo
3040 4809 3217 4874 dicto,
3253 4813 3466 4876 statua,
3517 4825 3585 4863 ex
3626 4808 3744 4861 alto

2101 4899 2363 4970 delapsa,
2426 4898 2751 4952 Himerium
2805 4898 3117 4968 oppressit.
3175 4898 3432 4952 Joannes
3480 4896 3744 4967 quidam,

2100 4987 2515 5059 philosophus,
2550 5002 2612 5041 se
2643 4987 2953 5057 scriptum,
2988 4986 3282 5041 invenisse
3314 4986 3478 5054 dixit,
3512 4986 3634 5041 fore
3684 4990 3745 5039 ut

2099 5075 2171 5131 ab
2204 5075 2309 5130 illa
2340 5081 2534 5130 statua
2564 5074 2759 5130 clarus
2791 5076 2877 5128 vir
2907 5075 3363 5146 opprimeretur.
3390 5076 3591 5145 Itaque
3619 5075 3748 5129 Phi-

2098 5165 2355 5235 lippicus
2388 5164 2710 5236 imperator
2740 5180 2870 5219 eam
2904 5170 3061 5219 terra
3092 5164 3259 5218 obrui
3284 5164 3486 5235 jussit.

2169 5254 2672 5324 Cynismus,secta
2702 5252 3215 5324 philosophorum,
3238 5252 3741 5323 compendiariam

2096 5341 2170 5396 ad
2204 5341 2480 5396 virtutem
2508 5341 2664 5397 viam
2690 5358 2751 5397 se
2786 5341 3016 5396 tradere
3042 5347 3099 5397 et
3126 5342 3452 5397 secundum
3466 5342 3743 5395 virtutem

400 5672 514 5743 (58)
554 5669 752 5743 Miror;
786 5666 1109 5743 ait__Kuster
1138 5669 1260 5743 not.
1296 5665 1365 5743 II,
1398 5680 1528 5737 pag.
1564 5664 1691 5733 350,
1734 5662 1893 5720 unde
1924 5662 2050 5719 haac
2082 5661 2312 5719 Suidas.
2338 5663 2507 5719 Certe
2539 5679 2608 5719 ex
2668 5662 2858 5733 nullo,
2891 5666 2958 5717 ut
3003 5665 3169 5734 puto,
3230 5659 3606 5728 scriptorum,
3640 5659 3740 5730 qui

330 5737 571 5820 quidem
600 5739 779 5797 hodie
810 5737 1002 5795 adhuc
1032 5741 1282 5795 exstant.
1318 5737 1491 5793 HARL.
