4036 6212
336 382 492 448 1243

1650 377 1890 443 INDEX
1935 375 2438 440 SGRlPTORUM

3625 380 3657 437 Ι
3679 380 3814 441 244

336 519 529 574 vivere
560 519 986 591 proﬁtentium,
1041 521 1108 573 ut
1162 518 1328 574 fuere
1372 518 1661 592 Diogenes
1701 521 1760 573 et
1806 515 1981 580 Zeno,
2013 514 2070 582 Α
2098 513 2224 568 rius
2252 510 2564 566 Theodosii
2600 509 2740 582 imp.
2776 509 3038 582 iempore
3070 515 3338 567 mortuus
3355 516 3470 567 est.
3509 512 3808 586 Scripsit

339 610 610 677 Citticus,
643 615 754 666 etc.

411 692 664 772 Κύρϐεις,
706 698 920 754 tabulas
953 699 1368 771 triangulares,
1393 699 1456 753 in
1479 697 1696 769 quibus
1728 697 1886 769 leges
1917 696 1988 752 de

341 789 517 846 rebus
548 789 732 845 sacris
756 793 814 843 et
834 789 1106 844 civilibus
1140 795 1197 844 et
1227 806 1416 860 pmnaa
1449 789 1858 845 maleficorum
1893 789 1990 842 in-

338 880 572 950 scriptm
603 884 772 934 erant
798 895 810 932 :
843 875 1049 948 ἄξονες,
1085 879 1301 934 tabulae
1327 878 1652 949 quadratas,
1685 880 1746 933 in
1771 877 1987 950 quibus

335 968 495 1040 leges
517 969 589 1023 de
614 969 792 1023 rebus
812 968 1077 1040 privatis,
1104 975 1216 1025 etc.
1237 969 1620 1040 Asclepiades
1632 985 1766 1024 vero
1783 967 1983 1034 tradit,

337 1075 437 1114 eas
467 1075 502 1113 a
530 1058 704 1130 Cyrbi
739 1057 1016 1130 quodam,
1060 1060 1160 1130 qui
1195 1059 1628 1114 sacrificiorum
1660 1059 1904 1113 modum
1929 1062 1986 1112 et

334 1149 627 1204 rationem
658 1148 730 1203 ad
765 1153 956 1204 certas
1008 1148 1166 1220 leges
1215 1152 1608 1214 revocaverat,
1655 1147 1984 1218 appellatas

334 1255 486 1306 esse,
518 1243 585 1293 ut
634 1243 841 1292 auctor
896 1238 1174 1306 Phanias,
1219 1238 1458 1292 Eresius
1509 1237 1616 1309 (ita
1669 1236 1828 1308 leg.).
1881 1235 1984 1290 Vel

332 1345 552 1384 nomen
581 1332 941 1399 acceperunt
978 1344 1011 1383 a
1043 1327 1495 1399 Corybantibus.
1557 1329 1772 1382 Eorum
1821 1325 1982 1381 enim

328 1419 639 1474 inventum
669 1433 798 1472 esse
822 1417 1053 1488 cyrbes,
1084 1416 1478 1488 Apollodorus
1501 1418 1984 1472 testatur.Abacus

331 1507 705 1578 eratingens,
726 1505 834 1559 viri
849 1505 1282 1577 magnitudine,
1309 1505 1402 1560 cui
1420 1509 1619 1577 aptata
1641 1505 1984 1577 erantligna

331 1595 640 1666 quadrata,
675 1610 804 1666 quae
838 1594 1152 1650 tateralata
1177 1600 1235 1648 et
1255 1594 1586 1650 litterarum
1607 1595 1785 1666 plena
1802 1593 1980 1650 habe-

331 1684 498 1741 bant.
529 1685 816 1756 Utrinque
847 1701 982 1739 vero
1005 1689 1174 1739 erant
1204 1685 1422 1752 fibulae,
1455 1685 1683 1751 ferreae,
1734 1689 1800 1739 ut
1831 1702 1866 1741 a
1895 1683 1982 1739 le-

331 1773 608 1846 gentibus
639 1775 858 1828 moveri
891 1779 950 1828 et
979 1775 1198 1828 versari
1224 1779 1486 1846 possent,
1522 1780 1635 1829 etc.

2095 610 2155 659 et
2183 603 2299 658 alia
2325 603 2534 658 multa.

2167 693 2509 758 Damianus,
2543 692 2850 764 Ephesius,
2887 691 3172 763 sophista,
3205 692 3276 749 ab
3336 693 3488 766 imp.
3545 696 3797 751 Severo

2094 787 2252 841 inter
2290 785 2566 841 consules
2599 784 2823 839 relatus
2854 789 2943 838 est
2981 789 3040 838 et
3071 784 3357 857 Bithyniae
3390 787 3690 858 praefuit,
3727 795 3794 843 et

2093 878 2408 950 porticum,
2438 893 2570 947 quae
2602 875 2673 930 ab
2702 875 2846 930 urbe
2877 875 3108 946 Epheso
3139 876 3210 931 ad
3239 877 3539 948 templum
3563 895 3794 950 usque

2095 967 2374 1039 pertinet,
2399 964 2579 1021 tholis
2611 964 2862 1020 ornavit.

2163 1056 2388 1123 Damis,
2421 1055 2508 1110 vir
2532 1071 2653 1110 non
2685 1053 2983 1122 indoctus,
3017 1059 3272 1109 veterem
3320 1055 3612 1111 incolens
3673 1058 3792 1110 Ni-

2095 1160 2258 1199 num.
2291 1145 2414 1216 Hic,
2448 1143 2605 1216 apud
2636 1142 3018 1215 Apollonium
3048 1145 3788 1216 (Tyanensem)philoso-

2091 1234 2467 1306 phatus,ejus
2487 1233 3000 1305 peregrinationes
3017 1232 3422 1304 descripsit,in
3444 1234 3688 1306 quibus
3711 1252 3780 1290 se

2092 1341 2330 1396 quoque
2361 1325 2642 1379 comitem
2659 1323 2788 1396 ejus
2817 1323 3002 1378 fuisse
3035 1321 3279 1377 scribit:
3313 1323 3590 1396 itemque
3613 1341 3780 1380 sen-

2091 1415 2310 1470 tentias
2341 1420 2400 1469 et
2428 1429 2734 1468 sermones
2778 1417 2837 1467 et
2881 1411 3299 1483 praedictiones
3345 1414 3498 1484 ejus.
3556 1414 3778 1469 Dictio

2090 1505 2239 1576 ejus,
2273 1509 2340 1559 ut
2368 1503 2615 1574 Assyrii,
2647 1491 2966 1558 mediocris
2997 1506 3123 1556 est:
3157 1503 3371 1558 Grascm
3403 1503 3574 1558 enim
3605 1520 3771 1559 ora-

2089 1595 2267 1649 tionis
2299 1593 2613 1666 elegantia,
2643 1597 2850 1664 utpote
2881 1591 3038 1663 apud
3069 1590 3356 1647 Barbaros
3405 1592 3768 1665 institutus,

2085 1683 2345 1749 carebat,
2373 1689 2486 1738 etc.

2157 1773 2556 1840 Damocritus,
2587 1771 2933 1839 historicus,
2969 1773 3310 1827 Tacticorum
3342 1771 3533 1828 libros
3595 1774 3764 1830 duos

404 1863 728 1935 Cyrenaica
760 1867 919 1919 secta
947 1863 1189 1918 initium
1221 1863 1388 1918 duxit
1419 1862 1491 1918 ab
1526 1863 1821 1934 Aristippo
1843 1862 1979 1935 pbi-
2008 1889 2054 1956 Β
2086 1863 2343 1935 scripsit.
2376 1861 2541 1917 Idem
2572 1862 2639 1916 de
2666 1862 2894 1924 Judwis,
2928 1861 2990 1915 in
3023 1876 3141 1932 quo
3173 1877 3350 1932 opere
3380 1863 3466 1916 ait
3496 1878 3608 1919 eos
3639 1880 3763 1918 au-

333 1953 604 2024 losopho.

403 2041 678 2114 Cyrillus,
711 2041 1000 2098 diaconus
1057 2041 1348 2114 Heliopoli
1397 2041 1470 2097 ad
1517 2040 1824 2096 Libanum.
1876 2041 1981 2096 Hic

331 2132 706 2188 Constantini
741 2134 810 2186 M.
849 2131 1217 2203 temporibus
1251 2130 1441 2186 multa
1471 2131 1628 2186 idola
1670 2129 1978 2202 confregit.

332 2223 404 2276 At
431 2221 648 2276 Iuliani
683 2227 851 2276 aetate
884 2221 1132 2290 (inimici
1165 2220 1682 2292 Christianorum),
1716 2224 1981 2275 ventrem

335 2310 464 2383 ejus
495 2310 912 2366 dissecuerunt
939 2316 997 2366 et
1018 2311 1190 2382 jecus
1221 2310 1630 2383 degustarunt.

405 2403 608 2472 Cyrus,
642 2399 1014 2470 Panopolita,
1077 2405 1272 2470 poeta,
1306 2415 1341 2454 a
1368 2397 1696 2454 Theodosio
1737 2397 1980 2470 juniore

333 2489 646 2562 prmfectus
676 2489 936 2560 praetorii
995 2493 1055 2543 et
1096 2488 1261 2543 urbis
1300 2493 1534 2543 creatus
1592 2491 1702 2555 est,
1750 2486 1979 2557 fuitque

332 2579 667 2636 consularis
695 2584 752 2634 et
775 2579 1084 2651 patricius.
1137 2580 1280 2633 Nam
1339 2577 1616 2644 Eudocia,
1665 2576 1977 2632 Theodosii

331 2669 787 2740 conjux,amans
816 2684 1086 2740 poeseos,
1106 2667 1321 2739 Cyrum
1343 2667 1405 2722 in
1419 2682 1652 2721 summo
1667 2667 1855 2738 pretio
1873 2666 1981 2722 ha-

285 2801 292 2810 .
331 2758 480 2824 buit,
513 2774 643 2829 quas
677 2774 810 2814 cum
841 2757 912 2812 ab
944 2756 1080 2812 aula
1130 2755 1434 2811 secederet
1464 2761 1542 2824 et,
1573 2756 1636 2810 in
1677 2754 1979 2812 Orientem

331 2846 617 2919 profecta,
649 2845 1076 2918 Hierosolymis
1107 2849 1597 2911 commoraretur,
1637 2845 1841 2914 Cyrus,
1863 2843 1982 2898 ini-

335 2936 628 2993 micorum
659 2933 896 2990 insidiis
928 2934 1387 3001 circumventus,
1417 2936 1740 3004 Cotymum,
1773 2932 1978 2986 civita-

333 3032 455 3082 tem
484 3026 776 3099 Phrygiae,
809 3025 1104 3098 relegatus
1137 3028 1246 3092 est,
1268 3029 1335 3080 ut
1357 3024 1540 3079 sacris
1562 3022 1642 3077 ibi
1675 3027 1978 3094 prmesset,

331 3116 628 3187 vitamque
660 3113 938 3186 produxit
965 3131 1153 3186 usque
1200 3114 1270 3169 ad
1316 3114 1571 3168 Leonem
1618 3112 1762 3184 imp.
1810 3111 1976 3167 Conf.

334 3206 570 3262 Reines.
613 3207 776 3260 Varr.
809 3203 1051 3260 Lection.
1091 3203 1196 3258 lib.
1228 3204 1324 3273 ΠΙ,
1356 3218 1485 3275 pag.
1511 3204 1636 3270 561,
1665 3206 1724 3258 et
1745 3202 1976 3257 Kuster.

333 3295 408 3352 ad
438 3295 680 3350 Suidam
709 3295 780 3364 II,
810 3311 940 3367 pag.
974 3297 1101 3362 402,
1133 3298 1257 3349 not.
1293 3296 1377 3347 10.

1137 3385 1178 3438 D

410 3475 630 3530 Daedali
664 3490 863 3546 opera.
928 3475 1003 3529 De
1063 3473 1312 3546 egregiis
1364 3471 1692 3528 artificibus
1740 3470 1978 3539 dicitur,

337 3565 495 3637 quod
527 3566 576 3619 is
617 3565 844 3636 primus
891 3563 1348 3618 simulacrorum
1395 3562 1600 3617 oculos
1647 3561 1881 3633 aperuit
1923 3565 1983 3616 et

339 3655 519 3725 pedes
547 3654 778 3707 diduxit
832 3657 1048 3725 praeter
1103 3652 1509 3724 antiquiorum
1557 3651 1978 3706 statuariorum

332 3741 849 3797 consuetudinem.

405 3831 770 3898 Damascius,
801 3829 1196 3901 philosophus
1227 3829 1976 3901 Staicus,Syrus,Simplicii

333 3925 391 3975 et
421 3919 658 3985 Eulalii,
678 3919 997 3992 Phrygum,
1029 3919 1274 3984 amicus,
1301 3918 1979 3990 floruittemporeJusti-

333 4009 520 4065 niani.
557 4009 809 4080 Scripsit
839 4007 1231 4081 ὑπομνήματα,
1264 4009 1682 4062 commentarios
1710 4009 1768 4062 in
1797 4007 1976 4062 Plato-

331 4117 476 4169 nem,
510 4105 565 4154 et
591 4096 714 4171 περὶ
746 4097 956 4175 ἀρχῶν,
989 4098 1056 4154 de
1078 4097 1399 4170 principiis,
1428 4103 1486 4152 et
1516 4097 1808 4153 historiam
1832 4097 1975 4168 phi-

334 4189 696 4261 losophicam.

401 4285 726 4351 Damastcs,
764 4281 1080 4355 Sigeensis,
1115 4296 1145 4336 e
1176 4280 1366 4353 Sigeo,
1419 4279 1651 4336 civitate
1699 4278 1972 4349 Troadis,

331 4373 605 4445 Dioxippi
637 4373 720 4439 F.,
756 4372 897 4427 vixit
926 4377 1062 4427 ante
1106 4369 1331 4424 bellum
1383 4370 1977 4442 Pe10ponnesiacum,

333 4463 581 4535 mqualis
613 4462 914 4530 Herodoti,
947 4461 1126 4516 homo
1159 4459 1492 4514 ditissimus
1525 4465 1582 4513 et
1637 4459 1978 4515 historicus.

330 4553 578 4624 Scripsit
607 4555 682 4608 De
711 4553 871 4606 rebus
912 4553 971 4605 in
1025 4551 1244 4607 Graecia
1291 4551 1475 4620 gestis.
1533 4553 1608 4605 De
1654 4550 1981 4620 parentibus

2081 1969 2250 2009 reum
2282 1950 2434 2007 asini
2465 1955 2643 2023 caput
2672 1949 2941 2017 adorare,
2975 1955 3034 2004 et
3053 1949 3304 2020 septimo
3328 1967 3573 2022 quoque
3587 1969 3759 2008 anno

2081 2043 2463 2116 peregrinum
2495 2046 2733 2112 captum
2767 2039 3104 2095 sacriﬁcare
3135 2045 3195 2096 et
3213 2040 3583 2110 interﬁcere,
3615 2059 3759 2098 car-

2082 2149 2157 2187 ne
2199 2132 2329 2203 ejus
2360 2131 2700 2185 minutatim
2732 2129 3008 2185 dissecta.

2155 2219 2546 2291 Damophilus
2571 2219 2967 2290 philosophus
2998 2223 3056 2274 et
3075 2219 3341 2290 sophista
3372 2218 3750 2292 (Bithynus),

2083 2308 2366 2365 alumnus
2396 2309 2637 2376 Juliani,
2672 2308 2772 2379 qui
2802 2308 2909 2363 sub
2941 2309 3132 2364 Marco
3181 2309 3544 2380 imperatore
3601 2328 3753 2366 con-

2084 2399 2176 2453 sul
2207 2398 2338 2453 fuit.
2373 2397 2621 2470 Scripsit
2649 2397 2858 2464 multa,
2891 2397 3049 2452 inter
3078 2413 3209 2469 quae
3237 2398 3298 2452 in
3345 2398 3750 2455 bibliothecis

2082 2487 2209 2542 haec
2239 2504 2273 2542 a
2303 2504 2398 2542 me
2437 2491 2673 2559 reperta
2706 2491 2845 2542 sunt
2879 2503 2891 2540 :
2922 2486 3266 2542 Philobiblus
3289 2487 3748 2561 liberunus(59)

2083 2576 2156 2632 de
2185 2577 2356 2632 libris
2387 2581 2733 2649 comparatu
2765 2576 2958 2649 dignis
2985 2577 3058 2632 ad
3087 2576 3339 2632 Lollium
3385 2579 3740 2646 Maximum,

2082 2663 2205 2739 περὶ
2241 2665 2362 2740 βίου
2393 2666 2658 2740 ἀρχαίων,
2692 2667 2758 2721 de
2787 2665 2903 2721 vita
2933 2673 3176 2721 veterum
3209 2671 3270 2722 et
3297 2666 3413 2722 alia
3442 2667 3740 2738 plurima.

2156 2759 2583 2826 Damostratus,
2618 2755 2960 2827 histqricus.
2995 2755 3240 2826 Scripsit
3295 2757 3748 2812 Hatieuticorum

2085 2847 2252 2904 libros
2279 2849 2394 2902 XX.
2429 2847 2574 2902 Item
2604 2843 2728 2916 περὶ
2757 2849 2858 2911 τῆς
2919 2839 3146 2918 ἐνύδρου
3191 2845 3476 2916 μαντικῆς,
3531 2846 3602 2900 de
3657 2847 3748 2900 ἀί-

2082 2936 2369 2992 vinatione
2387 2952 2491 3006 per
2519 2951 2743 3006 aquam,
2777 2940 2837 2990 et
2863 2933 2982 2990 alia
3036 2933 3423 2990 miscellanea
3463 2935 3748 2992 historici

2085 3025 2445 3100 argumenti.

2159 3113 3256 3182 Damoxenus,Atheniensis,comicus.
3280 3116 3358 3168 Ex
3371 3113 3593 3170 fabulis
3607 3117 3746 3188 ejus

2088 3205 2381 3282 σῦντροφοι
2415 3210 2473 3260 et
2510 3203 2697 3258 ἑαυτὸν
2728 3206 2938 3266 πενθῶν
2967 3203 3290 3259 laudantur
3319 3203 3390 3259 ab
3425 3205 3740 3261 Athenmo.

2160 3295 2477 3368 Daphidas,
2500 3293 2936 3362 'l‘elmissensis,
2961 3293 3742 3365 grammaticus,liomerum

2085 3386 2332 3460 ejusque
2344 3385 2552 3457 poesin
2570 3383 2852 3439 mendacii
2867 3383 3737 3455 arguit,negans,Athenienses

2085 3476 2277 3532 Iliacos
2302 3473 2662 3548 expeditioni
2691 3473 3220 3528 interfuisseJdem
3237 3473 3545 3528 oraculum
3560 3480 3626 3528 ut
3640 3476 3739 3532 de-

2083 3566 2328 3632 rideret,
2363 3581 2432 3620 ex
2463 3564 2673 3636 Pythia
2697 3563 2939 3635 rogavit,
2970 3579 3116 3618 num
3141 3579 3360 3634 equum
3381 3569 3736 3635 reperturus

2085 3655 2284 3711 esset?
2313 3656 2616 3725 Responso
2647 3649 2824 3725 igitur
2843 3652 3001 3718 dato,
3026 3651 3302 3707 celeriter
3329 3658 3735 3723 reperturum,

2083 3745 2304 3816 passim
2330 3743 2592 3815 jactavit,
2618 3757 2838 3814 equum
2871 3759 2934 3797 se
2965 3758 3074 3796 nec
3107 3741 3386 3798 habuisse
3422 3759 3536 3798 nec
3584 3746 3737 3799 ami-

2083 3835 2253 3890 sisse.
2289 3831 2402 3887 Sed
2433 3849 2733 3888 reversum
2775 3831 3028 3895 Attalus,
3061 3848 3188 3898 rex,
3213 3832 3578 3904 praeciditari
3601 3836 3739 3905 jus-

2083 3924 2161 3979 sit
2191 3941 2260 3978 ex
2290 3922 2421 3978 loco
2454 3923 2554 3993 qui
2585 3922 2784 3992 Equus
2815 3919 3249 3992 appellabatur,
3283 3927 3394 3978 etc.

2154 4012 2337 4078 Datis,
2371 4013 2568 4078 Persa,
2604 4027 2738 4066 cum
2778 4012 2974 4066 Graece
3020 4009 3185 4082 loqui
3230 4015 3567 4082 conaretur,
3625 4030 3738 4084 pro

2083 4099 2264 4174 χαίρω
2297 4101 2444 4156 dixit
2469 4100 3057 4174 Zatpopai,jungeus
3104 4100 3318 4155 verba:
3384 4096 3594 4171 ἥδομαι
3640 4102 3734 4154 καὶ

2081 4189 2352 4266 χαίρομαι
2399 4188 2490 4243 καὶ
2534 4187 2910 4265 εὐφραίνομαι.
2962 4190 3108 4245 Hinc
3154 4190 3448 4246 Datismus
3506 4207 3734 4246 nomen

2084 4281 2332 4352 accepit.
2357 4281 2490 4352 (Pro
2525 4279 2908 4350 soloecismo.)

2157 4371 2388 4437 Decius,
2421 4371 2826 4425 Romanorum
2883 4370 3026 4441 imp.
3087 4369 3346 4442 Philippi
3399 4386 3737 4439 successor,

2087 4460 2278 4518 edicto
2309 4459 2675 4515 Christianos
2707 4459 2884 4514 morti
2916 4458 3162 4527 addixit,
3197 4465 3276 4528 et,
3310 4464 3374 4514 ut
3411 4459 3554 4516 deos
3588 4460 3737 4515 ado-

2087 4554 2310 4616 rarent,
2341 4548 2552 4620 coegit.

330 4647 388 4697 et
413 4642 739 4714 majoribus
773 4657 999 4710 eorum,
1033 4640 1134 4712 qui
1168 4639 1611 4710 expeditionem
1659 4639 1971 4711 Trojanam

2157 4633 2364 4706 Δηλίου
2394 4629 2776 4708 κολυμϐητοῦ,
2820 4636 2965 4691 Delii
3011 4635 3308 4692 natatoris.
3358 4635 3439 4692 De
3478 4635 3736 4692 obscuro

330 4737 740 4804 susceperunt,
775 4731 959 4786 libros
991 4729 1162 4786 duos.
1195 4731 1453 4787 Gentium
1485 4736 1535 4785 et
1565 4729 1786 4784 urbium
1817 4736 1974 4784 cata-

330 4822 534 4890 logum.
572 4826 652 4876 De
673 4824 851 4891 poetis
881 4827 933 4876 et
986 4821 1267 4890 sophistis,
1315 4825 1373 4875 et
1422 4819 1540 4876 alia
1585 4819 1791 4875 multa.
1843 4819 1976 4875 Fuit

327 4908 618 4964 Hellanici
650 4909 1000 4981 discipulus.

398 4998 706 5065 Damasus,
740 4999 1052 5070 episcopus
1075 5002 1296 5065 Romen,
1331 4998 1585 5071 eleganti
1608 4998 1671 5053 in
1703 4997 1972 5054 versibus

325 5089 755 5160 componendis
777 5089 1012 5162 ingenio
1044 5089 1350 5162 prmditus,
1374 5089 1563 5145 multa
1575 5105 1760 5162 eaque
1775 5089 1974 5146 brevia

326 5178 611 5246 carmina,
648 5183 836 5233 metro
859 5179 1098 5235 heroico
1130 5180 1370 5252 scripta,
1396 5178 1583 5234 edidit
1600 5183 1974 5253 etoctogena—

395 5377 508 5450 (59)
542 5368 914 5450 Φιλὸϐινϐλος,
946 5378 1164 5450 περῶ-τος
1196 5375 1320 5450 περὶ
1343 5375 1684 5450 ᾲᾶξμοκτήτῳν
1713 5371 1965 5450 βιϐλίωνο

325 5447 410 5530 sic
439 5447 499 5530 in
524 5452 692 5530 textu
726 5449 924 5530 Graeco
965 5447 1199 5530 legitur.
1259 5448 1560 5530 Fabricius
1605 5447 1784 5530 igitur
1839 5453 1973 5530 po_st

324 5513 613 5595 adesim.
651 5513 1274 5595 commode__punctum
1306 5520 1484 5586 delet,
1503 5513 1796 5590 vertitque
1818 5513 1972 5595 τῇρῶ-

321 5591 414 5651 σὲος
446 5593 584 5646 liber
612 5608 772 5646 unus.
807 5591 921 5646 Sed
953 5593 1184 5658 Kuster,
1218 5608 1396 5662 quem
1449 5598 1734 5662 punctum
1784 5593 1970 5646 offen-

323 5664 482 5717 disse
513 5664 762 5730 videtur,
796 5679 858 5718 se
915 5662 1135 5719 fatetur
1190 5679 1310 5718 non
1364 5663 1582 5730 videre,
1647 5662 1792 5734 quid
1848 5680 1967 5719 voc.

322 5737 539 5810 πρῶτος
570 5735 666 5792 hic
700 5735 812 5792 sibi
843 5734 1001 5795 velit.
1035 5734 1238 5794 Deleto
1263 5735 1444 5810 igitur
1473 5752 1596 5794 voc.
1616 5736 1858 5810 πρῶτος,
1881 5735 1971 5792 Ιο-

2085 4726 2364 4784 Heracliti
2389 4726 2543 4782 libro
2577 4730 2813 4799 rogatus
2853 4726 3146 4791 Socrates,
3181 4727 3392 4782 Delium
3423 4732 3739 4782 natatorom

2085 4830 2213 4870 esse
2230 4819 2503 4886 oportere
2523 4813 2795 4884 dixit,qui
2813 4813 2875 4868 in
2889 4813 2991 4868 illo
3004 4829 3124 4868 non
3138 4813 3739 4886 submergereturJn-

2083 4903 2363 4960 scribitur
2393 4902 2495 4958 ille
2528 4902 2601 4958 ab
2633 4901 2766 4957 aliis
2795 4905 2983 4968 Musa,
3016 4901 3114 4980 ab
3138 4903 3274 4959 aliis
3311 4903 3380 4958 de
3423 4911 3672 4958 natura:
3701 4922 3738 4961 a

2084 4993 2332 5049 Diodoto
2365 4985 2582 5065 ἀκριϐὶς
2615 4989 2875 5062 οἰάκισμα
2903 4988 3042 5064 πρὸς
3088 4991 3334 5063 στάθμην
3387 4989 3532 5066 βίου,
3580 5003 3738 5051 certa

2080 5081 2208 5136 vita?
2239 5082 2312 5136 ad
2340 5097 2590 5136 normam
2638 5079 2943 5150 dirigenda
2986 5082 3172 5147 ratio;
3223 5080 3298 5136 ab
3347 5080 3480 5136 aliis
3534 5082 3731 5154 γνώμη

2080 5167 2236 5242 ἐθῶν,
2266 5171 2462 5240 regula
2506 5185 2718 5225 morum
2775 5169 2867 5246 vel
2921 5166 3131 5242 κόσμος
3179 5169 3400 5244 τρόπων
3449 5170 3566 5234 ἰνὸς
3619 5176 3732 5227 τῶν

2079 5394 2214 5452 cum
2247 5377 2330 5431 sic
2361 5375 2677 5452 legendum
2709 5381 2896 5452 putat,
2930 5369 3287 5452 φξλόϐξᾷλος,
3314 5375 3350 5446 ἢ
3376 5377 3496 5450 περὶ
3515 5376 3722 5450 ἆξιοκτ,

2084 5443 2234 5522 βιϐλ.
2268 5443 2449 5519 atque
2478 5449 2541 5502 in
2572 5443 3073 5523 versione_L_a'tina
3103 5443 3279 5505 illam
3303 5443 3470 5506 suam
3492 5443 3724 5523 opinio-

2081 5518 2218 5576 nem
2252 5518 2488 5576 secutus
2518 5518 2750 5575 reddit:
2785 5520 3126 5575 Philobiblus
3153 5523 3265 5576 sire
3294 5523 3360 5576 de
3391 5518 3548 5578 libris
3576 5540 3724 5581 com-

2072 5599 2283 5663 paratu
2313 5592 2516 5668 dignis.
2534 5593 2771 5668 praeter
2785 5591 3149 5668 eaadnotat2
3170 5592 3494 5668 Telephum
3515 5596 3722 5668 Perga-

2079 5661 2323 5742 menum
2355 5669 2413 5717 et
2441 5663 2752 5742 Philonem
2783 5662 3054 5742 ﬁyblium
3085 5661 3270 5720 libros
3310 5661 3522 5721 similis
3554 5661 3723 5742 argu-

2084 5734 2269 5793 menti
2301 5734 2748 5806 conscripsisse.
2783 5733 2962 5793 Hm.
