4036 6212
194 376 387 435 1245

188 510 262 581 ευ
276 511 575 585 μπάντων,
607 519 831 569 ornatus
848 529 1060 569 morum
1089 517 1255 571 unius
1276 516 1519 571 omnium
1549 516 1767 586 optimi.

288 621 875 690 Demades,Demeze,
902 626 1118 690 nautze,
1144 623 1308 689 F.,ex
1326 639 1594 695 naupego
1618 626 1677 677 et
1703 626 1886 677 nauta

203 708 293 764 ad
338 710 577 781 negotia
599 710 745 781 reip.
772 711 1079 765 tractanda
1100 712 1351 766 accessit
1374 718 1432 766 et
1452 716 1661 767 contra
1682 712 1886 765 Demo-

200 799 525 862 sthenem,
560 798 976 870 Olynthiorum
1009 816 1249 855 causam
1298 806 1591 873 agentem,
1626 800 1792 870 dixit,
1826 804 1885 854 et

198 887 670 959 Euthycratem,
704 887 1071 959 Olynthium,
1124 889 1195 944 ab
1231 890 1879 959 Atheniensibusigno-

204 977 415 1031 minia
439 981 733 1044 notatum,
767 976 1005 1032 decreto
1041 995 1146 1033 suo
1179 980 1239 1034 in
1273 980 1569 1051 integrum
1600 980 1878 1033 restituit.

204 1068 599 1140 Magistratus
650 1073 869 1135 autem,
924 1085 956 1124 a
987 1086 1048 1124 se
1104 1071 1274 1143 gesti,
1334 1072 1594 1126 rationes
1630 1070 1880 1125 reddere

195 1156 426 1229 jussus
453 1155 526 1210 ob
559 1161 784 1211 metum
816 1157 964 1213 urbe
1008 1160 1309 1227 cessit,nec
1337 1163 1453 1231 ipse
1500 1166 1755 1227 vestrum,
1788 1159 1882 1213 in-

206 1244 355 1316 quit
381 1245 806 1315 (Athenienses),
847 1263 945 1301 nec
971 1249 1079 1301 mei
1107 1250 1230 1303 estis
1260 1248 1490 1303 domini.
1523 1248 1770 1319 Scripsit
1805 1247 1880 1302 ad

206 1333 589 1405 Philippum,
644 1333 956 1406 filiumque
1017 1335 1093 1390 ad
1158 1352 1294 1391 eum
1355 1337 1531 1391 misit.
1566 1339 1878 1392 Decretum

204 1438 459 1493 quoque
507 1422 773 1494 scripsit,
803 1429 867 1478 ut
889 1425 1072 1479 Graeci
1105 1425 1378 1497 Philippo
1395 1430 1691 1497 parerent.
1715 1425 1879 1481 Idem

208 1511 278 1566 in
312 1528 515 1584 pugna
553 1512 938 1568 Chaaronensi
994 1518 1201 1585 captus
1250 1519 1357 1569 est.
1424 1515 1711 1570 Dimissus
1741 1531 1876 1569 vero

212 1599 581 1673 legationem
604 1601 965 1672 captivorum
996 1602 1185 1675 gratia
1202 1602 1368 1671 obiit,
1394 1620 1541 1675 quos
1568 1603 1877 1675 Philippus

212 1686 469 1742 dimisit.
501 1689 597 1743 Bis
635 1689 1031 1760 decretorum,
1093 1696 1299 1746 contra
1354 1691 1513 1764 leges
1560 1691 1874 1761 factorum,

207 1793 357 1832 reus
388 1783 661 1849 peractus
718 1783 825 1835 est.
857 1780 1062 1850 Remp.
1124 1781 1303 1835 etiam
1366 1781 1473 1836 sub
1541 1780 1874 1836 Alexandro

1538 379 1639 441 DE
1685 374 1975 450 QUIBUS
2018 373 2324 437 SUIDAS.

1906 513 1957 578 Α
1994 511 2380 570 nosissimum
2402 515 2462 567 et
2482 512 2710 585 Botryis
2724 529 2792 569 ac
2812 515 3159 573 Pbilaenidis
3180 522 3648 579 commentarios

3490 381 3649 447 1246

1990 601 2375 657 obscoenitate
2405 618 2514 657 sua
2543 610 2925 674 superantem
2958 607 3235 662 traduxit.

2058 691 2451 759 Democritus,
2486 692 2867 763 Hegesistrati
2894 695 2984 749 vel
3014 696 3384 753 Atheuocriti
3419 701 3508 755 vel
3539 702 3647 758 Da-

1988 781 2243 851 masippi
2276 782 2359 844 F.,
2395 781 2539 835 vixit
2579 798 2647 836 eo
2682 788 2969 855 tempore,
2999 803 3116 856 quo
3167 787 3457 858 Socrates,
3487 791 3646 847 circa

1989 870 2220 941 Olymp.
2257 870 2507 925 LXXVII
2540 870 2629 925 vel
2660 872 2863 929 LXXX.
2898 874 3177 931 Abderita
3202 877 3413 946 Thrax,
3446 881 3644 950 philo-

1989 960 2210 1030 sophus
2241 965 2300 1013 et
2328 959 2683 1030 discipulus,
2715 967 2781 1015 ut
2821 963 3061 1033 quidam
3106 966 3369 1033 tradunt,
3402 968 3640 1025 Anaxa-

1987 1065 2141 1122 gorze
2173 1054 2231 1104 et
2284 1050 2599 1120 Leucippi:
2661 1051 2805 1120 quin
2851 1053 3054 1117 etiam,
3096 1059 3161 1108 ut
3216 1055 3317 1109 alii
3351 1057 3640 1125 scribunt,

1986 1140 2287 1209 Magorum
2320 1142 2377 1191 et
2401 1138 2816 1194 Chaldaeorum
2853 1140 2915 1195 in
2945 1143 3168 1198 Persia.
3201 1144 3363 1199 Adiit
3392 1147 3552 1201 enim
3584 1153 3644 1203 et

1988 1228 2195 1282 Persas
2218 1232 2277 1281 et
2304 1226 2481 1281 Indos
2505 1233 2562 1281 et
2590 1228 2887 1299 Egyptios
2915 1235 2975 1285 et
3003 1231 3373 1303 singulorum
3406 1236 3643 1306 sapien-

1989 1313 2134 1368 tiam
2164 1313 2471 1369 addidicit.
2502 1313 2727 1369 Deinde
2756 1315 3000 1371 domum
3030 1335 3322 1388 reversus,
3355 1338 3489 1377 cum
3520 1324 3641 1379 fra-

1986 1402 2175 1458 tribus
2206 1403 2499 1458 Herodoto
2534 1409 2593 1458 et
2632 1404 2905 1461 Damaste
2950 1408 3111 1465 vixit.
3159 1411 3404 1466 Praefuit
3432 1417 3491 1466 et
3518 1414 3638 1467 Ab-

1986 1491 2310 1548 deritarum
2332 1493 2504 1564 reip.,
2537 1494 2637 1564 qui
2658 1494 2849 1550 honor
2877 1503 3121 1569 propter
3142 1501 3495 1571 sapientiam
3518 1503 3630 1573 ipsi

1985 1582 2364 1639 habitusfuit.
2386 1584 2719 1655 Discipulus
2732 1586 2862 1657 ejus
2876 1587 3128 1644 illustris
3141 1589 3255 1644 fuit
3271 1591 3639 1648 Metrodorus

1984 1672 2183 1740 Chius,
2204 1673 2647 1744 cujusvicissim
2670 1675 2971 1731 auditores
2990 1677 3234 1734 fuerunt
3253 1682 3637 1737 Anaxarchus

1984 1769 2043 1816 et
2062 1762 2447 1833 Hippocrates
2469 1763 2758 1819 medicus.
2784 1765 2945 1820 Idem
2965 1770 3413 1839 cognominatus
3439 1768 3634 1845 Σοφία,

210 1866 423 1939 gessit.
454 1866 687 1939 [Suidas
718 1867 892 1939 plura
934 1849 1281 1937 iniduobus,
1315 1875 1381 1925 ut
1409 1869 1492 1924 ita
1520 1868 1733 1937 dicam,
1767 1886 1863 1925 ar-

1981 1854 2276 1921 sapientia,
2305 1857 2364 1906 et
2395 1849 2680 1913 Γελασῖνος
2703 1856 2866 1922 risor,
2898 1856 3057 1925 quod
3089 1858 3294 1914 inania
3324 1860 3635 1915 hominum

210 1956 421 2011 ticulis
450 1955 520 2011 de
557 1956 830 2011 Demadis
862 1963 1067 2013 narrat
1097 1958 1330 2030 scriptis
1362 1964 1418 2014 et
1462 1959 1642 2014 trium
1670 1975 1871 2031 perse-

216 2048 426 2117 quitur
458 2046 786 2101 Demadum
827 2047 1157 2102 historiam.
1183 2046 1201 2121 ]

288 2144 600 2212 Demades,
646 2144 947 2213 Laciades,
998 2145 1381 2201 Atheniensis
1431 2149 1652 2213 orator,
1698 2150 1874 2202 natus

216 2248 289 2287 ex
321 2232 570 2287 tibicina
602 2236 660 2287 et
689 2249 722 2287 a
754 2233 1059 2305 superiore
1092 2234 1369 2301 Demade,
1396 2234 1739 2307 demagogo,
1772 2235 1872 2290 ad-

214 2325 475 2392 optatus,
508 2326 677 2392 pater
708 2322 962 2390 Demea),
995 2323 1267 2390 oratoris,
1294 2323 1472 2394 periit
1493 2324 1555 2377 in
1588 2324 1721 2379 lacu
1743 2326 1876 2379 Am-

204 2410 603 2482 phipolitano,
639 2412 701 2466 in
738 2427 916 2482 quem
950 2410 1023 2466 ab
1055 2412 1385 2483 Antipatro,
1421 2412 1738 2467 Cassandri
1763 2430 1868 2484 pa-

207 2503 296 2552 tre
331 2503 390 2551 et
417 2497 739 2553 Alexandri
774 2513 1139 2565 successore,
1174 2499 1480 2571 conjectus
1514 2500 1643 2554 fuit.
1679 2499 1867 2571 [Conf.

211 2604 412 2659 supra,
448 2587 564 2642 vol.
602 2588 673 2655 ll,
707 2603 836 2660 pag.
863 2589 965 2641 868
998 2606 1127 2660 sqq.
1158 2588 1177 2661 ]

283 2692 637 2760 Demetrius,
672 2692 1047 2747 Phanostrati
1080 2693 1164 2761 F.,
1204 2692 1489 2748 Phalerus
1513 2694 1564 2763 (e
1596 2692 1868 2764 Phalero,

212 2786 386 2854 portu
417 2781 644 2849 Attica),
672 2781 774 2852 qui
805 2786 943 2836 ante
975 2781 1259 2853 Phanus),
1292 2782 1685 2854 philosophus
1708 2783 1870 2839 Peri-

212 2868 528 2941 pateticus,
548 2870 645 2939 qui
669 2868 1102 2942 philosophica,
1124 2870 1748 2939 historica,rhetorica,
1772 2888 1871 2942 po-

213 2959 395 3025 litica,
417 2958 676 3030 itemque
697 2959 769 3014 de
794 2959 983 3030 poetis
1000 2960 1256 3032 scripsit.
1280 2961 1750 3033 TheOphrastum
1772 2977 1872 3017 au-

213 3049 355 3104 divit
383 3052 441 3103 et
471 3052 672 3103 orator
728 3048 1033 3121 popularis
1083 3050 1331 3104 Athenis
1361 3049 1492 3105 fuit.
1528 3051 1611 3106 0b
1661 3050 1868 3105 formai

213 3138 565 3211 elegantiam
598 3138 659 3193 in
690 3138 1095 3193 adolescentia
1124 3138 1316 3195 dictus
1345 3141 1623 3213 Lampeto
1646 3141 1865 3195 etCha-

212 3227 670 3299 ritoblepharus,
704 3232 763 3281 et
792 3227 865 3282 ob
897 3243 1129 3283 amores
1170 3228 1405 3284 Cleonis
1466 3229 1619 3284 male
1652 3229 1859 3285 audiit.
1901 3245 1944 3313 α

215 3315 299 3369 Ad
333 3332 605 3388 magnam
638 3321 846 3387 postea
874 3317 1203 3388 potentiam
1235 3317 1605 3388 gloriamque
1625 3334 1860 3389 provec-

213 3409 335 3460 tum
352 3405 532 3460 invidi
557 3405 784 3461 artibus
812 3411 871 3461 et
893 3405 1043 3461 dolis
1067 3406 1191 3461 suis
1213 3406 1592 3461 subruerunt.
1618 3407 1867 3461 Athenis

215 3494 389 3566 igitur
417 3494 623 3566 pulsus
674 3496 736 3550 in
784 3498 1095 3568 Egyptum
1126 3495 1286 3550 venit
1343 3499 1401 3549 et
1453 3494 1610 3566 apud
1668 3495 1863 3550 Ptole-

215 3600 428 3639 nimum
458 3584 719 3639 Soterem
758 3582 997 3656 degens,
1032 3599 1235 3639 morsu
1264 3583 1489 3655 aspidis
1520 3585 1697 3656 periit
1728 3590 1785 3639 et
1806 3584 1866 3640 in

212 3673 559 3744 praifectura
590 3672 908 3727 Busiritide
941 3688 1124 3744 prope
1157 3672 1487 3745 Diospolin,
1538 3674 1600 3729 in
1636 3674 1865 3746 paludi-

222 3762 326 3817 bus
359 3762 554 3833 sitam,
590 3762 858 3833 sepultus
881 3766 988 3815 est.

287 3863 617 3918 Demetrius
652 3907 667 3932 ,
727 3866 1118 3934 cognomento
1182 3861 1387 3931 Ixion,
1446 3864 1868 3935 grammaticus

224 3951 697 4023 Adramyttenus,
723 3951 973 4023 Augusti
1006 3950 1373 4022 temporibus
1404 3952 1671 4023 Pergami
1702 3952 1864 4021 vixit,

221 4040 568 4113 scripsitque
592 4041 657 4095 de
680 4040 853 4095 verbis
884 4041 940 4093 in
975 4059 1059 4110 μι,
1084 4038 1206 4112 περὶ
1241 4037 1617 4111 ἀντωνυμιῶν,
1648 4041 1713 4095 de
1733 4057 1864 4111 pro-

218 4130 536 4185 nominibus.
572 4132 637 4184 In
670 4132 962 4184 Homerum
996 4129 1497 4185 commentarium
1526 4135 1583 4185 et
1609 4132 1663 4184 in
1683 4132 1869 4186 Hesio-

213 4220 355 4276 dum.
389 4220 555 4274 Ixion
585 4219 778 4274 dictus
810 4223 919 4287 est,
976 4218 1136 4289 quod
1169 4218 1576 4289 deprehensus
1609 4225 1767 4275 esset
1806 4221 1866 4275 in

214 4309 382 4377 furto,
413 4325 624 4365 aureas
657 4309 928 4364 bracteas
972 4307 1275 4363 simulacri
1312 4308 1561 4364 lunonis
1612 4309 1869 4365 Alexan-

216 4399 391 4454 drinae
420 4398 725 4471 subripere
752 4398 1031 4465 conatus;
1058 4397 1168 4467 vel,
1191 4398 1349 4469 quod
1375 4398 1704 4470 Euripedeo
1730 4400 1867 4454 Phi-

216 4490 409 4546 lotimo
450 4491 737 4556 Ixionem,
798 4489 1086 4558 fabulam,
1143 4488 1509 4557 abstulisset,
1560 4489 1671 4559 vel,
1706 4489 1864 4561 quod

1981 1940 2178 1995 studia
2204 1940 2399 1996 ridere
2431 1941 2669 1996 soleret.
2704 1942 2954 1999 Genuini
2982 1946 3111 2016 ejus
3143 1946 3281 2001 libri
3316 1953 3456 2003 sunt
3493 1949 3636 2016 duo,

1982 2028 2147 2104 μέγας
2181 2026 2502 2100 διάκοσμος,
2532 2047 2765 2100 magnus
2815 2032 3142 2102 diacosmus,
3178 2041 3236 2089 et
3272 2034 3397 2107 περί
3425 2036 3634 2111 φύσεως

1978 2118 2211 2190 κόσμου,
2243 2119 2310 2173 de
2336 2125 2508 2174 natur
2555 2120 2769 2175 mundi.
2833 2121 3078 2193 Scripsit
3133 2125 3311 2179 etiam
3340 2126 3635 2195 Epistolas.

1978 2208 2242 2263 Athenas
2262 2225 2382 2264 non
2403 2207 2568 2272 adiit,
2594 2215 2704 2264 etc.
2725 2227 2752 2264 e
2772 2212 3010 2266 Laertia.
3036 2213 3202 2267 Morti
3226 2214 3453 2269 vicinus
3476 2214 3636 2269 circa

1976 2298 2579 2369 Thesmophoriorum
2610 2298 2851 2367 festum,
2882 2317 2956 2356 ne
3009 2318 3077 2357 ea
3129 2302 3292 2358 luctu
3323 2304 3433 2360 hoc
3466 2320 3633 2359 soror

1979 2387 2107 2457 ejus
2131 2386 2433 2442 celebrare
2464 2388 2899 2459 prohiberetur,
2929 2391 3182 2462 panibus
3205 2394 3535 2451 calentibus
3558 2395 3631 2449 ad

1977 2492 2153 2532 nares
2183 2477 2439 2532 admotis
2469 2477 2646 2533 vitam
2668 2478 2740 2533 ad
2772 2478 3013 2548 festum,
3043 2497 3233 2554 usque
3259 2484 3556 2557 produxit.

2048 2567 2436 2634 Demodocus,
2460 2574 2688 2623 cantor.

2048 2656 2454 2728 Demophilus,
2480 2658 2792 2730 episcopus
2814 2660 2983 2716 CPol.
3032 2662 3223 2733 rapidi
3248 2663 3494 2735 vagique
3514 2669 3631 2718 tor-

1975 2745 2163 2800 rentis
2194 2745 2386 2801 instar
2414 2745 2739 2817 plurimum
2785 2747 2894 2802 luti
2926 2754 2985 2803 et
3015 2750 3279 2806 sordium
3310 2751 3371 2805 in
3404 2767 3628 2807 sermo-

1974 2834 2152 2891 nibus
2183 2836 2307 2891 suis
2337 2836 2575 2906 vehens,
2616 2842 2755 2904 etc.,
2787 2854 2815 2892 e
2850 2839 3237 2910 Philostorgio.

2048 2926 2496 2996 Demosthenes,
2515 2927 2918 2997 Atheniensis,
2936 2931 3376 2999 Demosthenis,
3409 2932 3631 3003 gladio—

1974 3030 2108 3069 rum
2124 3014 2295 3084 fabri,
2309 3014 2674 3071 etCleobulaa
2687 3018 2772 3084 F.,
2787 3023 3004 3086 orator,
3028 3020 3247 3091 populo
3264 3023 3537 3077 Paaanien
3548 3023 3629 3078 sis

1974 3104 2075 3174 qui
2101 3104 2328 3176 majore
2370 3105 2677 3176 diligentia
2706 3111 2765 3160 et
2796 3106 3014 3173 studio,
3040 3125 3217 3179 quam
3252 3111 3473 3181 ingenii
3496 3112 3631 3166 feli-

1975 3193 2151 3248 citate
2182 3193 2465 3264 praeditus
2488 3193 2615 3259 fuit,
2650 3199 2715 3248 ut
2743 3200 2950 3249 auctor
2981 3203 3072 3251 est
3102 3199 3477 3269 Hermippus,
3511 3206 3623 3256 etc.

1973 3281 2140 3353 (Vide
2173 3299 2351 3353 supra
2380 3282 2657 3350 Batalus.)
2690 3282 2778 3337 Ad
2811 3284 3073 3339 studium
3118 3286 3475 3357 eloquentia)
3498 3289 3630 3342 ani~-

1968 3385 2127 3424 mum
2145 3370 2546 3441 appulit,cum
2588 3371 3013 3440 Callistratum,
3036 3391 3140 3444 pro
3169 3376 3400 3446 Or0piis
3419 3376 3627 3431 dicen-

1967 3465 2109 3527 tem,
2133 3461 2396 3515 vidisset.
2428 3461 2659 3516 Audivit
2679 3464 2913 3529 Isaeum,
2939 3465 3214 3520 Isocratis
3238 3465 3619 3537 discipulum,

1968 3566 2229 3620 ususque
2271 3555 2361 3605 est
2407 3551 2785 3605 orationibus
2817 3553 2982 3621 Zoili,
3031 3555 3473 3626 Amphipolites,
3520 3558 3623 3626 qui

1968 3639 2215 3694 Athenis
2246 3639 2651 3709 eloquentiam
2682 3641 2901 3707 docuit,
2936 3643 3197 3715 itemque
3224 3645 3549 3717 Polycratis
3567 3651 3627 3701 et

1969 3725 2399 3782 Alcidamantis
2422 3728 2670 3801 (Gorgia:
2693 3729 3015 3802 discipuli),
3037 3736 3096 3786 et
3117 3732 3303 3803 ipsius
3326 3732 3625 3789 Isocratis.

1967 3814 2035 3869 In
2066 3814 2419 3885 eloquentiae
2453 3817 2649 3871 studio
2675 3818 2867 3873 socios
2897 3818 3105 3874 habuit
3124 3820 3421 3876 Esionem
3450 3823 3627 3877 Athe-

1967 3904 2239 3960 niensem
2259 3906 2775 3979 etThe0pompum
2791 3908 3000 3964 Chium
3018 3910 3461 3983 philosophum.
3479 3915 3628 3967 Prae-

1970 3996 2133 4049 terea
2152 3995 2378 4051 audivit
2399 3995 2754 4052 Eubulidem
2780 3998 3184 4067 dialecticum,
3216 4006 3274 4055 et
3293 4002 3623 4058 Platonem.

1967 4084 2234 4139 Decessit
2262 4086 2325 4139 in
2356 4085 2647 4151 Calabria,
2671 4104 2787 4156 quo
2803 4104 2924 4157 prie
2940 4094 3102 4143 metu
3128 4091 3440 4160 Antipatri,
3467 4092 3623 4161 regis

1966 4172 2341 4237 Macedoniae,
2361 4173 2611 4245 fugerat,
2632 4190 2766 4229 cum
2785 4191 2890 4245 per
2916 4177 3216 4244 Archiam,
3242 4178 3620 4245 histrionem,

1964 4261 2016 4314 vi
2049 4260 2487 4316 abstrahendus
2519 4269 2694 4329 esset,
2730 4263 2942 4318 hausto
2974 4264 3034 4318 in
3068 4265 3192 4319 sede
3234 4267 3488 4337 Neptuni
3514 4284 3619 4321 ve-

1965 4364 2143 4416 neno,
2176 4350 2334 4419 quod
2354 4350 2415 4405 in
2434 4351 2657 4406 annulo
2680 4351 3159 4419 circumferebat,
3184 4358 3498 4425 postquam
3534 4354 3619 4408 vi-

1963 4438 2148 4493 xisset
2177 4454 2368 4494 annos
2400 4440 2562 4507 LXII,
2596 4445 2711 4495 etc.
2761 4443 3008 4507 Mortuo,
3043 4447 3236 4497 statua
3262 4443 3527 4510 EAthenis
3556 4444 3618 4499 in

1963 4526 2092 4582 foro
2122 4529 2315 4600 posita
2338 4535 2446 4595 est,
2472 4529 2564 4583 his
2596 4530 2787 4585 verbis
2810 4529 2935 4585 basi
2971 4531 3275 4601 inscriptis
3303 4549 3315 4585 :
3367 4533 3428 4588 Si
3453 4549 3614 4602 pares

456 4580 465 4590 .
902 4579 912 4589 .
1376 4579 1386 4589 .
1571 4580 1581 4590 .
2067 4579 2082 4582 -
2124 4579 2314 4600 ςτη--π
2345 4579 2446 4595 ην,
2472 4579 2560 4583 --τ
2607 4579 2784 4585 τ-----
2810 4579 2935 4585 -———
2971 4579 3314 4601 -η---τ----
3367 4579 3426 4588 ν-
3453 4579 3540 4602 ι-η-
3563 4579 3612 4587 ν-

214 4579 1064 4691 ξξξξτῗιῧξξῗξωξθξᾞίξῗῗεῗξῗίῖν
1112 4580 1537 4691 ίξῗῗίῗῗὲδῗῗίξ
1551 4586 1854 4691 ΑἚΞἛΨῨ
1886 4615 1932 4680 D
1964 4619 2147 4672 animo
2176 4619 2339 4686 vires,
2388 4618 2786 4685 Demosthenes,
2819 4619 3113 4687 habuisses,
3172 4638 3472 4691 numquam
3492 4625 3619 4676 Μα-

212 4670 363 4724 velut
386 4670 551 4724 Ixion
581 4667 862 4724 adversus
912 4667 1076 4735 deos,
1109 4668 1209 4740 qui
1243 4685 1377 4724 eum
1424 4668 1733 4726 beneﬁciis
1759 4670 1846 4725 af-

213 4757 487 4813 fecerant.

289 4853 659 4922 Democedes,
681 4852 1092 4925 Calliphontis,
1116 4853 1218 4924 qui
1238 4854 1406 4910 Cnidi
1428 4854 1741 4927 [Esculapii
1767 4873 1853 4912 sa-

213 4945 407 5001 cerdos
436 4945 566 5012 fuit,
603 4944 782 5011 filius,
824 4943 1213 5013 Crotoniates,
1244 4946 1462 5018 Eginae
1504 4952 1693 5002 artem
1725 4964 1853 5003 me-

212 5032 392 5089 dicam
426 5032 691 5090 exercuit
720 5037 779 5088 et
807 5048 1051 5088 uxorem
1100 5033 1286 5089 duxit.
1338 5034 1708 5107 Polycratem
1760 5040 1848 5108 ty-

209 5142 474 5193 rannum,
499 5130 671 5197 pacta
690 5124 964 5181 mercede
995 5124 1249 5181 duorum
1272 5126 1654 5198 talentorum,
1678 5143 1851 5183 cura-

210 5216 300 5271 vit.
332 5217 562 5271 Curavit
593 5216 772 5271 etiam
804 5214 1048 5270 Darium
1098 5216 1346 5287 ejusque
1386 5232 1654 5284 uxorem,
1676 5218 1850 5272 Atos-

216 5322 351 5372 sam,
384 5323 490 5377 per
513 5321 692 5377 quam
723 5303 1078 5375 impetravit,
1112 5308 1177 5359 ut
1205 5304 1268 5359 in
1323 5305 1606 5361 Grmciam
1657 5305 1849 5362 redire

210 5396 309 5468 sibi
333 5395 560 5463 liceret,
592 5399 704 5449 etc.
738 5395 850 5468 (15a:
878 5392 1195 5465 Herodoto.)
1220 5393 1468 5465 Scripsit
1489 5391 1726 5466 ἰατρικὸν
1764 5394 1850 5468 βι-

218 5462 381 5535 ϐλίον,
412 5462 630 5522 librum
662 5462 981 5520 medicum.

288 5564 693 5629 Demochares,
722 5560 1131 5617 Demosthenis
1155 5576 1223 5614 ex
1254 5576 1456 5615 sorore
1480 5578 1683 5632 nepos,
1707 5581 1851 5635 prte-

216 5661 339 5710 tura
358 5660 413 5709 et
434 5652 664 5708 caeteris
678 5649 1003 5706 honoribus
1020 5654 1264 5704 ornatus
1278 5649 1350 5704 ab
1368 5650 1850 5721 Atheniensibus,

213 5748 346 5804 teste
374 5743 618 5817 Polybio
646 5759 660 5811 ;
684 5742 1148 5805 Timmustamen
1168 5754 1314 5797 cum
1330 5743 1623 5813 tanquam
1640 5742 1850 5799 libidi-

1959 4707 2181 4763 cedones
2219 4710 2387 4763 armis
2416 4709 2681 4766 Greciam
2711 4709 3132 4778 subjungassent

1959 4882 2131 4977 Εῗτξεέ
2163 4880 2302 4977 ἵετορηξκ
2323 4882 2783 4977 γνώιὲῃ,ν
2801 4887 3166 4977 Δηῃιξοσθενὶεις,
3200 4906 3367 4977 εικχες,

2036 4952 2238 5011 Οὕτω-ε’
2272 4952 2332 5009 liv
2362 4952 2652 5026 Ἐλλήῦων
2673 4952 2842 5026 ⁷ἦρξεν
2865 4952 3044 5032 νἋρης
3076 4952 3364 5015 Μᾷκεδῶνζ

2032 5118 2480 5185 Demosthenes,
2514 5117 2735 5187 Mhrax,
2769 5118 3008 5191 scripsit
3034 5122 3428 5192 metaphrasim
3475 5125 3615 5180 Ilia-

1959 5206 2045 5263 dis
2084 5208 2353 5263 oratione
2387 5207 2597 5262 soluta.
2633 5208 2923 5277 Epitomen
2956 5210 3269 5280 Damageti,
3306 5215 3607 5269 Heracleo-

1961 5304 2047 5352 ιω.
2073 5299 2147 5352 De
2165 5299 2346 5369 poetis
2375 5296 2810 5367 dithyrambicis.
2844 5299 3241 5369 Metaphrasim
3278 5302 3614 5373 Theogonia:

1958 5386 2262 5443 Hesiodea.

2033 5473 2220 5547 Δέρας,
2255 5492 2502 5532 aureum
2520 5474 2705 5531 vellus
2726 5476 2883 5546 quod
2905 5478 3081 5533 Iason
3100 5496 3233 5535 cum
3260 5481 3613 5552 Argonautis

1960 5565 2021 5620 in
2052 5566 2390 5621 Colchidem
2415 5583 2521 5637 per
2550 5565 2859 5619 Ponticum
2892 5584 3053 5621 mare
3078 5570 3394 5640 profectus,
3430 5568 3604 5638 cepit,

1961 5655 2214 5712 abducta
2243 5655 2421 5710 simul
2463 5655 2685 5723 Medea,
2717 5655 2916 5722 Aﬂetae,
2950 5658 3123 5728 regis,
3158 5658 3301 5724 ﬁlia,
3338 5674 3458 5711 non
3498 5658 3615 5712 fuit

1963 5744 2172 5816 vellus,
2205 5750 2271 5799 ut
2298 5744 2514 5801 fabulae
2544 5744 2763 5811 ferunt,
2798 5745 2900 5800 sed
2937 5739 3151 5817 βιϐλίον
3181 5744 3232 5799 ἐν
3263 5742 3491 5819 δέρμασι
3522 5765 3609 5823 γε·
