4070 6196
423 337 576 398 1247

1725 327 1963 391 INDEX
2013 327 2515 392 SCRIPTORUM

3675 330 3834 390 ηδε

415 470 757 545 γραμμὲνον,
788 469 942 524 liber
970 468 1081 538 (60)
1127 467 1190 522 in
1235 464 1600 522 membranis
1644 465 1918 535 scriptus,
1952 461 2056 515 do-
2088 461 2140 528 Α
2173 460 2325 516 libris
2349 465 2450 517 III.
2483 465 2612 517 Rem
2642 462 3065 533 Spartanorum.
3101 463 3204 518 Hic
3232 461 3384 518 liber
3408 467 3473 516 ut
3503 466 3835 534 quotannis

418 578 580 629 cens,
616 559 913 632 quomodo
946 564 1070 613 arte
1098 557 1366 613 chemica
1395 555 1832 611 conﬁciendum
1861 553 1938 607 sit
1956 568 2062 606 au-

419 668 574 710 rum.
609 652 811 705 Merito
843 651 1023 722 igitur
1061 649 1240 720 prisci
1291 647 1509 701 librum
1568 645 1737 700 illum
1782 646 2066 699 vocarunt

419 756 668 796 aureum
699 739 908 806 vellus,
953 743 1196 810 propter
1223 743 1413 792 artem
1455 733 1813 790 conﬁciendi
1831 733 1972 789 auri
2001 733 2064 789 in

420 847 489 886 eo
520 829 1032 900 comprehensam.

493 919 852 985 Dexicrates,
891 917 1174 986 comicus,
1216 914 1616 981 Atheniensis,
1649 913 1819 984 cujus
1864 911 2067 967 fabula

419 1006 507 1082 ὐφ’
533 1007 734 1060 ἑαυτῶν
767 1003 1144 1077 πλανώμενοι,
1188 1022 1242 1061 se
1270 1008 1413 1075 ipsos
1458 1005 1802 1073 decipientes,
1839 1018 2064 1056 memo-

417 1103 584 1152 ratur
613 1096 685 1152 ab
714 1097 998 1152 Athean
1029 1095 1133 1151 lib.
1166 1113 1246 1150 ιιι.

492 1183 696 1253 Δεξιος,
726 1181 814 1237 καὶ
847 1181 999 1260 φύσει
1041 1179 1388 1256 Θηραμένης.
1438 1182 1854 1249 Theramenes,
1887 1180 2063 1234 homo

421 1275 768 1330 inconstans
799 1280 858 1328 et
907 1273 1157 1344 tempori
1212 1290 1272 1328 se
1327 1269 1740 1340 accomodans,
1785 1269 2066 1341 magister

421 1365 712 1430 Isocratis,
748 1363 904 1418 ﬁlius
939 1363 1224 1435 Agnonis,
1257 1360 1477 1432 populo
1508 1359 1823 1414 Steriensis
1845 1359 1861 1429 (
1887 1374 2067 1429 supra

420 1451 483 1506 in
539 1453 889 1522 Cothurnus).
945 1454 1090 1506 Eum
1146 1451 1324 1506 trium
1373 1451 1586 1504 horum
1636 1448 2064 1520 suppliciorum

416 1542 588 1597 aiunt
635 1547 939 1596 auctorem
987 1540 1280 1612 (Athenis)
1329 1539 1532 1606 fuisse,
1579 1542 1645 1592 ut
1680 1537 1946 1592 damnati
1974 1535 2064 1591 vel

415 1630 667 1686 vinculis
689 1631 900 1702 ligneis
920 1623 1486 1702 constringerentur,
1505 1628 1595 1683 vel
1616 1629 1869 1683 cicutam
1893 1627 2064 1682 bibe-

419 1726 572 1790 rent,
603 1721 694 1776 vel
725 1721 932 1775 exsilio
955 1721 1369 1777 multarentur.
1401 1720 1643 1775 Videtur
1663 1724 1860 1774 autem
1893 1719 2065 1774 exin-

2174 551 2234 605 in
2266 552 2634 623 Ephororum
2667 552 2944 624 praetorio
2975 551 3300 623 puberibus
3342 553 3826 610 auscultantibus

2171 639 2484 712 legeretur,
2521 641 2645 714 lege
2677 641 2970 696 sancitum
3001 641 3113 696 fuit
3136 642 3290 712 apud
3325 642 3830 714 Lacedaemonios,

2174 735 2234 785 et
2263 730 2438 804 longo
2472 737 2734 804 tempore
2762 732 3158 787 observatum.

2245 820 2640 886 Dicmarchus,
2687 821 3191 889 Lacedaemonius,
3240 823 3695 894 grammaticus,
3731 839 3835 879 au-

2174 908 2330 964 ditor
2359 911 2705 966 Aristarchi.

2246 1000 2648 1074 Dicaeogenes,
2681 1002 2780 1073 qui
2815 1002 3124 1072 tragoedias
3155 1006 3215 1056 et
3242 1001 3656 1073 dithyrambos
3686 1005 3835 1059 scri-

2172 1088 2310 1159 psit.

2244 1176 2558 1246 Δικάζεσθαι
2590 1176 2816 1243 Βίαντος
2854 1182 2950 1234 τοῦ
2983 1180 3263 1253 Πριηνέως
3313 1181 3601 1254 κρείσσων.
3640 1184 3831 1256 Supra

2173 1265 2235 1320 in
2266 1269 2414 1323 Bias.

2243 1356 2462 1428 Dictys,
2511 1358 2850 1424 historicus,
2912 1359 3150 1431 scripsit
3203 1360 3649 1430 Ephemeridam,
3685 1363 3830 1418 item

2171 1462 2377 1515 rerum,
2403 1456 2532 1518 post
2564 1448 2625 1503 id
2671 1455 2878 1518 tempus
2933 1456 3232 1519 gestarum,
3282 1451 3341 1504 in
3393 1467 3501 1520 quo
3553 1454 3830 1506 Homerus

2173 1535 2396 1603 desinit,
2427 1536 2594 1593 libros
2648 1539 2725 1592 IX
2752 1538 3019 1594 oratione
3072 1554 3265 1610 prosa.
3316 1541 3414 1594 Res
3459 1540 3710 1596 Italicas.
3746 1540 3828 1595 Ad

2172 1625 2299 1680 hinc
2327 1625 2571 1700 Τρωϊκὸν
2602 1622 2920 1698 διάκοσμον,
2970 1629 3036 1682 de
3089 1635 3256 1699 raptu
3285 1629 3526 1699 [Helenae
3555 1637 3608 1684 et
3641 1633 3828 1685 Mene-

2174 1716 2261 1770 lao
2283 1717 2592 1772 etomnibus
2613 1717 2855 1772 historiae
2884 1719 3138 1787 Trojanz
3152 1719 3428 1788 partibus.
3455 1719 3628 1773 Creta
3653 1725 3824 1774 terra

416 1810 549 1865 sula
583 1811 696 1864 Ceo
729 1810 1033 1875 oriundus,
1069 1827 1179 1865 nec
1228 1810 1492 1882 Agnonis
1540 1809 1699 1863 ﬁlius
1745 1808 2057 1875 naturalis,
2090 1838 2137 1902 Β
2175 1811 2338 1860 motu
2362 1811 2640 1876 quassata
2678 1811 2942 1878 tempore
2985 1806 3208 1862 Claudii
3273 1807 3438 1879 imp.,
3469 1808 3529 1861 in
3564 1809 3824 1880 sepulcri

413 1899 518 1954 sed
547 1900 857 1970 adoptivus
887 1900 1091 1955 fuisse.
1119 1901 1285 1954 Hunc
1305 1898 1660 1954 Thucidides
1691 1899 1913 1954 laudat.

483 1989 800 2060 Dexippus,
851 1989 1204 2044 Herennius.
1239 1989 1480 2060 Dexippi
1513 1991 1595 2053 F.,
1653 1988 2054 2056 Atheniensis,

409 2078 614 2132 rethor
645 2077 1012 2149 temporibus
1055 2078 1371 2144 Valeriani,
1424 2077 1672 2146 Galleni,
1705 2076 1933 2132 Claudii
1965 2093 2056 2131 se-

411 2167 590 2222 cundi
627 2173 685 2222 et
714 2167 1040 2232 Aureliani,
1073 2167 1499 2238 imperatorum
1531 2169 1953 2222 Romanorum.
1988 2167 2050 2223 V.

407 2257 638 2311 Kusteri
667 2261 787 2311 not.
823 2259 875 2323 7,
909 2261 1048 2310 tom.
1083 2257 1126 2323 Ι,
1159 2273 1216 2327 p.
1250 2258 1374 2310 524.

479 2347 558 2401 De
569 2346 796 2416 xippus,
813 2346 986 2412 Cous,
1002 2345 1288 2411 medicus,
1316 2345 1686 2416 Hippocratis
1699 2344 2050 2416 discipulus,

409 2434 530 2506 qui,
564 2435 884 2490 arcessitus
909 2434 982 2489 ab
1015 2436 1400 2498 Hecatomno,
1433 2435 1646 2489 Carum
1676 2450 1834 2506 rege,
1866 2440 1932 2489 ut
1962 2437 2054 2506 ip-

407 2523 530 2578 sius
589 2523 765 2587 fllios,
818 2523 1142 2578 Mausolum
1199 2529 1257 2577 et
1303 2523 1680 2589 Pixodarum,
1740 2524 2050 2595 desperato

408 2612 616 2668 morbo
647 2613 1009 2682 laborantes,
1041 2617 1296 2678 curaret,
1328 2629 1428 2667 eos
1460 2629 1530 2668 ea
1579 2612 1920 2668 conditione
1955 2630 2048 2669 sa-

404 2702 582 2771 navit,
617 2707 682 2756 ut
711 2701 956 2769 bellum,
981 2701 1136 2772 quod
1165 2707 1302 2756 tunc
1323 2700 1600 2756 adversus
1625 2703 1773 2757 Coos
1805 2701 2052 2773 parabat

405 2791 723 2846 omitteret.
760 2791 1005 2862 Scripsit
1037 2792 1110 2846 De
1138 2807 1197 2845 re
1225 2791 1438 2846 medica
1493 2790 1712 2845 librum
1741 2807 1949 2862 unum,
1990 2797 2050 2847 et

403 2881 478 2934 De
501 2881 1030 2950 praecognitionibus
1060 2879 1227 2935 duos.

471 2967 805 3043 Διαγνώμων
837 2967 1134 3042 αὐτοφυὴς,
1167 2969 1294 3040 ipso
1327 2973 1554 3024 natura)
1602 2969 1890 3025 instinctu
1921 2969 2045 3026 dis-

401 3074 647 3113 cernere
679 3057 880 3113 valens
907 3058 1169 3113 animata
1199 3057 1518 3113 simulacra
1559 3075 1594 3113 a
1619 3059 1805 3114 cassis
1836 3064 1895 3114 et
1922 3076 2043 3115 nu-

2166 1894 2476 1963 cujusdam
2508 1895 2673 1950 hiatu
2705 1911 2851 1966 Opus
2896 1895 3246 1950 historicum
3279 1896 3496 1966 Dictyis
3535 1896 3608 1951 de
3668 1897 3822 1952 bello

2165 1981 2414 2053 Trojano
2455 1989 2754 2053 repertum
2785 1981 2914 2049 fuit,
2948 1981 3106 2053 quod
3137 1981 3417 2036 Claudius
3480 1999 3614 2037 cum
3653 1999 3821 2038 acce-

2162 2069 2369 2141 pisset,
2414 2069 2869 2125 describendum
2895 2070 3138 2125 curavit.
3174 2069 3372 2142 [Conf.
3421 2071 3664 2124 Kusteri
3698 2077 3819 2126 not.

2161 2157 2214 2227 4,
2248 2175 2377 2231 pag.
2412 2160 2584 2229 590.]

2233 2243 2599 2306 Διδάσκαλους
2629 2247 3009 2319 peculiariter
3029 2252 3237 2302 vocant
3258 2252 3462 2318 poetas
3486 2247 3815 2321 dithyram-

2158 2333 2325 2392 bicos
2353 2336 2442 2391 vel
2475 2337 2734 2392 comicos
2766 2337 2856 2392 vel
2888 2336 3162 2408 tragicos.

2231 2425 2534 2496 Dydimus,
2566 2426 2770 2480 Ateius
2807 2425 2896 2480 vel
2929 2426 3144 2493 Attius,
3175 2425 3568 2497 philosophus
3600 2425 3815 2481 acade-

2158 2515 2395 2581 micus,
2456 2515 2693 2586 scripsit
2739 2517 2976 2576 πιθανῶν
3036 2514 3128 2567 καὶ
3193 2524 3548 2589 σοφισμάτων
3613 2511 3812 2575 λύσαις.

2150 2603 2526 2672 probabilium
2577 2610 2626 2658 et
2673 2603 3070 2674 sophismatum
3115 2603 3410 2657 solutiones
3461 2603 3617 2656 libris
3647 2603 3724 2670 II,
3757 2607 3812 2656 et

2156 2691 2531 2852 “3312:,
2565 2779 2820 2852 Didymi,
2853 2778 3313 2844 salsamentarii,
3343 2777 3808 2842 Alexandrinus,

2152 2869 2574 2941 grammaticus
2623 2869 3056 2938 Aristarcheus,
3107 2868 3208 2940 qui
3239 2868 3382 2921 vixit
3439 2867 3808 2940 temporibus

2152 2958 2394 3013 Antonii
2428 2963 2486 3012 et
2513 2958 2812 3012 Ciceronis
2841 2974 3032 3029 usque
3063 2956 3136 3012 ad
3163 2959 3513 3029 Augustum.
3548 2957 3809 3012 Chalcen-

2153 3047 2340 3103 therus
2369 3052 2605 3103 vocatus
2636 3052 2878 3119 propter
2918 3046 3350 3114 assiduitatem,
3394 3062 3511 3116 qua
3542 3047 3605 3100 in
3638 3045 3806 3100 libris

398 3148 560 3203 mine
599 3148 900 3216 inanibus,
950 3149 1238 3203 Heraiscus
1273 3187 1289 3204 .
1347 3147 1562 3203 Confer
1612 3148 1674 3202 in
1727 3147 2042 3225 Ἐπιφάνιος

2184 3137 2421 3210 egendis
2453 3142 2511 3191 et
2533 3136 2884 3209 {scribendis
2915 3141 3000 3191 est
3031 3152 3196 3192 usus.
3240 3136 3423 3190 Aiunt
3453 3135 3636 3200 enim,
3672 3152 3806 3190 eum

2184 3227 2307 3250 .15....
2347 3225 2553 3250 unrun
2587 3225 2766 3250 ηιμ.--
2803 3224 3223 3250 -.ι-ιμη-Ξκηεηηλ
3280 3223 3686 3250 ρΑ-ιεικΑ-Α-ΔΑ
3725 3229 3806 3250 -..ι

396 3234 707 3311 Εὐπρέπιος
735 3233 1025 3307 Ἦραΐσκος
1056 3239 1103 3308 (έ
1131 3238 1457 3308 Damascio).

467 3328 766 3399 Diagoras,
787 3327 1097 3383 Teleclidm
1117 3327 1207 3382 vel
1224 3328 1505 3400 Teleclyti
1530 3329 1611 3394 F.,
1637 3327 1843 3383 Melius
1861 3326 2048 3399 philo-

399 3417 642 3487 50phius
669 3421 727 3470 et
755 3413 1009 3486 ᾀσμάτων
1062 3415 1322 3486 ποιητὴς,
1356 3417 1722 3472 canticorum
1771 3417 2044 3488 scriptor,

396 3522 597 3576 quem,
631 3522 766 3561 cum
814 3522 1014 3561 servus
1063 3513 1239 3573 esset,
1303 3507 1692 3572 Democritus,
1746 3506 2044 3574 Abderita,

398 3596 629 3667 egregio
654 3596 890 3666 ingenio
914 3595 1229 3667 praaditum
1251 3613 1524 3663 cernens,
1550 3597 1754 3651 decem
1780 3597 2046 3652 millibus

399 3684 815 3739 drachmarum
847 3687 992 3739 emit
1023 3691 1081 3738 et
1109 3687 1169 3739 in
1201 3687 1628 3756 discipulorum
1669 3703 1912 3741 suorum
1935 3704 2049 3742 nu-

397 3789 626 3828 merum
670 3773 912 3842 recepit.
951 3773 1052 3826 Hic
1085 3790 1324 3843 operam
1358 3773 1523 3828 dedit
1553 3775 1730 3828 etiam
1761 3775 1924 3846 poesi
1958 3775 2044 3847 ly-

398 3862 558 3929 rica),
590 3861 846 3914 Pindaro
879 3866 938 3914 et
982 3861 1316 3931 Bacchylidi
1358 3862 1626 3933 aequalis,
1670 3869 1735 3918 ut
1765 3864 2047 3935 Menalip-

397 3950 534 4022 pide
565 3951 886 4020 antiquior,
922 3951 1125 4005 iloruit
1155 3952 1386 4024 Olymp.
1424 3954 1707 4008 LXXVIII.
1735 3954 2045 4026 Cognomi-

399 4046 573 4095 natus
597 4045 686 4095 est
715 4041 960 4109 Atheus,
980 4043 1263 4112 quoniam
1287 4043 1347 4098 in
1365 4043 1711 4114 opinionem
1745 4045 2048 4116 negando-

393 4146 528 4186 rum
551 4130 795 4186 deorum
810 4131 1035 4198 incidit,
1051 4147 1120 4186 ex
1134 4149 1249 4203 quo
1263 4133 1512 4188 aemulus
1533 4133 2047 4208 quidampmanem

401 4221 514 4292 ipsi
537 4221 692 4276 furto
743 4220 1086 4290 abstulerat,
1116 4227 1172 4278 et
1211 4223 1502 4294 pejeranti
1521 4240 1640 4279 non
1682 4225 1914 4293 fecisse,
1937 4241 2050 4280 nec

399 4312 587 4366 multo
617 4316 751 4382 post
770 4311 1006 4382 publice
1030 4313 1297 4368 eumdem
1320 4309 1644 4384 proferenti
1666 4315 1868 4369 omnia
1896 4313 2047 4368 bene

406 4406 726 4458 cesserant.
755 4402 872 4456 Hoc
895 4402 1104 4457 dolens
1127 4402 1404 4472 Diagoras
1419 4402 1658 4474 scripsit
1672 4401 1797 4462 τοὺς
1811 4402 2050 4475 ἀποπυρ-

400 4490 648 4564 γίζοντας
680 4487 900 4563 λόγους,
925 4491 1090 4545 velut
1107 4491 1172 4546 de
1203 4493 1345 4546 turri
1371 4493 1778 4562 precipitantes
1801 4491 2042 4559 dixeris,

2115 3223 2128 3250 ‘
2155 3227 2314 3280 ultra
2346 3225 2554 3280 MMMD
2585 3225 2769 3280 libros
2799 3224 3246 3295 conscripsisse.
3280 3223 3692 3294 Comparanda
3721 3229 3810 3278 est

2157 3315 2388 3369 Kusteri
2419 3319 2560 3370 nota
2583 3315 2638 3382 2,
2671 3320 2814 3369 tom.
2849 3315 2916 3384 ιι,
2951 3329 3082 3385 pag.
3113 3314 3239 3369 5⁸74.

2227 3403 2512 3474 Didymus
2564 3404 2791 3476 junior,
2867 3402 3300 3458 Alexandrinus
3357 3403 3804 3474 grammaticus,

2155 3493 2255 3564 qui
2289 3495 2487 3547 Roma:
2535 3490 2926 3566 ἐσοφίστευσεν,
2962 3492 3079 3546 sive
3129 3491 3530 3562 eloquentiam
3583 3491 3804 3546 docuit.

2155 3581 2404 3653 Scripsit
2431 3579 2647 3652 πιθανὰ,
2680 3581 2997 3652 probabilia
3045 3581 3154 3652 (6i)
3187 3587 3246 3636 et
3269 3581 3386 3635 alia
3416 3580 3676 3651 plurima
3701 3597 3805 3635 ea-

2156 3686 2270 3742 que
2301 3671 2544 3741 optima.

2228 3762 2506 3818 Claudius
2550 3762 2853 3833 Didymus,
2905 3761 3347 3834 grammaticus,
3413 3761 3654 3833 scripsit
3681 3761 3806 3834 περῖ

2153 3854 2262 3904 τῶν
2293 3848 2704 3924 ἡμαρτημένων
2762 3849 2906 3924 παρᾶ
2956 3850 3056 3917 τὴν
3117 3847 3414 3923 ἀναλογίαν
3473 3846 3806 3924 Θουκυδίδῃ,

2155 3941 2219 3996 de
2245 3943 2333 4008 iis,
2365 3957 2487 4010 quae
2503 3947 2710 4010 praeter
2748 3939 3062 4008 analogiam
3093 3956 3128 3992 a
3159 3939 3476 4008 Thucydide
3509 3956 3807 4010 perperam

2155 4030 2305 4084 dicta
2335 4036 2480 4084 sunt.
2523 4026 2650 4100 Περὶ
2696 4033 2796 4095 τῆς
2845 4028 2992 4101 παρά
3039 4027 3336 4098 Ῥωμαίοις
3373 4023 3695 4102 ἀναλογίας,
3745 4031 3809 4083 de

2155 4119 2421 4188 analogia
2473 4121 2818 4174 Latinorum.
2876 4119 3168 4188 Epitomen
3209 4117 3559 4172 Heracleonis
3604 4125 3654 4172 et
3693 4121 3812 4173 alia

2156 4209 2427 4280 quaedam.

2230 4301 2539 4372 Didymus,
2566 4297 2889 4353 Heraclida:
2921 4297 3005 4362 F.,
3040 4297 3481 4368 grammaticus,
3515 4297 3614 4367 qui
3648 4297 3810 4368 apud

2158 4391 2450 4445 Neronem
2475 4389 2637 4454 vixit,
2663 4393 2721 4441 et
2740 4403 2986 4459 magnas
3008 4385 3242 4440 divitias
3270 4385 3382 4439 sibi
3413 4389 3808 4457 comparavit,

2160 4482 2220 4533 et
2246 4478 2508 4533 musicus
2538 4476 2705 4532 valde
2737 4476 2987 4548 insignis
3016 4474 3129 4529 fuit
3157 4479 3215 4528 et
3243 4472 3379 4546 πρὸς
3413 4471 3554 4545 μέλη
3586 4477 3663 4529 ad
3687 4493 3810 4531 car-

413 4539 513 4564 ι--ιν
534 4539 541 4542 '
566 4539 646 4550 *ν*
682 4539 738 4542 "‘
762 4539 773 4563 ι
794 4539 806 4542 ⁷
826 4539 900 4556 "1
939 4539 946 4543 ‘
969 4539 1087 4545 ν-“’
1109 4539 1168 4546 ’⁷⁷
1203 4539 1273 4546 '"'
1296 4539 1305 4545 '
1328 4539 1342 4544 ‘
1371 4539 1423 4561 Γ·
1442 4539 1775 4562 ""t"""‘"'
1805 4539 2042 4559 '“""""7
2858 4539 2887 4548 ν

403 4578 828 4634 discessionem
879 4580 1065 4650 ipsius
1087 4596 1120 4634 a
1150 4581 1447 4634 sententia
1475 4597 1701 4651 eorum,
1752 4580 1850 4651 qui
1901 4581 2044 4636 deos
2076 4539 2124 4602 ο
2153 4569 2302 4622 mina
2331 4567 2695 4637 componenda
2723 4573 2906 4635 “Plus-

400 4666 670 4732 credunt,
694 4667 1087 4722 continentes.
1112 4670 1251 4722 Post
1279 4674 1510 4740 captam
1543 4668 1755 4724 Melum
1795 4669 2042 4723 Athenis

400 4753 705 4822 habitavit,
739 4754 836 4808 ubi
873 4756 1290 4826 mysteriorum
1343 4763 1814 4829 contemptorem
1863 4758 2042 4812 Athe-

399 4843 643 4897 nienses
663 4844 1158 4914 proscripserunt,
1179 4847 1372 4916 eique,
1402 4845 1502 4916 qui
1522 4846 1831 4918 Diagoram
1858 4846 2040 4900 inter-

393 4930 654 5002 fecisset,
669 4933 982 5000 talentum',
998 4935 1097 5005 qui
1116 4934 1304 4990 vivum
1321 4935 1682 5003 adduxisset,
1702 4935 2042 4992 binatalen-

397 5027 457 5077 ta
487 5023 908 5092 promiserunt.
945 5025 1209 5095 Denique
1241 5027 1418 5082 vitam
1452 5026 1605 5080 finiit
1635 5026 1921 5081 Corinthi.

470 5112 862 5180 Dicararchus,
898 5114 1120 5168 Phidim
1150 5115 1237 5181 E.,
1263 5115 1494 5170 Siculus
1513 5116 1859 5182 Messenius,
1881 5114 2040 5169 Aris-

396 5202 594 5257 totelis
643 5201 897 5265 auditor,
938 5203 1351 5274 philosophus,
1401 5209 1600 5259 orator
1633 5210 1691 5258 et
1717 5209 2038 5277 geometra.

396 5292 643 5364 Scripsit
703 5292 1154 5363 καταμετρήσεις,
1225 5293 1586 5350 dimensiones
1639 5298 1906 5349 montium
1945 5295 2043 5365 qui

394 5387 520 5437 sunt
549 5383 607 5434 in
636 5381 1044 5451 Peloponneso;
1092 5377 1359 5442 Ἑλλάδος
1405 5381 1540 5454 βίον,
1598 5385 1778 5439 Vitam
1810 5385 2044 5440 Graeciae

469 5559 580 5631 (60)
611 5558 950 5614 Eusthatius
1000 5559 1101 5631 ad,
1121 5558 1390 5631 Dionysii
1425 5560 1774 5631 periegesin
1802 5576 1855 5614 ν.
1914 5561 2036 5616 689.

393 5629 451 5678 Ὀ
478 5625 661 5704 Χάραξ
690 5631 753 5682 τὸ
783 5632 1020 5704 χρυσοῦν
1079 5625 1252 5704 δέρμα
1282 5625 1511 5704 μέθοξον
1545 5625 1681 5704 civim
1719 5627 1868 5704 λέγει.
1899 5649 2040 5704 χρυ-

396 5694 688 5774 σογραῴίας
715 5740 734 5770 ,
788 5694 1148 5772 ’μεμϐράναιξ
1178 5694 1754 5775 ’ὲμᾶτεριελημμὲνην,
1798 5694 1808 5704 ”
1839 5694 2037 5774 δι’Ἶῆν,

2226 4655 2531 4727 Didymus,
2591 4653 3046 4721 Alexandrinus,
3107 4651 3180 4706 de
3228 4652 3452 4707 rustica
3481 4652 3678 4709 libros
3713 4656 3806 4709 XV

2153 4745 2410 4816 scripsit.

2223 4832 2539 4905 Apostolus
2562 4833 2812 4888 Thomas
2855 4830 3302 4904 cognominatus
3331 4831 3512 4886 etiam
3559 4832 3674 4887 fuit
3703 4835 3803 4889 Dio

2153 4923 2386 4994 dymus.

2226 5008 2567 5083 Διεξοδικούς
2623 5010 2949 5066 Rhetoricae
3007 5008 3345 5064 differentia
3390 5025 3426 5064 a
3466 5009 3804 5076 dialectica,

2155 5119 2224 5158 ex
2256 5101 2586 5156 Alexandro
2619 5098 3066 5170 Aphrodisiensi
3102 5103 3115 5165 (
3144 5099 3206 5152 in
3236 5099 3259 5151 Ι
3297 5098 3587 5170 Topicor.)

2225 5186 2535 5261 Δίγλωσσος
2585 5186 2961 5252 Anacharsis,
2994 5186 3227 5256 Scytha,
3277 5191 3339 5240 at
3367 5191 3556 5242 matre
3603 5189 3805 5244 Graeca

2152 5285 2348 5344 natus,
2383 5283 2441 5332 et
2468 5277 2601 5332 ideo
2659 5276 2962 5346 bilinguis,
2997 5275 3101 5345 qui
3131 5275 3311 5330 etiam
3369 5276 3601 5346 Scythis
3642 5277 3804 5348 leges

2151 5368 2304 5424 tulit.

2149 5563 2225 5644 ᾡς
2257 5561 2425 5644 λόγοι)
2455 5561 2604 5632 ἀξίαν
2634 5561 2736 5631 τήν
2771 5565 2873 5628 τῆς
2927 5559 3163 5632 ’Δργους
3219 5561 3637 5634 καταρτισθῆναι
3671 5559 3795 5614 στό-

2151 5634 2498 5778 Αοῖϐῗῖιὲἑθο
2525 5704 2760 5779 Dydimi
2787 5702 2942 5763 Ateii
2965 5701 3238 5760 videntur
3267 5702 3473 5761 fuisse.
