4070 6196
330 310 359 370 1
372 309 488 370 253

1637 305 1741 364 DE
1783 301 2071 374 QUIBUS
2112 301 2413 366 SUIDAS.

3585 311 3739 370 1254

325 446 458 502 Fuit
486 448 686 500 autem
718 443 885 500 valde
918 442 1192 509 celebris,
1226 441 1579 513 scripsitque
1628 439 1976 508 Commdias,
2008 440 2064 509 Α
2092 437 2377 507 musicus,
2409 442 2475 494 ut
2505 440 2684 496 etiam
2712 441 2928 512 Lydius
2984 444 3044 498 et
3090 443 3399 516 Phrygius.
3435 475 3503 486 -
3534 447 3746 520 Δῶριος

328 540 385 591 et
414 534 855 606 Epigrammata
886 540 943 591 et
993 534 1186 589 soluto
1237 548 1511 588 sermone
1570 525 1977 605 πρεσϐευτικόν.

330 627 533 679 Exstat
562 626 741 680 etiam
775 624 1050 689 Socratis,
1084 623 1446 694 philosophi,
1480 623 1541 677 in
1599 639 1734 678 eum
1786 616 1977 694 λόγος.

326 714 733 770 Callimachus
765 714 945 769 etiam
988 714 1049 767 in
1094 711 1465 768 Choriambis
1516 712 1642 782 ejus
1686 710 1980 779 meminit,

327 807 528 875 aitque
558 805 748 860 multa
778 804 1107 876 scripsisse.
1145 804 1541 874 Dithyrambus
1592 820 1729 858 vero
1762 803 1983 857 dicitur

331 901 390 949 et
424 895 688 950 Bacchus
710 893 889 964 (quod
924 910 1028 965 per
1057 893 1227 948 binos
1258 893 1429 964 quasi
1469 892 1628 948 fores
1676 893 1736 947 in
1786 894 1980 948 lucem

332 981 624 1052 prodierit
660 987 786 1036 tum
845 981 999 1036 uteri
1043 981 1275 1047 matris,
1323 980 1609 1046 Semeles,
1658 985 1780 1034 tum
1828 980 1983 1035 Jovis

328 1072 668 1141 femorum),
703 1078 761 1126 et
793 1074 1049 1143 hymnus
1081 1072 1142 1127 in
1174 1073 1489 1128 Bacchum.
1524 1072 1790 1141 Denique
1825 1070 1983 1122 Διθυ-

338 1155 564 1237 ράμῦων
598 1160 723 1215 νοῦν
758 1157 903 1235 ἔχεις
948 1158 1207 1215 ἐλάττονα
1253 1163 1471 1219 dicitur
1520 1161 1591 1217 de
1640 1160 1985 1217 hominibus

334 1251 571 1307 stolidis
602 1256 661 1306 et
690 1252 1170 1307 inconsideratis.

409 1341 693 1414 Δόγματα.
729 1342 919 1409 Plato,
942 1359 1072 1413 qum
1096 1358 1231 1396 vera
1250 1358 1377 1396 esse
1396 1342 1667 1413 percipit,
1694 1342 1987 1414 enuntiat,

338 1430 489 1485 falsa
513 1429 797 1502 coarguit,
822 1430 895 1485 de
920 1430 1162 1485 incertis
1186 1432 1989 1502 sustinetassensum.Atque

335 1520 408 1574 de
440 1519 552 1585 his,
580 1536 710 1588 qum
742 1536 876 1574 vera
908 1519 1018 1591 ipsi
1050 1520 1340 1587 videntur,
1397 1526 1651 1591 quatuor
1706 1538 1989 1592 personas

338 1610 652 1679 loquentes
683 1607 933 1677 inducit,
953 1609 1274 1677 Socratem,
1294 1610 1598 1679 Timaeum,
1618 1616 1676 1665 et
1696 1610 1990 1681 hospitem

338 1699 765 1754 Atheniensem
797 1703 973 1769 atque
1003 1699 1302 1754 Eleatem:
1343 1699 1444 1770 qui
1476 1716 1597 1754 non
1639 1704 1778 1755 sunt
1826 1699 1991 1756 Plato

343 1789 473 1858 ipse
508 1793 564 1841 et
591 1789 997 1856 Parmenides,
1031 1789 1135 1843 sed
1167 1789 1297 1843 dum
1328 1790 1479 1844 ﬁcta)
1537 1805 1827 1860 persona),
1880 1795 1990 1843 etc.

345 1877 842 1949 Philosophorum
875 1878 973 1933 alii
1010 1879 1299 1934 mundum
1330 1885 1527 1934 ortum
1559 1878 1859 1947 habuisse,
1893 1878 1992 1933 alii

342 1972 476 2021 ortu
508 1968 771 2024 caruisse
794 1968 1020 2025 dicunt.
1045 1971 1190 2024 Item
1214 1969 1314 2024 alii
1344 1970 1691 2035 animatum,
1727 1969 1826 2025 alii
1860 1985 1994 2025 vero

344 2057 743 2112 inanimatum
777 2075 913 2113 eum
936 2064 1221 2114 statuunt.
1251 2062 1619 2131 Anaxagoras
1637 2075 1771 2113 vero
1795 2064 1853 2112 et
1882 2060 1994 2130 Py-

345 2146 647 2218 thagoras,
675 2148 737 2201 in
770 2150 1083 2221 Aigyptum
1116 2148 1387 2219 profecti,
1418 2154 1476 2202 et
1505 2147 1906 2220 Egyptiorum
1940 2150 1999 2202 et

341 2234 729 2291 Hebraeorum
761 2237 850 2291 usi
883 2237 1336 2307 consuetudine,
1368 2253 1568 2292 rerum
1593 2237 1993 2309 cognitionem

348 2323 419 2379 ab
454 2324 577 2379 illis
608 2324 955 2381 hauserunt.
992 2328 1203 2381 Postea
1233 2343 1366 2382 vero
1395 2332 1454 2381 et
1470 2326 1656 2393 Plato,
1680 2330 1747 2380 ut
1766 2325 1999 2381 Plutar-

348 2413 495 2468 chus
519 2414 579 2468 in
598 2414 906 2470 Parallelis
930 2414 1129 2472 refert.
1150 2416 1303 2481 Quin
1322 2417 1501 2471 etiam
1521 2416 1771 2488 Egyptii
1819 2415 1997 2486 primi

344 2503 535 2557 801.111
567 2510 625 2558 et
649 2503 855 2559 lunam
889 2504 1030 2561 deos
1064 2510 1367 2562 vocarunt.
1405 2505 1621 2561 Osirim
1654 2510 1712 2560 et
1753 2504 1996 2574 Isidem,

347 2589 511 2652 Θεοὺς
545 2610 581 2647 a
610 2596 719 2655 θεῖν
755 2610 992 2661 currere,
1027 2601 1139 2651 etc.

419 2682 789 2738 Domitianus
848 2685 1115 2752 Nervam,
1172 2689 1239 2739 ut
1292 2683 1545 2755 imperio
1585 2683 1995 2750 insidiantem,

346 2773 565 2827 amovit
582 2779 640 2827 et
670 2774 1051 2845 Apollonium
1074 2778 1393 2847 Tyaneum,
1421 2782 1485 2831 ut
1504 2778 1701 2832 Nervas
1718 2775 1997 2855 amicum,

349 2864 847 2934 comprehensum
884 2864 1159 2932 totondit,
1194 2871 1251 2921 et
1281 2866 1545 2920 vinctum
1604 2866 1666 2919 in
1701 2864 1998 2936 judicium

347 2952 611 3007 adduxit.
642 2956 785 3009 Cum
808 2969 940 3008 vero
960 2954 1353 3026 philosophus
1372 2955 1459 3009 illi
1486 2972 1603 3010 non
1625 2954 1879 3021 cederet,
1897 2954 2000 3010 de-

350 3042 552 3098 ridens
572 3043 700 3115 ejus
718 3044 1236 3112 acta,verecundia
1248 3050 1583 3101 commotus
1597 3060 1733 3100 eum
1752 3044 1998 3101 dimisit.

347 3134 508 3188 Tunc
557 3134 630 3188 ad
663 3150 797 3189 eum
829 3135 1180 3206 Apollonius
1208 3152 1220 3189 :
1256 3140 1613 3207 Nequaquam
1640 3151 1722 3190 me
1751 3135 2000 3200 occides;

345 3224 580 3278 necdum
610 3223 755 3279 enim
785 3228 902 3293 fato
932 3233 1181 3281 maturus
1208 3242 1346 3294 sum,
1379 3224 1451 3278 Οὐ
1488 3224 1581 3295 μὲν
1635 3244 1700 3295 με
1742 3220 1996 3293 κτενέεις,

347 3310 464 3365 ἐπεὶ
496 3308 559 3366 οὔ
595 3333 681 3389 τοι,
714 3313 986 3388 μόρσιμός
1018 3314 1152 3387 εἰμι.
1211 3320 1400 3385 Atque
1452 3331 1482 3370 e
1512 3314 1753 3385 vestigio
1801 3314 1998 3385 ipsum

351 3403 656 3458 evanuisse
688 3404 906 3460 ferunt.
941 3405 1043 3459 llic
1073 3410 1128 3459 et
1156 3404 1543 3475 philosophos
1558 3403 2003 3458 etmathemati-

353 3507 453 3545 cos
486 3493 670 3547 Roma
701 3493 944 3563 expulit.
979 3493 1097 3548 Sub
1128 3494 1239 3548 hoc
1270 3498 1329 3548 et
1356 3493 1612 3548 Joannes
1644 3491 2003 3565 evangelista

352 3580 415 3633 in
450 3583 715 3635 Patmum
748 3582 1063 3654 relegatus.
1100 3583 1260 3637 Idem
1289 3581 2003 3653 etiam,Davidicigeneris

356 3668 653 3736 homines,
684 3667 810 3730 τοὺς
841 3669 948 3724 ἀπὸ
977 3674 1074 3723 τοῦ
1102 3669 1289 3745 γένους
1319 3664 1484 3724 Δαϐὶδ
1518 3671 1772 3726 interfici
1802 3671 2004 3742 jussit,

358 3758 652 3829 multique
686 3761 793 3815 sub
826 3778 892 3815 eo
949 3761 1268 3818 Christiani
1326 3766 1615 3834 martyres
1660 3761 1797 3817 facti
1846 3766 2002 3816 sunt.

361 3847 473 3902 Sed
506 3850 689 3903 Nerva
718 3851 1007 3905 Joannem
1038 3852 1397 3923 Theologum
1449 3851 1654 3906 exsilio
1715 3851 2005 3905 liberavit.

432 3939 783 4006 Domninus,
810 3940 1466 4012 philosophus,natione
1485 3941 1684 4011 Syrus,
1709 3957 1778 3995 ex
1803 3938 2007 3993 Laodi-

360 4044 485 4094 cea,
518 4029 605 4083 vel
640 4030 888 4096 Larissa,
923 4031 1068 4086 urbe
1101 4032 1303 4102 Syrim,
1332 4031 1561 4103 Syriani
1595 4031 1923 4102 discipulus
1953 4035 2013 4087 et

362 4119 553 4173 Procli
577 4120 1661 4192 condiscipulus,utaitDamascius.In
1681 4122 2013 4176 mathema-

358 4208 489 4262 ticis
504 4208 837 4280 disciplinis
854 4212 1297 4275 exercitatus,in
1316 4211 1449 4267 aliis
1464 4211 1858 4283 philosophiae
1875 4227 2012 4282 par—

357 4297 518 4350 tibus
537 4299 717 4353 etiam
749 4296 1230 4373 ἐπιπολαιότερος,
1266 4301 1463 4355 minus
1482 4300 2010 4364 accuratus.Quare

356 4390 414 4439 et
447 4387 634 4442 multa
667 4388 725 4442 in
765 4388 1085 4444 Platonicis
1114 4390 1486 4459 dogmatibus
1506 4389 1823 4457 innovavit,
1853 4387 2011 4443 unde

354 4476 600 4531 Proclus
633 4476 914 4533 adversus
947 4495 1083 4533 eum
1114 4480 1354 4551 scripsit
1401 4477 1776 4554 Πραγματείαν
1810 4477 2013 4549 καθαρ-

353 4654 764 4709 Platonicorum
786 4656 1124 4725 dogmatum.
1149 4658 1236 4713 Ab
1263 4658 1594 4729 Esculapio
1610 4656 2008 4729 jussus,quod

355 4745 705 4816 sanguinem
738 4753 1069 4818 exspueret,
1104 4748 1297 4803 suillis
1320 4748 1599 4804 carnibus
1629 4750 1806 4818 vesci,
1831 4747 2008 4804 obse-

354 4837 525 4887 cutus
557 4840 682 4888 est:
715 4840 777 4889 at
801 4835 1175 4907 Plutarchus,
1239 4837 1638 4905 Atheniensis,
1689 4837 2007 4908 Esculapii

356 4926 618 4977 statuam
643 4924 903 4991 intuens,
940 4925 999 4980 in
1033 4926 1239 4997 templi
1264 4927 1421 4981 enim
1445 4926 1731 4981 vestibulo
1752 4927 2008 4981 dormie-

355 5009 494 5066 bat:
528 5011 570 5066 Ο
604 5012 866 5080 domine,
904 5013 1119 5085 inquit,
1154 5015 1295 5087 quid
1328 5016 1375 5070 si
1404 5016 1631 5085 Judieo,
1661 5016 1773 5071 hoc
1803 5015 2010 5071 morbo

354 5098 658 5156 laboranti
693 5102 1023 5160 remedium
1046 5105 1569 5161 commendasses?
1588 5107 1792 5176 Itaque
1808 5107 2012 5160 Esca-

357 5187 573 5259 lapius,
610 5192 808 5247 statim
829 5209 896 5247 ex
923 5199 1115 5249 statua
1139 5211 1349 5250 sonum
1374 5193 1787 5249 suavissimum
1805 5194 2008 5261 edens,

360 5276 539 5331 aliam
577 5280 827 5335 curandi
862 5282 1055 5336 morbi
1091 5282 1388 5338 rationem
1416 5282 1469 5335 ei
1508 5282 1893 5353 praescripsit.
1930 5282 2010 5337 Ad

366 5365 681 5423 Dominum
708 5370 833 5441 jam
866 5376 1035 5426 mtate
1068 5376 1406 5443 provectum
1440 5371 1691 5426 accessit
1713 5370 2013 5441 Asclepia-

359 5452 484 5521 des,
519 5456 893 5527 adolescens,
931 5466 987 5515 et
1043 5460 1483 5517 arithmeticum
1537 5460 1651 5533 ipsi
1706 5460 2012 5517 theorema

362 5547 706 5614 praaposuit,
743 5554 853 5604 etc.

440 5632 649 5692 Dorius
666 5643 893 5709 cantus,
924 5635 1131 5715 Δώριος
1161 5633 1743 5710 αὕλησις,θειωοᾱυε
1769 5638 2009 5711 quidam

2094 524 2400 598 οἰκονομία,
2458 531 2650 587 Modus
2706 534 2919 588 Darius.
2958 533 3256 588 —Dorius
3315 538 3602 604 praeterea
3659 541 3749 591 est

2094 633 2313 672 nomen
2346 618 2653 689 prOprium
2686 626 2744 675 et
2772 622 3021 677 Doriscus
3050 638 3267 677 nomen
3300 622 3435 677 loci.

2166 707 2353 761 Dorus
2384 709 2637 779 (Δῶρος),
2673 710 2880 778 Arabs,
2909 728 3086 781 quem
3110 713 3453 767 Damascius
3477 714 3538 767 in
3560 714 3749 768 Histo-

2093 794 2183 849 ria
2220 795 2632 868 philosophica
2689 799 2774 853 ait
2828 799 3010 855 fuisse
3066 801 3328 857 veritatis
3386 803 3743 857 acerrimum

2096 884 2525 955 indagatorem.
2564 888 2730 942 Hunc
2761 888 3043 955 Isidorus,
3106 891 3517 962 philosophus,
3575 892 3746 947 initio

2098 974 2285 1027 sensit
2325 975 2712 1032 Aristotelicis
2744 979 3129 1049 opinionibus
3162 981 3482 1048 irretitum,
3518 987 3576 1037 et
3605 998 3752 1053 pau-

2098 1060 2266 1116 latim
2300 1066 2590 1120 revocavit
2621 1065 2691 1121 ad
2726 1068 2861 1123 illas
2892 1069 3158 1124 Platonis
3191 1071 3522 1143 magnifica)
3546 1071 3748 1126 scien—

2100 1150 2194 1205 tias
2225 1151 2512 1209 sublimes
2546 1159 2604 1209 et
2632 1155 2895 1212 illustres
2930 1160 3276 1223 sententias,
3300 1166 3366 1215 ut
3403 1160 3625 1232 rejecta
3646 1161 3751 1216 illa

2099 1242 2493 1313 Peripatetica
2525 1245 2873 1313 subtilitate,
2908 1266 3003 1303 res
3034 1250 3294 1306 minutas
3318 1251 3659 1323 colligente,
3690 1268 3751 1306 se

2101 1331 2402 1388 conferret
2429 1333 2505 1389 ad
2533 1334 2725 1402 illam,
2756 1352 2887 1406 quin
2919 1354 3024 1407 per
3070 1340 3489 1394 Prometheum
3542 1357 3758 1411 quem-

2110 1421 2244 1476 dam
2276 1439 2411 1478 cum
2441 1423 2594 1496 ignis
2623 1425 2941 1495 splendore
2973 1427 3202 1482 caelitus
3233 1427 3305 1482 ad
3339 1428 3614 1484 homines
3647 1429 3753 1484 de-

2101 1510 2283 1567 missa
2309 1517 2419 1582 est,
2453 1512 2847 1577 dialecticam,
2882 1533 3011 1585 qua)
3044 1520 3133 1569 est
3157 1517 3376 1571 mentis
3416 1521 3472 1569 et
3500 1517 3754 1587 pruden-

2101 1598 2196 1654 tiae
2236 1600 2557 1671 purissima
2587 1600 2819 1674 αὖτοψία
2852 1604 2971 1658 sive
3004 1604 3321 1676 inspectio.

2177 1687 2358 1749 Δὸσις.
2392 1690 2562 1761 Apud
2588 1696 2852 1747 oratores
2911 1694 3291 1764 peculiariter
3341 1695 3421 1749 sic
3466 1698 3753 1750 vocantur

2106 1777 2321 1833 tabulae
2364 1781 2820 1851 testamenti,-in
2847 1783 3060 1852 quibus
3092 1783 3243 1854 quis,
3279 1802 3409 1855 qum
3452 1801 3559 1839 sua
3590 1788 3753 1853 sunt,

2106 1867 2276 1922 alteri
2333 1868 2453 1935 dat,
2500 1870 2934 1926 interveniente
2984 1872 3438 1943 magistratuum
3489 1874 3608 1929 sive
3657 1890 3753 1928 ar-

2102 1957 2387 2012 chontum
2419 1960 2792 2015 auctoritate.

2172 2047 2381 2114 Draco,
2415 2049 2877 2105 Atheniensium
2900 2050 3220 2123 legislator.
3246 2051 3349 2106 llic
3370 2068 3505 2106 cum
3530 2052 3751 2123 digium

2102 2135 2164 2190 in
2190 2135 2416 2192 theatro
2440 2144 2683 2210 propter
2703 2140 2863 2212 leges
2886 2139 3035 2195 latas
3057 2140 3208 2194 laetis
3223 2141 3753 2196 acclamationibus

2105 2224 2526 2289 celebraretur.
2563 2227 2834 2298 pluribus
2866 2229 3086 2299 petasis
3119 2235 3176 2284 et
3206 2229 3421 2285 tunicis
3447 2236 3505 2285 et
3550 2229 3751 2302 palliis

2106 2314 2168 2370 in
2196 2316 2325 2387 ejus
2356 2322 2534 2387 caput
2562 2317 2818 2389 injectis,
2872 2319 3192 2374 suﬂ‘ocatus
3244 2324 3351 2386 est,
3404 2324 3462 2374 et
3510 2319 3574 2373 in
3622 2320 3754 2390 ipso

2105 2405 2335 2461 theatro
2370 2405 2658 2477 sepultus.
2697 2407 2849 2462 Vixit
2880 2408 3091 2463 iisdem
3127 2408 3515 2480 temporibus,
3540 2408 3756 2479 quibus

2105 2499 2333 2567 septem
2360 2495 2679 2566 sapientes,
2713 2501 2816 2551 aut
2844 2497 3042 2568 potius
3098 2496 3211 2552 fuit
3253 2497 3376 2553 illis
3429 2498 3757 2569 antiquior.

2103 2585 2248 2639 Cum
2277 2601 2454 2640 senex
2476 2586 2604 2656 jam
2635 2590 2811 2653 esset,
2845 2585 3182 2657 Olympiade
3209 2585 3378 2640 XXIX
3402 2586 3757 2659 legesAthe-

2104 2674 2415 2729 niensibus
2448 2674 2602 2729 tulit.
2636 2673 2961 2743 Ὑποθήκας,
2996 2676 3116 2730 sive
3146 2678 3270 2730 vita
3300 2676 3561 2745 degendae
3597 2691 3757 2745 pra-

2104 2769 2261 2835 cepta
2290 2764 2531 2834 scripsit
2562 2762 2749 2818 tribus
2782 2763 3019 2819 circiter
3049 2781 3326 2819 versuum
3356 2763 3647 2819 millibus.

2177 2854 2385 2920 Draco,
2419 2869 2606 2923 nepos
2641 2853 3017 2924 Hippocratis
3047 2854 3263 2909 medici
3296 2853 3462 2909 illius
3493 2853 3757 2909 celeber-

2106 2941 2264 3008 rimi,
2300 2940 2459 2996 filius
2488 2940 2775 3011 Thessali,
2797 2948 2965 3013 pater
2998 2943 3371 3015 Hippocratis
3403 2943 3572 3016 cujus
3597 2943 3759 2998 ﬁlius

2104 3047 2311 3085 rursus
2344 3030 2456 3084 fuit
2485 3030 2692 3100 Draco,
2729 3036 2787 3086 et
2815 3031 2941 3103 ipse
2972 3031 3262 3101 medicus,
3286 3033 3387 3103 qui
3407 3033 3754 3100 Rboxanen,

2109 3118 2428 3174 Alexandri
2461 3118 2794 3174 Macedonis
2827 3121 3161 3193 conjugem,
3196 3120 3442 3176 curavit.

2038 3179 2081 3245 δ
2180 3209 2365 3263 Draco
2398 3208 2881 3274 Stratonicensis,
2911 3209 3355 3281 grammaticus,
3389 3207 3626 3278 scripsit
3681 3210 3758 3263 De

2108 3303 2226 3351 arte
2280 3299 2688 3367 grammatica:
2736 3297 3248 3369 Orthographiam:
3286 3294 3417 3370 Περὶ
3468 3298 3575 3349 τῶν
3620 3294 3758 3350 κατᾶ

2109 3383 2361 3459 συζυγίαν
2412 3383 2718 3455 ὀνομάτων,
2779 3388 2854 3440 De
2904 3386 3223 3455 conjugatis
3278 3385 3637 3440 nominibus:
3687 3386 3759 3440 De

2109 3474 2570 3543 pronominibus:
2600 3475 2677 3527 De
2709 3474 2897 3527 metris
2943 3488 3244 3527 versuum:
3285 3474 3361 3527 De
3406 3474 3643 3542 satyris:
3686 3473 3759 3526 De

2111 3561 2345 3616 Pindari
2374 3562 2746 3617 carminibus:
2785 3562 2864 3616 De
2893 3560 3206 3631 Sapphonis
3234 3562 3429 3615 metris
3453 3577 3465 3615 :
3508 3561 3585 3616 De
3611 3560 3768 3618 Alea:

2113 3650 2472 3706 carminibus.

2918 3739 2961 3793 E

2189 3822 2531 3898 Ἐκϐιαστής.
2567 3828 2771 3905 Ἄμφω
2794 3823 2895 3899 γάρ
2929 3825 3061 3880 εἶσιν
3112 3820 3387 3880 ἐκϐιασταὶ
3436 3832 3536 3895 τῆς
3584 3821 3766 3897 δίκης,

2115 3917 2204 3971 καὶ
2239 3917 2517 3972 νύττουσιν
2541 3918 2688 3991 ἡμᾶς
2712 3917 2846 3993 πρὸς
2887 3916 2950 3970 τὸ
2996 3922 3098 3985 τῆς
3158 3913 3314 3986 δίκης
3372 3918 3561 3991 πέρας,
3605 3919 3766 3972 ambo

2118 4015 2243 4063 sunt
2273 4025 2423 4064 acres
2455 4015 2735 4064 exactores
2756 4009 2928 4078 juris,
2981 4010 3080 4079 qui
3130 4024 3226 4063 nos
3274 4007 3512 4063 stimulis
3554 4009 3627 4062 ad
3668 4008 3767 4076 ju-

2119 4098 2330 4152 stitiam
2364 4100 2771 4153 exactissimum
2802 4098 3064 4154 incitant.
3101 4098 3233 4151 Haec
3266 4096 3338 4151 de
3379 4096 3652 4167 Gregerio
3713 4099 3772 4149 et

2123 4186 2360 4241 Basilio.

2194 4274 2509 4351 Ἐκκὲκοφθ’
2545 4273 2579 4343 ἠ
2641 4274 2902 4346 μουσικὴ,
2963 4276 3146 4331 excisa
3202 4281 3279 4330 est
3336 4272 3563 4328 musica.
3626 4273 3769 4326 Cum

2124 4370 2348 4421 veteres
2381 4364 2525 4419 olim
2560 4363 2620 4418 in
2648 4364 2928 4419 conviviis
2960 4363 3222 4418 eruditas
3262 4361 3619 4432 qumstiones
3654 4364 3769 4414 tra-

2125 4459 2283 4510 ctare
2317 4453 2599 4521 solerent,
2632 4454 2852 4525 posteri
2893 4452 3169 4523 psaltrias
3202 4456 3261 4506 et
3289 4449 3680 4506 citharistrias
3712 4453 3772 4503 et

354 4564 510 4631 τικήν
542 4567 649 4618 τῶν
684 4562 970 4638 δογμάτων
1012 4571 1108 4621 τοῦ
1166 4568 1487 4633 Πλάτωνος,
1543 4573 1998 4640 Repurgationem

2121 4544 2452 4600 saltatrices
2486 4558 2691 4607 earum
2724 4542 2854 4597 loco
2886 4542 3367 4597 introduxerunt.
3423 4539 3588 4594 Unde
3638 4539 3768 4609 qui-

2118 4634 2254 4690 dam
2284 4632 2665 4703 καινοτομίαν,
2700 4632 3020 4688 novitatem
3054 4632 3210 4687 hanc
3242 4627 3771 4702 reprehendentes,

2117 4722 2426 4794 proverbio
2460 4721 2563 4777 illo
2597 4721 2689 4776 usi
2712 4725 2874 4776 sunt.

2189 4811 2285 4866 Ἐκ
2315 4807 2634 4870 Μασσαλίας
2668 4809 2843 4878 ἥκεις,
2878 4826 2905 4864 e
2932 4811 3175 4865 Massilia
3219 4810 3390 4873 venis,
3441 4805 3658 4860 dicitur
3698 4803 3771 4860 de

2118 4900 2463 4956 hominibus
2493 4898 2850 4954 effeminatis
2883 4903 2939 4953 et
2964 4898 3254 4967 delicatis,
3308 4896 3515 4969 quales
3564 4896 3768 4952 Massi-

2120 4989 2339 5046 lienses
2366 4988 2510 5043 olim
2541 4987 2725 5044 fuisse
2756 4987 3054 5044 dicuntur.

2192 5075 2394 5146 Ἐλατή
2403 5096 2454 5151 ρ.

2261 5252 2517 5328 Εἶδήσεις
2548 5251 2855 5328 ’Δλκμᾶνα,
2878 5253 3050 5328 λύρης
3084 5252 3623 5328 ἐλατῆραγΛακαίνης

2341 5326 2599 5399 Ἔξοχον,
2632 5324 2960 5384 δνΜουσῶν
2985 5325 3114 5381 ἐννέ’
3152 5324 3387 5402 ἀριθμὸς
3416 5324 3554 5400 ἔχει.

2124 5475 2419 5543 Cognosces
2438 5469 2794 5543 gAlcmanem,
2833 5471 3009 5541 lyram
3038 5473 3363 5543 Laconicam
3382 5468 3515 5523 scite
3529 5463 3767 5535 pulsan-

2434 5541 2583 5612 [tem,
2616 5558 2773 5612 quem
2807 5560 2999 5598 novem
3023 5545 3185 5598 Musa:
3217 5542 3441 5595 habent.

2194 5634 2355 5704 Elea,
2386 5632 2578 5706 patria
2605 5632 2881 5693 Zenonis.
2913 5631 3057 5689 olim
3086 5630 3286 5703 Hyele,
3318 5623 3767 5686 Phocaeensium
