4036 6212
351 287 504 347 1255
1650 288 1889 351 INDEX
1935 288 2440 363 SCRIPTORUM
3619 315 3794 375 1256

347 422 603 490 colonia,
637 421 923 493 oppidum
945 421 1284 490 obscurum,
1318 427 1378 478 et
1408 422 1566 494 quod
1625 423 1813 480 bonos
1861 430 1991 480 tan-
2024 429 2078 496 Α
2108 434 2173 485 ut
2201 431 2283 486 ait
2312 433 2717 506 Epicharmus.
2747 438 2978 495 Dictum
3011 440 3085 496 ad
3112 442 3512 499 imitationem
3545 445 3734 501 illius
3777 464 3794 500 :

349 520 471 570 tum
504 514 663 569 viros
689 513 848 568 alere
879 516 1128 584 poterat.
1163 513 1324 567 Hanc
1352 514 1504 568 Zeno
1528 513 1713 586 magis
1735 513 1958 569 amabat

2107 523 2254 574 Θεῶν
2288 519 2340 574 ἐν
2371 524 2594 598 γούνασι
2649 531 2845 584 χεῖται.
2893 531 3046 586 Olim
3105 533 3167 587 in
3223 533 3476 605 genibus
3525 535 3792 606 judice:

351 621 532 676 quam
562 603 1018 657 Atheniensium
1035 601 1386 673 jactantiam
1413 619 1426 668 ;
1459 603 1661 673 itaque
1681 620 1815 658 raro
1839 601 1996 675 apud
2107 609 2407 668 habebant
2435 631 2505 671 ea
2535 633 2665 688 quas
2697 635 2857 674 nunc
2887 621 2946 674 in
2977 621 3209 676 tabellis
3228 601 3625 681 scribuntur.

348 694 486 750 51103
517 698 780 748 versatus
806 691 866 745 in
899 698 1030 764 Pal-1‘
1033 691 1090 748 ia
1124 692 1458 747 οουδθηιιίῐ·
2176 701 2630 774 Epaphroditus,
2663 709 3100 776 Chaeronensis,
3149 715 3607 782 grammaticus,
3670 718 3794 770 Ar—

416 780 744 856 Ἐλεγείριιν
805 782 916 853 (65)
971 798 1078 854 pro
1127 781 1367 836 delirare
1397 781 1668 875 quidam
1707 787 1994 875 veterum
2103 780 3790 875 chius,Alexandrini,grammatici,alumnusapudquem

346 875 640 930 dixerunt.
675 872 745 925 Et
773 876 930 939 sunt,
964 872 1064 942 qui
1098 888 1338 927 carmen
1361 871 1686 964 elegiaculn
1707 871 1849 964 hinc
1870 871 1994 964 dic-
2103 878 2426 950 institatus,
2459 901 2494 939 a
2522 886 2805 954 Modesto,
2827 889 3056 962 Egypti
3078 871 3646 964 prmfecto,emptus
3669 901 3792 962 est,

349 977 473 1025 tum
531 970 760 1040 putent.
819 961 1123 1029 Theocles,
1183 961 1399 1016 Naxius
1459 966 1562 1016 aut
1611 961 1958 1016 Eretriensis

2103 969 2272 1040 cujus
2304 971 2492 1028 ﬁlium
2550 975 2871 1032 Pitelinum
2908 961 3211 1034 instituit.
3271 961 3510 1036 Claruit
3565 961 3793 1040 Romae

349 1058 587 1114 insania
615 1059 945 1126 correptus,
969 1066 1209 1106 carmen
1240 1050 1352 1105 hoc
1381 1050 1612 1122 primus
1642 1050 1879 1105 cecinit.

419 1149 653 1220 Elegus,
689 1160 930 1201 carmen
984 1140 1232 1214 lugubre
1281 1140 1365 1194 sic
1394 1138 1782 1210 appellatum,
1829 1138 1989 1209 quod

344 1256 499 1311 saepe
531 1239 592 1292 in
624 1254 692 1292 eo
719 1230 744 1288 ἕ
772 1231 796 1288 ἔ
822 1234 1078 1289 dicatur.
1121 1230 1223 1285 Vel
1253 1229 1714 1284 lamentationes
1747 1245 1877 1300 qua)
1910 1228 1986 1284 ad

341 1330 549 1384 tibiam
582 1331 896 1383 canuntur.
948 1325 1160 1377 Postea
1206 1318 1465 1385 Midiam,
1519 1317 1717 1373 Gordii
1773 1317 1984 1384 ﬁlium,

343 1420 484 1474 dum
511 1421 806 1489 regnaret,
841 1413 1047 1468 tibiam
1079 1410 1153 1465 ad
1183 1426 1314 1464 aras
1345 1413 1404 1463 et
1451 1406 1744 1463 sacriﬁcia
1783 1412 1984 1461 trans-

343 1509 551 1564 tulisse
583 1507 807 1570 dicunt,
840 1501 996 1573 quod
1029 1504 1278 1554 matrem
1312 1513 1476 1552 suam
1538 1495 1876 1551 defunctam
1920 1496 1984 1551 in

2101 1061 2367 1130 tempore
2389 1064 2637 1119 Neronis
2668 1065 2742 1121 ad
2763 1068 3010 1123 Nervam
3027 1085 3218 1140 usque
3237 1086 3250 1124 :
3267 1087 3385 1140 quo
3407 1077 3708 1143 tempore
3733 1081 3794 1129 et

2101 1149 2902 1224 PtolemamsHephaastionis
2921 1156 3078 1212 ﬁlius
3099 1158 3520 1215 vixitetmulti
3537 1161 3651 1216 alii
3669 1164 3787 1217 viri

2099 1235 2368 1293 doctrina
2399 1239 2563 1296 clari.
2597 1241 2762 1298 Idem
2779 1260 2915 1298 cum
2943 1243 3125 1300 libros
3152 1245 3404 1302 subinde
3422 1251 3783 1318 emeret,ad

2097 1328 2244 1383 ΧΧΧ
2273 1330 2437 1386 mille
2452 1331 2564 1387 sibi
2587 1336 2966 1406 comparavit,
2993 1353 3213 1409 eosque
3225 1336 3416 1394 bonos
3431 1345 3491 1394 et
3503 1341 3783 1398 minime

2094 1417 2384 1489 vulgares.
2416 1420 2673 1492 Corpore
2702 1422 2812 1477 fuit
2845 1440 3058 1496 magno
3092 1432 3151 1480 et
3179 1427 3346 1498 nigro
3378 1427 3585 1484 instar
3643 1431 3787 1486 ele-

2094 1506 2395 1576 phantiaci
2429 1507 2522 1579 (ὡς
2558 1505 2980 1587 ἐλεφαντώδης).
3017 1513 3308 1570 Habitavit
3361 1517 3424 1570 in
3469 1518 3778 1574 Phaenia-

341 1599 588 1652 dearum
618 1609 935 1650 numerum
967 1589 1187 1644 referre
1220 1587 1414 1641 νθῙῙθί·
2093 1597 2372 1663 nocoriis,
2406 1597 2507 1653 ubi
2537 1598 2710 1655 binas
2769 1601 2926 1657 mdes
2980 1602 3208 1658 habuit.
3269 1605 3544 1661 Decessit
3598 1625 3775 1680 aqua

412 1686 705 1750 Eleusius,
737 1682 1052 1753 Cyzicenus
1073 1673 1835 1769 etMarathoniuspet-CPol.
1859 1689 1980 1728 non
2093 1685 2406 1755 intercute,
2439 1703 2664 1744 annum
2694 1705 2876 1761 agens
2908 1691 3116 1760 ωηεν,
3163 1693 3471 1765 multaque
3523 1673 3775 1769 sui)”

342 1775 583 1848 quidem
612 1789 826 1846 magna
856 1768 1091 1825 dicendi
1123 1766 1404 1869 facultate
1435 1764 1689 1866 praediti,
1724 1763 1978 1869 sednau-
2014 1804 2064 1869 Β
2091 1773 2352 1845 reliquit.
2477 1783 2680 1869 notam
2714 1782 2764 1849 1,
2799 1795 2927 1851 pag.
2962 1783 3084 1836 790.

345 1872 501 1922 stero
531 1866 662 1920 vitae
692 1879 906 1936 genere
939 1867 998 1916 et
1043 1861 1194 1916 ﬁcta)
1243 1857 1549 1912 modestia:
1603 1853 1958 1908 simulationi

2161 1863 2367 1918 Επειοῦ
2399 1861 2730 1942 δειλότερος,
2762 1869 2907 1938 Epeo
2956 1869 3227 1936 timidior,
3285 1873 3599 1941 Cratinus,
3657 1893 3773 1932 co-

341 1973 615 2027 magnam
647 1953 846 2024 adepti
877 1949 1310 2011 δυοιοΐίίδιῖθῐηι
1348 1945 1637 2018 P11"imos
1663 1947 1984 1998 εθοιθίοῖθε
2089 1953 2300 2021 micus,
2333 1954 2658 2024 dicebatur,
2685 1956 2935 2014 fortasse
2967 1959 3146 2029 quod,
3179 1977 3315 2016 cum
3345 1962 3605 2018 (Επιθὶἀὶ
3642 1967 3768 2020 tri-

337 2046 450 2100 sibi
484 2044 880 2100 conciliarunt
909 2047 966 2095 et
997 2035 1376 2105 monasteria,
1411 2033 1635 2107 ingenti
1668 2031 1984 2088 hominum
2088 2039 2187 2095 bui
2220 2047 2521 2113 praeesset,
2547 2044 2813 2100 timidior
2832 2044 3150 2104 videretur.
3184 2049 3377 2119 Epeus
3399 2050 3570 2105 enim
3601 2052 3771 2106 ﬁmi-

339 2135 649 2205 utriusque
681 2148 855 2187 sexus
885 2127 1270 2185 multitudine
1300 2124 1536 2192 referta,
1573 2123 1982 2178 instituerunt.
2087 2128 2198 2184 dus
2229 2135 2374 2184 erat,

408 2222 818 2294 Empedocles,
851 2218 1122 2283 Metonis,
1157 2212 1634 2281 velArchinomi,
1661 2210 1752 2265 vel
1774 2209 1983 2300 Xeneti
2157 2218 2458 2288 Ephectici
2490 2219 2830 2292 philosophi
2881 2222 2966 2277 sic
3018 2223 3300 2294 appellati
3353 2224 3426 2279 ab
3489 2222 3758 2300 ἐπέχειν,

337 2310 628 2374 F.,frater
653 2305 1068 2372 Callicratidis,
1093 2302 1286 2376 primo
1310 2295 1980 2366 audivitParmenidem,
2087 2304 2357 2372 inhibere,
2408 2307 2566 2377 quod
2620 2323 2932 2364 assensum
2991 2309 3063 2365 de
3133 2311 3308 2366 rebus
3365 2295 3758 2380 ίηδίδειέέηι,

335 2401 505 2470 cujus
527 2400 819 2466 etiam,ut
840 2386 1984 2466 PorphyriusinHistoriaphilosophica
2089 2409 2308 2466 easque
2357 2397 2783 2468 comprehendi
2818 2415 2938 2454 non
2988 2416 3164 2470 posse
3223 2405 3579 2457 statuerent.
3653 2402 3766 2458 Καὶ

333 2494 538 2543 auctor
577 2493 686 2554 est,
715 2486 975 2542 amasius
1003 2483 1134 2538 fuit.
1167 2481 1282 2536 Alli
1318 2480 1487 2535 aiunt
1509 2477 1688 2532 fuisse
1711 2475 1981 2546 Telaugis

332 2575 716 2646 discipulum,
735 2574 1078 2644 Pythagorea
1101 2569 1230 2625 ﬁlii.
1253 2566 1690 2640 Agrigentinus,
1715 2563 1982 2634 philoso-

329 2665 482 2735 phus
515 2663 820 2735 physicus,
853 2661 1196 2731 Pythagorae
1247 2661 1467 2712 sectam
1510 2658 1778 2718 secutus,
1800 2666 1980 2722 quam

2086 2476 2435 2554 δογματίζειν
2470 2487 2582 2555 (66)
2617 2483 2750 2540 αὐτὰ
2782 2484 3160 2556 ἀκατάληπτα.

2154 2573 2422 2644 Ephesiae
2453 2573 2686 2642 littera),
2726 2575 2792 2630 id
2833 2583 2922 2631 est
2971 2578 3405 2634 incantationes
3453 2581 3757 2650 quaedam

2083 2661 2371 2726 obscurae,
2405 2680 2552 2734 quas
2586 2670 2644 2719 et
2674 2667 2934 2721 Crmsum
2967 2667 3031 2722 in
3074 2684 3213 2740 rogo
3244 2668 3468 2724 dixisse
3515 2670 3750 2726 ferunt.

331 2753 509 2807 etiam
533 2751 846 2806 aemulatus
871 2754 962 2804 est
987 2746 1339 2818 Apollonius
1359 2746 1649 2816 Tyaneus,
1675 2739 1958 2797 etc.Disci

2084 2751 2154 2805 Et
2177 2750 2454 2824 Olympia:
2487 2753 2710 2808 Milesio
2741 2760 2801 2809 et
2847 2755 3101 2827 Ephesio
3149 2739 3536 2825 luctantibus,
3573 2761 3752 2815 aiunt

329 2841 536 2914 pulum
567 2840 778 2896 habuit
806 2839 1098 2910 Gorgiam,
1123 2834 1475 2891 Leontinum
1499 2829 1978 2887 oratorem.Scri-
2084 2839 2378 2896 Milesium
2409 2841 2621 2898 luctari
2653 2859 2774 2898 non
2807 2845 3096 2915 potuisse,
3130 2845 3290 2916 quod
3321 2847 3475 2902 alier
3505 2847 3749 2904 litteras

332 2934 452 3004 psit
481 2931 744 2988 versibus
776 2929 1031 2984 heroicis
1069 2935 1174 2983 tres
1233 2926 1399 2980 libros
1443 2920 1572 2992 Περὶ
1603 2919 1812 2997 φύσεως
1865 2922 1974 2972 τῶν
2083 2927 2366 2999 Ephesias
2399 2931 2516 2987 talo
2548 2931 2717 3003 pedis
2748 2933 3069 3006 alligasset.
3105 2935 3186 2990 Ea
3215 2941 3412 2991 autem
3463 2953 3529 2991 re
3562 2955 3742 2994 com-

336 3016 532 3076 ὄντων.
595 3022 666 3077 De
717 3037 902 3075 rerum
952 3024 1177 3084 natura,
1231 3020 1371 3070 sunt
1425 3019 1625 3069 autem
1698 3025 1976 3100 versuum
2081 3023 2268 3089 perta,
2302 3019 2638 3092 litterisque
2668 3021 2788 3078 illis
2820 3022 3050 3094 solutis,
3086 3025 3739 3100 Ephesiumtricies(67)

331 3113 569 3168 circiter
596 3111 712 3166 duo
744 3109 954 3165 millia.
1003 3109 1153 3163 Item
1209 3106 1279 3160 De
1333 3121 1393 3159 re
1439 3102 1650 3158 medica
1707 3099 1976 3155 oratione
2014 3171 2048 3180 _
2079 3105 2262 3163 fuisse
2293 3115 2675 3180 prostratum,

331 3203 545 3271 soluta,
577 3208 634 3258 et
663 3201 851 3257 multa
895 3199 1030 3255 alia.
1091 3203 1203 3253 etc.
1257 3194 1603 3266 Empedoclis
1656 3188 1974 3259 inimicitia,
2006 3171 2048 3238 C
2148 3171 2470 3270 Ephibpus,
2516 3200 2918 3271 Atheniensis,
2951 3203 3212 3260 comicus
3240 3204 3453 3260 media;
3504 3223 3729 3264 οοωω-

324 3293 725 3364 proverbium,
763 3289 921 3362 quod
971 3288 1189 3344 dicitur
1245 3285 1316 3341 de
1364 3285 1438 3340 iis
1493 3283 1594 3356 qui
1651 3281 1963 3336 diuturnas
2069 3285 2202 3342 dim,

321 3382 668 3437 inimicitias
699 3380 981 3436 adversus
1010 3377 1246 3448 aliquos
1271 3378 1502 3448 gerunt.

391 3475 841 3546 Empedotimus
873 3471 1112 3542 scripsit
1157 3465 1282 3542 περὶ
1339 3470 1570 3543 φυσικῆς
1629 3461 1962 3537 ἀκροάσεως,

2139 3377 2464 3451 Ephippus,
2497 3381 2818 3450 Cumanus,
2844 3382 3004 3438 ﬁlius
3036 3382 3372 3456 Demophili
3393 3385 3484 3440 vel
3513 3389 3723 3443 Antio-

2068 3465 2183 3532 chi,
2207 3468 2482 3524 Isocratis
2499 3470 2749 3526 oratoris
2769 3471 3373 3543 auditor,historicus,
3393 3474 3495 3544 qui
3514 3476 3712 3532 ﬁlium

320 3565 394 3618 De
417 3564 649 3634 physica
679 3561 1098 3625 auscultatione,
1132 3557 1203 3612 de
1235 3573 1350 3628 quo
1382 3555 1694 3624 (Julianus)
1727 3551 1754 3604 ὁ
1787 3568 1957 3623 παρα·
2067 3555 2274 3610 habuit
2311 3557 2751 3630 Demophilum,
2783 3560 3156 3616 historicum.
3193 3563 3344 3617 Vixit
3373 3563 3720 3636 Olympiade

320 3644 491 3718 ϐάτης
523 3653 586 3704 in
602 3667 780 3720 opere
811 3648 970 3719 quod
1001 3648 1200 3704 Cronia
1230 3644 1612 3700 inscribitur:
1647 3663 1674 3690 ‹‹
1709 3642 1822 3695 Nos
1854 3656 1958 3694 au-
2065 3643 2254 3712 XCIII,
2290 3645 2370 3700 ita
2390 3651 2458 3701 ut
2477 3647 2732 3719 Philippi
2756 3649 3090 3704 Macedonis
3112 3666 3362 3723 regnum
3382 3657 3725 3709 antecesse-

317 3761 344 3789 «
381 3744 521 3804 tem,
550 3738 961 3808 Empedotimo
993 3743 1050 3790 et
1078 3735 1421 3806 Pythagora:
1453 3731 1782 3791 credentes.
1808 3734 1867 3782 et
1888 3728 1959 3782 iis
2063 3733 2156 3786 rit.
2191 3733 2437 3804 Scripsit
2467 3735 2857 3792 Historiarum
2885 3737 2958 3793 ab
2989 3738 3079 3792 Ilii
3106 3741 3547 3812 expugnatione
3577 3744 3720 3797 Tro-

316 3851 343 3878 «ι
380 3845 511 3899 qua)
544 3827 883 3882 Heraclides
915 3825 1193 3880 Ponticus
1223 3823 1296 3877 ab
1328 3822 1447 3874 illis
1496 3824 1737 3889 accepta
1776 3815 1960 3870 tradi-
2055 3820 2321 3892 janoque
2352 3821 2510 3878 bello
2540 3824 2614 3880 ad
2644 3841 2751 3880 sua
2781 3842 2969 3897 usque
2990 3831 3256 3899 tempora
3285 3852 3305 3876 ι
3333 3828 3521 3883 libros
3544 3831 3719 3902 xxx,

313 3940 341 3969 «
376 3917 482 3985 dit,
517 3922 576 3971 et
605 3915 780 3988 paulo
812 3920 947 3970 ante
979 3913 1237 3984 inclytus
1266 3910 1368 3964 ille
1398 3925 1598 3964 rerum
1630 3905 1958 3962 divinarum
2064 3933 2092 3960 «
2129 3914 2204 3966 De
2235 3911 2408 3966 bonis
2442 3917 2500 3966 et
2534 3913 2706 3969 malis
2737 3914 2909 3970 libris
2939 3916 3110 3972 XXIV
3140 3933 3154 3970 :
3205 3919 3424 3972 Rerum
3455 3919 3719 3975 admira.

314 4027 342 4056 «
371 4005 666 4076 interpres
695 4001 1016 4058 Jamblicus
1047 3999 1221 4055 nobis
1251 3996 1528 4052 ostendit.
2061 4021 2088 4050 «
2123 3999 2333 4055 bilium
2361 4003 2469 4053 τῶν
2521 4001 2846 4077 ἑκασταχοῦ,
2896 4021 3027 4076 quas
3081 4005 3142 4060 in
3201 4007 3405 4077 quavis
3461 4009 3714 4080 regione

384 4092 659 4152 Ἐνιαυτὸς
689 4090 966 4158 Μέτωνος,
1017 4105 1196 4144 annus
1248 4088 1496 4154 Metonis,
1546 4084 1607 4139 id
1657 4088 1747 4140 est
1793 4083 1955 4139 orbis

2076 4111 2089 4139 (
2121 4089 2534 4160 observantur,
2569 4091 2754 4148 libros
2777 4093 2908 4162 XV;
2941 4094 3022 4150 De
3053 4095 3232 4150 rebus
3257 4113 3406 4167 quas
3455 4098 3717 4168 quisque

310 4200 603 4238 annorum
631 4181 776 4237 XIX.
811 4183 960 4236 Meto
988 4179 1171 4245 enim,
1230 4175 1710 4240 mathematicus,
1761 4173 1954 4245 perio-
2059 4201 2088 4229 «
2121 4180 2347 4236 invenit
2376 4181 2560 4237 libros
2590 4183 2660 4251 Π,
2691 4187 2750 4238 et
2777 4184 2913 4240 alia,

310 4272 451 4329 dum
485 4272 768 4344 temporis
803 4287 872 4326 ex
899 4271 1031 4325 XIX
1060 4267 1236 4322 annis
1267 4269 1636 4356 constantem
1669 4263 1912 4356 invenit.
2130 4279 2422 4350 Ephorus,
2445 4279 2768 4350 Cumanus,
2793 4288 2852 4337 et
2870 4283 3712 4356 Theopompusmamasistm-

374 4363 619 4432 Ennius:
653 4368 828 4435 Ροθιθι
855 4363 1157 4416 Romanus
1183 4356 1268 4428 (id
1299 4359 1388 4410 θεῖ
1441 4352 1726 4444 Latini“):
1775 4370 1951 4424 quem
2060 4367 2100 4422 ti
2124 4369 2208 4436 F.,
2232 4369 2432 4436 Chius,
2457 4370 2630 4426 ambo
2652 4372 2928 4428 Isocratis
2951 4352 3362 4444 discipuli,sed
3387 4373 3629 4444 ingenio
3652 4379 3712 4427 et

298 4451 562 4508 jElianus
593 4449 768 4507 laude
799 4449 1044 4523 dignum
1074 4463 1202 4502 esse
1242 4445 1344 4508 ait,
1399 4442 1557 4515 quod
1587 4443 1951 4533 _Scipionem
2061 4457 2212 4528 stylo
2244 4475 2422 4529 quam
2453 4460 2708 4516 maxime
2768 4461 2926 4516 inter
2967 4479 3029 4516 se
3075 4442 3500 4533 discrepantes,
3559 4461 3710 4516 Nam

298 4542 614 4613 magniﬁce
648 4540 932 4596 extollere
963 4537 1210 4609 cupiens
1234 4533 1494 4604 scripsit,
1515 4531 1710 4586 solum
1740 4533 1952 4622 Home-

2076 4547 2328 4618 Ephorus
2345 4548 2585 4620 ingenio
2603 4555 2728 4606 erat
2749 4551 3098 4622 simplici,et
3117 4551 3277 4622 quod
3294 4550 3366 4606 ad
3381 4550 3708 4607 dictionem

300 4647 433 4686 rum
463 4630 670 4686 laudes
728 4630 832 4684 illo
891 4628 1098 4700 dignas
1150 4640 1362 4682 canere
1423 4637 1622 4694 posse,
1680 4621 1949 4694 adeoque

302 4719 707 4790 praestantiam
738 4719 866 4789 ejus
891 4716 1222 4789 intelligere
1245 4730 1308 4770 se
1329 4709 1755 4768 demonstravit
1773 4716 1950 4782 poeta

305 4811 628 4882 Messapius
659 4812 792 4883 (hoc
831 4814 920 4864 est
966 4807 1213 4875 Ennius,
1273 4805 1374 4877 qui
1418 4822 1453 4860 a
1498 4805 1762 4876 Messapo
1809 4821 1948 4877 rege

303 4917 473 4956 suam
505 4899 810 4972 repetebat
837 4899 1171 4971 originem).

369 4989 456 5042 ’Ev
487 4986 645 5043 πέντε
674 4990 876 5063 κριτῶν
901 4985 1109 5060 γόνασι.
1142 4986 1201 5040 1η
1228 4984 1475 5055 quinque
1493 4983 1754 5054 judicum
1783 4987 1946 5055 geni-

299 5079 414 5134 bus.
449 5079 604 5135 Olim
635 5078 902 5150 quinque
925 5077 1162 5148 judices
1191 5075 1264 5130 de
1297 5073 1541 5130 comicis
1563 5074 1942 5146 judicabant,

373 5261 483 5327 (65)
517 5263 588 5313 At
618 5260 904 5313 Kiisterus
935 5272 966 5310 e
997 5255 1171 5327 codd.
1203 5253 1388 5310 Paris.
1426 5258 1484 5308 et
1512 5258 1753 5324 propter
1781 5256 1943 5314 litte-

299 5324 502 5388 rarum
535 5330 750 5388 seriem
785 5327 970 5400 edidit
998 5324 1305 5400 ἐλεγείνειν.
1340 5327 1513 5400 Illum.

2061 4637 2187 4708 ejus
2200 4637 2545 4694 historicum
2558 4639 3053 4712 attinet,supinus
3066 4640 3333 4714 etsegnis
3351 4656 3710 4711 semperque

2056 4724 2362 4780 remissus.
2394 4725 2805 4800 Theopompus
2833 4745 2969 4784 vero
2995 4729 3232 4802 ingenio
3266 4733 3393 4800 erat
3411 4727 3626 4784 acerbo
3653 4735 3712 4783 et

2055 4814 2316 4886 maligno
2342 4831 2355 4882 ;
2389 4820 2449 4870 at
2477 4815 2737 4872 dictione
2767 4819 3045 4890 copiosus
3076 4825 3134 4875 et
3162 4818 3404 4888 densus,
3437 4834 3506 4873 ac
3536 4818 3712 4874 veheo

2055 4905 2292 4960 mentias
2315 4903 2559 4977 plenusi:
2585 4911 2798 4962 caetero
2821 4908 2921 4978 qui
2942 4909 3062 4964 veri
3085 4908 3385 4964 studiosus
3407 4907 3468 4961 in
3486 4907 3560 4962 iis
3574 4923 3707 4978 qum

2053 4994 2370 5050 scribebat.
2401 4996 2688 5052 Isocrates
2738 4997 2915 5070 igitur
2947 4999 3104 5055 hunc
3143 4998 3349 5065 frenis,
3394 4997 3700 5069 Ephorum

2052 5099 2187 5138 vero
2217 5083 2548 5140 calcaribus
2570 5084 2835 5158 indigere
2859 5086 3030 5143 dixit.
3049 5088 3460 5159 Theopompas
3478 5091 3702 5157 autem,

2050 5261 2125 5318 ad
2154 5263 2395 5317 Sextum
2416 5263 2800 5334 Empiricum.

2120 5334 2231 5410 (εξ-1)
2260 5334 2575 5410 Kusterad
2603 5335 2662 5390 h.
2694 5337 2738 5391 Ι.
2773 5341 2916 5410 tom.
2950 5335 3020 5404 II,
3051 5355 3184 5410 pag.
3209 5340 3339 5410 919.
3365 5338 3569 5410 not.8,
3593 5352 3699 5407 pro

371 5404 484 5475 (66)
511 5403 758 5490 Fallitur
778 5398 1010 5490 Sujidas,
1034 5395 1635 5490 Sc'eptigis
1652 5399 1809 5490 ειμιοᾲ
1826 5400 1942 5490 iuit

2082 5395 2337 5490 ρίάξογτα
2363 5405 2423 5458 τὸ
2602 5395 3338 5490 ne‘osiv‘legereilila‘llittpig
3366 5408 3426 5462 τὸ
3459 5395 3697 5490 tacita,

297 5467 695 5546 quorumdam
711 5483 748 5528 Α
760 5467 1373 5546 eademicorumﬁam
1389 5467 1636 5546 sceptici
1652 5469 1802 5546 nihil
1820 5478 1939 5546 sta-

297 5539 542 5602 fuerunt
572 5563 645 5603 ne
693 5562 764 5602 ue
797 5540 1178 5616 ἐδογμάτισαν,
1208 5540 1311 5596 sed
1329 5539 1741 5595 tantummodo
1764 5540 1938 5600 dubi-

297 5622 420 5676 tare
451 5635 514 5676 se
541 5564 992 5676 proﬁtebantur.
1030 5613 1191 5676 Vide,
1227 5613 1276 5670 si
1307 5611 1524 5676 placet,
1558 5627 1689 5676 quae
1741 5619 1937 5674 notavi

293 5622 420 5676 tare
451 5635 514 5676 se
541 5611 992 5692 proﬁtebantur.
1030 5613 1191 5683 Vide,
1227 5613 1276 5670 si
1307 5611 1524 5685 placet,
1558 5627 1689 5682 quae
1741 5619 1937 5674 notavi

2049 5483 2132 5554 ter
2161 5478 2427 5554 dejectum
2447 5481 2614 5554 fuisse
2631 5479 2703 5534 ab
2727 5478 3092 5554 adversario.
3110 5478 3399 5554 suamque
3423 5479 3697 5554 emenda-

2049 5549 2276 5604 tionem
2310 5548 2427 5604 late
2457 5549 2825 5622 pulchreque
2857 5548 3112 5624 explicat
3140 5548 3495 5632 probatque.
3521 5550 3697 5606 ΒΑΜ..
