  <div class='ocr_page' id='page_1' title='image "/cluster/home/n/w/nwhite01/storage/ocr_20150623/117/hvd.32044073502239/634.png"; bbox 0 0 4036 6212; ppageno 0'>
   <div class='ocr_carea' id='block_1_1' title="bbox 208 452 382 511">
    <p class='ocr_par' dir='ltr' id='par_1_1' title="bbox 208 452 382 511">
     <span class='ocr_line' id='line_1_1' title="bbox 208 452 382 511; baseline 0 -2"><span class='ocrx_word' id='word_1_1' title='bbox 208 452 382 511; x_wconf 74' lang='grc'>1257</span> 
     </span>
    </p>
   </div>
   <div class='ocr_carea' id='block_1_2' title="bbox 1529 446 2312 515">
    <p class='ocr_par' dir='ltr' id='par_1_2' title="bbox 1529 446 2312 515">
     <span class='ocr_line' id='line_1_2' title="bbox 1529 446 2312 515; baseline -0.001 -10"><span class='ocrx_word' id='word_1_2' title='bbox 1529 447 1627 505; x_wconf 90' lang='lat' dir='ltr'><strong>DE</strong></span> <span class='ocrx_word' id='word_1_3' title='bbox 1669 446 1956 515; x_wconf 84' lang='lat' dir='ltr'><strong>QUIBUS</strong></span> <span class='ocrx_word' id='word_1_4' title='bbox 2001 447 2312 508; x_wconf 81' lang='lat' dir='ltr'><strong>SUIDAS.</strong></span> 
     </span>
    </p>
   </div>
   <div class='ocr_carea' id='block_1_3' title="bbox 3477 439 3640 500">
    <p class='ocr_par' dir='ltr' id='par_1_3' title="bbox 3477 439 3640 500">
     <span class='ocr_line' id='line_1_3' title="bbox 3477 439 3640 500; baseline 0.018 -3"><span class='ocrx_word' id='word_1_5' title='bbox 3477 439 3640 500; x_wconf 79' lang='grc'><strong>1258</strong></span> 
     </span>
    </p>
   </div>
   <div class='ocr_carea' id='block_1_4' title="bbox 202 570 3642 652">
    <p class='ocr_par' dir='ltr' id='par_1_4' title="bbox 202 570 3642 652">
     <span class='ocr_line' id='line_1_4' title="bbox 202 570 3642 652; baseline -0.004 -15"><span class='ocrx_word' id='word_1_6' title='bbox 202 583 280 637; x_wconf 85' lang='lat' dir='ltr'><strong>in</strong></span> <span class='ocrx_word' id='word_1_7' title='bbox 318 582 594 637; x_wconf 82' lang='lat' dir='ltr'><strong>exsilium</strong></span> <span class='ocrx_word' id='word_1_8' title='bbox 625 582 869 652; x_wconf 89' lang='lat' dir='ltr'><strong>ejectus,</strong></span> <span class='ocrx_word' id='word_1_9' title='bbox 897 580 1145 652; x_wconf 83' lang='lat' dir='ltr'><strong>supplex</strong></span> <span class='ocrx_word' id='word_1_10' title='bbox 1198 580 1273 635; x_wconf 92' lang='lat' dir='ltr'><strong>ad</strong></span> <span class='ocrx_word' id='word_1_11' title='bbox 1330 579 1620 651; x_wconf 82' lang='lat' dir='ltr'><strong>templum</strong></span> <span class='ocrx_word' id='word_1_12' title='bbox 1675 580 1873 635; x_wconf 61' lang='lat' dir='ltr'><strong>Dianai</strong></span> <span class='ocrx_word' id='word_1_13' title='bbox 1902 579 1956 644; x_wconf 73' lang='grc' dir='ltr'><strong>Α</strong></span> <span class='ocrx_word' id='word_1_14' title='bbox 1987 578 2308 648; x_wconf 76' lang='lat' dir='ltr'><strong>quotannis</strong></span> <span class='ocrx_word' id='word_1_15' title='bbox 2333 576 2655 648; x_wconf 77' lang='lat' dir='ltr'><strong>parentari,</strong></span> <span class='ocrx_word' id='word_1_16' title='bbox 2705 574 2816 629; x_wconf 87' lang='lat' dir='ltr'><strong>sibi</strong></span> <span class='ocrx_word' id='word_1_17' title='bbox 2859 589 2993 627; x_wconf 87' lang='lat' dir='ltr'><strong>vero</strong></span> <span class='ocrx_word' id='word_1_18' title='bbox 3051 572 3164 639; x_wconf 91' lang='lat' dir='ltr'><strong>bis,</strong></span> <span class='ocrx_word' id='word_1_19' title='bbox 3200 576 3312 626; x_wconf 91' lang='lat' dir='ltr'><strong>etc.</strong></span> <span class='ocrx_word' id='word_1_20' title='bbox 3370 570 3642 641; x_wconf 85' lang='lat' dir='ltr'><strong>Epicurei</strong></span> 
     </span>
    </p>
   </div>
   <div class='ocr_carea' id='block_1_5' title="bbox 202 668 1882 742">
    <p class='ocr_par' dir='ltr' id='par_1_5' title="bbox 202 668 1882 742">
     <span class='ocr_line' id='line_1_5' title="bbox 202 668 1882 742; baseline -0.002 -16"><span class='ocrx_word' id='word_1_21' title='bbox 202 672 494 742; x_wconf 72' lang='lat' dir='ltr'><strong>Ephesiw</strong></span> <span class='ocrx_word' id='word_1_22' title='bbox 526 670 806 741; x_wconf 75' lang='lat' dir='ltr'><strong>confugit.</strong></span> <span class='ocrx_word' id='word_1_23' title='bbox 841 670 1050 725; x_wconf 88' lang='lat' dir='ltr'><strong>Multas</strong></span> <span class='ocrx_word' id='word_1_24' title='bbox 1101 670 1280 724; x_wconf 89' lang='lat' dir='ltr'><strong>etiam</strong></span> <span class='ocrx_word' id='word_1_25' title='bbox 1339 668 1622 740; x_wconf 77' lang='lat' dir='ltr'><strong>epistolas</strong></span> <span class='ocrx_word' id='word_1_26' title='bbox 1674 674 1882 724; x_wconf 90' lang='lat' dir='ltr'><strong>contra</strong></span> 
     </span>
    </p>
   </div>
   <div class='ocr_carea' id='block_1_6' title="bbox 205 757 1879 828">
    <p class='ocr_par' dir='ltr' id='par_1_6' title="bbox 205 757 1879 828">
     <span class='ocr_line' id='line_1_6' title="bbox 205 757 1879 828; baseline -0.001 -14"><span class='ocrx_word' id='word_1_27' title='bbox 205 762 401 815; x_wconf 86' lang='lat' dir='ltr'><strong>Chios</strong></span> <span class='ocrx_word' id='word_1_28' title='bbox 432 760 505 815; x_wconf 90' lang='lat' dir='ltr'><strong>ad</strong></span> <span class='ocrx_word' id='word_1_29' title='bbox 536 758 934 815; x_wconf 77' lang='lat' dir='ltr'><strong>Alexandrum</strong></span> <span class='ocrx_word' id='word_1_30' title='bbox 986 759 1169 825; x_wconf 82' lang='lat' dir='ltr'><strong>misit,</strong></span> <span class='ocrx_word' id='word_1_31' title='bbox 1222 757 1618 828; x_wconf 87' lang='lat' dir='ltr'><strong>eumdemque</strong></span> <span class='ocrx_word' id='word_1_32' title='bbox 1673 758 1879 813; x_wconf 88' lang='lat' dir='ltr'><strong>multis</strong></span> 
     </span>
    </p>
   </div>
   <div class='ocr_carea' id='block_1_7' title="bbox 206 847 1878 918">
    <p class='ocr_par' dir='ltr' id='par_1_7' title="bbox 206 847 1878 918">
     <span class='ocr_line' id='line_1_7' title="bbox 206 847 1878 918; baseline -0.001 -15"><span class='ocrx_word' id='word_1_33' title='bbox 206 849 505 904; x_wconf 80' lang='lat' dir='ltr'><strong>laudibus</strong></span> <span class='ocrx_word' id='word_1_34' title='bbox 562 848 810 904; x_wconf 86' lang='lat' dir='ltr'><strong>ornavit.</strong></span> <span class='ocrx_word' id='word_1_35' title='bbox 870 847 1095 902; x_wconf 82' lang='lat' dir='ltr'><strong>Dicitur</strong></span> <span class='ocrx_word' id='word_1_36' title='bbox 1152 848 1329 903; x_wconf 90' lang='lat' dir='ltr'><strong>etiam</strong></span> <span class='ocrx_word' id='word_1_37' title='bbox 1387 847 1878 918; x_wconf 85' lang='lat' dir='ltr'><strong>vituperationem</strong></span> 
     </span>
    </p>
   </div>
   <div class='ocr_carea' id='block_1_8' title="bbox 216 936 1415 1009">
    <p class='ocr_par' dir='ltr' id='par_1_8' title="bbox 216 936 1415 1009">
     <span class='ocr_line' id='line_1_8' title="bbox 216 936 1415 1009; baseline 0.001 -17"><span class='ocrx_word' id='word_1_38' title='bbox 216 938 362 1009; x_wconf 84' lang='lat' dir='ltr'><strong>ejus</strong></span> <span class='ocrx_word' id='word_1_39' title='bbox 393 936 721 1007; x_wconf 84' lang='lat' dir='ltr'><strong>scripsisse,</strong></span> <span class='ocrx_word' id='word_1_40' title='bbox 756 936 859 991; x_wconf 91' lang='lat' dir='ltr'><strong>sed</strong></span> <span class='ocrx_word' id='word_1_41' title='bbox 890 954 1022 1008; x_wconf 69' lang='lat' dir='ltr'><strong>quas</strong></span> <span class='ocrx_word' id='word_1_42' title='bbox 1055 955 1174 992; x_wconf 91' lang='lat' dir='ltr'><strong>non</strong></span> <span class='ocrx_word' id='word_1_43' title='bbox 1207 942 1415 993; x_wconf 82' lang='lat' dir='ltr'><strong>exstat.</strong></span> 
     </span>
    </p>
   </div>
   <div class='ocr_carea' id='block_1_9' title="bbox 306 1026 1878 1097">
    <p class='ocr_par' dir='ltr' id='par_1_9' title="bbox 306 1026 1878 1097">
     <span class='ocr_line' id='line_1_9' title="bbox 306 1026 1878 1097; baseline 0.001 -17"><span class='ocrx_word' id='word_1_44' title='bbox 306 1026 912 1097; x_wconf 88' lang='lat' dir='ltr'><strong>Epicharmus,Tityri</strong></span> <span class='ocrx_word' id='word_1_45' title='bbox 942 1027 1033 1081; x_wconf 85' lang='lat' dir='ltr'><strong>vel</strong></span> <span class='ocrx_word' id='word_1_46' title='bbox 1063 1027 1322 1082; x_wconf 89' lang='lat' dir='ltr'><strong>Chimari</strong></span> <span class='ocrx_word' id='word_1_47' title='bbox 1347 1027 1436 1081; x_wconf 85' lang='lat' dir='ltr'><strong>vel</strong></span> <span class='ocrx_word' id='word_1_48' title='bbox 1461 1026 1670 1080; x_wconf 89' lang='lat' dir='ltr'><strong>Sicidis</strong></span> <span class='ocrx_word' id='word_1_49' title='bbox 1698 1026 1878 1095; x_wconf 79' lang='lat' dir='ltr'><strong>filius,</strong></span> 
     </span>
    </p>
   </div>
   <div class='ocr_carea' id='block_1_10' title="bbox 211 1114 1878 1187">
    <p class='ocr_par' dir='ltr' id='par_1_10' title="bbox 211 1114 1878 1187">
     <span class='ocr_line' id='line_1_10' title="bbox 211 1114 1878 1187; baseline -0.001 -17"><span class='ocrx_word' id='word_1_50' title='bbox 211 1117 651 1187; x_wconf 83' lang='lat' dir='ltr'><strong>Syracusanus,</strong></span> <span class='ocrx_word' id='word_1_51' title='bbox 685 1114 775 1169; x_wconf 91' lang='lat' dir='ltr'><strong>vel</strong></span> <span class='ocrx_word' id='word_1_52' title='bbox 833 1132 903 1170; x_wconf 89' lang='lat' dir='ltr'><strong>ex</strong></span> <span class='ocrx_word' id='word_1_53' title='bbox 958 1116 1305 1171; x_wconf 87' lang='lat' dir='ltr'><strong>Sicanorum</strong></span> <span class='ocrx_word' id='word_1_54' title='bbox 1363 1116 1618 1183; x_wconf 88' lang='lat' dir='ltr'><strong>civitate,</strong></span> <span class='ocrx_word' id='word_1_55' title='bbox 1652 1117 1878 1181; x_wconf 90' lang='lat' dir='ltr'><strong>Crasto,</strong></span> 
     </span>
    </p>
   </div>
   <div class='ocr_carea' id='block_1_11' title="bbox 210 1203 1876 1275">
    <p class='ocr_par' dir='ltr' id='par_1_11' title="bbox 210 1203 1876 1275">
     <span class='ocr_line' id='line_1_11' title="bbox 210 1203 1876 1275; baseline -0.001 -17"><span class='ocrx_word' id='word_1_56' title='bbox 210 1203 323 1275; x_wconf 89' lang='lat' dir='ltr'><strong>qui</strong></span> <span class='ocrx_word' id='word_1_57' title='bbox 347 1220 469 1258; x_wconf 91' lang='lat' dir='ltr'><strong>una</strong></span> <span class='ocrx_word' id='word_1_58' title='bbox 490 1219 626 1258; x_wconf 89' lang='lat' dir='ltr'><strong>cum</strong></span> <span class='ocrx_word' id='word_1_59' title='bbox 641 1203 920 1259; x_wconf 86' lang='lat' dir='ltr'><strong>Phormio</strong></span> <span class='ocrx_word' id='word_1_60' title='bbox 936 1204 1287 1261; x_wconf 73' lang='lat' dir='ltr'><strong>comcediam</strong></span> <span class='ocrx_word' id='word_1_61' title='bbox 1312 1204 1615 1275; x_wconf 87' lang='lat' dir='ltr'><strong>Syracusis</strong></span> <span class='ocrx_word' id='word_1_62' title='bbox 1632 1203 1876 1258; x_wconf 87' lang='lat' dir='ltr'><strong>invenit.</strong></span> 
     </span>
    </p>
   </div>
   <div class='ocr_carea' id='block_1_12' title="bbox 208 1292 1880 1364">
    <p class='ocr_par' dir='ltr' id='par_1_12' title="bbox 208 1292 1880 1364">
     <span class='ocr_line' id='line_1_12' title="bbox 208 1292 1880 1364; baseline 0 -17"><span class='ocrx_word' id='word_1_63' title='bbox 208 1294 435 1347; x_wconf 89' lang='lat' dir='ltr'><strong>Docuit</strong></span> <span class='ocrx_word' id='word_1_64' title='bbox 464 1292 698 1347; x_wconf 88' lang='lat' dir='ltr'><strong>fabulas</strong></span> <span class='ocrx_word' id='word_1_65' title='bbox 728 1293 839 1360; x_wconf 84' lang='lat' dir='ltr'><strong>LII,</strong></span> <span class='ocrx_word' id='word_1_66' title='bbox 872 1293 987 1360; x_wconf 91' lang='lat' dir='ltr'><strong>vel,</strong></span> <span class='ocrx_word' id='word_1_67' title='bbox 1020 1299 1088 1348; x_wconf 92' lang='lat' dir='ltr'><strong>ut</strong></span> <span class='ocrx_word' id='word_1_68' title='bbox 1123 1295 1315 1364; x_wconf 90' lang='lat' dir='ltr'><strong>Lycon</strong></span> <span class='ocrx_word' id='word_1_69' title='bbox 1346 1294 1448 1361; x_wconf 87' lang='lat' dir='ltr'><strong>ait,</strong></span> <span class='ocrx_word' id='word_1_70' title='bbox 1481 1293 1702 1348; x_wconf 89' lang='lat' dir='ltr'><strong>XXXV.</strong></span> <span class='ocrx_word' id='word_1_71' title='bbox 1735 1292 1880 1357; x_wconf 62' lang='lat' dir='ltr'><strong>Qui-</strong></span> 
     </span>
    </p>
   </div>
   <div class='ocr_carea' id='block_1_13' title="bbox 212 1381 1878 1453">
    <p class='ocr_par' dir='ltr' id='par_1_13' title="bbox 212 1381 1878 1453">
     <span class='ocr_line' id='line_1_13' title="bbox 212 1381 1878 1453; baseline -0.001 -17"><span class='ocrx_word' id='word_1_72' title='bbox 212 1381 362 1438; x_wconf 90' lang='lat' dir='ltr'><strong>dam</strong></span> <span class='ocrx_word' id='word_1_73' title='bbox 397 1382 642 1438; x_wconf 90' lang='lat' dir='ltr'><strong>tradunt</strong></span> <span class='ocrx_word' id='word_1_74' title='bbox 670 1382 865 1453; x_wconf 92' lang='lat' dir='ltr'><strong>ipsum</strong></span> <span class='ocrx_word' id='word_1_75' title='bbox 896 1382 1079 1437; x_wconf 84' lang='lat' dir='ltr'><strong>fuisse</strong></span> <span class='ocrx_word' id='word_1_76' title='bbox 1111 1384 1315 1451; x_wconf 89' lang='lat' dir='ltr'><strong>Coum,</strong></span> <span class='ocrx_word' id='word_1_77' title='bbox 1348 1398 1534 1437; x_wconf 89' lang='lat' dir='ltr'><strong>unum</strong></span> <span class='ocrx_word' id='word_1_78' title='bbox 1575 1399 1645 1437; x_wconf 88' lang='lat' dir='ltr'><strong>ex</strong></span> <span class='ocrx_word' id='word_1_79' title='bbox 1672 1383 1746 1436; x_wconf 91' lang='lat' dir='ltr'><strong>iis</strong></span> <span class='ocrx_word' id='word_1_80' title='bbox 1777 1381 1878 1452; x_wconf 89' lang='lat' dir='ltr'><strong>qui</strong></span> 
     </span>
    </p>
   </div>
   <div class='ocr_carea' id='block_1_14' title="bbox 210 1469 1877 1544">
    <p class='ocr_par' dir='ltr' id='par_1_14' title="bbox 210 1469 1877 1544">
     <span class='ocr_line' id='line_1_14' title="bbox 210 1469 1877 1544; baseline -0.003 -17"><span class='ocrx_word' id='word_1_81' title='bbox 210 1488 357 1527; x_wconf 89' lang='lat' dir='ltr'><strong>cum</strong></span> <span class='ocrx_word' id='word_1_82' title='bbox 388 1470 607 1526; x_wconf 88' lang='lat' dir='ltr'><strong>Cadmo</strong></span> <span class='ocrx_word' id='word_1_83' title='bbox 632 1470 693 1525; x_wconf 91' lang='lat' dir='ltr'><strong>in</strong></span> <span class='ocrx_word' id='word_1_84' title='bbox 725 1470 988 1526; x_wconf 90' lang='lat' dir='ltr'><strong>Siciliam</strong></span> <span class='ocrx_word' id='word_1_85' title='bbox 1020 1472 1388 1544; x_wconf 88' lang='lat' dir='ltr'><strong>migrarunt;</strong></span> <span class='ocrx_word' id='word_1_86' title='bbox 1422 1470 1523 1526; x_wconf 89' lang='lat' dir='ltr'><strong>alii</strong></span> <span class='ocrx_word' id='word_1_87' title='bbox 1573 1469 1877 1535; x_wconf 86' lang='lat' dir='ltr'><strong>Samium;</strong></span> 
     </span>
    </p>
   </div>
   <div class='ocr_carea' id='block_1_15' title="bbox 214 1560 1879 1633">
    <p class='ocr_par' dir='ltr' id='par_1_15' title="bbox 214 1560 1879 1633">
     <span class='ocr_line' id='line_1_15' title="bbox 214 1560 1879 1633; baseline -0.001 -17"><span class='ocrx_word' id='word_1_88' title='bbox 214 1561 325 1616; x_wconf 91' lang='lat' dir='ltr'><strong>alii</strong></span> <span class='ocrx_word' id='word_1_89' title='bbox 352 1562 615 1633; x_wconf 76' lang='lat' dir='ltr'><strong>Megaris,</strong></span> <span class='ocrx_word' id='word_1_90' title='bbox 643 1560 787 1615; x_wconf 88' lang='lat' dir='ltr'><strong>urbe</strong></span> <span class='ocrx_word' id='word_1_91' title='bbox 810 1561 1025 1616; x_wconf 64' lang='lat' dir='ltr'><strong>Siciliae</strong></span> <span class='ocrx_word' id='word_1_92' title='bbox 1048 1562 1387 1617; x_wconf 90' lang='lat' dir='ltr'><strong>oriundum.</strong></span> <span class='ocrx_word' id='word_1_93' title='bbox 1422 1562 1555 1616; x_wconf 88' lang='lat' dir='ltr'><strong>Fuit</strong></span> <span class='ocrx_word' id='word_1_94' title='bbox 1574 1578 1675 1616; x_wconf 91' lang='lat' dir='ltr'><strong>sex</strong></span> <span class='ocrx_word' id='word_1_95' title='bbox 1704 1560 1879 1615; x_wconf 91' lang='lat' dir='ltr'><strong>annis</strong></span> 
     </span>
    </p>
   </div>
   <div class='ocr_carea' id='block_1_16' title="bbox 217 1644 1879 1715">
    <p class='ocr_par' dir='ltr' id='par_1_16' title="bbox 217 1644 1879 1715">
     <span class='ocr_line' id='line_1_16' title="bbox 217 1644 1879 1715; baseline -0.001 -16"><span class='ocrx_word' id='word_1_96' title='bbox 217 1651 363 1700; x_wconf 89' lang='lat' dir='ltr'><strong>ante</strong></span> <span class='ocrx_word' id='word_1_97' title='bbox 396 1645 623 1700; x_wconf 89' lang='lat' dir='ltr'><strong>bellum</strong></span> <span class='ocrx_word' id='word_1_98' title='bbox 654 1644 959 1699; x_wconf 90' lang='lat' dir='ltr'><strong>Persicum</strong></span> <span class='ocrx_word' id='word_1_99' title='bbox 985 1644 1289 1715; x_wconf 89' lang='lat' dir='ltr'><strong>Syracusis</strong></span> <span class='ocrx_word' id='word_1_100' title='bbox 1312 1645 1532 1699; x_wconf 87' lang='lat' dir='ltr'><strong>docens</strong></span> <span class='ocrx_word' id='word_1_101' title='bbox 1558 1662 1571 1712; x_wconf 88' lang='lat'><strong>;</strong></span> <span class='ocrx_word' id='word_1_102' title='bbox 1598 1661 1712 1715; x_wconf 92' lang='lat' dir='ltr'><strong>quo</strong></span> <span class='ocrx_word' id='word_1_103' title='bbox 1737 1649 1879 1698; x_wconf 88' lang='lat' dir='ltr'><strong>tem-</strong></span> 
     </span>
    </p>
   </div>
   <div class='ocr_carea' id='block_1_17' title="bbox 217 1733 1879 1807">
    <p class='ocr_par' dir='ltr' id='par_1_17' title="bbox 217 1733 1879 1807">
     <span class='ocr_line' id='line_1_17' title="bbox 217 1733 1879 1807; baseline -0.001 -17"><span class='ocrx_word' id='word_1_104' title='bbox 217 1752 368 1807; x_wconf 89' lang='lat' dir='ltr'><strong>pore</strong></span> <span class='ocrx_word' id='word_1_105' title='bbox 392 1735 640 1790; x_wconf 87' lang='lat' dir='ltr'><strong>Athenis</strong></span> <span class='ocrx_word' id='word_1_106' title='bbox 670 1736 882 1790; x_wconf 90' lang='lat' dir='ltr'><strong>Euetes</strong></span> <span class='ocrx_word' id='word_1_107' title='bbox 905 1740 965 1789; x_wconf 93' lang='lat' dir='ltr'><strong>et</strong></span> <span class='ocrx_word' id='word_1_108' title='bbox 992 1735 1326 1791; x_wconf 87' lang='lat' dir='ltr'><strong>Euxenides</strong></span> <span class='ocrx_word' id='word_1_109' title='bbox 1349 1741 1407 1790; x_wconf 92' lang='lat' dir='ltr'><strong>et</strong></span> <span class='ocrx_word' id='word_1_110' title='bbox 1432 1734 1621 1806; x_wconf 85' lang='lat' dir='ltr'><strong>Mylus</strong></span> <span class='ocrx_word' id='word_1_111' title='bbox 1647 1733 1879 1790; x_wconf 78' lang='lat' dir='ltr'><strong>fabulas</strong></span> 
     </span>
    </p>
   </div>
   <div class='ocr_carea' id='block_1_18' title="bbox 222 1824 507 1879">
    <p class='ocr_par' dir='ltr' id='par_1_18' title="bbox 222 1824 507 1879">
     <span class='ocr_line' id='line_1_18' title="bbox 222 1824 507 1879; baseline 0 0"><span class='ocrx_word' id='word_1_112' title='bbox 222 1824 507 1879; x_wconf 87' lang='lat' dir='ltr'><strong>edebant.</strong></span> 
     </span>
    </p>
   </div>
   <div class='ocr_carea' id='block_1_19' title="bbox 1987 661 3639 737">
    <p class='ocr_par' dir='ltr' id='par_1_19' title="bbox 1987 661 3639 737">
     <span class='ocr_line' id='line_1_19' title="bbox 1987 661 3639 737; baseline -0.004 -15"><span class='ocrx_word' id='word_1_113' title='bbox 1987 668 2127 722; x_wconf 92' lang='lat' dir='ltr'><strong>SCto</strong></span> <span class='ocrx_word' id='word_1_114' title='bbox 2150 671 2335 723; x_wconf 81' lang='lat' dir='ltr'><strong>Roma</strong></span> <span class='ocrx_word' id='word_1_115' title='bbox 2368 672 2508 722; x_wconf 89' lang='lat' dir='ltr'><strong>sunt</strong></span> <span class='ocrx_word' id='word_1_116' title='bbox 2537 666 2733 737; x_wconf 86' lang='lat' dir='ltr'><strong>ejecti,</strong></span> <span class='ocrx_word' id='word_1_117' title='bbox 2766 664 3008 719; x_wconf 90' lang='lat' dir='ltr'><strong>eosdem</strong></span> <span class='ocrx_word' id='word_1_118' title='bbox 3041 663 3319 734; x_wconf 83' lang='lat' dir='ltr'><strong>expulere</strong></span> <span class='ocrx_word' id='word_1_119' title='bbox 3365 661 3639 716; x_wconf 79' lang='lat' dir='ltr'><strong>Messenii</strong></span> 
     </span>
    </p>
   </div>
   <div class='ocr_carea' id='block_1_20' title="bbox 1987 754 3642 828">
    <p class='ocr_par' dir='ltr' id='par_1_20' title="bbox 1987 754 3642 828">
     <span class='ocr_line' id='line_1_20' title="bbox 1987 754 3642 828; baseline -0.004 -15"><span class='ocrx_word' id='word_1_120' title='bbox 1987 761 2049 813; x_wconf 92' lang='lat' dir='ltr'><strong>in</strong></span> <span class='ocrx_word' id='word_1_121' title='bbox 2082 759 2347 823; x_wconf 81' lang='lat' dir='ltr'><strong>Arcadia,</strong></span> <span class='ocrx_word' id='word_1_122' title='bbox 2382 758 2574 828; x_wconf 88' lang='lat' dir='ltr'><strong>iisque</strong></span> <span class='ocrx_word' id='word_1_123' title='bbox 2606 756 2867 828; x_wconf 86' lang='lat' dir='ltr'><strong>expulsis</strong></span> <span class='ocrx_word' id='word_1_124' title='bbox 2917 761 3099 810; x_wconf 89' lang='lat' dir='ltr'><strong>totam</strong></span> <span class='ocrx_word' id='word_1_125' title='bbox 3145 754 3354 808; x_wconf 87' lang='lat' dir='ltr'><strong>urbem</strong></span> <span class='ocrx_word' id='word_1_126' title='bbox 3386 769 3419 807; x_wconf 90' lang='lat' dir='ltr'><strong>a</strong></span> <span class='ocrx_word' id='word_1_127' title='bbox 3441 754 3642 807; x_wconf 89' lang='lat' dir='ltr'><strong>Timu-</strong></span> 
     </span>
    </p>
   </div>
   <div class='ocr_carea' id='block_1_21' title="bbox 1987 844 3645 921">
    <p class='ocr_par' dir='ltr' id='par_1_21' title="bbox 1987 844 3645 921">
     <span class='ocr_line' id='line_1_21' title="bbox 1987 844 3645 921; baseline -0.005 -16"><span class='ocrx_word' id='word_1_128' title='bbox 1987 850 2136 916; x_wconf 93' lang='lat' dir='ltr'><strong>chis,</strong></span> <span class='ocrx_word' id='word_1_129' title='bbox 2167 849 2613 921; x_wconf 87' lang='lat' dir='ltr'><strong>magistratibus</strong></span> <span class='ocrx_word' id='word_1_130' title='bbox 2672 848 2817 912; x_wconf 89' lang='lat' dir='ltr'><strong>suis,</strong></span> <span class='ocrx_word' id='word_1_131' title='bbox 2878 847 3150 902; x_wconf 84' lang='lat' dir='ltr'><strong>fecerunt</strong></span> <span class='ocrx_word' id='word_1_132' title='bbox 3203 844 3440 915; x_wconf 90' lang='lat' dir='ltr'><strong>purgari</strong></span> <span class='ocrx_word' id='word_1_133' title='bbox 3486 844 3645 897; x_wconf 91' lang='lat' dir='ltr'><strong>velut</strong></span> 
     </span>
    </p>
   </div>
   <div class='ocr_carea' id='block_1_22' title="bbox 1988 934 3641 1009">
    <p class='ocr_par' dir='ltr' id='par_1_22' title="bbox 1988 934 3641 1009">
     <span class='ocr_line' id='line_1_22' title="bbox 1988 934 3641 1009; baseline -0.003 -16"><span class='ocrx_word' id='word_1_134' title='bbox 1988 940 2261 994; x_wconf 88' lang='lat' dir='ltr'><strong>sordibus</strong></span> <span class='ocrx_word' id='word_1_135' title='bbox 2293 939 2650 1009; x_wconf 87' lang='lat' dir='ltr'><strong>quibusdam</strong></span> <span class='ocrx_word' id='word_1_136' title='bbox 2684 944 2741 992; x_wconf 90' lang='lat' dir='ltr'><strong>et</strong></span> <span class='ocrx_word' id='word_1_137' title='bbox 2776 936 3178 1009; x_wconf 71' lang='lat' dir='ltr'><strong>purgamentis</strong></span> <span class='ocrx_word' id='word_1_138' title='bbox 3210 934 3541 987; x_wconf 88' lang='lat' dir='ltr'><strong>liberatam.</strong></span> <span class='ocrx_word' id='word_1_139' title='bbox 3576 935 3641 988; x_wconf 91' lang='lat' dir='ltr'><strong>In</strong></span> 
     </span>
    </p>
   </div>
   <div class='ocr_carea' id='block_1_23' title="bbox 1988 1024 3643 1101">
    <p class='ocr_par' dir='ltr' id='par_1_23' title="bbox 1988 1024 3643 1101">
     <span class='ocr_line' id='line_1_23' title="bbox 1988 1024 3643 1101; baseline -0.005 -16"><span class='ocrx_word' id='word_1_140' title='bbox 1988 1032 2158 1085; x_wconf 85' lang='lat' dir='ltr'><strong>Creta</strong></span> <span class='ocrx_word' id='word_1_141' title='bbox 2178 1046 2414 1100; x_wconf 89' lang='lat' dir='ltr'><strong>quoque</strong></span> <span class='ocrx_word' id='word_1_142' title='bbox 2446 1030 2625 1101; x_wconf 87' lang='lat' dir='ltr'><strong>Lyctii</strong></span> <span class='ocrx_word' id='word_1_143' title='bbox 2659 1032 2772 1099; x_wconf 83' lang='lat'><strong>(68)</strong></span> <span class='ocrx_word' id='word_1_144' title='bbox 2804 1029 3092 1099; x_wconf 88' lang='lat' dir='ltr'><strong>quosdam</strong></span> <span class='ocrx_word' id='word_1_145' title='bbox 3125 1027 3466 1097; x_wconf 88' lang='lat' dir='ltr'><strong>Epicureos,</strong></span> <span class='ocrx_word' id='word_1_146' title='bbox 3500 1024 3643 1078; x_wconf 90' lang='lat' dir='ltr'><strong>illuc</strong></span> 
     </span>
    </p>
   </div>
   <div class='ocr_carea' id='block_1_24' title="bbox 1988 1114 3644 1191">
    <p class='ocr_par' dir='ltr' id='par_1_24' title="bbox 1988 1114 3644 1191">
     <span class='ocr_line' id='line_1_24' title="bbox 1988 1114 3644 1191; baseline -0.005 -16"><span class='ocrx_word' id='word_1_147' title='bbox 1988 1121 2306 1191; x_wconf 86' lang='lat' dir='ltr'><strong>profectos,</strong></span> <span class='ocrx_word' id='word_1_148' title='bbox 2347 1120 2721 1190; x_wconf 89' lang='lat' dir='ltr'><strong>expulerunt,</strong></span> <span class='ocrx_word' id='word_1_149' title='bbox 2758 1119 3066 1191; x_wconf 79' lang='lat' dir='ltr'><strong>legemque</strong></span> <span class='ocrx_word' id='word_1_150' title='bbox 3101 1116 3366 1171; x_wconf 90' lang='lat' dir='ltr'><strong>tulerunt</strong></span> <span class='ocrx_word' id='word_1_151' title='bbox 3398 1132 3410 1169; x_wconf 91' lang='lat'><strong>:</strong></span> <span class='ocrx_word' id='word_1_152' title='bbox 3445 1137 3473 1164; x_wconf 86' lang='lat'><strong>«</strong></span> <span class='ocrx_word' id='word_1_153' title='bbox 3508 1114 3644 1185; x_wconf 89' lang='lat' dir='ltr'><strong>Epi-</strong></span> 
     </span>
    </p>
   </div>
   <div class='ocr_carea' id='block_1_25' title="bbox 1988 1205 3642 1280">
    <p class='ocr_par' dir='ltr' id='par_1_25' title="bbox 1988 1205 3642 1280">
     <span class='ocr_line' id='line_1_25' title="bbox 1988 1205 3642 1280; baseline -0.002 -20"><span class='ocrx_word' id='word_1_154' title='bbox 1988 1231 2016 1260; x_wconf 77' lang='grc' dir='ltr'>α</span> <span class='ocrx_word' id='word_1_155' title='bbox 2051 1210 2211 1264; x_wconf 91' lang='lat' dir='ltr'><strong>curei</strong></span> <span class='ocrx_word' id='word_1_156' title='bbox 2247 1210 2554 1280; x_wconf 62' lang='lat' dir='ltr'><strong>sapientia:</strong></span> <span class='ocrx_word' id='word_1_157' title='bbox 2587 1208 2942 1264; x_wconf 72' lang='lat' dir='ltr'><strong>eﬂ‘eminatae</strong></span> <span class='ocrx_word' id='word_1_158' title='bbox 2975 1213 3033 1262; x_wconf 92' lang='lat' dir='ltr'><strong>et</strong></span> <span class='ocrx_word' id='word_1_159' title='bbox 3057 1205 3366 1278; x_wconf 81' lang='lat' dir='ltr'><strong>degeneris</strong></span> <span class='ocrx_word' id='word_1_160' title='bbox 3408 1221 3476 1258; x_wconf 91' lang='lat' dir='ltr'><strong>ac</strong></span> <span class='ocrx_word' id='word_1_161' title='bbox 3506 1209 3642 1259; x_wconf 87' lang='lat' dir='ltr'><strong>tur-</strong></span> 
     </span>
    </p>
   </div>
   <div class='ocr_carea' id='block_1_26' title="bbox 1989 1294 3649 1370">
    <p class='ocr_par' dir='ltr' id='par_1_26' title="bbox 1989 1294 3649 1370">
     <span class='ocr_line' id='line_1_26' title="bbox 1989 1294 3649 1370; baseline 0.001 -22"><span class='ocrx_word' id='word_1_162' title='bbox 1989 1322 2016 1348; x_wconf 89' lang='grc'><strong>‹‹</strong></span> <span class='ocrx_word' id='word_1_163' title='bbox 2050 1299 2496 1370; x_wconf 89' lang='lat' dir='ltr'><strong>pisinventores</strong></span> <span class='ocrx_word' id='word_1_164' title='bbox 2518 1298 2752 1368; x_wconf 89' lang='lat' dir='ltr'><strong>diisque</strong></span> <span class='ocrx_word' id='word_1_165' title='bbox 2784 1297 2953 1351; x_wconf 89' lang='lat' dir='ltr'><strong>invisi</strong></span> <span class='ocrx_word' id='word_1_166' title='bbox 2984 1313 3089 1367; x_wconf 88' lang='lat' dir='ltr'><strong>per</strong></span> <span class='ocrx_word' id='word_1_167' title='bbox 3114 1294 3408 1366; x_wconf 63' lang='lat' dir='ltr'><strong>praeconis</strong></span> <span class='ocrx_word' id='word_1_168' title='bbox 3430 1309 3649 1349; x_wconf 83' lang='lat' dir='ltr'><strong>vocem</strong></span> 
     </span>
    </p>
   </div>
   <div class='ocr_carea' id='block_1_27' title="bbox 1989 1387 3076 1461">
    <p class='ocr_par' dir='ltr' id='par_1_27' title="bbox 1989 1387 3076 1461">
     <span class='ocr_line' id='line_1_27' title="bbox 1989 1387 3076 1461; baseline 0.001 -22"><span class='ocrx_word' id='word_1_169' title='bbox 1989 1411 2017 1439; x_wconf 84' lang='lat'><strong>«</strong></span> <span class='ocrx_word' id='word_1_170' title='bbox 2053 1390 2226 1461; x_wconf 88' lang='lat' dir='ltr'><strong>Lycto</strong></span> <span class='ocrx_word' id='word_1_171' title='bbox 2258 1387 2542 1444; x_wconf 82' lang='lat' dir='ltr'><strong>excedere</strong></span> <span class='ocrx_word' id='word_1_172' title='bbox 2567 1387 2875 1457; x_wconf 90' lang='lat' dir='ltr'><strong>jubentor,</strong></span> <span class='ocrx_word' id='word_1_173' title='bbox 2904 1409 2931 1435; x_wconf 88' lang='grc'><strong>››</strong></span> <span class='ocrx_word' id='word_1_174' title='bbox 2964 1392 3076 1441; x_wconf 88' lang='lat' dir='ltr'><strong>etc.</strong></span> 
     </span>
    </p>
   </div>
   <div class='ocr_carea' id='block_1_28' title="bbox 2060 1479 3643 1558">
    <p class='ocr_par' dir='ltr' id='par_1_28' title="bbox 2060 1479 3643 1558">
     <span class='ocr_line' id='line_1_28' title="bbox 2060 1479 3643 1558; baseline 0.001 -23"><span class='ocrx_word' id='word_1_175' title='bbox 2060 1481 2367 1553; x_wconf 83' lang='lat' dir='ltr'><strong>Epigenes,</strong></span> <span class='ocrx_word' id='word_1_176' title='bbox 2393 1480 2676 1536; x_wconf 89' lang='lat' dir='ltr'><strong>comicus.</strong></span> <span class='ocrx_word' id='word_1_177' title='bbox 2702 1482 2783 1533; x_wconf 90' lang='lat' dir='ltr'><strong>Ex</strong></span> <span class='ocrx_word' id='word_1_178' title='bbox 2800 1479 2929 1550; x_wconf 84' lang='lat' dir='ltr'><strong>ejus</strong></span> <span class='ocrx_word' id='word_1_179' title='bbox 2952 1479 3167 1536; x_wconf 80' lang='lat' dir='ltr'><strong>fabulis</strong></span> <span class='ocrx_word' id='word_1_180' title='bbox 3202 1488 3342 1538; x_wconf 90' lang='lat' dir='ltr'><strong>sunt</strong></span> <span class='ocrx_word' id='word_1_181' title='bbox 3372 1482 3643 1558; x_wconf 78' lang='grc' dir='ltr'><strong>Ἠρωΐνη,</strong></span> 
     </span>
    </p>
   </div>
   <div class='ocr_carea' id='block_1_29' title="bbox 1988 1570 3642 1643">
    <p class='ocr_par' dir='ltr' id='par_1_29' title="bbox 1988 1570 3642 1643">
     <span class='ocr_line' id='line_1_29' title="bbox 1988 1570 3642 1643; baseline 0.002 -17"><span class='ocrx_word' id='word_1_182' title='bbox 1988 1571 2333 1641; x_wconf 69' lang='grc' dir='ltr'><strong>Μνημάτιον,</strong></span> <span class='ocrx_word' id='word_1_183' title='bbox 2367 1570 2565 1643; x_wconf 82' lang='grc' dir='ltr'><strong>Βακχεί</strong></span> <span class='ocrx_word' id='word_1_184' title='bbox 2601 1570 2726 1641; x_wconf 89' lang='lat' dir='ltr'><strong>(aut</strong></span> <span class='ocrx_word' id='word_1_185' title='bbox 2753 1570 2837 1624; x_wconf 90' lang='lat' dir='ltr'><strong>uti</strong></span> <span class='ocrx_word' id='word_1_186' title='bbox 2872 1571 3084 1626; x_wconf 85' lang='lat' dir='ltr'><strong>Kuster</strong></span> <span class='ocrx_word' id='word_1_187' title='bbox 3127 1589 3196 1627; x_wconf 90' lang='lat' dir='ltr'><strong>ex</strong></span> <span class='ocrx_word' id='word_1_188' title='bbox 3229 1574 3515 1630; x_wconf 63' lang='lat' dir='ltr'><strong>Athenaeo</strong></span> <span class='ocrx_word' id='word_1_189' title='bbox 3546 1576 3642 1643; x_wconf 81' lang='lat' dir='ltr'><strong>IX,</strong></span> 
     </span>
    </p>
   </div>
   <div class='ocr_carea' id='block_1_30' title="bbox 1987 1658 3645 1732">
    <p class='ocr_par' dir='ltr' id='par_1_30' title="bbox 1987 1658 3645 1732">
     <span class='ocr_line' id='line_1_30' title="bbox 1987 1658 3645 1732; baseline 0.002 -16"><span class='ocrx_word' id='word_1_190' title='bbox 1987 1676 2118 1732; x_wconf 88' lang='lat' dir='ltr'><strong>pag.</strong></span> <span class='ocrx_word' id='word_1_191' title='bbox 2156 1661 2278 1725; x_wconf 75' lang='grc'><strong>184,</strong></span> <span class='ocrx_word' id='word_1_192' title='bbox 2312 1659 2482 1714; x_wconf 89' lang='lat' dir='ltr'><strong>malit</strong></span> <span class='ocrx_word' id='word_1_193' title='bbox 2510 1658 2725 1732; x_wconf 73' lang='grc' dir='ltr'><strong>Βάκχαι</strong></span> <span class='ocrx_word' id='word_1_194' title='bbox 2730 1660 2770 1727; x_wconf 82' lang='grc'><strong>).</strong></span> <span class='ocrx_word' id='word_1_195' title='bbox 2796 1659 3078 1715; x_wconf 69' lang='lat' dir='ltr'><strong>Athenaeo</strong></span> <span class='ocrx_word' id='word_1_196' title='bbox 3106 1668 3471 1719; x_wconf 64' lang='lat' dir='ltr'><strong>memoratas.</strong></span> <span class='ocrx_word' id='word_1_197' title='bbox 3492 1665 3645 1718; x_wconf 84' lang='lat' dir='ltr'><strong>Dua-</strong></span> 
     </span>
    </p>
   </div>
   <div class='ocr_carea' id='block_1_31' title="bbox 1986 1746 3071 1803">
    <p class='ocr_par' dir='ltr' id='par_1_31' title="bbox 1986 1746 3071 1803">
     <span class='ocr_line' id='line_1_31' title="bbox 1986 1746 3071 1803; baseline -0.001 0"><span class='ocrx_word' id='word_1_198' title='bbox 1986 1764 2122 1803; x_wconf 88' lang='lat' dir='ltr'><strong>rum</strong></span> <span class='ocrx_word' id='word_1_199' title='bbox 2149 1747 2401 1803; x_wconf 86' lang='lat' dir='ltr'><strong>aliarum</strong></span> <span class='ocrx_word' id='word_1_200' title='bbox 2434 1747 2679 1802; x_wconf 88' lang='lat' dir='ltr'><strong>nomina</strong></span> <span class='ocrx_word' id='word_1_201' title='bbox 2710 1746 2877 1802; x_wconf 89' lang='lat' dir='ltr'><strong>addit</strong></span> <span class='ocrx_word' id='word_1_202' title='bbox 2904 1748 3071 1803; x_wconf 89' lang='lat' dir='ltr'><strong>Kust.</strong></span> 
     </span>
    </p>
   </div>
   <div class='ocr_carea' id='block_1_32' title="bbox 2061 1837 3644 1912">
    <p class='ocr_par' dir='ltr' id='par_1_32' title="bbox 2061 1837 3644 1912">
     <span class='ocr_line' id='line_1_32' title="bbox 2061 1837 3644 1912; baseline 0.004 -19"><span class='ocrx_word' id='word_1_203' title='bbox 2061 1837 2440 1912; x_wconf 79' lang='grc' dir='ltr'><strong>Ἐπίγραμμα.</strong></span> <span class='ocrx_word' id='word_1_204' title='bbox 2488 1839 2706 1893; x_wconf 88' lang='lat' dir='ltr'><strong>Omnes</strong></span> <span class='ocrx_word' id='word_1_205' title='bbox 2746 1838 3192 1909; x_wconf 84' lang='lat' dir='ltr'><strong>inscriptiones,</strong></span> <span class='ocrx_word' id='word_1_206' title='bbox 3225 1844 3492 1911; x_wconf 88' lang='lat' dir='ltr'><strong>quamvis</strong></span> <span class='ocrx_word' id='word_1_207' title='bbox 3523 1861 3644 1899; x_wconf 88' lang='lat' dir='ltr'><strong>non</strong></span> 
     </span>
    </p>
   </div>
   <div class='ocr_carea' id='block_1_33' title="bbox 294 1911 3375 2008">
    <p class='ocr_par' dir='ltr' id='par_1_33' title="bbox 294 1911 3375 2008">
     <span class='ocr_line' id='line_1_33' title="bbox 294 1911 3375 2008; baseline 0 -23"><span class='ocrx_word' id='word_1_208' title='bbox 294 1914 634 2008; x_wconf 62' lang='lat' dir='ltr'><strong>Epicrates_,_</strong></span> <span class='ocrx_word' id='word_1_209' title='bbox 657 1913 1112 2008; x_wconf 51' lang='lat' dir='ltr'><strong>AthenieQSium</strong></span> <span class='ocrx_word' id='word_1_210' title='bbox 1142 1918 1363 2008; x_wconf 46' lang='lat' dir='ltr'><strong>Mitto“,</strong></span> <span class='ocrx_word' id='word_1_211' title='bbox 1398 1911 1729 2008; x_wconf 52' lang='grc' dir='ltr'><strong>σακξσφόρφς</strong></span> <span class='ocrx_word' id='word_1_212' title='bbox 1759 1915 1877 1967; x_wconf 66' lang='grc' dir='ltr'><strong>δαν·</strong></span> <span class='ocrx_word' id='word_1_213' title='bbox 1912 1944 1960 2008; x_wconf 77' lang='grc' dir='ltr'><strong>Β</strong></span> <span class='ocrx_word' id='word_1_214' title='bbox 1991 1933 2269 1983; x_wconf 89' lang='lat' dir='ltr'><strong>constent</strong></span> <span class='ocrx_word' id='word_1_215' title='bbox 2299 1927 2586 1991; x_wconf 90' lang='lat' dir='ltr'><strong>versibus,</strong></span> <span class='ocrx_word' id='word_1_216' title='bbox 2615 1927 2896 1982; x_wconf 89' lang='lat' dir='ltr'><strong>dicuntur</strong></span> <span class='ocrx_word' id='word_1_217' title='bbox 2925 1928 3375 1999; x_wconf 76' lang='lat' dir='ltr'><strong>epigrammata.</strong></span> 
     </span>
    </p>
   </div>
   <div class='ocr_carea' id='block_1_34' title="bbox 222 2002 1878 2075">
    <p class='ocr_par' dir='ltr' id='par_1_34' title="bbox 222 2002 1878 2075">
     <span class='ocr_line' id='line_1_34' title="bbox 222 2002 1878 2075; baseline 0.001 -19"><span class='ocrx_word' id='word_1_218' title='bbox 222 2004 383 2072; x_wconf 80' lang='lat' dir='ltr'><strong>biger</strong></span> <span class='ocrx_word' id='word_1_219' title='bbox 441 2002 795 2074; x_wconf 90' lang='lat' dir='ltr'><strong>appellatus,</strong></span> <span class='ocrx_word' id='word_1_220' title='bbox 848 2004 1017 2075; x_wconf 89' lang='lat' dir='ltr'><strong>cujus</strong></span> <span class='ocrx_word' id='word_1_221' title='bbox 1068 2004 1393 2058; x_wconf 89' lang='lat' dir='ltr'><strong>meminere</strong></span> <span class='ocrx_word' id='word_1_222' title='bbox 1433 2003 1878 2073; x_wconf 80' lang='lat' dir='ltr'><strong>Aristophanes,</strong></span> 
     </span>
    </p>
   </div>
   <div class='ocr_carea' id='block_1_35' title="bbox 222 2092 1877 2161">
    <p class='ocr_par' dir='ltr' id='par_1_35' title="bbox 222 2092 1877 2161">
     <span class='ocr_line' id='line_1_35' title="bbox 222 2092 1877 2161; baseline 0 -16"><span class='ocrx_word' id='word_1_223' title='bbox 222 2092 391 2146; x_wconf 82' lang='lat' dir='ltr'><strong>Plato</strong></span> <span class='ocrx_word' id='word_1_224' title='bbox 419 2093 681 2146; x_wconf 87' lang='lat' dir='ltr'><strong>comicus</strong></span> <span class='ocrx_word' id='word_1_225' title='bbox 709 2097 767 2145; x_wconf 92' lang='lat' dir='ltr'><strong>et</strong></span> <span class='ocrx_word' id='word_1_226' title='bbox 797 2092 1247 2156; x_wconf 85' lang='lat' dir='ltr'><strong>Demosthenes,</strong></span> <span class='ocrx_word' id='word_1_227' title='bbox 1276 2098 1424 2147; x_wconf 90' lang='lat' dir='ltr'><strong>orat.</strong></span> <span class='ocrx_word' id='word_1_228' title='bbox 1454 2095 1528 2146; x_wconf 80' lang='lat' dir='ltr'><strong>De</strong></span> <span class='ocrx_word' id='word_1_229' title='bbox 1551 2092 1698 2160; x_wconf 81' lang='lat' dir='ltr'><strong>falsa</strong></span> <span class='ocrx_word' id='word_1_230' title='bbox 1729 2093 1877 2161; x_wconf 84' lang='lat' dir='ltr'><strong>lega-</strong></span> 
     </span>
    </p>
   </div>
   <div class='ocr_carea' id='block_1_36' title="bbox 226 2180 1879 2252">
    <p class='ocr_par' dir='ltr' id='par_1_36' title="bbox 226 2180 1879 2252">
     <span class='ocr_line' id='line_1_36' title="bbox 226 2180 1879 2252; baseline -0.001 -17"><span class='ocrx_word' id='word_1_231' title='bbox 226 2181 398 2235; x_wconf 78' lang='lat' dir='ltr'><strong>tione.</strong></span> <span class='ocrx_word' id='word_1_232' title='bbox 446 2180 633 2247; x_wconf 87' lang='lat' dir='ltr'><strong>Alius,</strong></span> <span class='ocrx_word' id='word_1_233' title='bbox 693 2180 866 2252; x_wconf 91' lang='lat' dir='ltr'><strong>cujus</strong></span> <span class='ocrx_word' id='word_1_234' title='bbox 917 2182 1192 2235; x_wconf 89' lang='lat' dir='ltr'><strong>meminit</strong></span> <span class='ocrx_word' id='word_1_235' title='bbox 1251 2182 1569 2252; x_wconf 85' lang='lat' dir='ltr'><strong>Lycurgus,</strong></span> <span class='ocrx_word' id='word_1_236' title='bbox 1628 2186 1774 2235; x_wconf 88' lang='lat' dir='ltr'><strong>orat.</strong></span> <span class='ocrx_word' id='word_1_237' title='bbox 1806 2181 1879 2234; x_wconf 89' lang='lat' dir='ltr'><strong>De</strong></span> 
     </span>
    </p>
   </div>
   <div class='ocr_carea' id='block_1_37' title="bbox 226 2270 1877 2340">
    <p class='ocr_par' dir='ltr' id='par_1_37' title="bbox 226 2270 1877 2340">
     <span class='ocr_line' id='line_1_37' title="bbox 226 2270 1877 2340; baseline 0 -16"><span class='ocrx_word' id='word_1_238' title='bbox 226 2271 707 2325; x_wconf 77' lang='lat' dir='ltr'><strong>administratione</strong></span> <span class='ocrx_word' id='word_1_239' title='bbox 760 2272 947 2324; x_wconf 62' lang='lat' dir='ltr'><strong>aerarii</strong></span> <span class='ocrx_word' id='word_1_240' title='bbox 1006 2287 1182 2340; x_wconf 91' lang='lat' dir='ltr'><strong>quem</strong></span> <span class='ocrx_word' id='word_1_241' title='bbox 1237 2275 1514 2325; x_wconf 87' lang='lat' dir='ltr'><strong>sexcenta</strong></span> <span class='ocrx_word' id='word_1_242' title='bbox 1564 2270 1786 2325; x_wconf 89' lang='lat' dir='ltr'><strong>talenta</strong></span> <span class='ocrx_word' id='word_1_243' title='bbox 1817 2270 1877 2324; x_wconf 91' lang='lat' dir='ltr'><strong>in</strong></span> 
     </span>
    </p>
   </div>
   <div class='ocr_carea' id='block_1_38' title="bbox 225 2358 1879 2430">
    <p class='ocr_par' dir='ltr' id='par_1_38' title="bbox 225 2358 1879 2430">
     <span class='ocr_line' id='line_1_38' title="bbox 225 2358 1879 2430; baseline 0 -16"><span class='ocrx_word' id='word_1_244' title='bbox 225 2360 398 2414; x_wconf 86' lang='lat' dir='ltr'><strong>bonis</strong></span> <span class='ocrx_word' id='word_1_245' title='bbox 430 2358 709 2414; x_wconf 89' lang='lat' dir='ltr'><strong>habuisse</strong></span> <span class='ocrx_word' id='word_1_246' title='bbox 761 2360 948 2413; x_wconf 90' lang='lat' dir='ltr'><strong>aiunt.</strong></span> <span class='ocrx_word' id='word_1_247' title='bbox 1010 2359 1173 2414; x_wconf 86' lang='lat' dir='ltr'><strong>Alius</strong></span> <span class='ocrx_word' id='word_1_248' title='bbox 1232 2360 1554 2430; x_wconf 87' lang='lat' dir='ltr'><strong>Epicrates,</strong></span> <span class='ocrx_word' id='word_1_249' title='bbox 1588 2360 1879 2415; x_wconf 63' lang='lat' dir='ltr'><strong>zEschinis</strong></span> 
     </span>
    </p>
   </div>
   <div class='ocr_carea' id='block_1_39' title="bbox 222 2447 1877 2519">
    <p class='ocr_par' dir='ltr' id='par_1_39' title="bbox 222 2447 1877 2519">
     <span class='ocr_line' id='line_1_39' title="bbox 222 2447 1877 2519; baseline 0 -16"><span class='ocrx_word' id='word_1_250' title='bbox 222 2448 475 2504; x_wconf 88' lang='lat' dir='ltr'><strong>oratoris</strong></span> <span class='ocrx_word' id='word_1_251' title='bbox 497 2447 826 2518; x_wconf 83' lang='lat' dir='ltr'><strong>afﬁnis,qui</strong></span> <span class='ocrx_word' id='word_1_252' title='bbox 847 2447 1137 2519; x_wconf 87' lang='lat' dir='ltr'><strong>Cyrebion</strong></span> <span class='ocrx_word' id='word_1_253' title='bbox 1156 2449 1705 2519; x_wconf 82' lang='lat' dir='ltr'><strong>cognominabatur,</strong></span> <span class='ocrx_word' id='word_1_254' title='bbox 1732 2453 1877 2503; x_wconf 89' lang='lat' dir='ltr'><strong>teste</strong></span> 
     </span>
    </p>
   </div>
   <div class='ocr_carea' id='block_1_40' title="bbox 228 2537 1457 2605">
    <p class='ocr_par' dir='ltr' id='par_1_40' title="bbox 228 2537 1457 2605">
     <span class='ocr_line' id='line_1_40' title="bbox 228 2537 1457 2605; baseline -0.002 -12"><span class='ocrx_word' id='word_1_255' title='bbox 228 2537 649 2605; x_wconf 83' lang='lat' dir='ltr'><strong>Demosthene,</strong></span> <span class='ocrx_word' id='word_1_256' title='bbox 683 2542 832 2592; x_wconf 91' lang='lat' dir='ltr'><strong>orat.</strong></span> <span class='ocrx_word' id='word_1_257' title='bbox 867 2543 1074 2592; x_wconf 91' lang='lat' dir='ltr'><strong>contra</strong></span> <span class='ocrx_word' id='word_1_258' title='bbox 1102 2538 1457 2592; x_wconf 60' lang='lat' dir='ltr'><strong>zEschinem.</strong></span> 
     </span>
    </p>
   </div>
   <div class='ocr_carea' id='block_1_41' title="bbox 297 2627 1874 2701">
    <p class='ocr_par' dir='ltr' id='par_1_41' title="bbox 297 2627 1874 2701">
     <span class='ocr_line' id='line_1_41' title="bbox 297 2627 1874 2701; baseline -0.001 -17"><span class='ocrx_word' id='word_1_259' title='bbox 297 2630 596 2701; x_wconf 88' lang='lat' dir='ltr'><strong>Epictetus</strong></span> <span class='ocrx_word' id='word_1_260' title='bbox 630 2644 699 2682; x_wconf 88' lang='lat' dir='ltr'><strong>ex</strong></span> <span class='ocrx_word' id='word_1_261' title='bbox 746 2627 1043 2698; x_wconf 83' lang='lat' dir='ltr'><strong>Hierapoli</strong></span> <span class='ocrx_word' id='word_1_262' title='bbox 1104 2628 1395 2699; x_wconf 65' lang='lat' dir='ltr'><strong>Phrygiae,</strong></span> <span class='ocrx_word' id='word_1_263' title='bbox 1456 2627 1874 2699; x_wconf 89' lang='lat' dir='ltr'><strong>philosophus,</strong></span> 
     </span>
    </p>
   </div>
   <div class='ocr_carea' id='block_1_42' title="bbox 234 2716 1883 2789">
    <p class='ocr_par' dir='ltr' id='par_1_42' title="bbox 234 2716 1883 2789">
     <span class='ocr_line' id='line_1_42' title="bbox 234 2716 1883 2789; baseline -0.002 -14"><span class='ocrx_word' id='word_1_264' title='bbox 234 2736 436 2775; x_wconf 91' lang='lat' dir='ltr'><strong>servus</strong></span> <span class='ocrx_word' id='word_1_265' title='bbox 468 2716 877 2789; x_wconf 87' lang='lat' dir='ltr'><strong>Epaphroditi,</strong></span> <span class='ocrx_word' id='word_1_266' title='bbox 908 2716 1086 2771; x_wconf 91' lang='lat' dir='ltr'><strong>unius</strong></span> <span class='ocrx_word' id='word_1_267' title='bbox 1118 2716 1188 2771; x_wconf 90' lang='lat' dir='ltr'><strong>de</strong></span> <span class='ocrx_word' id='word_1_268' title='bbox 1223 2717 1579 2771; x_wconf 83' lang='lat' dir='ltr'><strong>satellitibus</strong></span> <span class='ocrx_word' id='word_1_269' title='bbox 1612 2718 1754 2788; x_wconf 91' lang='lat' dir='ltr'><strong>imp.</strong></span> <span class='ocrx_word' id='word_1_270' title='bbox 1782 2720 1883 2772; x_wconf 81' lang='lat' dir='ltr'><strong>Ne-</strong></span> 
     </span>
    </p>
   </div>
   <div class='ocr_carea' id='block_1_43' title="bbox 236 2805 1880 2863">
    <p class='ocr_par' dir='ltr' id='par_1_43' title="bbox 236 2805 1880 2863">
     <span class='ocr_line' id='line_1_43' title="bbox 236 2805 1880 2863; baseline -0.001 0"><span class='ocrx_word' id='word_1_271' title='bbox 236 2809 416 2863; x_wconf 85' lang='lat' dir='ltr'><strong>ronis.</strong></span> <span class='ocrx_word' id='word_1_272' title='bbox 444 2807 528 2863; x_wconf 88' lang='lat' dir='ltr'><strong>Oh</strong></span> <span class='ocrx_word' id='word_1_273' title='bbox 555 2806 955 2862; x_wconf 86' lang='lat' dir='ltr'><strong>deﬂuxionem</strong></span> <span class='ocrx_word' id='word_1_274' title='bbox 989 2806 1175 2861; x_wconf 91' lang='lat' dir='ltr'><strong>altero</strong></span> <span class='ocrx_word' id='word_1_275' title='bbox 1197 2821 1367 2860; x_wconf 91' lang='lat' dir='ltr'><strong>crure</strong></span> <span class='ocrx_word' id='word_1_276' title='bbox 1394 2805 1609 2860; x_wconf 87' lang='lat' dir='ltr'><strong>debilis</strong></span> <span class='ocrx_word' id='word_1_277' title='bbox 1630 2806 1689 2861; x_wconf 91' lang='lat' dir='ltr'><strong>in</strong></span> <span class='ocrx_word' id='word_1_278' title='bbox 1717 2823 1880 2861; x_wconf 64' lang='lat' dir='ltr'><strong>nova:</strong></span> 
     </span>
    </p>
   </div>
   <div class='ocr_carea' id='block_1_44' title="bbox 234 2894 1879 2968">
    <p class='ocr_par' dir='ltr' id='par_1_44' title="bbox 234 2894 1879 2968">
     <span class='ocr_line' id='line_1_44' title="bbox 234 2894 1879 2968; baseline 0 -17"><span class='ocrx_word' id='word_1_279' title='bbox 234 2897 391 2968; x_wconf 84' lang='lat' dir='ltr'><strong>Epiri</strong></span> <span class='ocrx_word' id='word_1_280' title='bbox 425 2895 589 2963; x_wconf 88' lang='lat' dir='ltr'><strong>urbe,</strong></span> <span class='ocrx_word' id='word_1_281' title='bbox 610 2895 897 2966; x_wconf 88' lang='lat' dir='ltr'><strong>Nicopoli,</strong></span> <span class='ocrx_word' id='word_1_282' title='bbox 922 2894 1205 2950; x_wconf 88' lang='lat' dir='ltr'><strong>habitavit</strong></span> <span class='ocrx_word' id='word_1_283' title='bbox 1225 2898 1283 2949; x_wconf 91' lang='lat' dir='ltr'><strong>et</strong></span> <span class='ocrx_word' id='word_1_284' title='bbox 1305 2894 1481 2949; x_wconf 89' lang='lat' dir='ltr'><strong>vitam</strong></span> <span class='ocrx_word' id='word_1_285' title='bbox 1514 2912 1700 2966; x_wconf 91' lang='lat' dir='ltr'><strong>usque</strong></span> <span class='ocrx_word' id='word_1_286' title='bbox 1714 2896 1787 2951; x_wconf 91' lang='lat' dir='ltr'><strong>ad</strong></span> <span class='ocrx_word' id='word_1_287' title='bbox 1810 2897 1879 2951; x_wconf 88' lang='lat' dir='ltr'><strong>M.</strong></span> 
     </span>
    </p>
   </div>
   <div class='ocr_carea' id='block_1_45' title="bbox 235 2987 1884 3059">
    <p class='ocr_par' dir='ltr' id='par_1_45' title="bbox 235 2987 1884 3059">
     <span class='ocr_line' id='line_1_45' title="bbox 235 2987 1884 3059; baseline -0.002 -14"><span class='ocrx_word' id='word_1_288' title='bbox 235 2990 518 3045; x_wconf 85' lang='lat' dir='ltr'><strong>Antonini</strong></span> <span class='ocrx_word' id='word_1_289' title='bbox 544 2988 860 3059; x_wconf 89' lang='lat' dir='ltr'><strong>imperium</strong></span> <span class='ocrx_word' id='word_1_290' title='bbox 878 2988 1174 3059; x_wconf 86' lang='lat' dir='ltr'><strong>produxit.</strong></span> <span class='ocrx_word' id='word_1_291' title='bbox 1200 2988 1446 3057; x_wconf 90' lang='lat' dir='ltr'><strong>Scripsit</strong></span> <span class='ocrx_word' id='word_1_292' title='bbox 1468 2987 1672 3043; x_wconf 89' lang='lat' dir='ltr'><strong>multa.</strong></span> <span class='ocrx_word' id='word_1_293' title='bbox 1697 2988 1884 3041; x_wconf 85' lang='lat' dir='ltr'><strong>Theo-</strong></span> 
     </span>
    </p>
   </div>
   <div class='ocr_carea' id='block_1_46' title="bbox 241 3077 1885 3151">
    <p class='ocr_par' dir='ltr' id='par_1_46' title="bbox 241 3077 1885 3151">
     <span class='ocr_line' id='line_1_46' title="bbox 241 3077 1885 3151; baseline -0.001 -17"><span class='ocrx_word' id='word_1_294' title='bbox 241 3079 859 3151; x_wconf 86' lang='lat' dir='ltr'><strong>sebius,philosophus</strong></span> <span class='ocrx_word' id='word_1_295' title='bbox 875 3078 1060 3133; x_wconf 91' lang='lat' dir='ltr'><strong>multa</strong></span> <span class='ocrx_word' id='word_1_296' title='bbox 1075 3095 1143 3132; x_wconf 85' lang='lat' dir='ltr'><strong>ex</strong></span> <span class='ocrx_word' id='word_1_297' title='bbox 1158 3078 1405 3148; x_wconf 88' lang='lat' dir='ltr'><strong>Epicteti</strong></span> <span class='ocrx_word' id='word_1_298' title='bbox 1427 3077 1647 3133; x_wconf 90' lang='lat' dir='ltr'><strong>scholis</strong></span> <span class='ocrx_word' id='word_1_299' title='bbox 1659 3077 1885 3132; x_wconf 85' lang='lat' dir='ltr'><strong>desum-</strong></span> 
     </span>
    </p>
   </div>
   <div class='ocr_carea' id='block_1_47' title="bbox 237 3167 1887 3241">
    <p class='ocr_par' dir='ltr' id='par_1_47' title="bbox 237 3167 1887 3241">
     <span class='ocr_line' id='line_1_47' title="bbox 237 3167 1887 3241; baseline -0.003 -16"><span class='ocrx_word' id='word_1_300' title='bbox 237 3175 335 3241; x_wconf 85' lang='lat' dir='ltr'><strong>pta</strong></span> <span class='ocrx_word' id='word_1_301' title='bbox 356 3169 521 3237; x_wconf 87' lang='lat' dir='ltr'><strong>dixit,</strong></span> <span class='ocrx_word' id='word_1_302' title='bbox 546 3168 664 3223; x_wconf 90' lang='lat' dir='ltr'><strong>alia</strong></span> <span class='ocrx_word' id='word_1_303' title='bbox 695 3168 746 3221; x_wconf 92' lang='lat' dir='ltr'><strong>ei</strong></span> <span class='ocrx_word' id='word_1_304' title='bbox 781 3168 905 3238; x_wconf 92' lang='lat' dir='ltr'><strong>ipse</strong></span> <span class='ocrx_word' id='word_1_305' title='bbox 922 3167 1285 3239; x_wconf 81' lang='lat' dir='ltr'><strong>excogitavit.</strong></span> <span class='ocrx_word' id='word_1_306' title='bbox 1302 3168 1491 3232; x_wconf 84' lang='lat' dir='ltr'><strong>Quare</strong></span> <span class='ocrx_word' id='word_1_307' title='bbox 1518 3172 1887 3238; x_wconf 66' lang='lat' dir='ltr'><strong>etpraacepta</strong></span> 
     </span>
    </p>
   </div>
   <div class='ocr_carea' id='block_1_48' title="bbox 246 3256 1887 3328">
    <p class='ocr_par' dir='ltr' id='par_1_48' title="bbox 246 3256 1887 3328">
     <span class='ocr_line' id='line_1_48' title="bbox 246 3256 1887 3328; baseline -0.002 -15"><span class='ocrx_word' id='word_1_308' title='bbox 246 3260 372 3314; x_wconf 65' lang='lat' dir='ltr'><strong>vita)</strong></span> <span class='ocrx_word' id='word_1_309' title='bbox 398 3257 615 3313; x_wconf 88' lang='lat' dir='ltr'><strong>talibus</strong></span> <span class='ocrx_word' id='word_1_310' title='bbox 642 3256 809 3311; x_wconf 90' lang='lat' dir='ltr'><strong>libris</strong></span> <span class='ocrx_word' id='word_1_311' title='bbox 832 3257 1175 3328; x_wconf 84' lang='lat' dir='ltr'><strong>complexus</strong></span> <span class='ocrx_word' id='word_1_312' title='bbox 1198 3262 1287 3311; x_wconf 86' lang='lat' dir='ltr'><strong>est</strong></span> <span class='ocrx_word' id='word_1_313' title='bbox 1315 3262 1374 3311; x_wconf 91' lang='lat' dir='ltr'><strong>et</strong></span> <span class='ocrx_word' id='word_1_314' title='bbox 1393 3257 1721 3327; x_wconf 87' lang='lat' dir='ltr'><strong>posteritati</strong></span> <span class='ocrx_word' id='word_1_315' title='bbox 1744 3256 1887 3311; x_wconf 90' lang='lat' dir='ltr'><strong>reli-</strong></span> 
     </span>
    </p>
   </div>
   <div class='ocr_carea' id='block_1_49' title="bbox 245 3345 1887 3420">
    <p class='ocr_par' dir='ltr' id='par_1_49' title="bbox 245 3345 1887 3420">
     <span class='ocr_line' id='line_1_49' title="bbox 245 3345 1887 3420; baseline -0.002 -18"><span class='ocrx_word' id='word_1_316' title='bbox 245 3349 389 3420; x_wconf 92' lang='lat' dir='ltr'><strong>quit,</strong></span> <span class='ocrx_word' id='word_1_317' title='bbox 423 3346 700 3418; x_wconf 87' lang='lat' dir='ltr'><strong>qualibus</strong></span> <span class='ocrx_word' id='word_1_318' title='bbox 733 3351 791 3400; x_wconf 91' lang='lat' dir='ltr'><strong>et</strong></span> <span class='ocrx_word' id='word_1_319' title='bbox 819 3347 1140 3417; x_wconf 80' lang='lat' dir='ltr'><strong>Epictetus,</strong></span> <span class='ocrx_word' id='word_1_320' title='bbox 1174 3346 1256 3400; x_wconf 89' lang='lat' dir='ltr'><strong>ita</strong></span> <span class='ocrx_word' id='word_1_321' title='bbox 1288 3350 1351 3398; x_wconf 89' lang='lat' dir='ltr'><strong>ut</strong></span> <span class='ocrx_word' id='word_1_322' title='bbox 1376 3345 1563 3399; x_wconf 89' lang='lat' dir='ltr'><strong>nostri</strong></span> <span class='ocrx_word' id='word_1_323' title='bbox 1605 3345 1887 3415; x_wconf 88' lang='lat' dir='ltr'><strong>temporis</strong></span> 
     </span>
    </p>
   </div>
   <div class='ocr_carea' id='block_1_50' title="bbox 246 3433 1896 3510">
    <p class='ocr_par' dir='ltr' id='par_1_50' title="bbox 246 3433 1896 3510">
     <span class='ocr_line' id='line_1_50' title="bbox 246 3433 1896 3510; baseline -0.002 -18"><span class='ocrx_word' id='word_1_324' title='bbox 246 3438 541 3510; x_wconf 89' lang='lat' dir='ltr'><strong>Epictetus</strong></span> <span class='ocrx_word' id='word_1_325' title='bbox 555 3452 683 3491; x_wconf 91' lang='lat' dir='ltr'><strong>esse</strong></span> <span class='ocrx_word' id='word_1_326' title='bbox 708 3436 995 3503; x_wconf 90' lang='lat' dir='ltr'><strong>videatur,</strong></span> <span class='ocrx_word' id='word_1_327' title='bbox 1011 3434 1270 3505; x_wconf 84' lang='lat' dir='ltr'><strong>exceptis</strong></span> <span class='ocrx_word' id='word_1_328' title='bbox 1292 3439 1494 3489; x_wconf 89' lang='lat' dir='ltr'><strong>tamen</strong></span> <span class='ocrx_word' id='word_1_329' title='bbox 1512 3433 1896 3505; x_wconf 84' lang='lat' dir='ltr'><strong>Opinionibus</strong></span> 
     </span>
    </p>
   </div>
   <div class='ocr_carea' id='block_1_51' title="bbox 244 3523 1897 3594">
    <p class='ocr_par' dir='ltr' id='par_1_51' title="bbox 244 3523 1897 3594">
     <span class='ocr_line' id='line_1_51' title="bbox 244 3523 1897 3594; baseline -0.003 -13"><span class='ocrx_word' id='word_1_330' title='bbox 244 3527 471 3581; x_wconf 87' lang='lat' dir='ltr'><strong>Stoicis.</strong></span> <span class='ocrx_word' id='word_1_331' title='bbox 495 3524 857 3580; x_wconf 90' lang='lat' dir='ltr'><strong>Theosebius</strong></span> <span class='ocrx_word' id='word_1_332' title='bbox 891 3526 1051 3579; x_wconf 91' lang='lat' dir='ltr'><strong>enim</strong></span> <span class='ocrx_word' id='word_1_333' title='bbox 1083 3524 1305 3578; x_wconf 89' lang='lat' dir='ltr'><strong>nullius</strong></span> <span class='ocrx_word' id='word_1_334' title='bbox 1337 3523 1643 3593; x_wconf 89' lang='lat' dir='ltr'><strong>scriptoris</strong></span> <span class='ocrx_word' id='word_1_335' title='bbox 1662 3523 1897 3594; x_wconf 92' lang='lat' dir='ltr'><strong>opinio-</strong></span> 
     </span>
    </p>
   </div>
   <div class='ocr_carea' id='block_1_52' title="bbox 246 3611 1897 3686">
    <p class='ocr_par' dir='ltr' id='par_1_52' title="bbox 246 3611 1897 3686">
     <span class='ocr_line' id='line_1_52' title="bbox 246 3611 1897 3686; baseline -0.002 -16"><span class='ocrx_word' id='word_1_336' title='bbox 246 3632 351 3671; x_wconf 90' lang='lat' dir='ltr'><strong>nes</strong></span> <span class='ocrx_word' id='word_1_337' title='bbox 375 3620 493 3670; x_wconf 89' lang='lat' dir='ltr'><strong>tam</strong></span> <span class='ocrx_word' id='word_1_338' title='bbox 527 3613 996 3686; x_wconf 89' lang='lat' dir='ltr'><strong>amplectebatur</strong></span> <span class='ocrx_word' id='word_1_339' title='bbox 1025 3618 1085 3668; x_wconf 90' lang='lat' dir='ltr'><strong>et</strong></span> <span class='ocrx_word' id='word_1_340' title='bbox 1113 3611 1538 3679; x_wconf 88' lang='lat' dir='ltr'><strong>admirabatur,</strong></span> <span class='ocrx_word' id='word_1_341' title='bbox 1563 3628 1741 3683; x_wconf 86' lang='lat' dir='ltr'><strong>quam</strong></span> <span class='ocrx_word' id='word_1_342' title='bbox 1764 3612 1897 3666; x_wconf 89' lang='lat' dir='ltr'><strong>Pla-</strong></span> 
     </span>
    </p>
   </div>
   <div class='ocr_carea' id='block_1_53' title="bbox 252 3701 1897 3773">
    <p class='ocr_par' dir='ltr' id='par_1_53' title="bbox 252 3701 1897 3773">
     <span class='ocr_line' id='line_1_53' title="bbox 252 3701 1897 3773; baseline -0.001 -14"><span class='ocrx_word' id='word_1_343' title='bbox 252 3705 402 3759; x_wconf 91' lang='lat' dir='ltr'><strong>tonis</strong></span> <span class='ocrx_word' id='word_1_344' title='bbox 455 3706 781 3760; x_wconf 90' lang='lat' dir='ltr'><strong>veritatem.</strong></span> <span class='ocrx_word' id='word_1_345' title='bbox 838 3703 1174 3768; x_wconf 87' lang='lat' dir='ltr'><strong>Quinetiam</strong></span> <span class='ocrx_word' id='word_1_346' title='bbox 1233 3701 1551 3773; x_wconf 90' lang='lat' dir='ltr'><strong>quemdam</strong></span> <span class='ocrx_word' id='word_1_347' title='bbox 1626 3701 1897 3757; x_wconf 91' lang='lat' dir='ltr'><strong>libellum</strong></span> 
     </span>
    </p>
   </div>
   <div class='ocr_carea' id='block_1_54' title="bbox 251 3790 1898 3867">
    <p class='ocr_par' dir='ltr' id='par_1_54' title="bbox 251 3790 1898 3867">
     <span class='ocr_line' id='line_1_54' title="bbox 251 3790 1898 3867; baseline -0.004 -16"><span class='ocrx_word' id='word_1_348' title='bbox 251 3795 615 3867; x_wconf 89' lang='lat' dir='ltr'><strong>conscripsit,</strong></span> <span class='ocrx_word' id='word_1_349' title='bbox 651 3793 722 3848; x_wconf 93' lang='lat' dir='ltr'><strong>de</strong></span> <span class='ocrx_word' id='word_1_350' title='bbox 752 3792 931 3848; x_wconf 90' lang='lat' dir='ltr'><strong>rebus</strong></span> <span class='ocrx_word' id='word_1_351' title='bbox 971 3793 1033 3846; x_wconf 89' lang='lat' dir='ltr'><strong>in</strong></span> <span class='ocrx_word' id='word_1_352' title='bbox 1086 3791 1282 3863; x_wconf 88' lang='lat' dir='ltr'><strong>magni</strong></span> <span class='ocrx_word' id='word_1_353' title='bbox 1343 3790 1557 3846; x_wconf 89' lang='lat' dir='ltr'><strong>Politia</strong></span> <span class='ocrx_word' id='word_1_354' title='bbox 1586 3790 1898 3862; x_wconf 88' lang='lat' dir='ltr'><strong>(Platonis)</strong></span> 
     </span>
    </p>
   </div>
   <div class='ocr_carea' id='block_1_55' title="bbox 253 3878 1898 3955">
    <p class='ocr_par' dir='ltr' id='par_1_55' title="bbox 253 3878 1898 3955">
     <span class='ocr_line' id='line_1_55' title="bbox 253 3878 1898 3955; baseline -0.002 -18"><span class='ocrx_word' id='word_1_355' title='bbox 253 3883 545 3955; x_wconf 88' lang='lat' dir='ltr'><strong>eleganter</strong></span> <span class='ocrx_word' id='word_1_356' title='bbox 573 3882 767 3937; x_wconf 93' lang='lat' dir='ltr'><strong>dictis.</strong></span> <span class='ocrx_word' id='word_1_357' title='bbox 814 3881 1089 3947; x_wconf 90' lang='lat' dir='ltr'><strong>Quamvis</strong></span> <span class='ocrx_word' id='word_1_358' title='bbox 1146 3896 1334 3952; x_wconf 90' lang='lat' dir='ltr'><strong>remp.</strong></span> <span class='ocrx_word' id='word_1_359' title='bbox 1385 3896 1505 3934; x_wconf 91' lang='lat' dir='ltr'><strong>non</strong></span> <span class='ocrx_word' id='word_1_360' title='bbox 1550 3880 1761 3952; x_wconf 90' lang='lat' dir='ltr'><strong>attigit,</strong></span> <span class='ocrx_word' id='word_1_361' title='bbox 1795 3878 1898 3934; x_wconf 90' lang='lat' dir='ltr'><strong>sed</strong></span> 
     </span>
    </p>
   </div>
   <div class='ocr_carea' id='block_1_56' title="bbox 255 3969 1893 4051">
    <p class='ocr_par' dir='ltr' id='par_1_56' title="bbox 255 3969 1893 4044">
     <span class='ocr_line' id='line_1_56' title="bbox 255 3969 1893 4044; baseline -0.002 -17"><span class='ocrx_word' id='word_1_362' title='bbox 255 3974 538 4044; x_wconf 89' lang='lat' dir='ltr'><strong>privatum</strong></span> <span class='ocrx_word' id='word_1_363' title='bbox 570 3972 755 4027; x_wconf 92' lang='lat' dir='ltr'><strong>coluit</strong></span> <span class='ocrx_word' id='word_1_364' title='bbox 785 3972 915 4025; x_wconf 62' lang='lat' dir='ltr'><strong>vitas</strong></span> <span class='ocrx_word' id='word_1_365' title='bbox 948 3988 1156 4043; x_wconf 88' lang='lat' dir='ltr'><strong>genus,</strong></span> <span class='ocrx_word' id='word_1_366' title='bbox 1190 3971 1285 4026; x_wconf 92' lang='lat' dir='ltr'><strong>cui</strong></span> <span class='ocrx_word' id='word_1_367' title='bbox 1317 3975 1375 4024; x_wconf 92' lang='lat' dir='ltr'><strong>et</strong></span> <span class='ocrx_word' id='word_1_368' title='bbox 1399 3970 1670 4025; x_wconf 90' lang='lat' dir='ltr'><strong>Socrates</strong></span> <span class='ocrx_word' id='word_1_369' title='bbox 1700 3969 1801 4023; x_wconf 91' lang='lat' dir='ltr'><strong>ille</strong></span> <span class='ocrx_word' id='word_1_370' title='bbox 1843 3975 1893 4024; x_wconf 83' lang='lat' dir='ltr'><strong>et</strong></span> 
     </span>
    </p>
   </div>
   <div class='ocr_carea' id='block_1_57' title="bbox 2015 3969 3173 4051">
    <p class='ocr_par' dir='ltr' id='par_1_57' title="bbox 2015 3971 3173 4051">
     <span class='ocr_line' id='line_1_57' title="bbox 2015 3971 3173 4051; baseline -0.007 -18"><span class='ocrx_word' id='word_1_371' title='bbox 2015 3976 2294 4038; x_wconf 64' lang='grc' dir='ltr'><strong>κοινωνίας</strong></span> <span class='ocrx_word' id='word_1_372' title='bbox 2334 3975 2425 4030; x_wconf 82' lang='grc' dir='ltr'>καὶ</span> <span class='ocrx_word' id='word_1_373' title='bbox 2485 3972 2749 4051; x_wconf 70' lang='grc' dir='ltr'>διαφορᾶς</span> <span class='ocrx_word' id='word_1_374' title='bbox 2776 3977 2883 4027; x_wconf 78' lang='grc' dir='ltr'><strong>τῶν</strong></span> <span class='ocrx_word' id='word_1_375' title='bbox 2940 3971 3173 4026; x_wconf 79' lang='grc' dir='ltr'>στάτεων</span> 
     </span>
    </p>
   </div>
   <div class='ocr_carea' id='block_1_58' title="bbox 2060 2016 3643 2091">
    <p class='ocr_par' dir='ltr' id='par_1_58' title="bbox 2060 2016 3643 2091">
     <span class='ocr_line' id='line_1_58' title="bbox 2060 2016 3643 2091; baseline 0.003 -20"><span class='ocrx_word' id='word_1_376' title='bbox 2060 2017 2359 2088; x_wconf 89' lang='lat' dir='ltr'><strong>Epylicus,</strong></span> <span class='ocrx_word' id='word_1_377' title='bbox 2385 2022 2559 2087; x_wconf 91' lang='lat' dir='ltr'><strong>poeta</strong></span> <span class='ocrx_word' id='word_1_378' title='bbox 2589 2017 2871 2072; x_wconf 90' lang='lat' dir='ltr'><strong>comicus.</strong></span> <span class='ocrx_word' id='word_1_379' title='bbox 2906 2019 2985 2070; x_wconf 89' lang='lat' dir='ltr'><strong>Ex</strong></span> <span class='ocrx_word' id='word_1_380' title='bbox 3017 2016 3235 2074; x_wconf 80' lang='lat' dir='ltr'><strong>fabulis</strong></span> <span class='ocrx_word' id='word_1_381' title='bbox 3265 2020 3393 2091; x_wconf 91' lang='lat' dir='ltr'><strong>ejus</strong></span> <span class='ocrx_word' id='word_1_382' title='bbox 3426 2027 3514 2075; x_wconf 90' lang='lat' dir='ltr'><strong>est</strong></span> <span class='ocrx_word' id='word_1_383' title='bbox 3545 2040 3643 2075; x_wconf 79' lang='grc' dir='ltr'><strong>κο-</strong></span> 
     </span>
    </p>
   </div>
   <div class='ocr_carea' id='block_1_59' title="bbox 1990 2108 3642 2188">
    <p class='ocr_par' dir='ltr' id='par_1_59' title="bbox 1990 2108 3642 2188">
     <span class='ocr_line' id='line_1_59' title="bbox 1990 2108 3642 2188; baseline -0.001 -21"><span class='ocrx_word' id='word_1_384' title='bbox 1990 2110 2271 2188; x_wconf 79' lang='grc' dir='ltr'><strong>ραλίσκος,</strong></span> <span class='ocrx_word' id='word_1_385' title='bbox 2302 2116 2369 2164; x_wconf 93' lang='lat' dir='ltr'><strong>ut</strong></span> <span class='ocrx_word' id='word_1_386' title='bbox 2398 2110 2565 2164; x_wconf 88' lang='lat' dir='ltr'><strong>testis</strong></span> <span class='ocrx_word' id='word_1_387' title='bbox 2597 2114 2687 2162; x_wconf 93' lang='lat' dir='ltr'><strong>est</strong></span> <span class='ocrx_word' id='word_1_388' title='bbox 2716 2108 3057 2173; x_wconf 67' lang='lat' dir='ltr'><strong>Athenaaus,</strong></span> <span class='ocrx_word' id='word_1_389' title='bbox 3104 2108 3207 2163; x_wconf 90' lang='lat' dir='ltr'><strong>lib.</strong></span> <span class='ocrx_word' id='word_1_390' title='bbox 3250 2110 3340 2178; x_wconf 89' lang='lat' dir='ltr'><strong>IV,</strong></span> <span class='ocrx_word' id='word_1_391' title='bbox 3374 2128 3503 2183; x_wconf 86' lang='lat' dir='ltr'><strong>pag.</strong></span> <span class='ocrx_word' id='word_1_392' title='bbox 3542 2113 3642 2166; x_wconf 70' lang='lat'><strong>133</strong></span> 
     </span>
    </p>
   </div>
   <div class='ocr_carea' id='block_1_60' title="bbox 1993 2194 3068 2271">
    <p class='ocr_par' dir='ltr' id='par_1_60' title="bbox 1993 2194 3068 2271">
     <span class='ocr_line' id='line_1_60' title="bbox 1993 2194 3068 2271; baseline -0.007 -13"><span class='ocrx_word' id='word_1_393' title='bbox 1993 2208 2051 2259; x_wconf 91' lang='lat' dir='ltr'><strong>et</strong></span> <span class='ocrx_word' id='word_1_394' title='bbox 2083 2205 2204 2271; x_wconf 76' lang='grc'><strong>146,</strong></span> <span class='ocrx_word' id='word_1_395' title='bbox 2240 2200 2340 2255; x_wconf 90' lang='lat' dir='ltr'><strong>ubi</strong></span> <span class='ocrx_word' id='word_1_396' title='bbox 2374 2198 2653 2254; x_wconf 91' lang='lat' dir='ltr'><strong>scribitur</strong></span> <span class='ocrx_word' id='word_1_397' title='bbox 2683 2194 3068 2270; x_wconf 78' lang='grc' dir='ltr'><strong>Κωραλίσκος.</strong></span> 
     </span>
    </p>
   </div>
   <div class='ocr_carea' id='block_1_61' title="bbox 2058 2287 3638 2363">
    <p class='ocr_par' dir='ltr' id='par_1_61' title="bbox 2058 2287 3638 2363">
     <span class='ocr_line' id='line_1_61' title="bbox 2058 2287 3638 2363; baseline -0.001 -17"><span class='ocrx_word' id='word_1_398' title='bbox 2058 2289 2460 2363; x_wconf 88' lang='lat' dir='ltr'><strong>Epimenides,</strong></span> <span class='ocrx_word' id='word_1_399' title='bbox 2494 2287 2709 2342; x_wconf 62' lang='lat' dir='ltr'><strong>Phaesti</strong></span> <span class='ocrx_word' id='word_1_400' title='bbox 2734 2291 2837 2341; x_wconf 91' lang='lat' dir='ltr'><strong>aut</strong></span> <span class='ocrx_word' id='word_1_401' title='bbox 2867 2287 3133 2342; x_wconf 69' lang='lat' dir='ltr'><strong>Dosiadaa</strong></span> <span class='ocrx_word' id='word_1_402' title='bbox 3163 2293 3266 2343; x_wconf 90' lang='lat' dir='ltr'><strong>aut</strong></span> <span class='ocrx_word' id='word_1_403' title='bbox 3296 2289 3638 2361; x_wconf 85' lang='lat' dir='ltr'><strong>Agiasarcbi</strong></span> 
     </span>
    </p>
   </div>
   <div class='ocr_carea' id='block_1_62' title="bbox 1988 2374 3636 2449">
    <p class='ocr_par' dir='ltr' id='par_1_62' title="bbox 1988 2374 3636 2449">
     <span class='ocr_line' id='line_1_62' title="bbox 1988 2374 3636 2449; baseline -0.001 -14"><span class='ocrx_word' id='word_1_404' title='bbox 1988 2382 2073 2449; x_wconf 87' lang='lat' dir='ltr'><strong>F.,</strong></span> <span class='ocrx_word' id='word_1_405' title='bbox 2106 2383 2294 2434; x_wconf 83' lang='lat' dir='ltr'><strong>matre</strong></span> <span class='ocrx_word' id='word_1_406' title='bbox 2328 2377 2542 2444; x_wconf 89' lang='lat' dir='ltr'><strong>Blasta,</strong></span> <span class='ocrx_word' id='word_1_407' title='bbox 2562 2374 2860 2429; x_wconf 87' lang='lat' dir='ltr'><strong>Cretensis</strong></span> <span class='ocrx_word' id='word_1_408' title='bbox 2881 2374 3182 2442; x_wconf 88' lang='lat' dir='ltr'><strong>Cuossius,</strong></span> <span class='ocrx_word' id='word_1_409' title='bbox 3216 2384 3391 2447; x_wconf 89' lang='lat' dir='ltr'><strong>poeta</strong></span> <span class='ocrx_word' id='word_1_410' title='bbox 3410 2379 3636 2449; x_wconf 90' lang='lat' dir='ltr'><strong>epicus.</strong></span> 
     </span>
    </p>
   </div>
   <div class='ocr_carea' id='block_1_63' title="bbox 1990 2465 3631 2541">
    <p class='ocr_par' dir='ltr' id='par_1_63' title="bbox 1990 2465 3631 2541">
     <span class='ocr_line' id='line_1_63' title="bbox 1990 2465 3631 2541; baseline -0.001 -16"><span class='ocrx_word' id='word_1_411' title='bbox 1990 2471 2176 2541; x_wconf 87' lang='lat' dir='ltr'><strong>Hujus</strong></span> <span class='ocrx_word' id='word_1_412' title='bbox 2198 2469 2461 2524; x_wconf 89' lang='lat' dir='ltr'><strong>animam</strong></span> <span class='ocrx_word' id='word_1_413' title='bbox 2484 2465 2682 2520; x_wconf 87' lang='lat' dir='ltr'><strong>ferunt</strong></span> <span class='ocrx_word' id='word_1_414' title='bbox 2710 2481 2954 2535; x_wconf 91' lang='lat' dir='ltr'><strong>corpore</strong></span> <span class='ocrx_word' id='word_1_415' title='bbox 2982 2466 3328 2532; x_wconf 89' lang='lat' dir='ltr'><strong>excessisse,</strong></span> <span class='ocrx_word' id='word_1_416' title='bbox 3361 2469 3631 2538; x_wconf 89' lang='lat' dir='ltr'><strong>quandiu</strong></span> 
     </span>
    </p>
   </div>
   <div class='ocr_carea' id='block_1_64' title="bbox 1988 2551 3632 2628">
    <p class='ocr_par' dir='ltr' id='par_1_64' title="bbox 1988 2551 3632 2628">
     <span class='ocr_line' id='line_1_64' title="bbox 1988 2551 3632 2628; baseline -0.002 -17"><span class='ocrx_word' id='word_1_417' title='bbox 1988 2558 2115 2628; x_wconf 90' lang='lat' dir='ltr'><strong>ipse</strong></span> <span class='ocrx_word' id='word_1_418' title='bbox 2135 2555 2438 2619; x_wconf 88' lang='lat' dir='ltr'><strong>voluisset,</strong></span> <span class='ocrx_word' id='word_1_419' title='bbox 2473 2558 2532 2606; x_wconf 92' lang='lat' dir='ltr'><strong>et</strong></span> <span class='ocrx_word' id='word_1_420' title='bbox 2552 2557 2755 2623; x_wconf 91' lang='lat' dir='ltr'><strong>postea</strong></span> <span class='ocrx_word' id='word_1_421' title='bbox 2780 2552 2841 2606; x_wconf 90' lang='lat' dir='ltr'><strong>in</strong></span> <span class='ocrx_word' id='word_1_422' title='bbox 2861 2551 3007 2606; x_wconf 92' lang='lat' dir='ltr'><strong>illud</strong></span> <span class='ocrx_word' id='word_1_423' title='bbox 3038 2569 3338 2608; x_wconf 83' lang='lat' dir='ltr'><strong>reversam</strong></span> <span class='ocrx_word' id='word_1_424' title='bbox 3360 2570 3511 2623; x_wconf 89' lang='lat' dir='ltr'><strong>esse,</strong></span> <span class='ocrx_word' id='word_1_425' title='bbox 3531 2570 3632 2608; x_wconf 87' lang='lat' dir='ltr'><strong>cu-</strong></span> 
     </span>
    </p>
   </div>
   <div class='ocr_carea' id='block_1_65' title="bbox 1990 2641 3640 2715">
    <p class='ocr_par' dir='ltr' id='par_1_65' title="bbox 1990 2641 3640 2715">
     <span class='ocr_line' id='line_1_65' title="bbox 1990 2641 3640 2715; baseline -0.002 -15"><span class='ocrx_word' id='word_1_426' title='bbox 1990 2652 2228 2715; x_wconf 90' lang='lat' dir='ltr'><strong>temque</strong></span> <span class='ocrx_word' id='word_1_427' title='bbox 2259 2644 2433 2714; x_wconf 79' lang='lat' dir='ltr'><strong>longo</strong></span> <span class='ocrx_word' id='word_1_428' title='bbox 2458 2646 2590 2713; x_wconf 91' lang='lat' dir='ltr'><strong>post</strong></span> <span class='ocrx_word' id='word_1_429' title='bbox 2614 2645 2865 2695; x_wconf 89' lang='lat' dir='ltr'><strong>mortem</strong></span> <span class='ocrx_word' id='word_1_430' title='bbox 2887 2641 3014 2710; x_wconf 91' lang='lat' dir='ltr'><strong>ejus</strong></span> <span class='ocrx_word' id='word_1_431' title='bbox 3035 2646 3299 2711; x_wconf 91' lang='lat' dir='ltr'><strong>tempore</strong></span> <span class='ocrx_word' id='word_1_432' title='bbox 3334 2642 3640 2697; x_wconf 89' lang='lat' dir='ltr'><strong>inventam</strong></span> 
     </span>
    </p>
   </div>
   <div class='ocr_carea' id='block_1_66' title="bbox 1988 2728 3645 2807">
    <p class='ocr_par' dir='ltr' id='par_1_66' title="bbox 1988 2728 3645 2807">
     <span class='ocr_line' id='line_1_66' title="bbox 1988 2728 3645 2807; baseline -0.002 -22"><span class='ocrx_word' id='word_1_433' title='bbox 1988 2731 2274 2807; x_wconf 76' lang='grc' dir='ltr'><strong>γράμμασι</strong></span> <span class='ocrx_word' id='word_1_434' title='bbox 2324 2728 2698 2793; x_wconf 70' lang='grc' dir='ltr'><strong>κατάστικτον,</strong></span> <span class='ocrx_word' id='word_1_435' title='bbox 2732 2728 2946 2783; x_wconf 81' lang='lat' dir='ltr'><strong>litteris</strong></span> <span class='ocrx_word' id='word_1_436' title='bbox 2978 2734 3262 2783; x_wconf 81' lang='lat' dir='ltr'><strong>notatam.</strong></span> <span class='ocrx_word' id='word_1_437' title='bbox 3312 2729 3475 2784; x_wconf 83' lang='lat' dir='ltr'><strong>Unde</strong></span> <span class='ocrx_word' id='word_1_438' title='bbox 3508 2746 3645 2799; x_wconf 84' lang='lat' dir='ltr'><strong>pro-</strong></span> 
     </span>
    </p>
   </div>
   <div class='ocr_carea' id='block_1_67' title="bbox 1990 2813 3652 2889">
    <p class='ocr_par' dir='ltr' id='par_1_67' title="bbox 1990 2813 3652 2889">
     <span class='ocr_line' id='line_1_67' title="bbox 1990 2813 3652 2889; baseline -0.004 -14"><span class='ocrx_word' id='word_1_439' title='bbox 1990 2822 2256 2877; x_wconf 88' lang='lat' dir='ltr'><strong>verbium</strong></span> <span class='ocrx_word' id='word_1_440' title='bbox 2287 2814 2622 2889; x_wconf 79' lang='grc' dir='ltr'><strong>ἐπιμενίδιον</strong></span> <span class='ocrx_word' id='word_1_441' title='bbox 2658 2813 2830 2889; x_wconf 70' lang='grc' dir='ltr'><strong>δέρμα</strong></span> <span class='ocrx_word' id='word_1_442' title='bbox 2867 2816 2939 2871; x_wconf 94' lang='lat' dir='ltr'><strong>de</strong></span> <span class='ocrx_word' id='word_1_443' title='bbox 2972 2816 3151 2871; x_wconf 88' lang='lat' dir='ltr'><strong>rebus</strong></span> <span class='ocrx_word' id='word_1_444' title='bbox 3186 2816 3532 2871; x_wconf 89' lang='lat' dir='ltr'><strong>reconditis.</strong></span> <span class='ocrx_word' id='word_1_445' title='bbox 3560 2817 3652 2869; x_wconf 90' lang='lat' dir='ltr'><strong>Vi-</strong></span> 
     </span>
    </p>
   </div>
   <div class='ocr_carea' id='block_1_68' title="bbox 1990 2904 3658 2979">
    <p class='ocr_par' dir='ltr' id='par_1_68' title="bbox 1990 2904 3658 2979">
     <span class='ocr_line' id='line_1_68' title="bbox 1990 2904 3658 2979; baseline -0.004 -15"><span class='ocrx_word' id='word_1_446' title='bbox 1990 2911 2077 2964; x_wconf 84' lang='lat' dir='ltr'><strong>xit</strong></span> <span class='ocrx_word' id='word_1_447' title='bbox 2106 2906 2451 2979; x_wconf 85' lang='lat' dir='ltr'><strong>Olympiade</strong></span> <span class='ocrx_word' id='word_1_448' title='bbox 2472 2907 2643 2972; x_wconf 79' lang='lat' dir='ltr'><strong>XXX,</strong></span> <span class='ocrx_word' id='word_1_449' title='bbox 2672 2910 2811 2959; x_wconf 89' lang='lat' dir='ltr'><strong>utet</strong></span> <span class='ocrx_word' id='word_1_450' title='bbox 2832 2910 3059 2975; x_wconf 89' lang='lat' dir='ltr'><strong>septem</strong></span> <span class='ocrx_word' id='word_1_451' title='bbox 3103 2904 3658 2975; x_wconf 62' lang='lat' dir='ltr'><strong>sapientesGraaciaa</strong></span> 
     </span>
    </p>
   </div>
   <div class='ocr_carea' id='block_1_69' title="bbox 1991 2993 3658 3065">
    <p class='ocr_par' dir='ltr' id='par_1_69' title="bbox 1991 2993 3658 3065">
     <span class='ocr_line' id='line_1_69' title="bbox 1991 2993 3658 3065; baseline -0.005 -11"><span class='ocrx_word' id='word_1_452' title='bbox 1991 2997 2587 3058; x_wconf 62' lang='lat' dir='ltr'><strong>antecesseritaztate,</strong></span> <span class='ocrx_word' id='word_1_453' title='bbox 2609 2994 2699 3048; x_wconf 90' lang='lat' dir='ltr'><strong>vel</strong></span> <span class='ocrx_word' id='word_1_454' title='bbox 2725 2994 2933 3048; x_wconf 87' lang='lat' dir='ltr'><strong>saltem</strong></span> <span class='ocrx_word' id='word_1_455' title='bbox 2965 2993 3107 3047; x_wconf 87' lang='lat' dir='ltr'><strong>illos</strong></span> <span class='ocrx_word' id='word_1_456' title='bbox 3126 2994 3403 3065; x_wconf 89' lang='lat' dir='ltr'><strong>attigerit.</strong></span> <span class='ocrx_word' id='word_1_457' title='bbox 3424 2993 3658 3063; x_wconf 83' lang='lat' dir='ltr'><strong>Hicjam</strong></span> 
     </span>
    </p>
   </div>
   <div class='ocr_carea' id='block_1_70' title="bbox 1994 3081 3655 3153">
    <p class='ocr_par' dir='ltr' id='par_1_70' title="bbox 1994 3081 3655 3153">
     <span class='ocr_line' id='line_1_70' title="bbox 1994 3081 3655 3153; baseline -0.006 -10"><span class='ocrx_word' id='word_1_458' title='bbox 1994 3104 2174 3143; x_wconf 89' lang='lat' dir='ltr'><strong>senex</strong></span> <span class='ocrx_word' id='word_1_459' title='bbox 2203 3085 2484 3149; x_wconf 85' lang='lat' dir='ltr'><strong>Athenas,</strong></span> <span class='ocrx_word' id='word_1_460' title='bbox 2518 3082 2761 3153; x_wconf 89' lang='lat' dir='ltr'><strong>Cylonio</strong></span> <span class='ocrx_word' id='word_1_461' title='bbox 2790 3082 3017 3137; x_wconf 86' lang='lat' dir='ltr'><strong>scelere</strong></span> <span class='ocrx_word' id='word_1_462' title='bbox 3050 3082 3329 3151; x_wconf 89' lang='lat' dir='ltr'><strong>pollutas,</strong></span> <span class='ocrx_word' id='word_1_463' title='bbox 3374 3081 3655 3135; x_wconf 88' lang='lat' dir='ltr'><strong>lustravit</strong></span> 
     </span>
    </p>
   </div>
   <div class='ocr_carea' id='block_1_71' title="bbox 1996 3168 3650 3246">
    <p class='ocr_par' dir='ltr' id='par_1_71' title="bbox 1996 3168 3650 3246">
     <span class='ocr_line' id='line_1_71' title="bbox 1996 3168 3650 3246; baseline -0.005 -16"><span class='ocrx_word' id='word_1_464' title='bbox 1996 3175 2231 3246; x_wconf 87' lang='lat' dir='ltr'><strong>Olymp.</strong></span> <span class='ocrx_word' id='word_1_465' title='bbox 2276 3174 2464 3228; x_wconf 84' lang='lat' dir='ltr'><strong>XLIV.</strong></span> <span class='ocrx_word' id='word_1_466' title='bbox 2524 3170 2769 3241; x_wconf 85' lang='lat' dir='ltr'><strong>Scripsit</strong></span> <span class='ocrx_word' id='word_1_467' title='bbox 2828 3169 3016 3223; x_wconf 90' lang='lat' dir='ltr'><strong>multa</strong></span> <span class='ocrx_word' id='word_1_468' title='bbox 3045 3169 3351 3223; x_wconf 89' lang='lat' dir='ltr'><strong>versibus:</strong></span> <span class='ocrx_word' id='word_1_469' title='bbox 3386 3168 3650 3238; x_wconf 90' lang='lat' dir='ltr'><strong>itemque</strong></span> 
     </span>
    </p>
   </div>
   <div class='ocr_carea' id='block_1_72' title="bbox 1999 3256 3653 3332">
    <p class='ocr_par' dir='ltr' id='par_1_72' title="bbox 1999 3256 3653 3332">
     <span class='ocr_line' id='line_1_72' title="bbox 1999 3256 3653 3332; baseline -0.006 -14"><span class='ocrx_word' id='word_1_470' title='bbox 1999 3264 2267 3318; x_wconf 89' lang='lat' dir='ltr'><strong>oratione</strong></span> <span class='ocrx_word' id='word_1_471' title='bbox 2319 3276 2514 3332; x_wconf 91' lang='lat' dir='ltr'><strong>prosa,</strong></span> <span class='ocrx_word' id='word_1_472' title='bbox 2550 3258 2833 3329; x_wconf 81' lang='lat' dir='ltr'><strong>mysteria</strong></span> <span class='ocrx_word' id='word_1_473' title='bbox 2866 3257 3138 3327; x_wconf 64' lang='lat' dir='ltr'><strong>quaedam</strong></span> <span class='ocrx_word' id='word_1_474' title='bbox 3181 3263 3239 3311; x_wconf 88' lang='lat' dir='ltr'><strong>et</strong></span> <span class='ocrx_word' id='word_1_475' title='bbox 3268 3256 3653 3310; x_wconf 89' lang='lat' dir='ltr'><strong>lustrationes</strong></span> 
     </span>
    </p>
   </div>
   <div class='ocr_carea' id='block_1_73' title="bbox 2001 3345 3652 3423">
    <p class='ocr_par' dir='ltr' id='par_1_73' title="bbox 2001 3345 3652 3423">
     <span class='ocr_line' id='line_1_73' title="bbox 2001 3345 3652 3423; baseline -0.006 -15"><span class='ocrx_word' id='word_1_476' title='bbox 2001 3360 2059 3409; x_wconf 93' lang='lat' dir='ltr'><strong>et</strong></span> <span class='ocrx_word' id='word_1_477' title='bbox 2086 3354 2205 3408; x_wconf 87' lang='lat' dir='ltr'><strong>alia</strong></span> <span class='ocrx_word' id='word_1_478' title='bbox 2227 3349 2618 3423; x_wconf 68' lang='lat' dir='ltr'><strong>aanigmatica.</strong></span> <span class='ocrx_word' id='word_1_479' title='bbox 2652 3348 2738 3403; x_wconf 84' lang='lat' dir='ltr'><strong>Ad</strong></span> <span class='ocrx_word' id='word_1_480' title='bbox 2771 3348 2928 3401; x_wconf 90' lang='lat' dir='ltr'><strong>hunc</strong></span> <span class='ocrx_word' id='word_1_481' title='bbox 2969 3347 3149 3401; x_wconf 90' lang='lat' dir='ltr'><strong>Solon</strong></span> <span class='ocrx_word' id='word_1_482' title='bbox 3180 3346 3484 3417; x_wconf 89' lang='lat' dir='ltr'><strong>legislator</strong></span> <span class='ocrx_word' id='word_1_483' title='bbox 3506 3345 3652 3399; x_wconf 79' lang='lat' dir='ltr'><strong>scri-</strong></span> 
     </span>
    </p>
   </div>
   <div class='ocr_carea' id='block_1_74' title="bbox 2000 3434 3653 3514">
    <p class='ocr_par' dir='ltr' id='par_1_74' title="bbox 2000 3434 3653 3514">
     <span class='ocr_line' id='line_1_74' title="bbox 2000 3434 3653 3514; baseline -0.006 -17"><span class='ocrx_word' id='word_1_484' title='bbox 2000 3443 2138 3514; x_wconf 92' lang='lat' dir='ltr'><strong>psit,</strong></span> <span class='ocrx_word' id='word_1_485' title='bbox 2164 3437 2607 3511; x_wconf 89' lang='lat' dir='ltr'><strong>reprehendens</strong></span> <span class='ocrx_word' id='word_1_486' title='bbox 2628 3436 2792 3491; x_wconf 90' lang='lat' dir='ltr'><strong>urbis</strong></span> <span class='ocrx_word' id='word_1_487' title='bbox 2814 3436 3253 3490; x_wconf 86' lang='lat' dir='ltr'><strong>lustrationem.</strong></span> <span class='ocrx_word' id='word_1_488' title='bbox 3288 3434 3440 3488; x_wconf 88' lang='lat' dir='ltr'><strong>Vixit</strong></span> <span class='ocrx_word' id='word_1_489' title='bbox 3460 3449 3653 3488; x_wconf 90' lang='lat' dir='ltr'><strong>annos</strong></span> 
     </span>
    </p>
   </div>
   <div class='ocr_carea' id='block_1_75' title="bbox 2003 3526 2971 3587">
    <p class='ocr_par' dir='ltr' id='par_1_75' title="bbox 2003 3526 2971 3587">
     <span class='ocr_line' id='line_1_75' title="bbox 2003 3526 2971 3587; baseline -0.007 0"><span class='ocrx_word' id='word_1_490' title='bbox 2003 3533 2087 3587; x_wconf 90' lang='lat' dir='ltr'><strong>CL</strong></span> <span class='ocrx_word' id='word_1_491' title='bbox 2116 3537 2175 3585; x_wconf 90' lang='lat' dir='ltr'><strong>et</strong></span> <span class='ocrx_word' id='word_1_492' title='bbox 2204 3546 2306 3584; x_wconf 84' lang='lat' dir='ltr'><strong>sex</strong></span> <span class='ocrx_word' id='word_1_493' title='bbox 2336 3528 2652 3584; x_wconf 90' lang='lat' dir='ltr'><strong>continuos</strong></span> <span class='ocrx_word' id='word_1_494' title='bbox 2674 3526 2971 3581; x_wconf 90' lang='lat' dir='ltr'><strong>dormivit.</strong></span> 
     </span>
    </p>
   </div>
   <div class='ocr_carea' id='block_1_76' title="bbox 2074 3611 3656 3692">
    <p class='ocr_par' dir='ltr' id='par_1_76' title="bbox 2074 3611 3656 3692">
     <span class='ocr_line' id='line_1_76' title="bbox 2074 3611 3656 3692; baseline -0.007 -17"><span class='ocrx_word' id='word_1_495' title='bbox 2074 3620 2350 3692; x_wconf 88' lang='lat' dir='ltr'><strong>Epinicus</strong></span> <span class='ocrx_word' id='word_1_496' title='bbox 2384 3622 2444 3672; x_wconf 88' lang='lat' dir='ltr'><strong>et</strong></span> <span class='ocrx_word' id='word_1_497' title='bbox 2472 3617 2599 3687; x_wconf 89' lang='lat' dir='ltr'><strong>ipse</strong></span> <span class='ocrx_word' id='word_1_498' title='bbox 2630 3615 2914 3683; x_wconf 90' lang='lat' dir='ltr'><strong>comicus,</strong></span> <span class='ocrx_word' id='word_1_499' title='bbox 2943 3632 3014 3670; x_wconf 90' lang='lat' dir='ltr'><strong>ex</strong></span> <span class='ocrx_word' id='word_1_500' title='bbox 3038 3615 3211 3687; x_wconf 90' lang='lat' dir='ltr'><strong>cujus</strong></span> <span class='ocrx_word' id='word_1_501' title='bbox 3250 3612 3469 3669; x_wconf 88' lang='lat' dir='ltr'><strong>fabulis</strong></span> <span class='ocrx_word' id='word_1_502' title='bbox 3497 3611 3656 3665; x_wconf 80' lang='grc' dir='ltr'><strong>Ὑπο-</strong></span> 
     </span>
    </p>
   </div>
   <div class='ocr_carea' id='block_1_77' title="bbox 2005 3706 3040 3780">
    <p class='ocr_par' dir='ltr' id='par_1_77' title="bbox 2005 3706 3040 3780">
     <span class='ocr_line' id='line_1_77' title="bbox 2005 3706 3040 3780; baseline -0.004 -17"><span class='ocrx_word' id='word_1_503' title='bbox 2005 3706 2351 3780; x_wconf 75' lang='grc' dir='ltr'><strong>ϐάΑλόμιναι</strong></span> <span class='ocrx_word' id='word_1_504' title='bbox 2383 3707 2666 3761; x_wconf 79' lang='lat' dir='ltr'><strong>Athenaeo</strong></span> <span class='ocrx_word' id='word_1_505' title='bbox 2699 3711 3040 3760; x_wconf 66' lang='lat' dir='ltr'><strong>memorata:</strong></span> 
     </span>
    </p>
   </div>
   <div class='ocr_carea' id='block_1_78' title="bbox 2078 3791 3663 3871">
    <p class='ocr_par' dir='ltr' id='par_1_78' title="bbox 2078 3791 3663 3871">
     <span class='ocr_line' id='line_1_78' title="bbox 2078 3791 3663 3871; baseline -0.006 -18"><span class='ocrx_word' id='word_1_506' title='bbox 2078 3798 2466 3871; x_wconf 89' lang='lat' dir='ltr'><strong>Epiphanius,</strong></span> <span class='ocrx_word' id='word_1_507' title='bbox 2489 3796 2722 3867; x_wconf 89' lang='lat' dir='ltr'><strong>Ulpiani</strong></span> <span class='ocrx_word' id='word_1_508' title='bbox 2748 3797 2831 3862; x_wconf 92' lang='lat' dir='ltr'><strong>F.,</strong></span> <span class='ocrx_word' id='word_1_509' title='bbox 2858 3797 3140 3859; x_wconf 64' lang='lat' dir='ltr'><strong>Petraeus,</strong></span> <span class='ocrx_word' id='word_1_510' title='bbox 3166 3792 3454 3863; x_wconf 89' lang='lat' dir='ltr'><strong>sophista,</strong></span> <span class='ocrx_word' id='word_1_511' title='bbox 3481 3791 3579 3861; x_wconf 88' lang='lat' dir='ltr'><strong>qui</strong></span> <span class='ocrx_word' id='word_1_512' title='bbox 3605 3794 3663 3844; x_wconf 93' lang='lat' dir='ltr'><strong>et</strong></span> 
     </span>
    </p>
   </div>
   <div class='ocr_carea' id='block_1_79' title="bbox 2008 3877 3662 3961">
    <p class='ocr_par' dir='ltr' id='par_1_79' title="bbox 2008 3877 3662 3961">
     <span class='ocr_line' id='line_1_79' title="bbox 2008 3877 3662 3961; baseline -0.007 -18"><span class='ocrx_word' id='word_1_513' title='bbox 2008 3890 2068 3944; x_wconf 90' lang='lat' dir='ltr'><strong>in</strong></span> <span class='ocrx_word' id='word_1_514' title='bbox 2102 3889 2313 3961; x_wconf 88' lang='lat' dir='ltr'><strong>patria,</strong></span> <span class='ocrx_word' id='word_1_515' title='bbox 2348 3890 2539 3948; x_wconf 82' lang='lat' dir='ltr'><strong>Petra.</strong></span> <span class='ocrx_word' id='word_1_516' title='bbox 2594 3892 2651 3940; x_wconf 93' lang='lat' dir='ltr'><strong>et</strong></span> <span class='ocrx_word' id='word_1_517' title='bbox 2708 3886 2957 3939; x_wconf 83' lang='lat' dir='ltr'><strong>Athenis</strong></span> <span class='ocrx_word' id='word_1_518' title='bbox 2998 3884 3218 3939; x_wconf 90' lang='lat' dir='ltr'><strong>docuit.</strong></span> <span class='ocrx_word' id='word_1_519' title='bbox 3252 3881 3500 3952; x_wconf 88' lang='lat' dir='ltr'><strong>Scripsit</strong></span> <span class='ocrx_word' id='word_1_520' title='bbox 3530 3877 3662 3952; x_wconf 81' lang='grc' dir='ltr'>Περὶ</span> 
     </span>
    </p>
   </div>
   <div class='ocr_carea' id='block_1_80' title="bbox 3234 3970 3663 4039">
    <p class='ocr_par' dir='ltr' id='par_1_80' title="bbox 3234 3970 3663 4039">
     <span class='ocr_line' id='line_1_80' title="bbox 3234 3970 3663 4039; baseline 0.002 -18"><span class='ocrx_word' id='word_1_521' title='bbox 3234 3995 3260 4021; x_wconf 77' lang='grc' dir='ltr'><strong>ιι</strong></span> <span class='ocrx_word' id='word_1_522' title='bbox 3316 3973 3396 4025; x_wconf 89' lang='lat' dir='ltr'><strong>De</strong></span> <span class='ocrx_word' id='word_1_523' title='bbox 3430 3970 3501 4024; x_wconf 91' lang='lat' dir='ltr'><strong>iis</strong></span> <span class='ocrx_word' id='word_1_524' title='bbox 3532 3986 3663 4039; x_wconf 79' lang='lat' dir='ltr'><strong>quae</strong></span> 
     </span>
    </p>
   </div>
   <div class='ocr_carea' id='block_1_81' title="bbox 257 4058 3662 4134">
    <p class='ocr_par' dir='ltr' id='par_1_81' title="bbox 257 4058 3662 4134">
     <span class='ocr_line' id='line_1_81' title="bbox 257 4058 3662 4134; baseline -0.005 -6"><span class='ocrx_word' id='word_1_525' title='bbox 257 4062 547 4133; x_wconf 77' lang='lat' dir='ltr'><strong>Epictetus</strong></span> <span class='ocrx_word' id='word_1_526' title='bbox 604 4060 694 4114; x_wconf 68' lang='grc' dir='ltr'>καὶ</span> <span class='ocrx_word' id='word_1_527' title='bbox 738 4064 841 4120; x_wconf 72' lang='grc' dir='ltr'><strong>πᾶς</strong></span> <span class='ocrx_word' id='word_1_528' title='bbox 872 4058 928 4111; x_wconf 75' lang='grc' dir='ltr'>εὖ</span> <span class='ocrx_word' id='word_1_529' title='bbox 961 4062 1202 4134; x_wconf 76' lang='grc' dir='ltr'><strong>φρονῶν,</strong></span> <span class='ocrx_word' id='word_1_530' title='bbox 1235 4064 1292 4113; x_wconf 67' lang='lat'><strong>0&#39;-</strong></span> <span class='ocrx_word' id='word_1_531' title='bbox 1322 4058 1574 4130; x_wconf 73' lang='lat' dir='ltr'><strong>quilibet</strong></span> <span class='ocrx_word' id='word_1_532' title='bbox 1626 4058 1903 4113; x_wconf 63' lang='lat' dir='ltr'><strong>cordatus</strong></span> <span class='ocrx_word' id='word_1_533' title='bbox 2011 4075 2246 4125; x_wconf 82' lang='lat' dir='ltr'><strong>«status</strong></span> <span class='ocrx_word' id='word_1_534' title='bbox 2272 4084 2585 4123; x_wconf 88' lang='lat' dir='ltr'><strong>causarum</strong></span> <span class='ocrx_word' id='word_1_535' title='bbox 2613 4066 2770 4119; x_wconf 89' lang='lat' dir='ltr'><strong>inter</strong></span> <span class='ocrx_word' id='word_1_536' title='bbox 2801 4080 2862 4118; x_wconf 91' lang='lat' dir='ltr'><strong>se</strong></span> <span class='ocrx_word' id='word_1_537' title='bbox 2890 4078 3237 4117; x_wconf 89' lang='lat' dir='ltr'><strong>communes</strong></span> <span class='ocrx_word' id='word_1_538' title='bbox 3268 4061 3491 4115; x_wconf 88' lang='lat' dir='ltr'><strong>habent</strong></span> <span class='ocrx_word' id='word_1_539' title='bbox 3520 4064 3579 4112; x_wconf 92' lang='lat' dir='ltr'><strong>et</strong></span> <span class='ocrx_word' id='word_1_540' title='bbox 3600 4059 3662 4111; x_wconf 90' lang='lat' dir='ltr'><strong>in</strong></span> 
     </span>
    </p>
   </div>
   <div class='ocr_carea' id='block_1_82' title="bbox 263 4151 1082 4219">
    <p class='ocr_par' dir='ltr' id='par_1_82' title="bbox 263 4151 1082 4219">
     <span class='ocr_line' id='line_1_82' title="bbox 263 4151 1082 4219; baseline -0.005 -13"><span class='ocrx_word' id='word_1_541' title='bbox 263 4152 470 4219; x_wconf 88' lang='lat' dir='ltr'><strong>studet,</strong></span> <span class='ocrx_word' id='word_1_542' title='bbox 508 4157 641 4218; x_wconf 90' lang='lat' dir='ltr'><strong>etc.,</strong></span> <span class='ocrx_word' id='word_1_543' title='bbox 677 4168 746 4205; x_wconf 70' lang='lat' dir='ltr'><strong>ea:</strong></span> <span class='ocrx_word' id='word_1_544' title='bbox 775 4151 1082 4204; x_wconf 86' lang='lat' dir='ltr'><strong>Damascio.</strong></span> 
     </span>
    </p>
   </div>
   <div class='ocr_carea' id='block_1_83' title="bbox 328 4236 1906 4312">
    <p class='ocr_par' dir='ltr' id='par_1_83' title="bbox 328 4236 1906 4312">
     <span class='ocr_line' id='line_1_83' title="bbox 328 4236 1906 4312; baseline -0.002 -18"><span class='ocrx_word' id='word_1_545' title='bbox 328 4242 632 4312; x_wconf 89' lang='lat' dir='ltr'><strong>Epicurus,</strong></span> <span class='ocrx_word' id='word_1_546' title='bbox 658 4239 891 4294; x_wconf 87' lang='lat' dir='ltr'><strong>Neoclis</strong></span> <span class='ocrx_word' id='word_1_547' title='bbox 913 4239 1000 4303; x_wconf 89' lang='lat' dir='ltr'><strong>F.,</strong></span> <span class='ocrx_word' id='word_1_548' title='bbox 1021 4236 1421 4304; x_wconf 83' lang='lat' dir='ltr'><strong>Atheniensis,</strong></span> <span class='ocrx_word' id='word_1_549' title='bbox 1442 4237 1659 4308; x_wconf 92' lang='lat' dir='ltr'><strong>populo</strong></span> <span class='ocrx_word' id='word_1_550' title='bbox 1675 4239 1906 4307; x_wconf 87' lang='lat' dir='ltr'><strong>Garget-</strong></span> 
     </span>
    </p>
   </div>
   <div class='ocr_carea' id='block_1_84' title="bbox 267 4326 1906 4396">
    <p class='ocr_par' dir='ltr' id='par_1_84' title="bbox 267 4326 1906 4396">
     <span class='ocr_line' id='line_1_84' title="bbox 267 4326 1906 4396; baseline -0.002 -12"><span class='ocrx_word' id='word_1_551' title='bbox 267 4331 393 4396; x_wconf 89' lang='lat' dir='ltr'><strong>tius,</strong></span> <span class='ocrx_word' id='word_1_552' title='bbox 420 4337 608 4385; x_wconf 88' lang='lat' dir='ltr'><strong>matre</strong></span> <span class='ocrx_word' id='word_1_553' title='bbox 633 4330 1047 4393; x_wconf 66' lang='lat' dir='ltr'><strong>Chaarestrata,</strong></span> <span class='ocrx_word' id='word_1_554' title='bbox 1080 4326 1263 4381; x_wconf 80' lang='lat' dir='ltr'><strong>frater</strong></span> <span class='ocrx_word' id='word_1_555' title='bbox 1287 4327 1539 4395; x_wconf 85' lang='lat' dir='ltr'><strong>Neoclis,</strong></span> <span class='ocrx_word' id='word_1_556' title='bbox 1562 4326 1906 4382; x_wconf 72' lang='lat' dir='ltr'><strong>Chmredeni</strong></span> 
     </span>
    </p>
   </div>
   <div class='ocr_carea' id='block_1_85' title="bbox 269 4416 1911 4488">
    <p class='ocr_par' dir='ltr' id='par_1_85' title="bbox 269 4416 1911 4488">
     <span class='ocr_line' id='line_1_85' title="bbox 269 4416 1911 4488; baseline -0.001 -15"><span class='ocrx_word' id='word_1_557' title='bbox 269 4425 321 4473; x_wconf 91' lang='lat' dir='ltr'><strong>et</strong></span> <span class='ocrx_word' id='word_1_558' title='bbox 343 4419 681 4485; x_wconf 90' lang='lat' dir='ltr'><strong>Aristobuli,</strong></span> <span class='ocrx_word' id='word_1_559' title='bbox 725 4418 847 4473; x_wconf 91' lang='lat' dir='ltr'><strong>sive</strong></span> <span class='ocrx_word' id='word_1_560' title='bbox 881 4416 1261 4481; x_wconf 90' lang='lat' dir='ltr'><strong>Aristodemi,</strong></span> <span class='ocrx_word' id='word_1_561' title='bbox 1296 4416 1703 4488; x_wconf 81' lang='lat' dir='ltr'><strong>philOSOphari</strong></span> <span class='ocrx_word' id='word_1_562' title='bbox 1734 4417 1911 4487; x_wconf 67' lang='lat' dir='ltr'><strong>caapit</strong></span> 
     </span>
    </p>
   </div>
   <div class='ocr_carea' id='block_1_86' title="bbox 270 4505 1911 4577">
    <p class='ocr_par' dir='ltr' id='par_1_86' title="bbox 270 4505 1911 4577">
     <span class='ocr_line' id='line_1_86' title="bbox 270 4505 1911 4577; baseline -0.001 -14"><span class='ocrx_word' id='word_1_563' title='bbox 270 4509 336 4563; x_wconf 88' lang='lat' dir='ltr'><strong>ab</strong></span> <span class='ocrx_word' id='word_1_564' title='bbox 348 4525 499 4565; x_wconf 87' lang='lat' dir='ltr'><strong>anno</strong></span> <span class='ocrx_word' id='word_1_565' title='bbox 514 4506 867 4563; x_wconf 91' lang='lat' dir='ltr'><strong>duodecimo</strong></span> <span class='ocrx_word' id='word_1_566' title='bbox 884 4507 1104 4562; x_wconf 65' lang='lat' dir='ltr'><strong>astatis:</strong></span> <span class='ocrx_word' id='word_1_567' title='bbox 1128 4505 1421 4577; x_wconf 90' lang='lat' dir='ltr'><strong>pecularis</strong></span> <span class='ocrx_word' id='word_1_568' title='bbox 1436 4510 1611 4561; x_wconf 67' lang='lat' dir='ltr'><strong>sectae</strong></span> <span class='ocrx_word' id='word_1_569' title='bbox 1638 4506 1911 4561; x_wconf 89' lang='lat' dir='ltr'><strong>conditor</strong></span> 
     </span>
    </p>
   </div>
   <div class='ocr_carea' id='block_1_87' title="bbox 262 4595 1910 4669">
    <p class='ocr_par' dir='ltr' id='par_1_87' title="bbox 262 4595 1910 4669">
     <span class='ocr_line' id='line_1_87' title="bbox 262 4595 1910 4669; baseline -0.001 -17"><span class='ocrx_word' id='word_1_570' title='bbox 262 4599 326 4652; x_wconf 92' lang='lat' dir='ltr'><strong>Et</strong></span> <span class='ocrx_word' id='word_1_571' title='bbox 352 4599 614 4669; x_wconf 89' lang='lat' dir='ltr'><strong>primum</strong></span> <span class='ocrx_word' id='word_1_572' title='bbox 647 4595 896 4665; x_wconf 86' lang='lat' dir='ltr'><strong>quidem</strong></span> <span class='ocrx_word' id='word_1_573' title='bbox 930 4595 1087 4649; x_wconf 90' lang='lat' dir='ltr'><strong>Sami</strong></span> <span class='ocrx_word' id='word_1_574' title='bbox 1116 4611 1249 4650; x_wconf 90' lang='lat' dir='ltr'><strong>cum</strong></span> <span class='ocrx_word' id='word_1_575' title='bbox 1274 4595 1620 4666; x_wconf 91' lang='lat' dir='ltr'><strong>parentibus</strong></span> <span class='ocrx_word' id='word_1_576' title='bbox 1649 4612 1910 4650; x_wconf 87' lang='lat' dir='ltr'><strong>commo-</strong></span> 
     </span>
    </p>
   </div>
   <div class='ocr_carea' id='block_1_88' title="bbox 2018 4146 3663 4230">
    <p class='ocr_par' dir='ltr' id='par_1_88' title="bbox 2018 4146 3663 4230">
     <span class='ocr_line' id='line_1_88' title="bbox 2018 4146 3663 4230; baseline -0.009 -17"><span class='ocrx_word' id='word_1_577' title='bbox 2018 4179 2039 4206; x_wconf 75' lang='grc' dir='ltr'><strong>α</strong></span> <span class='ocrx_word' id='word_1_578' title='bbox 2074 4160 2290 4230; x_wconf 91' lang='lat' dir='ltr'><strong>quibus</strong></span> <span class='ocrx_word' id='word_1_579' title='bbox 2322 4156 2624 4210; x_wconf 85' lang='lat' dir='ltr'><strong>differunt.</strong></span> <span class='ocrx_word' id='word_1_580' title='bbox 2668 4156 3216 4223; x_wconf 88' lang='lat' dir='ltr'><strong>Progymnasmata.</strong></span> <span class='ocrx_word' id='word_1_581' title='bbox 3272 4146 3663 4203; x_wconf 86' lang='lat' dir='ltr'><strong>Declamatio-</strong></span> 
     </span>
    </p>
   </div>
   <div class='ocr_carea' id='block_1_89' title="bbox 2015 4233 3666 4303">
    <p class='ocr_par' dir='ltr' id='par_1_89' title="bbox 2015 4233 3666 4303">
     <span class='ocr_line' id='line_1_89' title="bbox 2015 4233 3666 4303; baseline -0.009 -2"><span class='ocrx_word' id='word_1_582' title='bbox 2015 4270 2039 4301; x_wconf 71' lang='grc' dir='ltr'><strong><em>α</em></strong></span> <span class='ocrx_word' id='word_1_583' title='bbox 2075 4264 2202 4303; x_wconf 89' lang='lat' dir='ltr'><strong>nes.</strong></span> <span class='ocrx_word' id='word_1_584' title='bbox 2260 4246 2568 4301; x_wconf 90' lang='lat' dir='ltr'><strong>Orationes</strong></span> <span class='ocrx_word' id='word_1_585' title='bbox 2624 4241 3059 4297; x_wconf 89' lang='lat' dir='ltr'><strong>Demarchicas.</strong></span> <span class='ocrx_word' id='word_1_586' title='bbox 3121 4239 3459 4294; x_wconf 87' lang='lat' dir='ltr'><strong>Orationem</strong></span> <span class='ocrx_word' id='word_1_587' title='bbox 3503 4233 3666 4288; x_wconf 87' lang='lat' dir='ltr'><strong>Pole-</strong></span> 
     </span>
    </p>
   </div>
   <div class='ocr_carea' id='block_1_90' title="bbox 2015 4323 3665 4404">
    <p class='ocr_par' dir='ltr' id='par_1_90' title="bbox 2015 4323 3665 4404">
     <span class='ocr_line' id='line_1_90' title="bbox 2015 4323 3665 4404; baseline -0.008 -16"><span class='ocrx_word' id='word_1_588' title='bbox 2015 4360 2042 4388; x_wconf 73' lang='grc' dir='ltr'><strong><em>α</em></strong></span> <span class='ocrx_word' id='word_1_589' title='bbox 2076 4336 2435 4392; x_wconf 83' lang='lat' dir='ltr'><strong>marchicam</strong></span> <span class='ocrx_word' id='word_1_590' title='bbox 2470 4331 2680 4404; x_wconf 82' lang='grc' dir='ltr'><strong>Λόγους</strong></span> <span class='ocrx_word' id='word_1_591' title='bbox 2710 4326 3131 4396; x_wconf 75' lang='grc' dir='ltr'><strong>ἐπιδεικτικούς,</strong></span> <span class='ocrx_word' id='word_1_592' title='bbox 3160 4327 3277 4382; x_wconf 85' lang='lat' dir='ltr'><strong>sive</strong></span> <span class='ocrx_word' id='word_1_593' title='bbox 3322 4323 3665 4394; x_wconf 59' lang='lat' dir='ltr'><strong>Eloquentia?</strong></span> 
     </span>
    </p>
   </div>
   <div class='ocr_carea' id='block_1_91' title="bbox 2013 4414 3486 4499">
    <p class='ocr_par' dir='ltr' id='par_1_91' title="bbox 2013 4414 3486 4499">
     <span class='ocr_line' id='line_1_91' title="bbox 2013 4414 3486 4499; baseline -0.01 -16"><span class='ocrx_word' id='word_1_594' title='bbox 2013 4429 2311 4499; x_wconf 85' lang='lat' dir='ltr'><strong>specimina</strong></span> <span class='ocrx_word' id='word_1_595' title='bbox 2343 4429 2398 4479; x_wconf 92' lang='lat' dir='ltr'><strong>et</strong></span> <span class='ocrx_word' id='word_1_596' title='bbox 2435 4424 2791 4478; x_wconf 82' lang='lat' dir='ltr'><strong>Theoremata</strong></span> <span class='ocrx_word' id='word_1_597' title='bbox 2820 4419 3091 4490; x_wconf 71' lang='lat' dir='ltr'><strong>qumdam</strong></span> <span class='ocrx_word' id='word_1_598' title='bbox 3120 4414 3486 4472; x_wconf 82' lang='lat' dir='ltr'><strong>miscellanea.</strong></span> 
     </span>
    </p>
   </div>
   <div class='ocr_carea' id='block_1_92' title="bbox 2087 4500 3664 4588">
    <p class='ocr_par' dir='ltr' id='par_1_92' title="bbox 2087 4500 3664 4588">
     <span class='ocr_line' id='line_1_92' title="bbox 2087 4500 3664 4588; baseline -0.011 -17"><span class='ocrx_word' id='word_1_599' title='bbox 2087 4514 2471 4588; x_wconf 89' lang='lat' dir='ltr'><strong>Epiphanius,</strong></span> <span class='ocrx_word' id='word_1_600' title='bbox 2504 4511 2819 4583; x_wconf 90' lang='lat' dir='ltr'><strong>episcopus</strong></span> <span class='ocrx_word' id='word_1_601' title='bbox 2849 4506 3231 4572; x_wconf 71' lang='lat' dir='ltr'><strong>Constantia),</strong></span> <span class='ocrx_word' id='word_1_602' title='bbox 3265 4504 3432 4558; x_wconf 90' lang='lat' dir='ltr'><strong>urbis</strong></span> <span class='ocrx_word' id='word_1_603' title='bbox 3462 4500 3664 4572; x_wconf 83' lang='lat' dir='ltr'><strong>Cypri,</strong></span> 
     </span>
    </p>
   </div>
   <div class='ocr_carea' id='block_1_93' title="bbox 2018 4592 3674 4669">
    <p class='ocr_par' dir='ltr' id='par_1_93' title="bbox 2018 4592 3674 4669">
     <span class='ocr_line' id='line_1_93' title="bbox 2018 4592 3674 4669; baseline -0.01 -8"><span class='ocrx_word' id='word_1_604' title='bbox 2018 4606 2161 4661; x_wconf 90' lang='lat' dir='ltr'><strong>olim</strong></span> <span class='ocrx_word' id='word_1_605' title='bbox 2194 4602 2445 4659; x_wconf 88' lang='lat' dir='ltr'><strong>Salamis</strong></span> <span class='ocrx_word' id='word_1_606' title='bbox 2475 4601 2669 4656; x_wconf 64' lang='lat' dir='ltr'><strong>dictae.</strong></span> <span class='ocrx_word' id='word_1_607' title='bbox 2712 4598 2959 4669; x_wconf 89' lang='lat' dir='ltr'><strong>Scripsit</strong></span> <span class='ocrx_word' id='word_1_608' title='bbox 2987 4601 3195 4651; x_wconf 86' lang='lat' dir='ltr'><strong>contra</strong></span> <span class='ocrx_word' id='word_1_609' title='bbox 3225 4610 3434 4649; x_wconf 87' lang='lat' dir='ltr'><strong>omnes</strong></span> <span class='ocrx_word' id='word_1_610' title='bbox 3481 4592 3674 4646; x_wconf 71' lang='lat' dir='ltr'><strong>haare-</strong></span> 
     </span>
    </p>
   </div>
   <div class='ocr_carea' id='block_1_94' title="bbox 261 4672 3676 4763">
    <p class='ocr_par' dir='ltr' id='par_1_94' title="bbox 261 4672 3676 4763">
     <span class='ocr_line' id='line_1_94' title="bbox 261 4672 3676 4763; baseline -0.002 -22"><span class='ocrx_word' id='word_1_611' title='bbox 261 4692 413 4741; x_wconf 90' lang='lat' dir='ltr'><strong>ratus</strong></span> <span class='ocrx_word' id='word_1_612' title='bbox 450 4691 559 4751; x_wconf 89' lang='lat' dir='ltr'><strong>est,</strong></span> <span class='ocrx_word' id='word_1_613' title='bbox 594 4683 810 4739; x_wconf 90' lang='lat' dir='ltr'><strong>deinde</strong></span> <span class='ocrx_word' id='word_1_614' title='bbox 860 4684 1153 4754; x_wconf 72' lang='lat' dir='ltr'><strong>Mitylenze</strong></span> <span class='ocrx_word' id='word_1_615' title='bbox 1214 4700 1438 4739; x_wconf 89' lang='lat' dir='ltr'><strong>annum</strong></span> <span class='ocrx_word' id='word_1_616' title='bbox 1496 4701 1683 4740; x_wconf 90' lang='lat' dir='ltr'><strong>unum</strong></span> <span class='ocrx_word' id='word_1_617' title='bbox 1734 4684 1908 4740; x_wconf 71' lang='lat' dir='ltr'><strong>scolas</strong></span> <span class='ocrx_word' id='word_1_618' title='bbox 1943 4672 1988 4736; x_wconf 81' lang='grc' dir='ltr'><strong>Ι)</strong></span> <span class='ocrx_word' id='word_1_619' title='bbox 2024 4715 2117 4753; x_wconf 68' lang='lat' dir='ltr'><strong>ses</strong></span> <span class='ocrx_word' id='word_1_620' title='bbox 2147 4737 2162 4763; x_wconf 55' lang='lat'><strong>,</strong></span> <span class='ocrx_word' id='word_1_621' title='bbox 2222 4694 2405 4749; x_wconf 64' lang='lat' dir='ltr'><strong>libros</strong></span> <span class='ocrx_word' id='word_1_622' title='bbox 2439 4734 2456 4761; x_wconf 54' lang='lat'><strong>,</strong></span> <span class='ocrx_word' id='word_1_623' title='bbox 2512 4691 2612 4762; x_wconf 79' lang='lat' dir='ltr'><strong>qui</strong></span> <span class='ocrx_word' id='word_1_624' title='bbox 2662 4690 2907 4745; x_wconf 76' lang='lat' dir='ltr'><strong>panaria</strong></span> <span class='ocrx_word' id='word_1_625' title='bbox 2958 4691 3245 4741; x_wconf 80' lang='lat' dir='ltr'><strong>vocantur</strong></span> <span class='ocrx_word' id='word_1_626' title='bbox 3277 4727 3289 4740; x_wconf 92' lang='lat'><strong>.</strong></span> <span class='ocrx_word' id='word_1_627' title='bbox 3351 4684 3497 4737; x_wconf 89' lang='lat' dir='ltr'><strong>Item</strong></span> <span class='ocrx_word' id='word_1_628' title='bbox 3555 4679 3676 4734; x_wconf 88' lang='lat' dir='ltr'><strong>alia</strong></span> 
     </span>
    </p>
   </div>
   <div class='ocr_carea' id='block_1_95' title="bbox 260 4769 1914 4843">
    <p class='ocr_par' dir='ltr' id='par_1_95' title="bbox 260 4769 1914 4843">
     <span class='ocr_line' id='line_1_95' title="bbox 260 4769 1914 4843; baseline 0.001 -18"><span class='ocrx_word' id='word_1_629' title='bbox 260 4773 717 4843; x_wconf 70' lang='lat' dir='ltr'><strong>praefuit,postea</strong></span> <span class='ocrx_word' id='word_1_630' title='bbox 739 4771 1041 4841; x_wconf 89' lang='lat' dir='ltr'><strong>Lampsaci</strong></span> <span class='ocrx_word' id='word_1_631' title='bbox 1067 4769 1286 4841; x_wconf 90' lang='lat' dir='ltr'><strong>docuit,</strong></span> <span class='ocrx_word' id='word_1_632' title='bbox 1304 4776 1362 4826; x_wconf 94' lang='lat' dir='ltr'><strong>et</strong></span> <span class='ocrx_word' id='word_1_633' title='bbox 1383 4771 1645 4843; x_wconf 91' lang='lat' dir='ltr'><strong>denique</strong></span> <span class='ocrx_word' id='word_1_634' title='bbox 1671 4771 1914 4827; x_wconf 81' lang='lat' dir='ltr'><strong>Athenis</strong></span> 
     </span>
    </p>
   </div>
   <div class='ocr_carea' id='block_1_96' title="bbox 265 4859 1915 4931">
    <p class='ocr_par' dir='ltr' id='par_1_96' title="bbox 265 4859 1915 4931">
     <span class='ocr_line' id='line_1_96' title="bbox 265 4859 1915 4931; baseline 0.002 -19"><span class='ocrx_word' id='word_1_635' title='bbox 265 4860 321 4914; x_wconf 91' lang='lat' dir='ltr'><strong>in</strong></span> <span class='ocrx_word' id='word_1_636' title='bbox 355 4861 521 4915; x_wconf 91' lang='lat' dir='ltr'><strong>horto</strong></span> <span class='ocrx_word' id='word_1_637' title='bbox 554 4876 681 4916; x_wconf 92' lang='lat' dir='ltr'><strong>suo.</strong></span> <span class='ocrx_word' id='word_1_638' title='bbox 737 4859 972 4914; x_wconf 84' lang='lat' dir='ltr'><strong>Audivit</strong></span> <span class='ocrx_word' id='word_1_639' title='bbox 1001 4859 1441 4931; x_wconf 84' lang='lat' dir='ltr'><strong>Nausiphanem</strong></span> <span class='ocrx_word' id='word_1_640' title='bbox 1476 4861 1915 4916; x_wconf 90' lang='lat' dir='ltr'><strong>Democriteum</strong></span> 
     </span>
    </p>
   </div>
   <div class='ocr_carea' id='block_1_97' title="bbox 274 4950 1919 5022">
    <p class='ocr_par' dir='ltr' id='par_1_97' title="bbox 274 4950 1919 5022">
     <span class='ocr_line' id='line_1_97' title="bbox 274 4950 1919 5022; baseline 0.001 -19"><span class='ocrx_word' id='word_1_641' title='bbox 274 4955 327 5004; x_wconf 90' lang='lat' dir='ltr'><strong>et</strong></span> <span class='ocrx_word' id='word_1_642' title='bbox 376 4951 777 5022; x_wconf 89' lang='lat' dir='ltr'><strong>Pamphilum,</strong></span> <span class='ocrx_word' id='word_1_643' title='bbox 828 4950 1094 5006; x_wconf 90' lang='lat' dir='ltr'><strong>Platonis</strong></span> <span class='ocrx_word' id='word_1_644' title='bbox 1151 4950 1547 5022; x_wconf 91' lang='lat' dir='ltr'><strong>discipulum.</strong></span> <span class='ocrx_word' id='word_1_645' title='bbox 1609 4954 1787 5007; x_wconf 87' lang='lat' dir='ltr'><strong>Natus</strong></span> <span class='ocrx_word' id='word_1_646' title='bbox 1828 4956 1919 5007; x_wconf 92' lang='lat' dir='ltr'><strong>est</strong></span> 
     </span>
    </p>
   </div>
   <div class='ocr_carea' id='block_1_98' title="bbox 272 5040 1917 5113">
    <p class='ocr_par' dir='ltr' id='par_1_98' title="bbox 272 5040 1917 5113">
     <span class='ocr_line' id='line_1_98' title="bbox 272 5040 1917 5113; baseline -0.001 -19"><span class='ocrx_word' id='word_1_647' title='bbox 272 5040 610 5113; x_wconf 82' lang='lat' dir='ltr'><strong>Olympiade</strong></span> <span class='ocrx_word' id='word_1_648' title='bbox 624 5042 762 5107; x_wconf 90' lang='lat' dir='ltr'><strong>CIX,</strong></span> <span class='ocrx_word' id='word_1_649' title='bbox 788 5046 1015 5113; x_wconf 90' lang='lat' dir='ltr'><strong>septem</strong></span> <span class='ocrx_word' id='word_1_650' title='bbox 1039 5040 1214 5095; x_wconf 90' lang='lat' dir='ltr'><strong>annis</strong></span> <span class='ocrx_word' id='word_1_651' title='bbox 1230 5047 1365 5112; x_wconf 91' lang='lat' dir='ltr'><strong>post</strong></span> <span class='ocrx_word' id='word_1_652' title='bbox 1384 5047 1637 5095; x_wconf 91' lang='lat' dir='ltr'><strong>mortem</strong></span> <span class='ocrx_word' id='word_1_653' title='bbox 1652 5040 1917 5096; x_wconf 89' lang='lat' dir='ltr'><strong>Platonis</strong></span> 
     </span>
    </p>
   </div>
   <div class='ocr_carea' id='block_1_99' title="bbox 276 5128 1916 5201">
    <p class='ocr_par' dir='ltr' id='par_1_99' title="bbox 276 5128 1916 5201">
     <span class='ocr_line' id='line_1_99' title="bbox 276 5128 1916 5201; baseline -0.002 -16"><span class='ocrx_word' id='word_1_654' title='bbox 276 5135 327 5185; x_wconf 89' lang='lat' dir='ltr'><strong>et</strong></span> <span class='ocrx_word' id='word_1_655' title='bbox 352 5130 524 5185; x_wconf 88' lang='lat' dir='ltr'><strong>vitam</strong></span> <span class='ocrx_word' id='word_1_656' title='bbox 556 5129 836 5201; x_wconf 89' lang='lat' dir='ltr'><strong>produxit</strong></span> <span class='ocrx_word' id='word_1_657' title='bbox 867 5145 1054 5199; x_wconf 89' lang='lat' dir='ltr'><strong>usque</strong></span> <span class='ocrx_word' id='word_1_658' title='bbox 1086 5128 1160 5184; x_wconf 90' lang='lat' dir='ltr'><strong>ad</strong></span> <span class='ocrx_word' id='word_1_659' title='bbox 1191 5146 1568 5185; x_wconf 88' lang='lat' dir='ltr'><strong>successores</strong></span> <span class='ocrx_word' id='word_1_660' title='bbox 1597 5128 1916 5184; x_wconf 87' lang='lat' dir='ltr'><strong>Alexandri</strong></span> 
     </span>
    </p>
   </div>
   <div class='ocr_carea' id='block_1_100' title="bbox 281 5217 1922 5291">
    <p class='ocr_par' dir='ltr' id='par_1_100' title="bbox 281 5217 1922 5291">
     <span class='ocr_line' id='line_1_100' title="bbox 281 5217 1922 5291; baseline -0.001 -17"><span class='ocrx_word' id='word_1_661' title='bbox 281 5220 346 5274; x_wconf 81' lang='grc' dir='ltr'><strong>Μ.</strong></span> <span class='ocrx_word' id='word_1_662' title='bbox 378 5225 430 5274; x_wconf 90' lang='lat' dir='ltr'><strong>et</strong></span> <span class='ocrx_word' id='word_1_663' title='bbox 461 5219 850 5291; x_wconf 83' lang='lat' dir='ltr'><strong>Antigonum,</strong></span> <span class='ocrx_word' id='word_1_664' title='bbox 885 5218 983 5288; x_wconf 92' lang='lat' dir='ltr'><strong>qui</strong></span> <span class='ocrx_word' id='word_1_665' title='bbox 1018 5218 1272 5273; x_wconf 87' lang='lat' dir='ltr'><strong>Gonatas</strong></span> <span class='ocrx_word' id='word_1_666' title='bbox 1304 5217 1496 5272; x_wconf 90' lang='lat' dir='ltr'><strong>dictus</strong></span> <span class='ocrx_word' id='word_1_667' title='bbox 1545 5224 1651 5273; x_wconf 90' lang='lat' dir='ltr'><strong>est.</strong></span> <span class='ocrx_word' id='word_1_668' title='bbox 1709 5217 1922 5273; x_wconf 87' lang='lat' dir='ltr'><strong>Schola</strong></span> 
     </span>
    </p>
   </div>
   <div class='ocr_carea' id='block_1_101' title="bbox 283 5307 1921 5380">
    <p class='ocr_par' dir='ltr' id='par_1_101' title="bbox 283 5307 1921 5380">
     <span class='ocr_line' id='line_1_101' title="bbox 283 5307 1921 5380; baseline -0.001 -17"><span class='ocrx_word' id='word_1_669' title='bbox 283 5308 400 5380; x_wconf 87' lang='lat' dir='ltr'><strong>ejus</strong></span> <span class='ocrx_word' id='word_1_670' title='bbox 426 5309 758 5379; x_wconf 88' lang='lat' dir='ltr'><strong>permansit</strong></span> <span class='ocrx_word' id='word_1_671' title='bbox 786 5323 973 5377; x_wconf 86' lang='lat' dir='ltr'><strong>usque</strong></span> <span class='ocrx_word' id='word_1_672' title='bbox 1004 5307 1077 5362; x_wconf 89' lang='lat' dir='ltr'><strong>ad</strong></span> <span class='ocrx_word' id='word_1_673' title='bbox 1108 5308 1395 5361; x_wconf 71' lang='lat' dir='ltr'><strong>Caesarem</strong></span> <span class='ocrx_word' id='word_1_674' title='bbox 1440 5307 1700 5378; x_wconf 90' lang='lat' dir='ltr'><strong>primum</strong></span> <span class='ocrx_word' id='word_1_675' title='bbox 1732 5322 1921 5362; x_wconf 85' lang='lat' dir='ltr'><strong>annos</strong></span> 
     </span>
    </p>
   </div>
   <div class='ocr_carea' id='block_1_102' title="bbox 281 5395 1923 5466">
    <p class='ocr_par' dir='ltr' id='par_1_102' title="bbox 281 5395 1923 5466">
     <span class='ocr_line' id='line_1_102' title="bbox 281 5395 1923 5466; baseline -0.001 -15"><span class='ocrx_word' id='word_1_676' title='bbox 281 5397 620 5463; x_wconf 73' lang='lat' dir='ltr'><strong>CCXXXVII,</strong></span> <span class='ocrx_word' id='word_1_677' title='bbox 654 5402 712 5451; x_wconf 90' lang='lat' dir='ltr'><strong>et</strong></span> <span class='ocrx_word' id='word_1_678' title='bbox 750 5397 906 5451; x_wconf 86' lang='lat' dir='ltr'><strong>infra</strong></span> <span class='ocrx_word' id='word_1_679' title='bbox 938 5401 1171 5466; x_wconf 89' lang='lat' dir='ltr'><strong>tempus</strong></span> <span class='ocrx_word' id='word_1_680' title='bbox 1203 5395 1361 5450; x_wconf 90' lang='lat' dir='ltr'><strong>istud</strong></span> <span class='ocrx_word' id='word_1_681' title='bbox 1394 5398 1515 5450; x_wconf 84' lang='lat' dir='ltr'><strong>XIV</strong></span> <span class='ocrx_word' id='word_1_682' title='bbox 1548 5412 1923 5452; x_wconf 89' lang='lat' dir='ltr'><strong>successores</strong></span> 
     </span>
    </p>
   </div>
   <div class='ocr_carea' id='block_1_103' title="bbox 284 5483 1921 5557">
    <p class='ocr_par' dir='ltr' id='par_1_103' title="bbox 284 5483 1921 5557">
     <span class='ocr_line' id='line_1_103' title="bbox 284 5483 1921 5557; baseline 0 -18"><span class='ocrx_word' id='word_1_683' title='bbox 284 5485 495 5541; x_wconf 89' lang='lat' dir='ltr'><strong>habuit.</strong></span> <span class='ocrx_word' id='word_1_684' title='bbox 530 5486 759 5556; x_wconf 91' lang='lat' dir='ltr'><strong>Scripta</strong></span> <span class='ocrx_word' id='word_1_685' title='bbox 778 5484 907 5557; x_wconf 87' lang='lat' dir='ltr'><strong>ejus</strong></span> <span class='ocrx_word' id='word_1_686' title='bbox 930 5489 1069 5539; x_wconf 91' lang='lat' dir='ltr'><strong>sunt</strong></span> <span class='ocrx_word' id='word_1_687' title='bbox 1101 5483 1307 5539; x_wconf 91' lang='lat' dir='ltr'><strong>multa.</strong></span> <span class='ocrx_word' id='word_1_688' title='bbox 1338 5485 1403 5538; x_wconf 90' lang='lat' dir='ltr'><strong>In</strong></span> <span class='ocrx_word' id='word_1_689' title='bbox 1436 5490 1789 5540; x_wconf 89' lang='lat' dir='ltr'><strong>testamento</strong></span> <span class='ocrx_word' id='word_1_690' title='bbox 1815 5501 1921 5540; x_wconf 91' lang='lat' dir='ltr'><strong>suo</strong></span> 
     </span>
    </p>
   </div>
   <div class='ocr_carea' id='block_1_104' title="bbox 277 5571 1925 5646">
    <p class='ocr_par' dir='ltr' id='par_1_104' title="bbox 277 5571 1925 5646">
     <span class='ocr_line' id='line_1_104' title="bbox 277 5571 1925 5646; baseline -0.001 -16"><span class='ocrx_word' id='word_1_691' title='bbox 277 5574 446 5646; x_wconf 89' lang='lat' dir='ltr'><strong>jussit</strong></span> <span class='ocrx_word' id='word_1_692' title='bbox 474 5574 805 5630; x_wconf 83' lang='lat' dir='ltr'><strong>Metrodoro</strong></span> <span class='ocrx_word' id='word_1_693' title='bbox 840 5579 897 5628; x_wconf 91' lang='lat' dir='ltr'><strong>et</strong></span> <span class='ocrx_word' id='word_1_694' title='bbox 926 5573 1202 5644; x_wconf 73' lang='lat' dir='ltr'><strong>Polymno</strong></span> <span class='ocrx_word' id='word_1_695' title='bbox 1235 5571 1541 5629; x_wconf 89' lang='lat' dir='ltr'><strong>sodalibus</strong></span> <span class='ocrx_word' id='word_1_696' title='bbox 1581 5575 1704 5630; x_wconf 90' lang='lat' dir='ltr'><strong>suis</strong></span> <span class='ocrx_word' id='word_1_697' title='bbox 1738 5574 1925 5631; x_wconf 86' lang='lat' dir='ltr'><strong>semel</strong></span> 
     </span>
    </p>
   </div>
   <div class='ocr_carea' id='block_1_105' title="bbox 355 5753 1655 5831">
    <p class='ocr_par' dir='ltr' id='par_1_105' title="bbox 355 5753 1655 5831">
     <span class='ocr_line' id='line_1_105' title="bbox 355 5753 1655 5831; baseline 0 -18"><span class='ocrx_word' id='word_1_698' title='bbox 355 5759 459 5831; x_wconf 83' lang='lat'><strong>(68)</strong></span> <span class='ocrx_word' id='word_1_699' title='bbox 489 5755 704 5815; x_wconf 85' lang='lat' dir='ltr'><strong>Confer</strong></span> <span class='ocrx_word' id='word_1_700' title='bbox 737 5756 1074 5825; x_wconf 77' lang='lat' dir='ltr'><strong>Tristanum,</strong></span> <span class='ocrx_word' id='word_1_701' title='bbox 1108 5757 1250 5813; x_wconf 89' lang='lat' dir='ltr'><strong>tom.</strong></span> <span class='ocrx_word' id='word_1_702' title='bbox 1286 5753 1334 5825; x_wconf 82' lang='grc' dir='ltr'><strong>Ι,</strong></span> <span class='ocrx_word' id='word_1_703' title='bbox 1365 5770 1497 5829; x_wconf 84' lang='lat' dir='ltr'><strong>pag.</strong></span> <span class='ocrx_word' id='word_1_704' title='bbox 1528 5758 1655 5813; x_wconf 78' lang='grc'><strong>445.</strong></span> 
     </span>
    </p>
   </div>
   <div class='ocr_carea' id='block_1_106' title="bbox 603 5873 1310 5939">
    <p class='ocr_par' dir='ltr' id='par_1_106' title="bbox 603 5873 1310 5939">
     <span class='ocr_line' id='line_1_106' title="bbox 603 5873 1310 5939; baseline -0.003 0"><span class='ocrx_word' id='word_1_705' title='bbox 603 5878 868 5939; x_wconf 58' lang='lat' dir='ltr'><strong>Panos.</strong></span> <span class='ocrx_word' id='word_1_706' title='bbox 912 5877 1027 5937; x_wconf 78' lang='lat' dir='ltr'><strong>Gn.</strong></span> <span class='ocrx_word' id='word_1_707' title='bbox 1071 5873 1310 5938; x_wconf 83' lang='lat' dir='ltr'><strong>CXVII.</strong></span> 
     </span>
    </p>
   </div>
   <div class='ocr_carea' id='block_1_107' title="bbox 2024 4769 3675 4853">
    <p class='ocr_par' dir='ltr' id='par_1_107' title="bbox 2024 4769 3675 4853">
     <span class='ocr_line' id='line_1_107' title="bbox 2024 4769 3675 4853; baseline -0.013 -10"><span class='ocrx_word' id='word_1_708' title='bbox 2024 4786 2234 4853; x_wconf 88' lang='lat' dir='ltr'><strong>multa,</strong></span> <span class='ocrx_word' id='word_1_709' title='bbox 2268 4800 2400 4853; x_wconf 69' lang='lat' dir='ltr'><strong>quae</strong></span> <span class='ocrx_word' id='word_1_710' title='bbox 2431 4798 2464 4836; x_wconf 94' lang='lat' dir='ltr'><strong>a</strong></span> <span class='ocrx_word' id='word_1_711' title='bbox 2494 4780 2684 4835; x_wconf 84' lang='lat' dir='ltr'><strong>doctis</strong></span> <span class='ocrx_word' id='word_1_712' title='bbox 2707 4784 2950 4849; x_wconf 88' lang='lat' dir='ltr'><strong>prepter</strong></span> <span class='ocrx_word' id='word_1_713' title='bbox 2976 4793 3070 4831; x_wconf 88' lang='lat' dir='ltr'><strong>res</strong></span> <span class='ocrx_word' id='word_1_714' title='bbox 3100 4776 3281 4846; x_wconf 91' lang='lat' dir='ltr'><strong>ipsas,</strong></span> <span class='ocrx_word' id='word_1_715' title='bbox 3314 4773 3388 4827; x_wconf 89' lang='lat' dir='ltr'><strong>ab</strong></span> <span class='ocrx_word' id='word_1_716' title='bbox 3418 4769 3675 4826; x_wconf 89' lang='lat' dir='ltr'><strong>indoctis</strong></span> 
     </span>
    </p>
   </div>
   <div class='ocr_carea' id='block_1_108' title="bbox 2026 4865 3677 4948">
    <p class='ocr_par' dir='ltr' id='par_1_108' title="bbox 2026 4865 3677 4948">
     <span class='ocr_line' id='line_1_108' title="bbox 2026 4865 3677 4948; baseline -0.01 -18"><span class='ocrx_word' id='word_1_717' title='bbox 2026 4880 2269 4948; x_wconf 88' lang='lat' dir='ltr'><strong>propter</strong></span> <span class='ocrx_word' id='word_1_718' title='bbox 2302 4871 2501 4927; x_wconf 89' lang='lat' dir='ltr'><strong>stilum</strong></span> <span class='ocrx_word' id='word_1_719' title='bbox 2538 4869 2834 4941; x_wconf 88' lang='lat' dir='ltr'><strong>leguntur.</strong></span> <span class='ocrx_word' id='word_1_720' title='bbox 2869 4865 3136 4922; x_wconf 91' lang='lat' dir='ltr'><strong>Decessit</strong></span> <span class='ocrx_word' id='word_1_721' title='bbox 3180 4865 3241 4918; x_wconf 89' lang='lat' dir='ltr'><strong>in</strong></span> <span class='ocrx_word' id='word_1_722' title='bbox 3291 4868 3555 4918; x_wconf 87' lang='lat' dir='ltr'><strong>extrema</strong></span> <span class='ocrx_word' id='word_1_723' title='bbox 3585 4874 3677 4913; x_wconf 83' lang='lat' dir='ltr'><strong>se-</strong></span> 
     </span>
    </p>
   </div>
   <div class='ocr_carea' id='block_1_109' title="bbox 2026 4967 2286 5019">
    <p class='ocr_par' dir='ltr' id='par_1_109' title="bbox 2026 4967 2286 5019">
     <span class='ocr_line' id='line_1_109' title="bbox 2026 4967 2286 5019; baseline -0.019 0"><span class='ocrx_word' id='word_1_724' title='bbox 2026 4967 2286 5019; x_wconf 91' lang='lat' dir='ltr'><strong>nectute.</strong></span> 
     </span>
    </p>
   </div>
   <div class='ocr_carea' id='block_1_110' title="bbox 2097 5038 3676 5123">
    <p class='ocr_par' dir='ltr' id='par_1_110' title="bbox 2097 5038 3676 5123">
     <span class='ocr_line' id='line_1_110' title="bbox 2097 5038 3676 5123; baseline -0.009 -17"><span class='ocrx_word' id='word_1_725' title='bbox 2097 5049 2484 5123; x_wconf 89' lang='lat' dir='ltr'><strong>Epiphanius,</strong></span> <span class='ocrx_word' id='word_1_726' title='bbox 2519 5048 2832 5119; x_wconf 82' lang='lat' dir='ltr'><strong>episcopus</strong></span> <span class='ocrx_word' id='word_1_727' title='bbox 2887 5044 3190 5115; x_wconf 68' lang='lat' dir='ltr'><strong>Selybria),</strong></span> <span class='ocrx_word' id='word_1_728' title='bbox 3249 5042 3367 5097; x_wconf 91' lang='lat' dir='ltr'><strong>sive</strong></span> <span class='ocrx_word' id='word_1_729' title='bbox 3415 5038 3676 5095; x_wconf 75' lang='lat' dir='ltr'><strong>Olibriaa.</strong></span> 
     </span>
    </p>
   </div>
   <div class='ocr_carea' id='block_1_111' title="bbox 2027 5131 3679 5215">
    <p class='ocr_par' dir='ltr' id='par_1_111' title="bbox 2027 5131 3679 5215">
     <span class='ocr_line' id='line_1_111' title="bbox 2027 5131 3679 5215; baseline -0.01 -14"><span class='ocrx_word' id='word_1_730' title='bbox 2027 5143 2273 5215; x_wconf 82' lang='lat' dir='ltr'><strong>Scripsit</strong></span> <span class='ocrx_word' id='word_1_731' title='bbox 2301 5138 2464 5211; x_wconf 79' lang='grc' dir='ltr'>λόγον</span> <span class='ocrx_word' id='word_1_732' title='bbox 2512 5136 2887 5213; x_wconf 74' lang='grc' dir='ltr'><strong>ἀντῑῤῥητικὸν</strong></span> <span class='ocrx_word' id='word_1_733' title='bbox 2944 5136 3060 5189; x_wconf 83' lang='grc' dir='ltr'><strong>κατ’</strong></span> <span class='ocrx_word' id='word_1_734' title='bbox 3108 5133 3523 5203; x_wconf 74' lang='grc' dir='ltr'><strong>εἷκονοκαυτῶν,</strong></span> <span class='ocrx_word' id='word_1_735' title='bbox 3556 5131 3679 5187; x_wconf 78' lang='grc' dir='ltr'>λίαν</span> 
     </span>
    </p>
   </div>
   <div class='ocr_carea' id='block_1_112' title="bbox 2028 5222 3678 5309">
    <p class='ocr_par' dir='ltr' id='par_1_112' title="bbox 2028 5222 3678 5309">
     <span class='ocr_line' id='line_1_112' title="bbox 2028 5222 3678 5309; baseline -0.006 -24"><span class='ocrx_word' id='word_1_736' title='bbox 2028 5226 2335 5309; x_wconf 75' lang='grc' dir='ltr'><strong>ὠφέλιμον,</strong></span> <span class='ocrx_word' id='word_1_737' title='bbox 2391 5230 2611 5284; x_wconf 90' lang='lat' dir='ltr'><strong>librum</strong></span> <span class='ocrx_word' id='word_1_738' title='bbox 2670 5226 2838 5282; x_wconf 85' lang='lat' dir='ltr'><strong>valde</strong></span> <span class='ocrx_word' id='word_1_739' title='bbox 2894 5226 3105 5281; x_wconf 88' lang='lat' dir='ltr'><strong>utilem</strong></span> <span class='ocrx_word' id='word_1_740' title='bbox 3163 5229 3370 5280; x_wconf 91' lang='lat' dir='ltr'><strong>contra</strong></span> <span class='ocrx_word' id='word_1_741' title='bbox 3427 5239 3527 5277; x_wconf 89' lang='lat' dir='ltr'><strong>eos</strong></span> <span class='ocrx_word' id='word_1_742' title='bbox 3576 5222 3678 5292; x_wconf 89' lang='lat' dir='ltr'><strong>qui</strong></span> 
     </span>
    </p>
   </div>
   <div class='ocr_carea' id='block_1_113' title="bbox 2030 5317 2717 5393">
    <p class='ocr_par' dir='ltr' id='par_1_113' title="bbox 2030 5317 2717 5393">
     <span class='ocr_line' id='line_1_113' title="bbox 2030 5317 2717 5393; baseline -0.01 -16"><span class='ocrx_word' id='word_1_743' title='bbox 2030 5322 2318 5393; x_wconf 78' lang='lat' dir='ltr'><strong>imagines</strong></span> <span class='ocrx_word' id='word_1_744' title='bbox 2351 5317 2717 5373; x_wconf 91' lang='lat' dir='ltr'><strong>cremabant.</strong></span> 
     </span>
    </p>
   </div>
   <div class='ocr_carea' id='block_1_114' title="bbox 2102 5400 3683 5481">
    <p class='ocr_par' dir='ltr' id='par_1_114' title="bbox 2102 5400 3683 5481">
     <span class='ocr_line' id='line_1_114' title="bbox 2102 5400 3683 5481; baseline -0.009 -16"><span class='ocrx_word' id='word_1_745' title='bbox 2102 5409 2470 5481; x_wconf 90' lang='lat' dir='ltr'><strong>Epiphanius</strong></span> <span class='ocrx_word' id='word_1_746' title='bbox 2500 5414 2558 5461; x_wconf 91' lang='lat' dir='ltr'><strong>et</strong></span> <span class='ocrx_word' id='word_1_747' title='bbox 2588 5405 2943 5477; x_wconf 90' lang='lat' dir='ltr'><strong>Euprepius,</strong></span> <span class='ocrx_word' id='word_1_748' title='bbox 2972 5402 3346 5469; x_wconf 80' lang='lat' dir='ltr'><strong>Alexandini,</strong></span> <span class='ocrx_word' id='word_1_749' title='bbox 3372 5400 3683 5453; x_wconf 89' lang='lat' dir='ltr'><strong>initiorum</strong></span> 
     </span>
    </p>
   </div>
   <div class='ocr_carea' id='block_1_115' title="bbox 2034 5492 3684 5570">
    <p class='ocr_par' dir='ltr' id='par_1_115' title="bbox 2034 5492 3684 5570">
     <span class='ocr_line' id='line_1_115' title="bbox 2034 5492 3684 5570; baseline -0.01 -15"><span class='ocrx_word' id='word_1_750' title='bbox 2034 5502 2153 5557; x_wconf 87' lang='lat' dir='ltr'><strong>sive</strong></span> <span class='ocrx_word' id='word_1_751' title='bbox 2186 5498 2626 5570; x_wconf 90' lang='lat' dir='ltr'><strong>mysteriorum,</strong></span> <span class='ocrx_word' id='word_1_752' title='bbox 2660 5495 2819 5566; x_wconf 87' lang='lat' dir='ltr'><strong>apud</strong></span> <span class='ocrx_word' id='word_1_753' title='bbox 2845 5492 3277 5549; x_wconf 86' lang='lat' dir='ltr'><strong>Alexandrinos</strong></span> <span class='ocrx_word' id='word_1_754' title='bbox 3308 5493 3684 5558; x_wconf 90' lang='lat' dir='ltr'><strong>receptorum</strong></span> 
     </span>
    </p>
   </div>
   <div class='ocr_carea' id='block_1_116' title="bbox 2034 5574 3691 5663">
    <p class='ocr_par' dir='ltr' id='par_1_116' title="bbox 2034 5574 3691 5663">
     <span class='ocr_line' id='line_1_116' title="bbox 2034 5574 3691 5663; baseline -0.01 -16"><span class='ocrx_word' id='word_1_755' title='bbox 2034 5584 2740 5663; x_wconf 81' lang='lat' dir='ltr'><strong>peritissimizEuprepius</strong></span> <span class='ocrx_word' id='word_1_756' title='bbox 2754 5582 2936 5655; x_wconf 91' lang='lat' dir='ltr'><strong>quide</strong></span> <span class='ocrx_word' id='word_1_757' title='bbox 2951 5599 3009 5638; x_wconf 90' lang='lat' dir='ltr'><strong>m</strong></span> <span class='ocrx_word' id='word_1_758' title='bbox 3036 5581 3437 5649; x_wconf 71' lang='lat' dir='ltr'><strong>illorum,quzs</strong></span> <span class='ocrx_word' id='word_1_759' title='bbox 3452 5574 3691 5631; x_wconf 89' lang='lat' dir='ltr'><strong>Persica</strong></span> 
     </span>
    </p>
   </div>
   <div class='ocr_carea' id='block_1_117' title="bbox 3289 5854 3373 5918">
    <p class='ocr_par' dir='ltr' id='par_1_117' title="bbox 3289 5854 3373 5918">
     <span class='ocr_line' id='line_1_117' title="bbox 3289 5854 3373 5918; baseline 0.012 -1"><span class='ocrx_word' id='word_1_760' title='bbox 3289 5854 3373 5918; x_wconf 72' lang='grc'><strong>40</strong></span> 
     </span>
    </p>
   </div>
  </div>
