4070 6196
423 381 577 444 1259
1719 371 1964 433 INDEX
2007 367 2512 433 SCRIPTO‘RUM
3653 373 3784 439 I280

421 511 818 576 vacabantur;
850 507 1217 580 Epiphanius
1257 503 1519 571 illorum,
1555 519 1686 574 qua
1716 503 1779 557 in
1817 499 2028 557 Osidiri

2176 499 2364 556 πολλὰ
2421 501 2846 573 παραμὲκουσιν,
2903 501 3223 559 dictionem
3283 504 3530 560 ethicam
3584 514 3781 580 curant,

424 601 715 657 honorem
763 596 1220 654 celebrabantur
1249 638 1266 663 ,
1328 599 1386 650 et
1451 591 1902 649 celebratissimi
1963 591 2066 647 Dei
2175 597 2234 648 et
2260 593 2322 647 in
2353 592 2858 664 contemplatione
2889 593 3244 666 plerumque
3275 604 3660 666 perseverant,
3690 615 3780 654 un-

423 691 644 756 Eonis,
677 693 787 745 etc.
819 689 926 758 (Ex
968 685 1320 751 Damascio.)
2177 680 2248 737 de
2279 681 2458 736 etiam
2506 685 2792 735 vocantur
2849 681 3050 750 Essaai,
3095 682 3134 738 i.
3175 698 3225 737 e.
3275 683 3624 756 Θεωρητικοὶ.
3667 687 3781 739 Con-

493 775 895 850 Epistola[lX)
926 774 1142 830 Juliani
1173 772 1493 844 parabatur,
1527 771 1600 826 ad
1649 770 2064 842 Porphyrium,
2175 771 2540 842 temptator-es.

421 869 804 933 catholicum,
839 881 970 937 quae
991 864 1167 937 jubet
1206 864 1507 934 copiosam
1559 862 1786 933 Georgii
1818 863 2070 933 (Cappa-
2245 861 2554 930 Evagoras,
2588 857 2850 928 Lindius,
2886 858 3226 928 historicus,
3273 861 3527 932 scripsit.
3563 883 3588 914 α
3618 865 3777 919 Vitam

420 959 606 1030 docis)
659 956 1079 1011 bibliothecam
1137 953 1332 1008 omnis
1376 951 1612 1024 generis
1669 949 2062 1020 philosophis,
2173 972 2201 999 «
2235 949 2568 1021 Timagenis
2599 954 2657 1003 et
2687 947 2940 1004 aliorum
2987 950 3297 1005 doctorum
3336 951 3587 1006 virorum
3615 969 3781 1022 quasso

420 1048 626 1105 multis
654 1047 834 1102 etiam
865 1043 1432 1100 commentariorum
1453 1039 1840 1110 scriptoribus
1869 1037 2063 1093 refer-
2173 1061 2200 1089 (ι
2235 1038 2454 1105 tiones,
2487 1038 2697 1094 ordine
2745 1038 3117 1110 alphabetico
3144 1057 3158 1107 ;
3213 1039 3567 1111 Thucydidis
3621 1047 3780 1098 artem

420 1143 566 1204 tam,
597 1137 659 1192 in
718 1135 933 1206 quibus
991 1137 1052 1188 et
1105 1131 1295 1187 multa
1348 1147 1416 1185 ac
1473 1128 1634 1184 varia
1689 1127 2065 1183 Galilaeorum
2172 1129 2588 1184 «rhetoricam
2617 1129 2790 1184 libris
2819 1131 2888 1197 V,
2940 1130 3020 1184 De
3076 1129 3434 1186 dictionibus
3473 1131 3780 1191 difﬁcilibus

423 1228 663 1298 scripta,
694 1225 1032 1280 universam
1064 1222 1137 1277 ad
1168 1238 1230 1276 se
1280 1219 1655 1274 Antiochiam
1705 1216 2056 1274 transmitti.
2171 1241 2198 1268 ‹‹
2233 1233 2301 1274 ac
2327 1219 2721 1275 controversis
2743 1217 2901 1292 apud
2921 1219 3322 1291 Thucydidem
3349 1238 3362 1288 ;
3387 1221 3687 1279 Historiam
3706 1241 3780 1280 re-

495 1309 802 1380 Ἐποποΐα,
862 1312 946 1366 sic
993 1313 1233 1365 vocatur
1287 1308 1538 1363 historia
1599 1307 1838 1361 heroico
1893 1319 2067 1360 versu

1302 1308 1538 1363 iistoria
1599 1307 1838 1361 heroico
1893 1319 2067 1360 versu
2179 1325 2202 1354 ι
2235 1321 2414 1378 gnum
2445 1307 2847 1380 )Egyptorum.
2883 1326 2909 1357 ι

420 1405 657 1475 scripta.
702 1403 844 1456 Nam
898 1399 1116 1472 poesis,
1165 1413 1297 1468 quae
1327 1401 1490 1452 caret
1535 1394 1758 1463 fabula,
1808 1398 1898 1450 est
1926 1410 2064 1465 epo-
2239 1395 2520 1467 Evagrius
2548 1395 2711 1451 varla
2741 1395 2981 1468 scripsit
3021 1400 3079 1452 et
3125 1397 3285 1453 inter
3332 1413 3401 1454 ea
3444 1398 3778 1456 Commenta-

421 1493 594 1564 pceia.
2170 1483 2326 1539 rium
2357 1485 2421 1540 in
2449 1484 2761 1540 Proverbia
2781 1483 3137 1542 Salomonis.

491 1578 900 1642 Erasistratus,
921 1574 1186 1631 ‘Juliates
1208 1573 1380 1630 Ceius
1407 1589 1476 1630 ex
1496 1571 1747 1638 Juliade,
1778 1571 1873 1627 Cei
1904 1571 2068 1626 insu-
2240 1573 2589 1646 Evangelus,
2623 1574 2906 1641 comicus,
2933 1589 2964 1628 e
2994 1575 3163 1647 cujus
3193 1575 3559 1633 dramatibus
3591 1577 3778 1634 Ἀναιια-

418 1669 491 1724 lea
518 1666 760 1739 oppido,
793 1665 951 1719 ﬁlius
980 1664 1352 1727 Cretoxenae,
1369 1660 1538 1715 Medii
1571 1659 1786 1715 medici
1820 1659 2061 1725 sororis,
2171 1661 2512 1734 λυπτόμενος
2543 1664 2700 1736 apud
2730 1665 3104 1721 Athenarum.
3160 1665 3282 1733 [lib.
3333 1683 3447 1738 xrv,
3503 1686 3622 1742 pag.
3675 1672 3776 1725 644.

419 1763 479 1813 et
507 1754 885 1811 Cleombroti.
923 1753 1028 1808 llic
1059 1751 1415 1806 Antiochum
1446 1748 2065 1821 regem,~Str.atonices
2171 1753 2282 1808 Sed
2314 1752 2394 1808 ibi
2434 1752 2637 1808 fabula
2691 1753 2817 1808 haec
2872 1753 3210 1825 appellatur
3275 1755 3777 1828 Ἀνακαλυπτομένῃ.

416 1862 682 1902 novercae
712 1857 914 1899 amore
945 1841 1336 1909 laborantem,
1382 1840 1632 1894 sanavit.
1663 1837 1936 1909 Sepultus
1977 1841 2068 1892 est
2093 1881 2142 1949 B
2173 1846 2416 1896 notante
2445 1843 2715 1910 Kustero,
2749 1843 2822 1898 ad
2845 1847 2987 1898 tom.
3020 1843 3064 1913 Ι,
3096 1859 3228 1916 pag.
3262 1845 3386 1900 880.
3413 1846 3432 1918 ]

406 1939 581 2010 juxta
611 1940 872 1992 montem
915 1933 1200 2006 Mycalen.
1233 1949 1263 1987 e
1294 1932 1535 2004 regione
1583 1930 1763 1986 Sarni.
1815 1929 2064 2001 Scripsit
2093 1929 2142 1949 υ
2242 1929 2542 1997 Evathlus,
2604 1935 2802 1986 orator
2845 1931 3175 2003 improbus.
3222 1933 3499 2005 garrulus
3541 1940 3596 1990 et
3639 1935 3775 2007 igno—

416 2029 489 2083 De
517 2045 577 2083 re
603 2026 816 2082 medica
847 2024 1013 2079 libros
1042 2025 1136 2078 IX.
2165 2016 2326 2072 bilis.

484 2116 922 2183 Eratosthenes,
955 2112 1112 2185 Aglai
1147 2111 1240 2167 vel
1271 2111 1562 2168 Ambrosii
1589 2111 1673 2177 F.,
1722 2109 2058 2180 Cyrenmus,
2237 2106 2520 2176 Eubulus,
2555 2106 2912 2180 demagogus
2943 2107 3332 2165 clarissimus.

409 2205 724 2271 Aristonis,
755 2200 1115 2275 philosophi,
1146 2200 1295 2256 Chii.
1340 2203 1398 2254 et
1454 2199 1738 2270 Lysaniaa,
1772 2196 2060 2268 Cyrenaei,
2237 2195 2521 2266 Eubulus,
2555 2195 2854 2269 Sphettius
2887 2197 3287 2271 Atheniensis,
3319 2201 3700 2272 Euphranoris
3725 2201 3773 2255 F.

413 2293 836 2368 grammatici,
895 2295 953 2346 et
1011 2288 1381 2357 Callimachi,
1439 2293 1650 2359 poetai,
1707 2285 2059 2358 discipulus.
2167 2285 2448 2342 comicus.
2493 2285 2702 2340 Docuit
2731 2286 2961 2342 fabulas
2993 2289 3128 2358 CIV,
3162 2288 3422 2361 vixitque
3473 2288 3774 2362 Olympiacis

412 2384 750 2440 Arcessitus
781 2379 1030 2436 Athenis
1059 2395 1094 2434 a
1128 2378 1447 2433 Ptolemaeo
1473 2376 1650 2431 tertio
1679 2375 1755 2431 ad
1785 2375 2062 2446 quintum
2166 2374 2233 2428 Cl
2261 2374 2460 2430 medio
2515 2375 2672 2430 inter
2729 2375 2984 2431 mediam
3044 2383 3103 2432 et
3153 2384 3413 2435 veterem
3471 2378 3773 2436 commdiarn

412 2489 602 2543 usque
631 2471 796 2526 vixit.
832 2469 935 2523 Hic
963 2467 1118 2540 quod
1181 2468 1244 2521 in
1289 2466 1450 2520 omni
1509 2464 1793 2519 doctrinas
1845 2479 2063 2536 genere
2167 2469 2457 2535 tempore.
2496 2465 2554 2518 V.
2585 2471 2786 2521 notam
2818 2465 3072 2521 Kusteri.

411 2559 740 2615 secundum
763 2559 958 2612 locum
975 2560 1204 2611 teneret
1231 2559 1292 2609 et
1320 2555 1459 2608 viris
1482 2554 1730 2609 summis
1759 2553 2064 2624 proximus
2236 2552 2534 2622 Euclides,
2568 2570 2638 2608 ex
2664 2555 2930 2627 Megaris,
2985 2555 3047 2609 in
3075 2556 3299 2612 Isthmo
3351 2557 3504 2626 sitis,
3546 2557 3775 2630 philoso-

413 2653 589 2714 esset,
625 2649 748 2702 beta
777 2650 1018 2700 vocatus
1049 2650 1158 2698 est.
1191 2643 1307 2698 Alii
1344 2660 1479 2697 eum
1505 2643 1814 2697 Platonem
1848 2658 2062 2696 secun-
2166 2641 2340 2712 phus,
2375 2647 2580 2697 auctor
2611 2648 2784 2698 sectae
2810 2660 2940 2714 qum
2971 2643 3043 2699 ab
3084 2644 3214 2716 ipso
3265 2645 3575 2718 Megarica,
3619 2644 3775 2700 Diale-

413 2737 554 2792 dum
578 2736 668 2790 vel
713 2735 1040 2806 juniorem,
1079 2732 1179 2786 alii
1212 2728 1509 2784 πένταθλον
1543 2736 1603 2785 et
1638 2731 2062 2802 quinquercio-
2167 2732 2318 2786 ctica
2372 2731 2506 2786 aliis
2557 2737 2616 2786 et
2668 2733 2934 2789 Eristica.
2993 2735 3128 2788 Fuit
3185 2735 3443 2790 Socratis
3493 2734 3774 2806 discipulus

414 2839 552 2880 nem
608 2822 1006 2895 appellarunt.
1039 2823 1223 2876 Natus
1283 2824 1374 2874 est
1431 2820 1653 2874 CXXVI
1683 2819 2060 2891 Olympiade,
2167 2821 2340 2892 eique
2370 2823 2645 2893 Ichthyas
2679 2827 2737 2876 et
2765 2829 2972 2894 postea
2999 2823 3226 2895 Stilpon
3277 2825 3339 2880 in
3373 2826 3573 2881 schola
3608 2840 3772 2880 suces-

410 2914 560 2970 obiit
587 2913 778 2968 astatis
807 2928 962 2967 anno
993 2911 1203 2979 LXXX,
1227 2926 1300 2965 ex
1330 2908 1528 2964 inedia
1559 2915 1800 2980 propter
1829 2909 2062 2965 hebeta-
2167 2910 2262 2977 sit,
2299 2909 2548 2981 Scripsit
2577 2911 2865 2984 dialogos,
2925 2935 2954 2962 «
3009 2912 3404 2980 Alcibiadem,
3457 2915 3770 2978 Eschinern,

407 3009 526 3059 tam
586 3001 894 3058 oculorum
941 3001 1151 3066 aciem,
1208 2999 1416 3054 relicto
1471 2999 1688 3070 insigni
1741 2997 2060 3070 discipulo,
2167 3000 2548 3071 «Critonem,
2593 3002 2923 3072 thnices,
2987 3003 3341 3074 Lampriam,
3397 3005 3773 3060 Amatoriumn

407 3092 824 3164 Aristophane,
856 3088 1156 3161 Byzantio,
1199 3088 1371 3159 cujus
1403 3087 1732 3158 discipulus
1761 3086 1875 3142 fuit
1929 3087 2060 3142 Ari-
2167 3093 2226 3144 et
2253 3088 2371 3144 alia
2402 3089 2695 3160 quaedam.

407 3179 883 3252 starchus,hujus
913 3195 1047 3234 vero
1079 3179 1364 3242 Mnaseas,
1390 3176 1709 3232 Menander
1739 3181 1798 3231 et
1829 3177 2053 3231 Aristis.
2102 3244 2138 3254 _
2238 3178 2582 3245 Eudaemon,
2616 3179 2937 3249 Pelusiota,
2968 3183 3416 3253 grammaticus,
3449 3181 3678 3254 aequalis
3701 3179 3776 3234 Li-

405 3272 653 3344 Scripsit
679 3244 1112 3342 philosophica,
1146 3272 1420 3338 poemata
1450 3271 1508 3321 et
1528 3265 1828 3322 historias.
1859 3267 2052 3320 Astro-
2094 3244 2138 3310 C
2165 3265 2326 3321 banii
2367 3244 2670 3339 sophistas,
2719 3269 2791 3323 ad
2823 3244 3000 3340 quem
3032 3271 3210 3326 etiam
3267 3244 3501 3326 diversa
3521 3244 3536 3254 .
3556 3268 3772 3340 scripsit.

413 3363 661 3418 nomiam
712 3360 833 3415 sive
889 3359 1297 3413 catasterismos
1351 3356 1424 3410 de
1471 3357 1546 3410 iis
1577 3357 1676 3426 qui
1709 3355 1866 3410 inter
1893 3361 2051 3410 astra
2164 3355 2267 3410 [lic
2296 3355 2456 3410 varia
2510 3357 2844 3433 composuit
2899 3379 2929 3408 ‹‹
2959 3359 3259 3427 Poemata,
3293 3365 3353 3414 et
3383 3363 3579 3415 Artem
3610 3372 3770 3430 gram-

402 3451 574 3506 relati
607 3455 761 3505 sunt.
813 3450 960 3503 Item
1002 3449 1073 3503 De
1105 3445 1561 3516 philosophorum
1607 3448 1781 3501 sectis.
1836 3447 1908 3500 De
1949 3461 2049 3500 υαο
2168 3463 2196 3496 α
2226 3443 2504 3498 maticam
2533 3449 2594 3500 et
2620 3445 3112 3518 Orthographiam
3143 3447 3482 3505 nominum.

401 3543 604 3595 cuitate
631 3539 853 3594 doloris.
882 3536 1139 3604 Dialogos
1169 3535 1390 3591 multos
1431 3541 1490 3589 et
1521 3535 1707 3590 multa
1760 3551 2008 3607 gramma

2231 3527 2728 3608 Εὐδαιμονὲστερος
2752 3537 2860 3587 τῶν
2891 3535 3156 3609 Καρκίνου
3185 3531 3522 3608 στροϐίλων,
3543 3538 3598 3592 h.
3629 3553 3671 3590 e.
3702 3535 3768 3588 in-

402 3630 531 3684 tica.
2157 3621 2524 3692 felicissimus,
2553 3624 2613 3678 in
2646 3624 2880 3679 Carcini
2902 3629 3090 3697 poeta)
3119 3625 3298 3694 filios,
3323 3633 3439 3683 etc.
3469 3623 3756 3699 (Aristoph.

470 3716 764 3771 Erennius
815 3729 1144 3785 cognomen
1202 3712 1314 3768 fuit
1388 3712 1656 3768 Philonis
1721 3712 1930 3783 Byblii,
1981 3719 2049 3770 ut
2229 3711 2550 3782 Eudemus,
2574 3719 2792 3784 orator,
2818 3715 2977 3771 varia
2998 3715 3311 3787 scripsitet
3331 3718 3622 3788 praecipue
3646 3711 3776 3769 Lexi-

400 3805 526 3876 ipse
550 3805 712 3860 dicit.
2158 3817 2269 3856 con
2329 3802 2718 3857 utilissimum
2778 3804 3114 3870 verborum,
3164 3805 3384 3876 quibus
3446 3812 3691 3862 oratores
3727 3802 3774 3856 et

469 3894 710 3962 Erinna,
741 3893 880 3948 Teia
919 3893 1006 3948 vel
1049 3891 1276 3959 Lesbia,
1309 3891 1422 3961 vel,
1475 3896 1542 3946 ut
1581 3891 1706 3960 alii,
1763 3891 1942 3958 Telia,
1977 3909 2048 3948 ex
2157 3890 2366 3962 optimi
2393 3891 2612 3964 quique
2638 3894 2958 3964 scriptores
2987 3899 3260 3963 utuntur,
3295 3896 3506 3951 ordine
3527 3892 3773 3966 alphabe-

398 3983 557 4052 Telo,
589 3997 765 4054 parva
803 3981 1003 4036 insula
1045 3997 1230 4052 prope
1286 3979 1539 4034 Cnidum
1599 3980 1714 4034 fuit
1765 3977 2044 4050 ἐποποιὸς,
2158 3981 2272 4034 tico
2306 3981 2561 4052 [Kuster,
2593 3983 2656 4036 in
2711 3989 2834 4039 not.
2891 3987 2944 4053 2,
2982 3990 3124 4040 tom.
3156 3986 3199 4051 Ι,
3235 4001 3364 4057 pag.
3417 3981 3545 4055 885,
3595 3983 3770 4046 lexica,

396 4072 626 4145 poetria
679 4071 872 4143 epica,
927 4070 1284 4141 scripsitque
1343 4066 1676 4137 Ἠλακάτην,
1740 4068 1897 4140 quod
1955 4074 2048 4125 est
2157 4085 2289 4140 quas
2321 4070 2495 4126 hodie
2529 4072 2591 4126 in
2639 4072 2888 4128 diversis
2921 4079 3154 4129 exstant
3193 4073 3570 4130 bibliothecis
3599 4079 3652 4128 et
3679 4072 3770 4126 Eu-

394 4178 628 4234 poema,
660 4160 882 4216 Eolica
912 4165 971 4215 et
1015 4158 1224 4214 Dorica
1271 4158 1526 4213 dialecto
1575 4158 1883 4230 scripturn,
1916 4175 2045 4214 ver-
2154 4159 2319 4228 demi,
2369 4160 2647 4228 rhetoris,
2707 4178 2928 4218 nomen
2987 4162 3333 4234 praeferunt,
3395 4159 3771 4236 ψευδεπίγραφα

396 4251 559 4306 sibus
606 4251 749 4306 CCC.
805 4249 971 4304 Fecit
1028 4253 1087 4303 et
1141 4247 1587 4319 epigrammata.
1649 4247 1806 4302 Obiit
1861 4249 2041 4320 virgo,
2155 4261 2286 4301 esse
2317 4247 2700 4322 existimati.]

391 4340 525 4397 XIX
553 4355 743 4396 annos
799 4343 958 4407 nata,
1013 4337 1205 4394 amica
1261 4341 1320 4392 et
1372 4337 1618 4408 mqualis
1675 4337 2034 4408 Sapphonis.
2225 4335 2318 4391 Ἐὗ
2345 4331 2566 4412 διάγειν.
2603 4340 2764 4396 Hanc
2820 4340 3136 4396 formulam
3186 4339 3487 4397 salutandi
3538 4332 3772 4410 epistolis

393 4431 611 4485 Versus
643 4431 772 4501 ejus
795 4427 1046 4500 judicati
1081 4431 1223 4481 sunt
1251 4426 1578 4480 Homericis
1610 4441 1802 4496 pares,
2155 4425 2278 4481 suis
2335 4428 2702 4500 praescripsit
2769 4431 3078 4502 Epicurus.
3139 4431 3318 4486 Cleon
3377 4447 3516 4486 vero
3572 4425 3772 4502 χαίρειν.

463 4518 736 4588 Eriphus,
767 4516 1054 4581 comicus,
1083 4531 1156 4569 ex
1187 4513 1356 4585 cujus
1406 4513 1780 4586 dogmatibus
1813 4510 2041 4584 Δῖόλσς,

1100 4531 1156 4569 3x
1187 4513 1356 4585 cujus
1406 4513 1780 4586 dogmatibus
1813 4510 2041 4584 Δῖόλσς,
2150 4515 2316 4570 Plato
2347 4517 2405 4568 εὖ
2431 4517 2707 4591 πράττειν.

391 4604 717 4675 πελταστής,
750 4600 1024 4677 μελίϐοια,
1075 4609 1141 4659 ut
1198 4603 1538 4671 Athenwus,
1586 4602 1738 4657 libro
1793 4621 1883 4658 xrv
1906 4605 1998 4677 Di;

2219 4605 2540 4676 Eudoxius,
2585 4608 2900 4682 episcopus
2956 4611 3306 4680 Antiochiaa,
3368 4628 3441 4666 ex
3500 4606 3769 4665 Arabisso.

391 4696 722 4767 nosophist.
2150 4697 2366 4768 oppido
2416 4700 2666 4755 minoris
2713 4701 3008 4756 Armenia)
3047 4701 3360 4771 oriundus,
3410 4701 3580 4772 cujus
3609 4700 3768 4768 pater.

461 4782 896 4846 Ἐἰς-Μασσαλίαν
951 4781 1213 4849 πλεύσας,
1268 4783 1572 4839 Massiliam
1621 4786 1913 4852 navigans,
1964 4782 2037 4839 de

2161 4788 2454 4858 Swsariris,
2488 4789 2596 4845 sub
2628 4790 2978 4847 Maximiano
3011 4792 3273 4863 martyrii
3308 4806 3531 4846 corona
3558 4781 3768 4843 redimi-

389 4873 464 4929 iis
492 4873 728 4942 dicitur,
758 4873 857 4945 qui
917 4873 1254 4928 elleminate
1305 4878 1362 4926 et
1417 4871 1680 4926 molliter
1705 4872 1924 4940 vivunt,
1972 4873 2034 4942 V,
2145 4883 2241 4935 tus
2269 4885 2377 4947 est,
2409 4885 2520 4937 etc,

388 4978 585 5034 supra,
618 4961 678 5016 ἐκ
699 4959 1038 5029 Μασσαλίας,
1073 4966 1132 5018 et
1162 4961 1376 5016 Athen.
1411 4963 1532 5028 XII,
1568 4977 1696 5033 pag.
1731 4963 1856 5017 523.
2215 4967 2517 5033 Eudoxus,
2539 4969 2832 5025 Eschinis
2855 4971 3221 5039 F.,Cnidius,
3243 4967 3649 5042 philosophus,
3667 4960 3772 5017 Pla-

457 5050 730 5126 Ἐσχατος
787 5051 987 5107 Μυσῶν
1063 5047 1214 5118 πλεῖ,
1267 5051 1547 5120 Mysorum
1593 5051 1820 5106 ultimus
1873 5051 2038 5106 navi-

2157 5057 2301 5112 tonis
2325 5057 2594 5128 mqualis,
2627 5059 2720 5115 cui
2753 5059 2917 5116 fuere
2950 5066 3071 5116 tres
3119 5061 3280 5129 flliaa,
3312 5061 3496 5126 Actis,
3532 5052 3764 5126 Delphis.

383 5151 498 5213 gat,
529 5142 905 5213 proverbium
938 5139 1009 5196 de
1061 5141 1136 5196 iis
1174 5141 1411 5211 quibus
1471 5141 1620 5196 dura
1675 5147 1735 5196 et
1763 5141 2034 5197 difﬁcilia
2142 5145 2394 5202 Philitis.
2420 5147 2766 5221 Astrologiaa
2793 5149 3106 5222 insigniter
3134 5149 3499 5204 deditusfuit
3529 5139 3768 5215 scripsit-

382 5234 773 5304 imperantur,
808 5235 918 5286 etc.

2154 5251 2256 5306 rue
2305 5237 2478 5308 plura
2536 5238 2665 5310 ejus
2714 5239 2947 5313 generis
2979 5245 3037 5295 et
3082 5239 3499 5306 Octaeteridem,
3554 5241 3761 5292 necnon

450 5323 655 5388 Essmi,
716 5325 929 5376 ascetaa
980 5321 1140 5376 inter
1193 5319 1448 5386 Judmos,
1483 5321 1583 5390 qui
1618 5320 1948 5376 Pharisasos
1971 5326 2034 5378 et
2141 5347 2169 5375 «
2197 5327 2640 5384 Astronomiam
2671 5331 2780 5400 (69)
2806 5330 3074 5386 versibus
3102 5331 3371 5386 heroicis.
3400 5352 3429 5378 ››

381 5412 606 5469 scribas
657 5411 969 5466 severitate
1029 5409 1364 5480 disciplina;
1421 5409 1594 5478 longe
1651 5415 2028 5480 superarunt,
2211 5417 2462 5486 Evenos,
2497 5418 2645 5474 duos
2677 5420 2845 5475 aiunt
2871 5420 3053 5476 fuisse
3087 5417 3374 5492 elegiacos
3405 5423 3627 5490 poetas,
3658 5423 3746 5466 eos

377 5498 763 5574 ἐπιμελοῦνται
819 5504 919 5569 τῆς
989 5498 1202 5568 ίήθικὴς
1277 5496 1493 5568 λέξεως,
1573 5495 1780 5569 θεωρίᾳ
1847 5493 1906 5551 δὲ
1957 5517 1984 5552 νι

1146 5499 1202 5567 ἧς
1277 5496 1493 5568 λέξεως,
1573 5495 1780 5569 θεωρίᾳ
1847 5493 1906 5551 δὲ
1957 5495 2032 5554 τὰ
2145 5519 2258 5574 que
2290 5505 2496 5562 ambos
2528 5509 2753 5567 Parios.

445 5684 560 5751 (69)
591 5683 717 5736 Non
741 5681 1030 5755 Eudoxus
1084 5694 1287 5736 versus
1338 5679 1596 5751 scripsit,
1656 5680 1758 5736 sed
1793 5687 2006 5740 Aratus
2048 5685 2272 5746 Eudoxi
2305 5705 2502 5764 prosa.
