4036 6212
160 469 193 527 4
210 467 338 527 261

1502 468 1607 528 DE
1648 465 1936 538 QUIBUS
1978 466 2256 530 SUIDAS

3438 469 3596 529 I262

249 598 494 672 Εὐεστὼ,
524 602 700 656 animi
723 599 1185 670 tranquillitatem
1214 599 1603 661 Democritus,
1638 598 1830 653 Abde-
1858 604 1914 670 Α
1940 600 2000 654 in
2034 600 2279 671 poeticis
2310 617 2445 655 vero
2498 599 2836 667 Archebuli,
2890 600 3138 667 Thermi,
3174 605 3385 673 poetae,
3419 603 3593 673 cujus

162 690 320 757 rita,
355 690 555 746 docuit
584 692 762 745 finem
785 706 913 745 esse
946 694 1006 744 et
1033 705 1336 745 summum
1368 688 1689 757 felicitatis,
1723 692 1835 743 etc.

256 781 592 848 Eueterius,
619 781 915 835 Joviniani
974 781 1116 851 imp.
1174 778 1542 850 temporibus
1573 777 1841 833 doctrina

166 868 430 940 quidem
454 875 511 923 et
534 869 753 942 ingenii
778 870 1120 941 praestantia
1140 868 1405 939 antiquis
1429 884 1549 922 non
1572 867 1838 935 inferior,

169 958 293 1013 sed
347 958 447 1029 qui
506 976 576 1013 ex
634 958 799 1013 molli
858 958 1240 1030 simplicitate
1299 957 1520 1012 multos
1571 958 1839 1012 insontes

168 1065 398 1122 passus
430 1053 519 1103 est
538 1048 754 1119 judicii
787 1048 1018 1120 laqueis
1051 1048 1297 1103 irretiri.

250 1139 572 1209 Eugenius,
593 1139 916 1210 Trophimi,
932 1140 991 1193 F.
1004 1135 1837 1210 ,Augustopolitanus,Phryx,

167 1228 630 1302 grammaticus,
684 1227 884 1283 docuit
935 1227 1127 1295 CPoli,
1161 1227 1261 1281 ubi
1307 1225 1475 1281 valde
1505 1225 1701 1281 clarus
1732 1224 1843 1279 fuit

159 1320 303 1391 jam
362 1334 545 1372 senex
602 1323 869 1388 tempore
926 1316 1223 1372 Anastasii
1281 1315 1424 1387 imp.
1484 1314 1733 1385 Scripsit
1767 1313 1840 1368 de

167 1408 559 1464 dimensione
580 1423 858 1461 versuum
881 1405 1231 1461 melicorum
1254 1402 1841 1474 Eschyli,Sophoclis

174 1504 239 1553 et
272 1496 573 1568 Euripidis
596 1496 657 1551 in
678 1495 895 1551 fabulis
918 1496 1031 1550 XV.
1058 1496 1137 1550 De
1164 1494 1396 1566 pmonio
1428 1498 1487 1547 et
1514 1492 1843 1564 palimbac-

175 1588 322 1643 chio
355 1592 543 1642 metro
570 1603 584 1652 ;
618 1585 689 1640 de
713 1584 1057 1640 nominibus
1085 1583 1445 1656 templorum
1467 1588 1526 1637 et
1546 1579 1842 1652 quomodo

178 1694 256 1733 ea
289 1675 538 1748 proferri
585 1674 861 1740 debeant,
918 1679 987 1729 ut
1042 1671 1370 1740 Διονύσειον,
1430 1668 1840 1739 Ἀσκληπίειον.

178 1766 490 1821 Vocabula
520 1763 906 1820 miscellanea
953 1763 1162 1818 ordine
1207 1760 1602 1833 alphabetico,
1634 1760 1696 1815 in
1727 1775 1859 1830 quo

181 1872 368 1929 opere
401 1856 581 1910 etiam
612 1870 764 1909 nova
793 1852 1065 1923 quaedam
1098 1857 1157 1906 et
1202 1850 1527 1923 singularia
1556 1849 1733 1905 habet
1769 1847 1843 1904 ad

182 1940 1480 2015 accentum,spiritum,scripturam,fabulam
1492 1944 1843 2009 autprover-

181 2036 354 2091 bium
379 2033 775 2106 pertinentia;
798 2032 870 2086 de
898 2030 1332 2097 nominibus,in
1355 2048 1387 2082 α
1407 2028 1840 2095 desinentibus,

182 2131 250 2180 ut
283 2119 459 2177 ἔνδεια
489 2122 579 2178 vel
609 2117 774 2187 évSlz,
807 2126 866 2177 et
893 2120 1132 2192 quando
1175 2136 1246 2175 ea
1286 2119 1561 2174 bifariam
1592 2118 1843 2173 efferan-

190 2221 306 2270 tur.
344 2216 489 2268 Item
521 2212 639 2268 alia
668 2210 940 2283 quasdam
973 2210 1227 2266 iambica
1252 2209 1541 2264 trimetra.

264 2298 511 2377 Εὕλογον
572 2299 807 2373 ἀξίωμα,
875 2303 1099 2355 axioma
1166 2298 1477 2369 probabile,
1561 2296 1760 2352 differt
1816 2311 1851 2351 a

189 2390 578 2463 καταληπτικῇ
632 2386 911 2467 φαντασίᾳ,
961 2408 1008 2444 s.
1060 2386 1603 2460 comprehendente
1659 2386 1848 2458 phan-

190 2484 357 2539 tasia.
393 2481 707 2537 Cleanthes
756 2479 1167 2552 philosophus,
1219 2477 1506 2550 appositis
1539 2475 1651 2547 ipsi
1674 2475 1851 2547 jussu

191 2573 498 2630 Ptolemmi
546 2572 701 2644 regis
748 2570 922 2626 malis
970 2570 1207 2641 punicis
1256 2568 1467 2635 cereis,
1500 2566 1736 2639 negavit
1764 2581 1849 2633 se,

194 2661 344 2717 falso
376 2661 501 2716 viso
560 2676 896 2725 assensum,
955 2658 1060 2713 sed
1115 2662 1344 2713 tantum
1394 2654 1702 2728 probabile
1743 2669 1854 2726 pu-

194 2759 377 2819 tasse,
410 2755 523 2807 etc.

194 2839 569 2911 Eumolpidae
629 2838 701 2894 ab
761 2836 1069 2909 Eumolpo,
1127 2837 1372 2903 Thrace,
1422 2835 1521 2906 qui
1562 2833 1855 2889 rationem

199 2929 477 2986 initiandi
510 2928 752 2993 invenit,
785 2928 874 2983 vel
913 2943 948 2983 a
989 2926 1187 2981 Musaei
1234 2925 1379 2990 filio,
1425 2924 1525 2995 qui
1558 2922 1671 2978 fuit
1700 2939 1734 2978 a
1764 2938 1857 2978 se-

203 3018 402 3076 cundo
435 3016 699 3089 quintus.

270 3107 614 3179 Eumolpus,
673 3105 1011 3162 Eleusinius
1070 3104 1159 3159 vel
1228 3102 1633 3169 Atheniensis,
1696 3102 1859 3157 ﬁlius

1946 689 2122 744 etiam
2156 689 2382 745 deliciae
2432 690 2613 745 fuisse
2663 690 2865 745 fertur.
2915 692 3095 746 Natus
3127 696 3216 747 est
3245 691 3593 763 Olympiade

1945 778 2180 849 CXXVI,
2216 795 2332 849 quo
2364 784 2625 852 tempore
2650 786 2707 835 et
2736 781 2996 851 Pyrrhus
3028 798 3061 836 a
3099 782 3378 837 Romanis
3408 783 3594 837 victus

1948 872 2054 922 est.
2088 870 2233 922 Eum
2267 869 2427 923 Nicia
2475 868 2814 939 Alexandri,
2867 870 3023 939 regis
3069 870 3324 936 Euboea),
3370 870 3592 925 Crateri

1948 957 2078 1023 filii,
2138 974 2285 1012 uxor
2323 958 2575 1023 amavit;
2628 959 2766 1013 hinc
2816 959 3102 1030 praedives
3132 960 3203 1014 ad
3237 960 3592 1014 Antiochum

1947 1062 2250 1118 magnum,
2280 1064 2479 1119 regem
2512 1048 2709 1118 Syriae,
2746 1063 2807 1103 se
2856 1048 3110 1103 contulit
3135 1053 3193 1103 et
3222 1050 3351 1120 ejus
3379 1047 3597 1102 biblio-

1947 1136 2132 1191 thecze
2158 1137 2491 1207 prtefectus,
2518 1137 2735 1192 ibidem
2764 1137 3095 1205 defunctus,
3118 1137 3509 1210 Apamem,vel
3532 1143 3599 1192 ut

1947 1226 2069 1292 alii,
2105 1226 2453 1293 Antiochia),
2504 1226 2770 1297 sepultus
2820 1232 2926 1282 est.
2977 1228 3131 1282 Libri
3173 1229 3302 1301 ejus
3332 1228 3594 1284 versibus

1946 1314 2202 1370 heroicis
2259 1315 2462 1387 scripti
2521 1321 2659 1370 sunt
2720 1316 2818 1370 hi:
2894 1316 3177 1384 Hesiodus,
3237 1318 3502 1390 Μοψοπία
3556 1316 3593 1386 ἢ

1947 1400 2168 1471 ἄτακτα,
2223 1406 2511 1476 Mopsopia
2566 1406 2684 1460 sive
2737 1405 3081 1462 Miscellanea
3137 1407 3307 1462 libris
3354 1426 3406 1474 v,
3447 1425 3596 1480 opus

1948 1494 2262 1550 continens
2310 1494 2587 1550 historias
2641 1494 2930 1564 micellas,
2982 1495 3446 1567 inscribiturque
3476 1499 3599 1553 Mo-

1949 1584 2178 1655 psopia,
2220 1583 2361 1653 quia
2389 1582 2581 1639 Attica
2609 1583 2752 1638 olim
2784 1585 2866 1639 ita
2905 1583 3061 1640 dicta
3091 1590 3181 1640 est
3208 1602 3243 1641 a
3273 1587 3596 1657 Mopsopia,

1952 1672 2076 1727 ﬁlia
2105 1672 2343 1728 Oceani.
2381 1673 2685 1728 Desinitin
2720 1674 2908 1729 Attica
2938 1674 3240 1741 Chiliade;
3274 1692 3415 1731 nam
3446 1675 3601 1731 liber

1951 1763 2199 1834 quintus
2252 1761 2599 1817 inscribitur
2662 1761 3014 1837 ἐπιγράφεται
3070 1764 3104 1831 ἡ
3163 1762 3385 1836 πέμπτη
3444 1764 3575 1836 (scil

1956 1844 2190 1925 βίϐλος),
2223 1848 2412 1925 χιλιὰς
2462 1851 2584 1924 περὶ
2639 1856 2911 1925 χρησμῶν
2962 1854 3090 1923 (70),
3137 1855 3344 1909 Chilias
3373 1857 3439 1909 de
3468 1872 3595 1910 ora-

1952 1942 2108 2008 culis,
2140 1958 2270 2013 qua}
2302 1947 2435 2013 post
2465 1941 2628 1997 mille
2678 1959 2869 1997 annos
2899 1948 3141 1998 eventus
3173 1943 3594 2015 comprobavit.

1950 2031 2221 2102 Disputat
2268 2031 2427 2085 enim
2476 2030 2757 2087 adversus
2806 2049 2906 2087 eos
2950 2034 3050 2104 qui
3092 2034 3599 2105 ipsum,deposita

1951 2118 2108 2191 apud
2131 2120 2265 2175 illos
2287 2120 2540 2191 pecunia
2562 2120 2924 2189 fraudarant,
2945 2122 3165 2178 docens
3188 2140 3288 2178 eos
3308 2122 3398 2177 vel
3417 2122 3605 2178 multo

1954 2214 2085 2280 post
2121 2214 2385 2281 tempore
2420 2226 2644 2279 pmnas,
2678 2210 2917 2265 daturos
2950 2227 3100 2266 esse.

2027 2298 2340 2370 Eupithius
2370 2303 2429 2353 et
2458 2299 2801 2368 Archiadas,
2825 2299 2940 2354 duo
2976 2301 3167 2374 Hegias
3202 2300 3610 2373 (philosophi),

1960 2389 2089 2457 filii,
2124 2388 2195 2444 de
2246 2406 2500 2461 quorum
2540 2390 2778 2463 ingenio
2830 2396 2887 2447 et
2930 2391 3194 2447 moribus
3239 2392 3509 2464 quaedam
3542 2409 3612 2448 ex

1959 2480 2289 2550 Damascio,
2324 2486 2435 2536 etc.

2033 2570 2295 2642 Eupolis,
2328 2569 2728 2639 Atheniensis,
2763 2572 3046 2642 comicus,
3081 2571 3183 2643 qui
3214 2589 3403 2628 annos
3434 2576 3608 2628 natus

1960 2659 2127 2728 XVII,
2179 2658 2238 2714 in
2298 2676 2478 2715 scena
2532 2666 2759 2716 certare
2812 2662 2988 2733 cmpit
3035 2662 3336 2733 ediditque
3382 2661 3612 2718 fabulas

1962 2750 2132 2814 XVII,
2166 2748 2302 2803 vicit
2332 2750 2569 2820 septies,
2604 2749 2763 2804 Idem
2818 2751 2879 2805 in
2917 2750 3075 2806 bello
3108 2758 3317 2807 contra
3346 2752 3614 2807 Lacedae-

1965 2838 2195 2893 monios
2225 2838 2529 2911 naufragio
2572 2839 2633 2893 in
2683 2838 3065 2912 Hellesponto
3096 2841 3291 2912 periit.
3328 2841 3491 2896 Unde
3524 2840 3619 2895 lex

1964 2930 2085 2985 lata
2115 2934 2222 2993 est,
2258 2947 2389 3000 qum
2422 2934 2626 3001 poetas
2678 2932 2861 2986 vetuit
2908 2933 3185 2988 militare.
3221 2932 3455 2987 Fabula:
3490 2932 3619 3005 ejus

1968 3026 2143 3074 sunt:
2176 3018 2356 3090 Αἷγες,
2388 3017 2777 3089 Ἀστράτευτος
2810 3016 3169 3095 ἢάνδρογύνη
3205 3028 3263 3075 et
3292 3022 3445 3077 alia).

2040 3106 2113 3165 Εὖ
2170 3106 2450 3184 πράττειν,
2506 3110 2659 3164 hanc
2714 3110 3033 3165 formulam
3094 3111 3391 3166 salutandi
3453 3112 3618 3167 Plato

206 3197 670 3268 Musaai,poetaa,
714 3200 794 3262 et,
847 3201 915 3250 ut
962 3194 1205 3266 quidam
1236 3193 1500 3258 tradunt,
1531 3190 1861 3262 discipulus
1969 3199 2250 3271 epistolas
2307 3199 2453 3267 xm,
2516 3215 2732 3269 easque
2790 3199 3063 3255 morulas,
3126 3202 3262 3256 Vide
3314 3217 3513 3272 supra,
3566 3196 3623 3253 εὖ

208 3288 443 3359 Orphei,
486 3291 661 3358 poeta
714 3284 917 3357 epicus
960 3289 1097 3340 ante
1129 3284 1469 3338 Homerum.
1504 3281 1655 3335 Vicit
1680 3280 1847 3334 etiam

210 3376 407 3398 n_-n_:-
483 3375 551 3398 Α]
600 3375 784 3398 1----..
843 3374 994 3398 -_..:....
1052 3377 1238 3398 --..c....
1283 3371 1349 3398 ,1η
1383 3370 1574 3398 καὶαπ.
1610 3369 1767 3398 ξηιλ..
1797 3384 1847 3398 οι·

1975 3284 2199 3361 διάγῖιν,
2230 3292 2287 3342 et
2314 3287 2517 3354 Cleon,
2552 3286 2786 3359 χαίρειν.

210 3376 434 3449 Pythia.
469 3375 556 3431 Ad
600 3375 791 3447 lyram
840 3374 999 3428 enim
1051 3377 1240 3445 Ροθῐεθ
1279 3371 1351 3427 de
1382 3370 1581 3442 Palma
1610 3369 1767 3423 inter
1797 3384 1859 3423 59
1900 3369 1944 3398 υ
2046 3378 2394 3450 Eurybatus,
2430 3378 2467 3431 i.
2516 3394 2567 3432 e.
2620 3378 2781 3433 homo
2832 3379 3026 3434 malus.
3080 3380 3331 3435 Ductum
3364 3385 3454 3435 est
3481 3397 3625 3451 pro-

215 3464 538 3522 certabant.
581 3462 828 3535 Scripsit
867 3460 1100 3522 Τελετᾶς
1153 3460 1469 3532 Δήμητρος,
1502 3459 1672 3514 Initia
1702 3459 1847 3512 Cere-

1969 3471 2236 3528 verbium
2258 3471 2330 3525 ab
2353 3470 2649 3543 Eucybato
2682 3471 2938 3542 quodam
2960 3490 2974 3541 ;
2998 3472 3293 3527 variorum
3311 3472 3625 3544 opiniones

218 3555 315 3621 ris,
346 3555 593 3627 ejusque
634 3553 709 3609 ad
758 3551 997 3607 Celeum
1047 3550 1364 3607 adventum
1406 3554 1465 3603 et
1508 3546 1841 3602 ministeria

1973 3572 2151 3636 atque
2192 3564 2730 3635 interpretationes.
2790 3566 2924 3620 Vide
2970 3565 3128 3638 apud
3168 3565 3441 3635 Suidam;
3473 3566 3625 3623 adde

219 3644 449 3700 ﬁliabus
472 3644 601 3716 ejus
629 3641 866 3711 tradita,
889 3657 1075 3712 eaque
1098 3640 1300 3695 omnia
1320 3637 1586 3695 versibus
1608 3635 1863 3692 heroicis
1975 3635 2207 3709 Κάειρνί
2237 3654 2431 3707 Notas.

219 3734 394 3806 ΜΜΜ,
446 3733 948 3803 θήίνοεοορῖοονυπι
990 3730 1210 3785 librum
1255 3745 1467 3796 unum:
1518 3744 1697 3799 Ρη)δᾶ
1722 3742 1862 3781 om"
2046 3738 2380 3811 Euripides,
2442 3739 2847 3809 Atheniensis,
2909 3741 3163 3813 tragicus
3195 3741 3499 3813 antiquior
3528 3759 3628 3798 ce-

220 3824 395 3881 tione.
1978 3831 2125 3887 lebri
2160 3831 2262 3886 illo
2293 3830 2589 3903 Euripide.
2624 3831 2832 3887 Docuit
2862 3831 3093 3887 fabulas
3122 3833 3244 3900 XII,
3277 3833 3415 3888 vicit
3443 3834 3556 3888 bis.

288 3911 524 3968 Eunidae
542 3911 699 3983 apud
720 3910 1114 3966 Athenienses
1136 3909 1364 3966 familia
1381 3906 1843 3964 citharcedorum

2050 3920 2380 3993 Euripides,
2434 3922 2763 3976 Mnesarchi
2812 3939 2916 3976 seu
2968 3922 3392 3978 Mnesarchida:
3424 3928 3483 3978 et
3511 3923 3626 3978 Cli-

224 4002 399 4059 sacris
431 4000 902 4058 inservientium.
1980 4011 2137 4066 tonis
2168 4012 2250 4081 F.,
2281 4029 2399 4065 non
2433 4027 2503 4065 ex
2533 4017 2739 4080 matre,
2774 4011 3006 4066 olerum
3054 4012 3394 4081 venditrice,
3430 4013 3532 4068 sed
3564 4030 3633 4068 ex

293 4091 635 4159 Eunomius,
697 4095 964 4162 tempore
1024 4088 1286 4145 Valentis
1354 4088 1496 4159 imp.
1558 4085 1847 4156 episcOpu:

1980 4117 2195 4173 genere
2246 4100 2640 4167 nobilissimo,
2691 4106 2756 4153 ut
2796 4100 3167 4155 demonstrat
3222 4102 3634 4157 Philochorus.

228 4183 554 4253 Cyzicenus,
642 4180 909 4236 notarius
962 4178 1135 4244 Actii,
1214 4193 1391 4249 quem
1450 4173 1845 4247 cognominan

1984 4193 2162 4247 Natus
2202 4190 2311 4244 fuit
2343 4207 2411 4244 eo
2442 4190 2534 4243 die
2559 4205 2674 4259 quo
2707 4189 2887 4243 δι’ωοὶ
2914 4191 3122 4244 Persas
3142 4189 3435 4263 fugarunt.
3466 4190 3639 4243 Initio

229 4273 479 4338 amem“:
507 4287 641 4326 cum
676 4287 792 4341 quo
824 4268 926 4323 diu
970 4272 1257 4332 versatus»
1310 4265 1701 4337 δοριιίδίίῧυῐη
1745 4262 1875 4333 elus
1984 4282 2196 4353 pictor,
2231 4280 2446 4335 deinde
2494 4279 2722 4334 Prodici
2753 4279 2812 4334 in
2846 4280 3177 4349 rhetoricis,
3221 4279 3474 4334 Sacratis
3504 4296 3638 4334 vero

230 4360 550 4418 disserendi
582 4360 825 4416 ῐηοάιιῑη
871 4358 1137 4413 imitatus
1186 4361 1294 4411 εει·
1347 4355 1486 4427 Ejus
1516 4360 1715 4424 Septem
1747 4353 1877 4405 ιίδνί
1987 4373 2047 4427 in
2079 4372 2348 4427 doctrina
2379 4369 2448 4425 de
2482 4370 2745 4424 moribus
2794 4375 2853 4425 et
2901 4370 2960 4423 in
3001 4369 3180 4425 rebus
3213 4369 3641 4440 philosophicis

230 4454 286 4508 in
306 4451 589 4524 epistolam
613 4451 686 4505 ad
716 4452 986 4505 Romanos
1025 4453 1083 4504 et
1111 4446 1243 4501 alia)
1276 4462 1406 4517 qua)
1446 4442 1847 4499 circumferun

1987 4460 2333 4531 discipulus.
2368 4459 2605 4514 Audivit
2652 4459 2829 4514 etiam
2862 4462 3265 4531 Anaxagoram
3297 4474 3473 4530 quem
3506 4474 3643 4513 cum

234 4548 339 4612 tur,
369 4540 837 4607 lucubrationes,
868 4538 1184 4594 verborum
1217 4534 1458 4607 quidem
1491 4533 1661 4605 copia
1690 4531 1847 4587 abun

1989 4550 2231 4605 vidisset
2262 4550 2321 4603 in
2355 4548 2677 4603 discrimen
2710 4547 2920 4619 capitis
2962 4548 3034 4602 ob
3075 4547 3350 4619 dogmata
3388 4547 3641 4615 venisse,

235 4631 453 4699 dantes,
484 4634 544 4685 at
575 4627 1009 4684 sententiarum
1058 4628 1286 4698 inopes.
1322 4626 1403 4679 Ex
1443 4623 1698 4679 Socratis
1731 4621 1879 4677 Hist.
1906 4704 1937 4710 Α
1992 4641 2260 4695 animum
2291 4637 2363 4693 ad
2395 4637 2739 4710 ιηςωάίειηι
2783 4636 3014 4708 appulit
3059 4637 3234 4692 homo
3267 4638 3484 4692 severis
3517 4653 3646 4692 ωο-

239 4720 435 4775 eccles.
470 4734 544 4788 iv,
577 4721 629 4773 7.

1986 4729 2149 4785 ribus
2181 4746 2247 4784 ac
2281 4728 2486 4795 tristis,
2521 4726 2681 4782 unde
2732 4731 2790 4781 et
2840 4723 3136 4798 μισογύνης
3170 4727 3288 4781 sive
3319 4725 3638 4782 mulierum

303 4807 544 4873 Ενοάιιδ»
568 4805 854 4875 Πῖὶοάίυεν
879 4808 1051 4878 P09ta
1081 4805 1302 4876 epicus:
1330 4804 1579 4860 Neronis
1610 4807 1873 4875 tempore
1984 4837 2121 4875 osor
2145 4824 2234 4873 est
2260 4818 2651 4882 existimatus,
2688 4816 3071 4871 Duxittamen
3120 4816 3494 4883 Choerinam,
3520 4817 3659 4871 Mne

244 4897 389 4964 vixit,
424 4902 597 4969 poeta
629 4897 870 4953 Latinus
899 4894 1287 4951 admirabilis.
1323 4894 1510 4966 Hujus
1557 4892 1691 4948 libri
1725 4889 1876 4946 nulli
1988 4909 2198 4964 silochi
2227 4907 2432 4973 ﬁliam,
2458 4923 2525 4961 ex
2549 4922 2666 4977 qua
2697 4905 3144 4977 Mnesilochum,
3170 4906 3638 4962 Mnesarchidem

248 4993 483 5046 exstant.
1989 5004 2047 5055 et
2102 4996 2442 5068 Euripidem
2500 4996 2778 5068 suscepit.
2840 4996 2957 5051 Hac
3014 4996 3346 5067 repudiata,
3388 4996 3638 5053 alteram

310 5078 665 5150 Euphorion,
698 5078 857 5133 filius
888 5075 1167 5148 )Eschyli,
1218 5074 1443 5147 tragici,
1476 5070 1847 5128 Atheniensis

1991 5104 2158 5159 mque
2208 5086 2570 5158 impudicam
2614 5092 2705 5141 est
2770 5090 3066 5157 expertus.
3118 5085 3363 5140 Athenis
3416 5086 3641 5141 relictis

252 5169 488 5241 tragicus
521 5173 579 5224 et
624 5170 791 5240 ipse:
848 5166 948 5239 qui
992 5165 1231 5229 fabulis,
1283 5181 1429 5236 quas
1462 5168 1628 5235 pater
1647 5166 1786 5216 ante
1819 5160 1847 5214 ἰ]

1992 5176 2147 5249 apud
2199 5176 2573 5242 Archelaum,
2632 5175 2983 5231 Macedonia:
3024 5192 3243 5247 regem,
3295 5176 3357 5230 in
3405 5194 3637 5234 summo

251 5257 427 5314 lucem
459 5274 579 5313 non
612 5256 901 5327 ediderat,
939 5261 1172 5311 certans
1221 5258 1432 5324 quater
1460 5251 1614 5319 vicit,
1650 5249 1887 5321 scripsit
1994 5267 2137 5321 vixit
2190 5266 2436 5329 honore,
2493 5263 2779 5330 sublatus,
2842 5270 2907 5319 ut
2956 5265 3144 5331 aiunt,
3178 5282 3211 5319 ἃ
3241 5265 3488 5321 canibus
3536 5283 3641 5337 per

254 5353 306 5404 et
333 5349 448 5421 ipse
482 5348 753 5419 quaedam
795 5347 1083 5402 dramata-
1997 5354 2249 5413 insidias
2282 5353 2594 5419 Arrhidzei,
2647 5352 3001 5421 Macedonis,
3054 5359 3112 5409 et
3151 5354 3430 5421 Cratevaa,
3477 5355 3658 5409 Thes-

316 5438 666 5510 Euphorion,
698 5435 1058 5506 ΡοῙΥῐηηθδίί
1091 5435 1175 5500 Fu
1212 5448 1279 5487 ex
1329 5429 1604 5486 ChaICide
1634 5428 1890 5517 Ευδφωυ
2003 5446 2135 5515 sali,
2163 5450 2496 5517 poetarum,
2548 5442 2659 5514 ipsi
2708 5443 3137 5500 invidentium:
3182 5444 3270 5500 vel
3303 5444 3594 5500 laceratus
3625 5460 3660 5499 a

262 5526 569 5600 discipulus
600 5527 662 5583 in
692 5524 1124 5599 philOSOphicis
1157 5520 1400 5593 Lacydis
1429 5526 1489 5575 et
1526 5516 1847 5574 Pritanidis
1874 5529 1889 5571 :

320 5742 415 5814 (70)
446 5739 865 5814 Kustermalit
892 5738 1089 5814 legere
1121 5732 1306 5814 ἐριιγρ.
1354 5729 1423 5814 δὶ-
1459 5730 1741 5814 Χιλιᾶςιῇ
1773 5751 1847 5800 πει

2009 5730 2269 5814 admissa
2300 5731 2523 5814 Fabric.
2558 5731 3052 5804 interpretatione
3083 5736 3141 5785 et
3171 5728 3401 5803 ellippi,
3437 5729 3523 5787 nil
3557 5730 3674 5788 erit

261 5803 539 5889 Χρἠσμῶν,
570 5813 794 5870 omisso
842 5803 1042 5867 vocab.
1092 5803 1341 5881 πέμτὲέεη,
1373 5811 1434 5863 et
1458 5806 1542 5863 sic
1570 5803 1763 5876 vertit,
1796 5822 1847 5862 se

2014 5804 2390 5861 mutandum.
2423 5805 2596 5860 HARL.
