4070 6196
427 383 578 445 1263

1721 377 1969 438 INDEX
2013 377 2190 441 SCRI
2202 378 2530 445 PTORUM

3678 383 3826 447 1264

427 513 801 582 mulieribus,
833 525 970 568 cum
1017 514 1200 567 noctu
1242 509 1574 578 Craterum,
1620 509 1892 566 Archelai
1925 510 2072 567 deli-
2102 523 2160 590 Α
2259 513 2601 585 Euthycles,
2659 531 2730 570 ex
2789 513 2959 586 cujus
3008 515 3315 574 commdiis
3363 521 3505 572 sunt
3531 516 3834 586 ’Δσωτοιῆ

427 606 573 672 cias,
597 603 687 658 vel
709 619 953 658 uxorem
977 599 1277 656 Nicodemi
1301 598 1601 654 Arethusii
1623 602 2080 670 peteret.Annos

429 695 598 750 aiunt
627 691 841 747 vixisse
874 691 1088 758 LXXV,
1114 703 1366 760 ossaque
1397 689 1527 760 ejus
1558 689 1804 756 Pellam,
1831 689 2080 760 jubente

427 798 564 854 rege
596 780 902 836 translata.
964 779 1200 834 Fabulae
1259 778 1390 850 ejus
1444 779 1654 848 LXXV,
1708 778 1820 846 vel,
1860 783 1926 834 ut
1952 777 2079 844 alii,

429 872 610 929 XCII:
662 887 732 926 ex
774 869 990 942 quibus
1048 874 1282 924 exstant
1339 867 1597 922 LXXVII.
1685 868 1832 922 Vicit
1905 867 2080 938 quin-

429 963 620 1033 quies,
653 965 863 1032 quater
917 959 1110 1014 adhuc
1167 963 1489 1030 superstes,
1543 957 1728 1012 semel
1777 973 1914 1011 vero
1947 960 2081 1027 post

425 1050 655 1107 obitum
704 1049 966 1105 fabulam
1020 1048 1148 1121 ejus
1208 1048 1270 1102 in
1328 1063 1506 1102 scena
1563 1047 1879 1101 exhibente
1911 1045 2078 1100 Euri-

422 1139 583 1212 pide,
614 1139 814 1195 fratris
857 1137 1046 1209 ipsius
1100 1137 1244 1193 tilio.
1277 1136 1528 1192 Fabulas
1579 1135 1766 1191 edidit
1793 1152 1898 1207 per
1926 1140 2077 1190 totos

421 1245 611 1284 annos
667 1229 862 1284 XXVI.
921 1226 1078 1283 Obiit
1129 1225 1472 1297 Olympiade
1525 1225 1716 1280 CXIII.
1767 1224 2078 1281 Conf.Ku-

421 1318 566 1373 steri
596 1321 718 1372 not.

490 1421 822 1494 Euripides,
857 1421 1136 1494 tragicus,
1183 1421 1398 1493 prioris
1447 1437 1518 1476 ex
1562 1420 1742 1476 fratre
1771 1436 1978 1492 nepos,
2009 1423 2080 1474 ut

419 1511 602 1568 tradit
631 1511 952 1584 Dionysius
996 1512 1057 1567 in
1105 1511 1434 1567 Chronicis.
1486 1509 1734 1582 Scripsit
1760 1507 2074 1582 Ὁμηρικὴν

418 1593 656 1672 ἔκδοσιν,
707 1600 1031 1657 editionem
1103 1601 1496 1670 Homericam,
1542 1599 1658 1654 nisi
1707 1599 1958 1654 fortasse
2008 1614 2078 1653 ea

420 1691 668 1747 alterius
698 1692 793 1748 sit.
856 1691 1092 1748 Fabulaa
1141 1691 1270 1763 ejus
1329 1695 1469 1746 sunt
1517 1689 1799 1763 Ὀρέστης,
1833 1683 2074 1758 Μήδεια,

425 1777 726 1852 Πολυξένη.

2190 604 2515 676 Ἐπιστολή,
2549 611 2697 662 teste
2726 607 3012 662 Athenaeo
3055 607 3116 662 in
3147 608 3590 680 DiphOSOphist.

2258 695 2684 767 Euthydemus,
2743 696 3027 768 magister
3083 696 3382 768 Apollonii
3423 699 3669 770 Tyanei,
3699 701 3830 754 Tar-

2189 789 2383 845 sensis
2408 789 2576 857 Cilix,
2611 795 2722 846 etc.
2757 792 2859 858 (Ex
2887 791 3288 862 Philostrato).

2257 879 2659 951 Euthymenes
2689 881 2912 936 archon
2941 881 3350 945 Atheniensis,
3381 883 3490 937 sub
3520 899 3638 954 quo
3670 883 3835 938 abro-

2185 973 2383 1038 gatum
2413 973 2500 1024 est
2529 969 2833 1026 decretum
2856 971 3142 1026 archonte
3169 972 3505 1043 Morychide
3529 975 3832 1046 scriptum,

2185 1076 2303 1130 quo
2334 1061 2578 1118 comicis
2603 1062 2978 1118 adimebatur
3000 1063 3245 1119 libertas
3275 1064 3540 1136 aliquem
3570 1067 3637 1120 in
3671 1081 3837 1120 scena

2183 1153 2646 1225 perstringendi.

2255 1243 2591 1315 Eutropius,
2650 1244 2854 1314 Italus,
2916 1245 3200 1317 sophista,
3260 1246 3530 1302 Historia:
3563 1248 3838 1303 Romanas

2183 1333 2612 1404 Compendium
2646 1335 2851 1392 Latina
2890 1335 3094 1409 lingua
3146 1337 3404 1408 scripsit,
3437 1336 3699 1408 aliaque.
3730 1337 3836 1392 Alii

2183 1423 2341 1494 apud
2390 1424 2630 1480 Suidam
2687 1432 3057 1497 sequuntur:
3117 1428 3458 1500 Eutropius,
3506 1429 3834 1494 eunuchus,

2185 1515 2346 1566 tutor
2365 1513 2676 1568 Theodosii
2721 1514 2960 1586 imper.,
3001 1519 3060 1570 et
3099 1515 3434 1588 Eutropius,
3485 1516 3836 1587 praepositus

2183 1599 2439 1655 cubiculi
2470 1601 2706 1657 Arcadii
2737 1603 2946 1674 imper.
2982 1603 3159 1659 homo
3191 1604 3715 1660 sceleratissimus.

2254 1689 2566 1760 Eutyches,
2625 1691 2795 1746 CPoli
2853 1693 3201 1776 monasterii
3261 1693 3598 1764 prmfectus,
3645 1694 3835 1765 impia:

2182 1784 2358 1834 secta)
2388 1781 2636 1836 Manetis
2668 1786 2726 1836 et
2755 1781 3116 1853 Apollinaris
3145 1782 3354 1838 tertius
3393 1781 3697 1852 defensor,
3731 1789 3832 1838 etc.

489 1888 878 1956 Euschemus,
911 1888 1194 1946 comicus.
1246 1889 1328 1942 Ex
1377 1886 1592 1942 fabulis
1624 1886 1754 1958 ejus
1785 1881 2059 1957 Ἐμπολή,

2183 1871 2286 1942 (Ex
2315 1871 2622 1927 Theodoro
2653 1873 3049 1944 Raithuensi.)

419 1983 566 2033 teste
593 1978 898 2035 Athenaeo.

486 2085 776 2140 Eusebius
831 2085 1149 2156 Pamphili,
1224 2085 1459 2140 Arianaa
1525 2089 1700 2139 sectm
1767 2082 2059 2151 addictus,

411 2176 690 2230 Caesareae
709 2174 1039 2230 Palmstinaa
1057 2175 1394 2246 episcopus,
1415 2190 1715 2229 sacrarum
1739 2173 2064 2244 Scriptura-

411 2280 543 2318 rum
566 2265 880 2338 insigniter
900 2265 1202 2319 studiosus
1224 2269 1283 2319 et
1307 2264 1520 2319 divinas
1545 2263 1921 2318 bibliothecae
1943 2277 2064 2318 una

411 2369 547 2408 cum
579 2353 890 2425 Pamphilo
921 2359 1177 2425 martyre
1228 2353 1720 2426 diligentissimus
1749 2353 2060 2424 investiga-

409 2449 522 2497 tor.
583 2443 764 2498 Multa
821 2442 1005 2497 edidit
1061 2459 1259 2513 opera,
1321 2442 1477 2497 inter
1527 2459 1660 2512 qua)
1719 2447 1858 2496 sunt
1909 2442 2058 2496 ista:

411 2531 754 2602 Evangelica:
801 2533 1282 2586 demonstrationis
1348 2533 1476 2586 libri
1528 2534 1641 2588 XX.
1716 2532 2062 2600 Evangelicae

414 2620 851 2689 Pra’parationis
883 2619 1012 2674 libri
1041 2622 1159 2676 XV.
1196 2619 1567 2690 TheOphaniae
1601 2622 1730 2675 libri
1767 2622 1833 2677 V.
1867 2622 2060 2678 Eccle-

409 2709 644 2762 siastica:
701 2711 956 2763 Historia:
996 2708 1126 2762 libri
1178 2711 1246 2764 Χ.
1307 2710 1548 2766 Canones
1606 2710 1852 2765 chronici
1893 2715 2061 2768 variae

411 2779 680 2866 historia",
721 2804 774 2851 et
823 2813 1008 2852 eorum
1057 2799 1322 2867 Epitome.
1369 2800 1440 2854 De
1488 2800 1892 2869 evangeliorum
1936 2803 2058 2858 dis-

407 2890 674 2943 sensione.
707 2891 770 2944 1n
793 2889 1124 2960 prophetam
1176 2892 1377 2946 Isaiam
1431 2891 1562 2946 libri
1590 2893 1652 2948 X.
1685 2893 1886 2950 Contra
1917 2897 2058 2948 Por—

397 2979 682 3048 phyrium,
701 2979 800 3051 qui
829 2985 989 3047 tunc,
1013 2981 1334 3050 utquidam
1357 2986 1587 3053 putant,
1614 2982 1673 3038 in
1700 2983 1899 3039 Sicilia
1920 2984 2060 3039 scri-

405 3067 601 3137 bebat,
657 3069 788 3124 libri
841 3071 996 3125 XXX.
1056 3072 1330 3141 Τοπικῶν,
1391 3071 1510 3127 sive
1567 3073 1643 3127 De
1705 3073 1834 3129 locis
1890 3076 2060 3130 sacris

404 3157 543 3213 liber
561 3175 582 3221 ;
611 3158 898 3230 Apologia.0
922 3176 1028 3231 pro
1059 3161 1286 3230 Origine
1335 3161 1464 3216 libri
1520 3163 1610 3218 VI.
1646 3165 1722 3218 De
1745 3165 1863 3218 vita
1895 3170 2056 3219 Pam-

2251 1963 2548 2032 Euxenus,
2570 1964 2660 2018 vir
2684 1980 2804 2020 non
2835 1963 3157 2020 admodum
3189 1964 3410 2036 probus
3436 1981 3546 2020 nec
3575 1970 3832 2020 actuosae

2178 2051 2309 2106 vitm
2341 2052 2600 2123 deditus,
2627 2059 2687 2109 et
2714 2056 2947 2126 Epicuri
2997 2056 3262 2111 moribus
3293 2056 3577 2112 imbutus.
3615 2058 3830 2129 Pytha-

2181 2157 2336 2212 gorm
2368 2159 2502 2198 vero
2533 2145 2846 2216 opiniones
2893 2146 2976 2200 ita
3031 2146 3447 2217 cognoscebat,
3477 2153 3544 2200 ut
3571 2162 3712 2202 aves
3745 2161 3830 2216 ea,

2179 2250 2311 2304 qua)
2357 2235 2595 2290 discunt
2639 2235 2712 2290 ab
2762 2236 3128 2304 hominibus,
3173 2240 3336 2311 χαῖρε
3381 2237 3471 2290 vel
3521 2234 3578 2289 εὖ
3612 2235 3829 2310 πράττε,

2179 2328 2238 2378 et
2263 2319 2389 2384 Ζεὺς
2442 2320 2630 2386 ἵλεως.
2683 2325 3032 2396 Apollonius
3079 2343 3228 2398 puer
3283 2328 3588 2381 Euxenum
3633 2326 3833 2382 audie-

2179 2414 2298 2484 bat,
2321 2414 2424 2470 sed
2446 2415 2519 2471 ad
2551 2415 2850 2470 decimum
2874 2422 3104 2470 sextum
3126 2432 3353 2471 annum
3382 2415 3831 2488 progressus,ad

2179 2508 2624 2580 Pythagoricam
2654 2507 2832 2562 vitam
2866 2523 2928 2562 se
2962 2509 3255 2576 contulit,
3286 2510 3595 2564 Euxenum
3634 2515 3828 2563 tamen

2177 2614 2378 2654 amare
2410 2615 2530 2654 non
2561 2598 2756 2666 desiit,
2791 2603 2903 2655 etc.
2933 2599 3035 2670 (Ex
3068 2599 3464 2670 Philostrato.)

2247 2688 2335 2758 Ἐξ
2359 2687 2586 2761 ἁμάξης.
2611 2689 2777 2761 Apud
2795 2689 3188 2744 Athenienses
3211 2689 3426 2745 festum
3450 2695 3580 2744 erat
3601 2690 3825 2755 Lenaea,

2175 2778 2236 2832 in
2266 2795 2384 2850 quo
2416 2784 2626 2850 poetae,
2655 2778 2936 2851 plaustris
2968 2777 3318 2846 insidentes,
3351 2778 3666 2833 certabant
3692 2794 3830 2832 can-

2177 2867 2437 2922 tionibus
2471 2868 2625 2923 risus
2652 2868 2924 2923 movendi
2959 2868 3168 2940 gratia,
3199 2867 3356 2938 quod
3399 2867 3830 2922 Demosthenes

2175 2949 2358 3025 dixit,
2401 2955 2449 3028 ἐξ
2507 2957 2739 3029 ἀμάξης,
2799 2976 2868 3014 ea:
2917 2959 3191 3028 plaustro.
3226 2957 3452 3012 Chorus
3485 2957 3832 3011 Lenaeorum

2172 3047 2496 3103 vocabatur
2527 3049 2817 3106 Lenaites.

2243 3135 2559 3213 Ἐξηγηταί.
2606 3140 2745 3194 Tres
2795 3143 2964 3195 erant
3040 3143 3295 3211 exegetae
3353 3136 3595 3192 oraculo
3653 3134 3834 3208 Apol-

399 3249 544 3318 phili
600 3223 732 3303 libri
786 3223 885 3305 III.
922 3223 1020 3305 -De
1075 3223 1411 3320 martyribus
1465 3250 1583 3307 alia
1641 3252 1946 3324 opuscula.
1996 3259 2058 3308 In

2183 3229 2312 3284 linis
2343 3229 2654 3302 designati,
2689 3229 2905 3300 quibus
2945 3245 3101 3283 cura:
3151 3233 3280 3283 erat
3308 3227 3564 3282 lustrare
3595 3242 3703 3280 eos
3732 3223 3828 3296 qui

400 3338 646 3393 Psalmos
677 3339 759 3394 CL
789 3339 1257 3395 Commentarios
1298 3340 1584 3409 eruditos,
1617 3346 1676 3396 et
1703 3342 1890 3398 multa
1922 3343 2059 3399 alia.

402 3426 629 3482 Floruit
673 3429 929 3484 maxime
986 3430 1354 3502 temporibus
1414 3431 1785 3487 Constantini
1817 3433 1958 3505 imp.
1993 3450 2061 3490 ac

406 3518 756 3586 Constantii,
793 3523 850 3572 et
890 3518 964 3573 ob
995 3521 1340 3588 amicitiam,
1375 3538 1506 3592 quae
1558 3522 1671 3594 ipsi
1721 3539 1854 3578 cum
1888 3525 2058 3580 Pam-

411 3604 572 3674 philo
629 3612 888 3678 martyre
943 3607 1303 3678 intercessit,
1361 3610 1432 3666 ab
1479 3627 1547 3666 eo
1598 3619 2057 3684 cognomentum

407 3695 655 3750 sortitus
687 3702 795 3752 est.
847 3697 1094 3768 Scripsit
1145 3700 1323 3755 etiam
1383 3701 1462 3756 Ad
1517 3704 1814 3772 Marinum,
1843 3704 1903 3758 in
1938 3722 2054 3776 quo

403 3797 580 3852 opere
612 3784 757 3840 dicit
812 3786 1026 3841 Christi
1079 3789 1400 3844 Ecclesium
1443 3791 1558 3846 duo
1588 3793 1718 3846 vita:
1749 3810 1967 3866 genera
1997 3800 2056 3851 et

399 3871 670 3928 instituta
700 3875 1043 3947 praecipere,
1069 3895 1321 3948 quorum
1347 3896 1532 3934 unum
1564 3881 1640 3935 sit
1669 3882 1966 3938 excellens
1994 3890 2054 3941 et

397 3975 578 4032 supra
598 3979 975 4020 communem
998 3967 1128 4022 vitae
1153 3969 1429 4025 humanae
1453 3972 1740 4028 rationem
1769 3974 2046 4045 positum.

395 4052 570 4123 quale
595 4058 682 4108 est
705 4057 1132 4112 monachorum
1160 4077 1174 4123 ;
1206 4059 1459 4114 alterum
1484 4061 1682 4116 minus
1715 4063 1968 4118 sublime
1991 4070 2050 4120 et

391 4144 697 4198 communi
754 4145 1065 4202 hominum
1123 4148 1254 4203 vitze
1313 4151 1846 4222 accommodatum,
1887 4154 2046 4226 quod

392 4245 502 4287 nec
532 4249 567 4288 a
597 4235 871 4308 conjugio
902 4237 1239 4294 abhorreat.

460 4342 822 4410 Eustathius,
854 4343 1336 4418 Epiphaniensis,
1369 4351 1604 4423 scripsit
1651 4353 2043 4424 Compendium

387 4427 707 4487 chronicum
738 4450 960 4506 rerum,
991 4435 1064 4490 ab
1104 4438 1282 4492 [Enea
1313 4455 1500 4510 usque
1549 4439 1622 4494 ad
1663 4442 2041 4498 Anastasium

2171 3319 2370 3391 aliquo
2392 3320 2626 3392 piaculo
2645 3320 2910 3376 obstricti
2931 3321 3248 3376 essent.Sic
3267 3321 3446 3376 etiam
3468 3319 3832 3374 vocabantur

2169 3410 2497 3481 patriorum
2528 3409 2937 3465 institutorum
2969 3415 3027 3465 et
3047 3411 3273 3482 jurium
3307 3410 3690 3481 interpretes.
3723 3411 3828 3463 Pe-

2168 3500 2490 3569 culiariter,
2554 3501 2910 3573 interpretes
2970 3518 3296 3569 sacrorum,
3357 3502 3456 3572 qui
3518 3501 3702 3556 etiam
3756 3499 3826 3555 de

2167 3589 2398 3645 inferiis
2429 3591 2684 3662 aliisque
2729 3591 2966 3647 Juribus
2997 3591 3414 3647 defunctorum
3455 3589 3830 3646 consulenti-

2164 3679 2274 3735 bus
2305 3680 2764 3752 respondebant.

2233 3769 2528 3824 Ezechias.
2583 3770 2858 3825 Exstabat
2914 3770 3069 3825 liber
3140 3770 3492 3836 Salomonis,
3553 3769 3826 3824 remedia

2162 3857 2429 3912 omnium
2461 3857 2805 3914 morborum
2856 3859 3190 3927 continens,
3241 3859 3341 3930 qui
3386 3857 3592 3928 templi
3631 3857 3824 3912 limini

2159 3945 2381 4001 incisus
2413 3953 2557 4002 erat.
2591 3949 2756 4002 Hunc
2779 3949 3051 4004 Ezechias
3073 3947 3345 4015 obolevit,
3375 3947 3532 4018 quod
3557 3947 3819 4018 populus

2158 4041 2417 4091 mentem
2460 4037 2533 4092 ad
2567 4037 2749 4093 Deum
2781 4054 2900 4092 non
2949 4037 3296 4106 adverteret,
3331 4036 3434 4092 sed
3464 4037 3818 4108 quicunque

2156 4127 2294 4198 aegri
2349 4131 2568 4192 essent,
2620 4127 2960 4182 curationes
3008 4127 3148 4183 inde
3197 4133 3486 4199 peterent,
3539 4126 3823 4198 neglecta

2155 4214 2336 4270 divini
2357 4216 2626 4270 Numinis
2648 4215 3040 4272 invocatione.

2957 4307 2998 4361 F

2222 4394 2434 4450 Fabius
2465 4395 2675 4466 pictor,
2699 4395 3016 4451 historicus
3039 4397 3359 4450 Romanus.
3394 4395 3499 4448 Hic
3522 4395 3634 4463 ait,
3659 4395 3821 4451 nulli

2149 4485 2550 4539 Romanorum
2581 4485 3034 4557 magistratuum
3076 4483 3255 4539 licere
3286 4484 3614 4555 quidquam
3655 4485 3823 4557 quod

389 4525 533 4591 imp.
566 4526 864 4593 gestarum
899 4525 1053 4580 libris
1079 4530 1186 4596 (7|)
1217 4543 1432 4584 novem.
2149 4525 2550 4583 “ἷ””““““ἶ¹“⁵“
2582 4525 3034 4584 ¹¹ῗ“²⁵“”ῗ⁸““’““““
3077 4525 3255 4539 "ww
3287 4525 3536 4555 “¹“’““¹““

461 4610 801 4645 nmmum”
861 4613 1237 4645 “Momm”
1287 4633 1417 4645 mm
1456 4618 1668 4645 unm-
1717 4622 2010 4645 ,μω-μ
2071 4612 2118 4645 η
2149 4577 2226 4627 sit
2255 4572 2582 4645 publicum,
2615 4590 2678 4628 1n
2711 4579 2969 4645 privatos
3001 4590 3142 4629 usus
3173 4578 3536 4629 convertere.

461 4610 828 4682 Eustathius,
861 4613 1262 4686 Sebastianus,
1285 4633 1421 4672 cum
1456 4618 1671 4673 Basilio
1702 4622 2038 4692 Ancyrano,
2071 4612 2118 4676 Ι)

381 4697 651 4838 1ejusdem
677 4698 845 4756 urbis
864 4703 1161 4776 episcopo,
1187 4711 1361 4762 secta)
1395 4707 1829 4764 Macedoniam:
1861 4717 2037 4782 caput

407 4785 513 4838 uit.

407 4785 513 4842 nit.

452 4895 830 4968 Eustephius,
880 4900 1385 4974 Aphrodisiensis,
1437 4904 1704 4976 sophista
1751 4922 1905 4961 unus
1961 4923 2034 4962 ex

380 4983 710 5043 illustribus
733 4989 1276 5064 Adrottorum,quaa
1301 5001 1389 5051 est
1409 4995 1550 5051 urbs
1575 4995 2030 5068 Lydim,incolis.

381 5073 628 5146 Scripsit
657 5077 1096 5137 declamationes.

448 5183 822 5254 Eustochius,
855 5187 1187 5260 Cappadox,
1225 5192 1505 5262 SOphista.
1542 5194 1786 5266 Scripsit
1816 5195 2030 5266 Cappa-

374 5273 542 5328 dociae
599 5274 1046 5346 et'reliquarum
1096 5283 1340 5348 gentium
1416 5287 1797 5354 antiquitates,
1856 5293 1909 5340 et
1962 5285 2030 5340 τὰ

369 5360 507 5415 κατὰ
553 5363 869 5418 Κώνσταντα
917 5367 1007 5420 τὸν
1062 5365 1289 5442 βασιλέα
1323 5375 1458 5444 (72),
1489 5389 1574 5428 res
1621 5381 1798 5443 gestas
1827 5377 1894 5431 ab
1925 5379 2028 5432 im-

361 5460 622 5522 peratore
652 5455 967 5514 Constante.

2218 4661 2478 4716 Falcidia
2535 4661 2629 4717 lex
2678 4679 2713 4718 a
2769 4667 2994 4720 Caesare
3047 4664 3184 4720 Caio
3242 4663 3476 4719 Octavio
3539 4663 3670 4720 lata
3703 4671 3816 4732 est,

2144 4751 2463 4807 maximam
2526 4754 2703 4809 etiam
2763 4771 2923 4809 nunc
2982 4755 3393 4810 auctoritatem
3453 4754 3694 4811 habens
3756 4758 3818 4811 in

2143 4841 2557 4898 hmreditatum
2617 4845 3094 4901 successionibus
3147 4860 3181 4898 a
3232 4845 3515 4915 Falcidio,
3561 4846 3816 4901 tribuno

2143 4932 2357 5005 plebis,
2391 4933 2646 4991 inventa.

2142 5024 2396 5093 Faunus,
2430 5025 2552 5080 Pici
2586 5043 2689 5082 seu
2716 5028 2870 5083 Iovis
2917 5030 3000 5096 F.,
3053 5046 3232 5100 quem
3265 5030 3508 5084 nomine
3541 5029 3812 5102 planetae

2139 5114 2492 5170 Mercurium
2525 5117 2924 5188 appellabant.
2959 5119 3060 5173 Hic
3091 5119 3203 5174 fuit
3231 5126 3632 5186 astronomus,
3677 5138 3817 5176 mu-

2140 5203 2399 5274 tallaque
2427 5205 2578 5274 auri,
2611 5208 2837 5278 argenti
2895 5213 2953 5262 et
3009 5207 3149 5263 ferri
3184 5209 3431 5277 invenit,
3465 5225 3813 5281 eorumque

2138 5293 2576 5350 tractandorum
2609 5297 2902 5354 rationem
2931 5297 3338 5354 Occidentales
3360 5299 3582 5355 docuit.
3603 5301 3814 5365 Quare

2137 5383 2318 5438 etiam
2373 5383 2445 5439 ab
2498 5383 2794 5458 indigenis
2848 5391 3086 5442 vocatus
3159 5384 3566 5458 πλουτοδότης,
3624 5407 3812 5461 opum

2135 5472 2387 5529 donator.
2415 5472 2656 5530 Insidiis
2687 5476 2985 5547 appetitus
3014 5492 3049 5532 a
3075 5476 3360 5534 fratribus
3389 5479 3451 5534 in
3478 5481 3813 5551 Aigyptum

445 5636 554 5711 (71)
586 5639 888 5710 Evagrius,
948 5657 1001 5708 ν,
1060 5644 1150 5711 24,
1209 5645 1372 5700 libros
1419 5649 1652 5702 tantum
1680 5648 1815 5705 duos
1844 5649 2028 5708 fuisse

373 5648 888 5760 ιθεξῖἐὲυιὲγδτίςινὶιιει,
948 5657 1001 5708 v,
1060 5648 1150 5711 24,
1209 5648 1372 5700 libros
1419 5649 1652 5702 tantum
1680 5648 1815 5705 duos
1844 5649 2028 5708 fuisse
2132 5651 2317 5760 Anglia
2345 5648 3539 5760 ﬁngitis,{pag;03l‘hadMZo&a:-ﬁrp,
3565 5672 3639 5711 ex
3675 5659 3814 5715 Eu-

2132 5719 2317 5777 dociaa
2348 5721 2530 5779 Ioniis
2560 5719 2809 5796 deus.
2839 5719 2973 5798 pag.
3011 5719 3132 5800 {66,
3157 5727 3254 5786 ed.
3288 5719 3539 5800 Villois.]
