4070 6196
333 344 486 405 1265
1634 334 1876 396 INDEX
1916 330 2425 395 SGRIPTORUM
3584 347 3746 410 1266

328 479 475 551 fugit
505 478 566 532 in
600 477 819 532 tribum
859 475 1083 543 Chami,
1143 474 1250 528 filii
1281 475 1424 539 Noe,
1450 489 1484 528 a
1509 471 1724 541 quibus
1777 485 1977 524 susce-
2004 467 2059 535 Α
2090 466 2379 522 Callinici.
2432 469 2714 525 Memoria
2740 470 2823 526 ita
2871 470 3072 540 valuit,
3107 477 3172 528 ut
3217 473 3716 536 declamationem

326 574 463 642 ptus
495 584 634 623 cum
664 568 808 638 ipsis
838 564 1141 620 habitavit.
1175 563 1337 618 Idem
1360 578 1540 618 aurea
1561 560 1713 616 stola
1733 558 1975 614 indutus
2085 556 2269 611 semel
2299 556 2585 624 auditam,
2608 565 2924 631 repeteret.
2950 561 3374 634 Obiitjuvenis,
3408 583 3597 622 annos
3635 588 3740 626 na-

325 664 385 714 et
423 658 623 713 futura
671 655 1001 727 praedicens
1052 653 1407 724 divitiasque
1458 652 1543 707 eis
1601 650 1932 722 impertiens

2128 663 2176 701 1s
2206 647 2449 702 XXVIII.
2486 648 2731 720 Scripsit
2760 648 2965 713 Λαλιὰς
2988 652 3107 707 sive
3130 651 3419 724 Διαλὲξεις,
3447 679 3474 707 «ι
3504 658 3735 716 Allocu.

324 753 608 818 tanquam
638 748 790 800 Deus
822 745 894 799 ab
928 744 1074 815 ipsis
1108 743 1304 797 cultus
1336 745 1444 796 est.
2081 736 2323 792 «tiones
2346 742 2406 793 et
2431 763 2452 791 ι
2488 735 2737 800 Μελέτας
2775 764 2793 789 ι
2831 741 3324 811 Declamationes,
3360 746 3564 801 »inter
3594 766 3739 820 quas

392 837 734 899 Favorinus,
770 832 1133 888 Arelatensis
1167 832 1389 899 Gallus,
1413 847 1554 886 sexu
1581 830 1965 901 hermaphro-
2080 831 2169 881 est
2199 848 2225 875 ‹‹
2260 828 2435 882 Exsul
2468 829 2729 900 seipsum
2758 830 3021 886 vendens
3048 838 3180 903 post
3207 834 3539 891 Thebarum
3563 839 3733 893 exci-

317 927 497 992 ditus,
532 924 969 981 eruditissimus
1008 927 1065 977 et
1108 921 1498 993 philosophiae
1547 919 1966 991 peritissimus,
2079 937 2106 965 «
2141 915 2305 970 dium
2356 919 2834 989 PrOpempticum
2886 921 2960 975 ad
2992 922 3220 977 amicos
3266 941 3428 994 suos,
3461 948 3489 976 ιο
3543 928 3731 983 Dadu-

315 1015 628 1071 rhetorica)
686 1013 748 1067 in
802 1012 1011 1083 primis
1069 1011 1358 1066 addictus.
1419 1008 1646 1064 Floruit
1705 1013 1965 1078 tempore
2075 1005 2253 1060 chum
2286 1011 2345 1060 et
2372 1006 2805 1078 Asclopiadem'
2848 1033 2867 1059 ι
2904 1012 3213 1068 Orationes
3258 1019 3668 1089 panegyricus.
3702 1040 3731 1067 »

314 1104 551 1177 Trajani
577 1104 742 1173 imp.,
766 1102 1064 1171 vitamque
1084 1098 1362 1172 produxit
1381 1114 1571 1168 usque
1593 1096 1667 1152 ad
1684 1093 1963 1150 Hadriani
2147 1095 2508 1163 Gennadius,
2542 1098 2879 1167 patriarcha
2910 1100 3106 1170 CPol.,
3140 1112 3525 1175 conspectum
3559 1108 3631 1163 ab
3663 1124 3730 1163 eo

317 1195 651 1266 imperium.
687 1190 1013 1247 Aimulatus
1043 1195 1132 1245 est
1170 1188 1574 1255 Plutarchum,
1606 1186 1924 1241 Chmroneu

1170 1188 1574 1255 Plutarchum,
1606 1186 1964 1241 Chmronen-
2073 1182 2263 1258 φάσμα
2294 1179 2601 1254 δαιμόνιον,
2635 1191 2744 1241 etc.

314 1303 460 1351 sem,
492 1282 825 1338 innumeris
854 1297 1007 1352 pene
1029 1278 1198 1333 libris
1226 1276 1692 1333 conscribendis.
1718 1274 1965 1346 Scripsit
2144 1273 2448 1345 Georgius,
2472 1275 2981 1347 MagnmEcclesim
3000 1279 3284 1336 diaconus
3299 1284 3727 1357 etchartophy-

312 1381 369 1431 et
399 1373 813 1447 philosophica
843 1376 902 1427 et
948 1368 1252 1435 historica,
1286 1383 1542 1438 quorum
1588 1381 1838 1438 magnus
1874 1368 1963 1419 est
2068 1362 2186 1428 lax,
2219 1363 2569 1434 cognomine
2600 1366 2825 1420 Pisidas.
2862 1368 3105 1438 Scripsit
3151 1372 3568 1441 Hexaemerum,
3602 1376 3723 1431 sive

309 1483 618 1522 numerus.
654 1466 732 1517 Ex
762 1462 947 1534 ipsius
995 1460 1164 1515 libris
1188 1464 1329 1514 sunt
1372 1458 1509 1512 isti:
1544 1479 1571 1508 «ι
1608 1458 1688 1511 De
1721 1454 1958 1511 Homeri
2064 1452 2140 1507 De
2170 1453 2389 1523 api/icio
2420 1454 2633 1521 mundi,
2669 1454 2827 1526 quod
2859 1456 3045 1511 tribus
3104 1458 3224 1513 fere
3259 1460 3550 1517 militibus
3596 1480 3719 1518 ver-

310 1578 338 1606 «ι
372 1553 784 1627 philosophia;
817 1552 886 1607 de
920 1551 1156 1605 Socrate
1188 1554 1248 1604 et
1294 1552 1418 1603 arte
1450 1547 1579 1619 ejus
1627 1544 1913 1601 amatoria
1941 1564 1955 1612 ;
2068 1558 2241 1597 suum
2273 1541 2663 1598 iambicorum
2696 1550 2968 1600 constat:
2998 1566 3024 1593 ‹‹
3062 1546 3138 1600 De
3171 1547 3442 1603 Heraclio
3485 1550 3630 1622 imp.
3665 1557 3723 1607 et

304 1669 333 1696 ‹‹
370 1648 449 1700 De
481 1644 757 1698 Platone:
797 1643 874 1695 De
920 1638 1414 1712 philosophorum
1462 1637 1638 1702 victu,
1669 1657 1697 1686 ››
1730 1641 1788 1690 et
1816 1635 1911 1690 alii

2130 1631 2285 1687 bello
2319 1633 2553 1688 Persico
2582 1650 2596 1700 ;
2631 1656 2659 1683 ››
2692 1634 2765 1688 ad
2797 1634 2923 1689 haec
2954 1634 3220 1689 oratione
3277 1637 3471 1693 soluta
3504 1660 3531 1688 ‹‹
3564 1640 3717 1695 Aba-

303 1735 465 1789 Idem
498 1734 675 1788 etiam
701 1726 1115 1804 γνωμολογικὰ,
1147 1728 1299 1783 dicta
1334 1728 1668 1782 sententiosa
1697 1724 1904 1796 scripsi

2130 1722 2252 1777 rica
2284 1726 2342 1776 et
2370 1723 2722 1778 Encomium
2752 1725 3047 1779 Anastasii
3086 1728 3386 1799 martyris.
3424 1750 3451 1777 ››
3483 1730 3714 1789 Kusteri

306 1827 369 1878 V.
399 1826 629 1889 Kuster,
662 1826 785 1875 not.
822 1824 960 1874 tom.
997 1820 1094 1888 ΙΙΙ,
1126 1834 1258 1890 pag.
1292 1820 1415 1871 572.

997 1820 1094 1888 III,
1126 1834 1258 1890 pag.
1292 1820 1415 1871 572.
1984 1828 2030 1894 Β
2064 1815 2187 1865 not.
2226 1815 2275 1879 l,
2308 1828 2437 1884 pag.
2472 1813 2594 1868 475.

376 1914 737 1968 Februarium
766 1926 1019 1976 mensem,
1054 1926 1089 1964 a
1118 1907 1378 1979 quodam
1408 1906 1673 1971 consule,
1708 1907 1949 1963 Februa-
2132 1901 2337 1956 Gesius
2366 1903 2628 1971 (Γησιος),
2676 1902 2867 1956 Petris
2910 1902 3219 1973 oriundus,
3268 1906 3519 1961 Zenonis
3567 1907 3710 1979 imp.

301 2006 406 2072 rio,
431 2002 673 2056 natione
698 1999 881 2066 Gallo,
910 1998 1066 2069 quod
1090 1998 1139 2052 is
1160 1996 1380 2051 invidia
1400 1996 1613 2051 ductus
1634 1995 1949 2050 Camillum
2054 1990 2420 2060 temporibus
2442 1996 2566 2045 arte
2587 1990 2816 2045 medica
2835 1991 3200 2046 clarissimus
3220 1992 3354 2058 fuit,
3402 1996 3707 2065 etDomni,

293 2109 401 2166 per
422 2090 733 2146 mendacia
753 2088 1049 2160 expulisse
1070 2086 1243 2151 Urbe,
1268 2086 1549 2157 deinceps
1572 2090 1770 2141 autem
1800 2086 1945 2156 ipse,
2052 2077 2260 2145 Judaei,
2294 2079 2674 2150 prmceptoris
2721 2079 2831 2148 sui,
2865 2079 3115 2152 gloriam
3159 2081 3397 2153 penitus
3427 2083 3706 2139 obscura-

291 2181 538 2237 Camillo
553 2185 686 2251 post
707 2180 999 2233 Brennum
1014 2177 1393 2248 proﬂigatum
1407 2180 1644 2246 recepto
1660 2190 1898 2244 suach

2097 2168 2151 2237 it,
2179 2172 2291 2223 etc.
2317 2168 2682 2237 Heraiscum,
2705 2185 2839 2224 cum
2855 2170 3294 2243 Zenonisjussu
3318 2179 3704 2243 qumreretur,

288 2272 439 2326 bene
464 2270 697 2324 dicente
722 2266 1251 2337 causam,turpiter
1271 2265 1506 2320 eerbe
1528 2264 1942 2335 essetejectus,
2053 2256 2213 2312 domi
2248 2275 2368 2313 sua)
2408 2258 2742 2326 occultavit,
2794 2263 2854 2313 et
2882 2258 3097 2315 deinde
3155 2260 3216 2314 in
3246 2260 3384 2332 fuga
3429 2262 3706 2318 defuncto

287 2365 448 2415 veste
485 2359 763 2416 nudatus.
816 2358 1155 2427 juuceaque
1214 2359 1409 2409 storea
1457 2353 1857 2409 circumdatus
1888 2356 1947 2407 et
2042 2346 2209 2418 justa
2237 2347 2537 2418 persolvit.
2564 2349 2849 2404 Basilicus
2871 2348 3004 2404 ideo
3035 2350 3107 2404 ab
3140 2350 3279 2422 imp.
3305 2352 3525 2408 missus
3556 2354 3704 2426 Aga-

288 2450 487 2505 nervis
542 2465 749 2513 cmsus,
805 2447 989 2501 fuisse
1045 2445 1517 2510 denominatum,
1593 2443 1943 2513 cwterisque
2050 2437 2215 2508 pium
2256 2441 2310 2491 et
2372 2441 2619 2492 caeteros
2674 2438 3063 2510 philosophos
3122 2441 3586 2512 comprehensos
3636 2443 3698 2499 in

292 2539 601 2596 mensibus
657 2538 879 2593 factum
940 2535 1290 2601 breviorem,
1352 2533 1560 2588 Suidas
1616 2532 1818 2588 forsan
1872 2548 1899 2586 e

1616 2532 1818 2588 forsan
1872 2548 1944 2586 ex
2048 2526 2394 2597 praetorium
2424 2526 2687 2584 abduxit.
2722 2530 2826 2599 (Ex
2856 2529 3210 2599 Damascio.)

293 2628 610 2701 Antigonio
641 2626 897 2698 quodam
930 2628 1151 2691 narrat,
1186 2623 1287 2678 sed
1312 2625 1544 2690 Kuster,
1563 2623 1723 2694 jure,
1757 2638 1900 2694 nuga

2120 2618 2291 2677 Γνῶθι
2325 2616 2568 2683 σεαυτὸν,
2600 2615 2663 2669 τὸ
2693 2613 2939 2688 νόμισμα
2967 2616 3377 2691 παραχάραξον,
3404 2625 3701 2692 praacepta

290 2736 419 2775 esse
451 2734 664 2784 meras,
693 2715 941 2786 judicat.

2104 2704 2344 2776 ythica,«
2362 2706 2545 2760 Nosce
2559 2710 2613 2760 te
2630 2705 2826 2777 ipsum
2846 2728 2863 2755 ι
2884 2711 2943 2761 et
2958 2725 2984 2757 α
2997 2706 3337 2777 opinionem
3353 2707 3507 2780 vulgi
3525 2731 3551 2757 :<
3569 2726 3711 2764 con-

356 2808 685 2863 Flaminius
728 2801 1135 2879 ὁχλοκόποςκαὶ
1168 2800 1502 2877 δημαγωγὸς
1544 2798 1775 2870 τέλειος,
1808 2818 1942 2857 ora-

2104 2798 2324 2861 temne;
2345 2815 2370 2842 ι)
2387 2799 2469 2850 et:
2488 2817 2513 2843 ‹‹
2534 2796 2658 2849 Non
2672 2795 3000 2866 veritatem,
3025 2794 3127 2850 sed
3156 2795 3456 2852 nomisma
3471 2796 3675 2854 adulte
3691 2828 3711 2839 -

293 2905 382 2955 tor
412 2898 597 2953 turbae
641 2896 773 2951 rudi
824 2894 1140 2951 vendibilis
1191 2899 1247 2948 et
1277 2894 1376 2964 qui
1429 2892 1501 2948 ad
1532 2892 1818 2964 populum
1848 2891 1938 2947 di-
2043 2905 2071 2933 ι(
2104 2900 2186 2938 ra.
2223 2905 2251 2932 »

292 2988 479 3045 cendo
534 3003 713 3058 supra
766 2985 1009 3040 modum
1066 2983 1306 3050 voleret,
1366 2988 1645 3037 castorum
1692 2981 1768 3037 ad
1812 2998 1937 3037 rem
2117 2974 2402 3043 Goetiam,
2427 2974 3130 3046 magiam,pharmaciam
3153 2976 3376 3033 Mediet
3396 2978 3589 3032 Persae
3613 2978 3706 3033 in-

291 3078 569 3133 bellicam
628 3072 1163 3130 administrandam
1196 3072 1453 3143 ineptus.
1512 3072 1618 3143 (Ex
1668 3070 1935 3143 Polybio,
2042 3067 2349 3117 venerunt.
2384 3066 2571 3132 Magia
2602 3068 2692 3118 est
2721 3065 2982 3119 evocatio
3013 3065 3356 3121 daemonum
3385 3065 3700 3121 benefico-

284 3169 383 3231 ΙΙΙ,
416 3182 544 3237 cap.
580 3165 692 3233 80.)
1970 3177 2014 3245 ρ
2041 3150 2591 3245 rumiboni—alicuj
2606 3167 2673 3245 us
2720 3152 3017 3245 efﬁciendi
3068 3170 3275 3221 causa;
3327 3155 3527 3225 qualia
3558 3160 3699 3210 sunt

361 3257 598 3321 Fronto,
633 3253 1195 3322 Emisenus,orator,
1220 3252 1320 3321 qui
1344 3250 1940 3321 Romm,temporibus

2097 3239 2343 3311 pollonii
2374 3241 2702 3312 Tyanensis
2732 3239 3091 3313 θεσπίσματα,
3124 3266 3151 3293 ‹‹
3178 3248 3474 3314 praecepta
3498 3248 3556 3298 et
3577 3260 3704 3299 ora-

282 3345 475 3401 Severi
507 3345 673 3414 imp.,
721 3342 881 3396 vixit.
939 3342 1042 3396 Hic
1076 3341 1324 3395 Athenis
1355 3339 1607 3396 aemulus
1656 3339 1769 3393 fuit
1796 3339 1889 3393 Phi

2102 3329 2267 3395 cula;
2293 3329 2515 3397 Goetia,
2541 3351 2569 3379 ››
2592 3326 2698 3382 ἀπὸ
2725 3332 2834 3382 τῶν
2861 3328 3027 3403 γόων,
3054 3353 3078 3384 α
3107 3348 3142 3386 a
3162 3332 3465 3400 lamentis,
3504 3354 3530 3381 »
3566 3349 3696 3404 qua)

279 3434 513 3489 lostrati
573 3432 749 3503 primi
809 3436 868 3485 et
896 3430 1158 3501 Apsinis,
1224 3428 1538 3495 Gadareni,
1598 3428 1938 3499 ibidemque
2037 3418 2197 3474 circa
2227 3418 2501 3490 sepulcra
2550 3419 2878 3474 audiuntur
2910 3420 2993 3475 ita
3040 3420 3202 3477 dicta
3232 3426 3340 3487 est,
3374 3438 3482 3492 per
3511 3438 3698 3492 quam

278 3522 433 3578 obiit
461 3539 652 3577 annos
677 3521 915 3576 circiter
948 3520 1041 3574 LX
1073 3523 1272 3583 natus,
1305 3524 1361 3573 ei
1391 3518 1937 3590 Longinum,‘opiti-
2040 3508 2257 3563 anima)
2310 3507 2732 3563 defunctorum
2765 3514 3082 3564 evocantur
3112 3509 3184 3565 ab
3244 3510 3471 3565 inferis.
3528 3511 3699 3566 Phar-

281 3629 440 3675 cum,
479 3610 718 3676 sororis,
761 3608 1161 3676 Frontonidis,
1218 3608 1408 3663 [ilium
1439 3607 1737 3663 hmredem
1797 3608 1882 3663 rel

2095 3599 2220 3651 acia
2259 3598 2635 3665 veneficium,
2688 3615 2794 3669 per
2827 3597 2985 3669 quod
3033 3598 3211 3653 alicui
3262 3598 3583 3670 pharmaca
3612 3599 3699 3654 le-

280 3703 429 3773 quit,
458 3700 703 3771 Scripsit
732 3700 1033 3754 orationes
1062 3698 1299 3753 multas.
2040 3686 2225 3741 thalia
2256 3686 2345 3741 vel
2391 3686 2611 3758 philtra
2645 3687 3009 3759 prmbentur.
3061 3689 3247 3761 Magia
3277 3694 3336 3744 et
3383 3689 3703 3762 astrologia

352 3790 554 3846 Fulvia
594 3785 914 3860 (ψολουῖα),
964 3788 1204 3843 Antonii
1255 3805 1417 3843 uxor.
1455 3788 1589 3843 Haec
1638 3788 1937 3843 Ciceronis

2105 3778 2427 3848 Magusaais,
2462 3776 2520 3831 id
2554 3782 2643 3832 est
2693 3779 2912 3846 Persis,
2945 3783 3076 3833 orta
3102 3784 3209 3833 est.
3264 3781 3458 3834 Persa:
3491 3778 3700 3854 Μαγὼγ

275 3886 458 3952 caput
478 3885 849 3951 amputatum
868 3878 1117 3951 genibus
1140 3879 1264 3933 suis
1283 3879 1585 3948 imposuit,
1604 3895 1859 3949 cumque
1884 3878 1935 3935 ei
2039 3867 2159 3923 Sive
2191 3870 2527 3942 Μαγουσπιῖοι
2561 3867 2633 3923 ab
2666 3868 2966 3940 indigenis
2996 3874 3299 3925 Vocantur.

278 3969 876 4026 contumeliosissime
892 3968 1365 4040 illusissetatque
1383 3968 1528 4023 illud
1543 3968 1885 4039 conspuisse

2110 3957 2371 4029 Gorgias,
2418 3958 2854 4013 Charmantidm
2906 3960 2991 4026 F.,
3022 3959 3207 4014 frater
3259 3960 3528 4015 Heredici
3560 3978 3692 4016 me-

277 4060 521 4114 taudem
541 4058 779 4113 diducto
794 4076 894 4113 ore
911 4062 1234 4113 extractam
1254 4058 1382 4129 ejus
1404 4058 1665 4129 linguam
1684 4074 1884 4129 acu,qt

2085 4045 2176 4112 ici,
2234 4046 2578 4114 Leontinus,
2643 4048 2865 4114 rhetor,
2917 4048 3295 4118 Empedoclis
3343 4049 3692 4120 discipulus,

276 4148 529 4220 ﬁgendis
556 4147 788 4219 capillis
811 4148 1105 4214 utebatur,
1126 4148 1356 4217 ρυηχίι,
1376 4148 1713 4218 additisque
1730 4147 1935 4201 multis
2036 4136 2320 4203 magister
2349 4136 2496 4202 Poli,
2533 4136 2919 4208 Agrigentini,
2957 4142 3015 4191 et
3039 4138 3281 4192 Periclis
3315 4142 3375 4192 et
3416 4139 3692 4193 Isocratis

278 4242 337 4291 et
365 4237 640 4308 gravibus
693 4236 948 4307 probris,
982 4253 1087 4307 pro
1120 4236 1328 4290 rostris
1381 4237 1593 4307 exponi
1613 4237 1815 4306 jussit,
1847 4254 1884 4292 ιι

2085 4230 2096 4278 t
2127 4224 2578 4291 Alcidamantis,
2612 4225 2851 4292 Eleatm,
2883 4225 2984 4295 qui
3018 4230 3075 4279 et
3108 4226 3165 4279 in
3196 4226 3400 4280 schola
3429 4225 3539 4297 ipsi
3566 4241 3692 4280 suc-

276 4343 393 4397 quo
417 4343 487 4381 ex
510 4325 1136 4395 locoadversusipsam
1161 4324 1933 4382 olimconcionausauditus
2037 4315 2234 4369 οθεείῑ-
2296 4314 2660 4385 Porphyrius
2718 4331 2854 4369 eum
2912 4314 3094 4369 refert
3149 4314 3223 4369 ad
3283 4315 3692 4386 Olympiadem

271 4418 489 4482 fuerat,
524 4415 746 4470 ibidem
780 4421 959 4486 caput
1006 4415 1134 4487 ejus
1174 4416 1491 4486 prmcisum
1541 4419 1935 4486 spectaretur.
2036 4401 2246 4469 LXXX,
2281 4401 2384 4457 sed
2443 4402 2745 4473 antiquior
2781 4408 2888 4458 εει·
2942 4402 3316 4458 Rhetorica“
3366 4403 3594 4473 Primus
3629 4403 3692 4457 in

1092 4536 1133 4589 Θ
1961 4537 2009 4603 D
2040 4496 2231 4603 artem
2262 4489 2507 4589 redegit,
2543 4495 2669 4603 .etc.
2704 4493 2750 4545 A
2805 4490 3055 4603 sinlgp‘lris
3078 4584 3095 4603 ι
3116 4489 3422 4603 disc‘i‘pulis
3446 4495 3693 4603 .cen‘tum

2042 4578 2232 4651 exegit
2253 4579 2482 4645 minas;
2506 4578 2647 4633 vixit
2667 4594 2859 4634 annos
2890 4580 3011 4633 CIX
3040 4584 3099 4633 et
3128 4576 3316 4633 multa
3347 4576 3602 4649 scripsit.

350 4652 625 4720 Gaianus)
650 4651 857 4719 Arabs:
882 4652 1166 4722 sophisma
1193 4652 1790 4724 ἀίδοίρυῖιιεΑΡδίηίδι
1816 4654 1923 4708 Ga'
2108 4667 2419 4722 Gratianus
2442 4668 2609 4738 imp.,
2636 4667 2897 4721 Valentis
2919 4666 3205 4721 saevitiam
3240 4666 3299 4720 in
3321 4666 3687 4722 Christianos

276 4739 568 4810 darensis,
590 4740 727 4794 vixit
751 4739 1051 4794 Maximini
1077 4745 1133 4795 et
1155 4740 1428 4796 Gordiani
1451 4741 1835 4812 temporibus,
1870 4744 1927 4795 et
2033 4756 2381 4821 detestatus,
2417 4755 2715 4824 omnibus,
2744 4756 2870 4828 lese
2902 4756 3022 4810 lam
3059 4756 3349 4827 permisit,
3384 4761 3449 4809 ιιι
3480 4772 3685 4811 secure

278 4831 517 4901 scripsit
544 4831 612 4884 De
638 4830 1044 4885 constructione
1075 4828 1256 4885 libros
1286 4831 1351 4897 V,
1384 4831 1523 4885 item
1559 4830 1751 4885 Artem
1794 4831 1885 4886 rhe

2074 4861 2099 4899 c
2132 4845 2316 4899 libere
2351 4849 2674 4899 conventus
2718 4845 2779 4899 in
2814 4842 3080 4899 ecclesiis
3130 4843 3390 4915 propriis
3420 4848 3681 4915 agerent,

274 4920 504 4973 toricam
548 4924 606 4974 et
635 4920 1085 4974 Declamationes.
1137 4918 1297 4973 Idem
1351 4919 1539 4991 Beryti
1573 4919 1773 4975 docuit
1804 4920 1881 4975 elc

2075 4933 2174 4989 alis
2207 4933 2617 5002 Eunomianis,
2666 4932 3035 4987 Photinianis
3070 4938 3127 4987 et
3174 4931 3512 4987 Manichaeis
3541 4948 3682 4987 con-

272 5008 600 5078 quentiam.

2029 5021 2325 5077 venticula
2349 5022 2592 5077 ademit.

342 5098 619 5164 Galenus,
668 5098 936 5153 medicus
994 5098 1440 5165 οειθδθῐτίῐιὶυδ,
1500 5100 1919 5170 Pergamenus,
2103 5110 2415 5181 Gregorius
2467 5111 2858 5165 Nazianzenus
2908 5110 2968 5164 in
3019 5107 3411 5181 Cappadocia,
3461 5108 3686 5175 Basilii,

268 5187 369 5258 (Ιυί
408 5186 604 5254 Mardi
639 5187 941 5243 COmmOdi
966 5192 1025 5243 et
1063 5188 1387 5243 Ρθτῑίῐὶᾶοίδ
1416 5188 1779 5259 temporibus
1808 5190 1920 5243 RO-
2028 5198 2432 5267 Caesariensis,
2466 5198 2714 5267 amicus,
2746 5198 3167 5271 grammaticus
3198 5203 3258 5253 et
3285 5200 3461 5268 poeta
3491 5195 3687 5251 excel-

265 5293 378 5332 maa
402 5277 564 5341 vixit,
591 5277 1184 5348 Niconis,geometrm
1213 5282 1271 5331 et
1291 5277 1621 5343 architecti,
1654 5278 1739 5345 F.,
1768 5295 1872 5332 con

2090 5304 2179 5353 ns,
2214 5287 2402 5343 multo
2436 5289 2621 5359 magis
2661 5288 2911 5361 insignis
2960 5287 3355 5360 philosophus
3388 5291 3445 5340 et
3490 5288 3689 5339 orator

263 5365 708 5437 posuitmedica
729 5371 787 5421 et
808 5366 1241 5437 philosophica,
1260 5366 1517 5436 itemque
1536 5367 1920 5438 grammatica
2028 5371 2371 5451 ἀμφιδεξίως,
2398 5376 2770 5446 peritissimus
2801 5377 2928 5430 fuit.
2955 5376 3133 5431 Multa
3156 5376 3394 5445 scripsit
3412 5373 3683 5427 oratione

262 5461 321 5510 et
349 5455 670 5521 rhetorica,
698 5472 851 5525 qum,
878 5460 941 5509 ut
972 5455 1248 5510 omnibus
1280 5460 1439 5522 nota,
1472 5471 1782 5509 recensere
1816 5473 1869 5510 sn

2074 5465 2223 5520 )luta
2251 5463 2325 5518 ad
2373 5467 2520 5538 τρεῖς
2569 5460 2835 5535 μυριάδας
2888 5463 3115 5537 στίχων,
3166 5464 3235 5518 ad
3270 5476 3544 5516 versuum
3577 5458 3681 5513 tri-

269 5560 702 5616 pmacaneum
732 5544 889 5598 duxi-
926 5545 1078 5599 Vixit
1108 5560 1296 5599 annos
1332 5544 1485 5598 LXX-
2026 5555 2189 5627 ginta
2218 5553 2427 5609 millia.
2463 5554 2542 5607 Ex
2574 5553 2666 5607 his
2700 5558 2865 5608 sunt:
2902 5576 2925 5606 α
2964 5555 3041 5607 De
3073 5552 3237 5607 obitu
3260 5549 3458 5604 fratris
3489 5549 3680 5603 Caesa-

343 5633 708 5701 Genethlias,
732 5634 1021 5689 Genethlii
1048 5636 1130 5703 F.,
1154 5652 1222 5689 ex
1246 5634 1391 5689 urbe
1413 5634 1912 5717 Petri‘s,sophista,
2030 5663 2051 5694 ι
2086 5643 2190 5709 rii;
2228 5642 2424 5697 Oratio
2451 5641 2719 5697 funebris
2768 5643 2830 5697 in
2875 5647 3101 5713 patrem
3154 5655 3362 5703 suum;
3395 5638 3582 5693 altera
3612 5637 3674 5693 in

269 5723 590 5781 Miuuciani
622 5726 682 5779 et
707 5725 951 5797 Agapeti
989 5723 1337 5797 discipulus,
1373 5723 1622 5782 aemulus
1668 5724 1915 5782 Athenis
2026 5753 2053 5785 «
2069 5732 2826 5807 sororemGorgoniam;De
2840 5728 3199 5801 pauperibus
3216 5727 3677 5797 amandis;Lau-
