4070 6196
285 305 294 312 ἱ
355 237 506 298 {267

1653 237 1902 300 INDEX
1955 236 2456 302 SGRIPTORUM

3613 245 3778 305 I268

356 392 381 423 σ
401 373 506 428 des
521 372 988 429 Machabaaorum
1006 391 1020 440 ;
1036 371 1263 429 Laudes
1280 371 1579 445 Cypriani;
1595 371 1820 428 Laudes
1835 371 2007 427 Atha-
2038 370 2088 438 Α
2119 371 2407 443 appellari
2430 379 2609 441 secta,
2634 373 2802 430 nulla
2821 374 2982 430 enim
3003 374 3181 431 habet
3205 374 3501 448 dogmata.
3548 379 3779 432 Prmter

360 484 387 514 «
424 463 610 530 nasii;
647 462 870 518 Laudes
903 462 1150 517 Heronis
1180 462 1552 534 philosophi;
1584 464 1802 518 Contra
1828 461 2007 517 Julia-

364 577 391 603 ‹‹
415 569 561 608 num
581 553 722 623 imp.
743 552 1072 618 orationes;
1093 553 1176 606 De
1188 553 1410 622 Spiritu
1428 555 1630 608 sancto
1653 551 1840 607 oratio
1857 567 2008 620 una;

366 666 392 694 ‹‹
418 645 728 700 Orationes
751 641 1122 714 panegyricaa
1144 644 1211 710 X,
1239 663 1262 695 υ
1289 643 1538 714 aliasque
1561 643 1854 716 plurimm,
1879 660 2009 714 qua:

366 734 646 790 omnibus
699 738 854 788 notas
886 737 1043 788 sunt.
1091 734 1337 789 Secutus
1390 739 1479 789 est
1506 750 1692 806 genus
1751 733 2010 802 dicendi,

366 841 481 895 quo
541 839 682 878 usus
718 829 808 878 est
836 824 1100 892 Polemo,
1160 824 1555 891 Laodicensis,
1616 825 1715 895 qui
1749 825 2012 896 Smyrna:

365 913 769 984 eloquentiam
791 913 990 968 docuit
1010 920 1069 968 et
1096 915 1373 970 Aristidis
1401 914 1656 969 rhetoris
1687 920 2015 985 prmceptor

363 1004 493 1060 fuit.
520 1004 766 1075 Scripsit
787 1009 845 1059 et
865 1003 1083 1060 librum
1106 1004 1372 1060 versibus
1395 1003 1777 1072 hexametris,
1811 1003 1872 1058 in
1895 1019 2012 1074 quo

373 1095 678 1162 Virginitas
710 1099 768 1148 et
811 1096 1310 1164 Conjugiuminter
1331 1111 1391 1150 se
1410 1093 2014 1166 colloquuntur.ltem

365 1184 436 1240 de
469 1185 601 1240 aliis
632 1185 997 1256 argumentis
1054 1185 1284 1241 diverso
1338 1190 1396 1240 et
1425 1184 1741 1240 omnifario
1799 1201 2014 1257 genere

365 1275 648 1331 carminis
679 1275 753 1332 ad
779 1292 1054 1331 versuum
1079 1277 1318 1348 triginta
1345 1275 1553 1330 millia.
1583 1275 1770 1346 Hujus
1801 1275 2016 1330 memi-

367 1366 458 1420 nit
477 1365 930 1439 Philostorgius,
955 1367 1379 1435 licetArianus,
1400 1371 1511 1422 etc.
1537 1365 1875 1438 Gregorius,
1897 1365 2014 1421 alio

367 1453 646 1510 Ecclesiaa
679 1471 800 1510 sua:
834 1457 1111 1527 episcopo
1141 1456 1204 1511 in
1235 1455 1432 1510 locum
1459 1471 1632 1510 suum
1674 1455 2013 1524 substituto,

371 1543 498 1614 ipse
524 1545 647 1598 ruri
695 1544 873 1600 vitam
905 1545 1180 1602 monachi
1213 1545 1330 1617 egit
1358 1544 1734 1614 decessitque
1784 1543 2015 1600 decimo

368 1634 543 1687 tertio
574 1634 887 1690 Theodosii
920 1636 1087 1708 imp.,
1123 1651 1312 1691 annos
1342 1640 1514 1690 natus
1538 1633 1794 1705 amplius
1835 1633 1942 1690 XC.

441 1724 771 1794 Gregorius,
820 1725 1001 1795 episc.
1056 1727 1377 1795 Nyssenus,
1422 1724 1605 1779 frater
1652 1722 1851 1778 Basilii
1895 1723 2019 1778 Ca)-

367 1812 678 1876 sar.,erudi
690 1812 950 1869 tissimus
964 1813 1390 1884 eteloquentim
1404 1811 1578 1868 laude
1593 1811 1740 1867 nulli
1755 1817 2018 1867 veterum

367 1901 604 1956 cedens.
627 1901 924 1956 Eximium
949 1901 1166 1958 librum
1191 1903 1394 1957 Contra
1413 1904 1742 1957 Eunomium
1785 1900 2022 1972 scripsit

365 1995 422 2046 et
443 1990 605 2046 aliud
653 1993 730 2046 De
749 1991 1121 2060 fabricatione
1170 1992 1423 2060 hominis,
1447 1992 1712 2062 aliasque
1743 1991 2020 2046 homilias

365 2081 672 2152 plurimas.
689 2083 836 2138 Item
850 2105 877 2132 «
898 2083 961 2138 In
982 2083 1222 2138 Cantica
1243 2082 1628 2146 canticorum,
1650 2083 1715 2136 In
1731 2080 2022 2137 Ecclesia-

372 2190 393 2218 ι
411 2171 562 2225 stem
577 2213 591 2238 ,
609 2193 628 2219 ι
649 2175 746 2226 et«
763 2171 848 2226 Ad
863 2189 1130 2228 sororem
1155 2172 1494 2238 Macrinam,
1512 2193 1540 2220 ››
1563 2171 1803 2244 longam
1825 2171 2018 2226 etele-

367 2275 478 2330 gan
487 2265 602 2316 tem
617 2260 952 2316 orationem
965 2261 1036 2316 de
1050 2261 1269 2317 anima.
1286 2259 1532 2332 Scripsit
1552 2265 1610 2315 et
1631 2259 1818 2316 multa
1828 2260 1946 2316 alia
1961 2263 2023 2314 et

370 2348 720 2406 admirabile
769 2349 919 2405 illud
967 2373 995 2400 ‹‹
1033 2350 1384 2406 Encomium
1438 2349 1740 2420 Stephani,
1782 2371 1811 2398 »
1841 2349 2019 2421 primi

370 2442 672 2512 martyris,
705 2447 763 2496 et
799 2461 821 2490 α
857 2442 1047 2497 Vitam
1080 2441 1340 2513 Gregorii
1370 2439 1809 2512 Thaumaturgi.
1845 2461 1874 2489 ››

442 2531 775 2604 Gregorius,
833 2531 934 2602 qui
995 2535 1053 2586 et
1109 2529 1470 2598 Theodorus,
1526 2529 2015 2601 Thaumaturgus,

369 2625 834 2683 Neocaasareaaid
854 2627 1039 2680 Ponto
1071 2626 1402 2696 episcopus,
1436 2623 1509 2678 ob
1543 2624 1876 2678 Graecarum
1909 2625 2017 2679 La-

371 2717 749 2785 tinarumque
766 2713 1099 2768 litterarum
1125 2712 1387 2768 studium
1407 2729 1438 2766 e
1467 2711 1836 2783 Cappadocia
1865 2711 2011 2767 ado-

371 2805 603 2859 lescens
636 2820 697 2858 se
749 2805 1026 2874 Berytum
1059 2808 1116 2857 et
1143 2801 1281 2857 inde
1310 2803 1636 2856 Caesaream
1686 2801 2016 2857 Palaestina)

368 2893 617 2948 contulit
641 2909 776 2947 cum
811 2892 991 2947 fratre
1018 2891 1415 2947 Athenodoro.
1459 2891 1573 2946 Hos
1602 2889 1884 2962 Origenes
1913 2907 2020 2961 per

367 2981 846 3052 quinquennium
871 2981 1088 3036 erudiit
1108 2986 1167 3036 et
1195 2981 1270 3036 ad
1292 2979 1472 3035 ﬁdem
1494 2979 1708 3035 Christi
1731 2979 2017 3050 paulatim

2119 461 2228 516 has
2250 468 2411 518 secta
2457 463 2773 519 ecclectica
2823 464 3162 520 introducta
3209 469 3299 520 est
3335 483 3370 520 a
3418 468 3776 534 Potamone,

2118 550 2540 620 Alexandrino,
2564 553 2664 624 qui
2687 570 2754 608 ex
2780 554 3030 625 singulis
3053 555 3229 610 sectis
3250 571 3340 622 ea,
3365 572 3496 626 qum
3519 556 3634 611 sibi
3655 557 3783 627 pla-

2122 645 2345 709 cerent,
2374 641 2647 713 eligebat,
2671 647 2781 698 etc.
2804 645 2908 713 (Ex
2925 644 3149 698 Laertio
3170 645 3214 711 Ι,
3239 659 3422 716 segm.
3449 648 3513 698 19
3556 651 3618 700 et
3660 648 3781 713 20.)

2194 731 2542 802 Harpocras,
2601 732 2916 788 Ammonio
2966 733 3274 802 (Hermeaa)
3328 732 3668 800 familiaris,
3726 739 3784 788 et

2122 819 2444 888 Nicomedi,
2475 819 2723 885 Isidoro,
2749 821 3136 892 Horapollini,
3169 822 3470 886 Heraisco,
3503 828 3644 890 etc.,
3671 825 3780 878 ho-

2121 925 2218 964 mo
2247 909 2548 981 Egyptius
2576 909 2678 980 qui
2709 910 2963 966 Zenonis
2993 911 3135 981 imp.
3169 915 3434 982 tempore
3464 911 3628 966 vixit.
3675 913 3777 967 ln-

2121 1001 2212 1057 fra
2240 1002 2300 1056 in
2335 1002 2730 1074 Horapolline.
2764 1004 2864 1073 (Ex
2897 1003 3246 1074 Damascio.)

2193 1092 2642 1162 Harpocration,
2675 1092 2938 1165 Argivus,
2971 1093 3314 1149 Platonicus
3357 1094 3779 1166 philosophus,

2123 1180 2335 1236 Caesari
2366 1181 2698 1237 familiaris.
2751 1182 2998 1254 Scripsit
3026 1203 3054 1233 α
3104 1182 3688 1239 Commentariorum
3721 1185 3784 1239 in

2125 1291 2154 1321 ι(
2186 1271 2493 1327 Platonem
2526 1271 2708 1327 libros
2738 1273 2936 1340 XXIV,
2970 1277 3029 1327 et
3057 1272 3394 1328 Dictionum
3441 1273 3786 1329 Platonica-

2125 1381 2155 1410 α
2187 1377 2389 1416 carum
2420 1361 2604 1416 libros
2633 1363 2702 1416 II.
2734 1383 2764 1412 η

2197 1451 2627 1522 Harpocration
2689 1451 2930 1522 (Caius),
2988 1451 3276 1522 sophista,
3338 1453 3577 1524 scripsit
3635 1475 3667 1504 «ι
3707 1455 3788 1510 De

2126 1561 2154 1590 ‹‹
2189 1540 2572 1612 Antiphontis
2598 1541 2838 1614 figuris;
2867 1542 2947 1596 De
2979 1540 3290 1612 Hyperidis
3340 1545 3400 1597 et
3428 1542 3617 1614 Lysiae
3651 1560 3785 1599 ora-

2125 1650 2154 1678 ‹‹
2191 1629 2473 1699 tionibus,
2511 1653 2532 1679 ι
2570 1634 2630 1686 e't
2658 1631 2794 1686 alia.

2053 1736 2096 1802 Β
2199 1720 2896 1792 Harpocration(1Elius),
2919 1721 3207 1792 sophista,
3235 1721 3475 1793 scripsit
3493 1743 3518 1774 ι
3551 1723 3637 1778 De
3663 1723 3785 1779 illis

2131 1831 2160 1858 α
2186 1825 2318 1879 quas
2340 1810 2918 1883 oratoresignorasse
2939 1809 3250 1878 videntur;
3274 1814 3644 1884 Argumenta
3661 1830 3790 1868 ora-

2133 1921 2162 1953 «
2192 1903 2424 1956 tionum
2447 1899 2794 1973 Hyperidis;
2820 1901 3178 1956 Ementitam
3204 1917 3334 1956 esse
3357 1901 3642 1958 Herodoti
3665 1903 3789 1958 His-

2131 2018 2158 2046 (ι
2188 1993 2396 2049 toriam
2421 2009 2434 2058 ;
2458 1993 2538 2046 De
2553 1989 2864 2045 ordinibus
2884 1990 3244 2047 militaribus
3256 1991 3414 2062 apud
3435 1992 3792 2063 Xenophon-

2135 2109 2163 2138 «
2184 2091 2303 2141 tem
2328 2127 2343 2152 ,
2366 2085 2446 2138 De
2469 2086 2595 2137 arte
2633 2080 2930 2136 rhetorico
2955 2098 2968 2148 ;
3017 2082 3098 2136 De
3121 2081 3328 2136 formis
3356 2082 3726 2138 orationum.
3759 2104 3788 2132 ι»

2202 2172 2630 2246 Harpocration
2678 2170 3012 2242 (Valerius),
3071 2172 3275 2228 rhetor
3331 2172 3746 2230 Alexandrinu
3773 2191 3797 2226 s

2131 2264 2372 2335 scripsit
2410 2285 2437 2312 ‹‹
2468 2261 2720 2317 Lexicon
2775 2261 2985 2317 decem
3037 2265 3378 2328 oratorum;
3416 2285 3438 2310 ι
3499 2263 3786 2333 Ἀνθηρῶν

2129 2352 2481 2428 συναγωγὴν,
2515 2352 2634 2407 sive
2670 2371 2698 2402 ί(
2731 2351 3082 2407 ﬂoridorum
3107 2339 3493 2408 collectanea.

2202 2447 2528 2513 Hecatwus,
2545 2441 2876 2508 Abderites,
2899 2441 3312 2513 philosophus,
3333 2442 3509 2512 quiet
3525 2443 3781 2498 Criticus

2129 2539 2188 2591 et
2217 2533 2647 2590 Grammaticus
2672 2531 3124 2604 cognominatus
3155 2536 3264 2600 est,
3293 2531 3452 2602 quod
3491 2537 3783 2604 apparatu

2127 2623 2514 2698 grammatico
2559 2621 2795 2677 abunde
2852 2622 3180 2676 instructus
3239 2627 3415 2676 esset.
3472 2621 3631 2676 Vixit
3674 2621 3780 2676 sub

2129 2712 2447 2769 Alexandri
2506 2711 2695 2784 Magni
2755 2710 3218 2767 successoribus.
3279 2711 3528 2782 Scripsit
3562 2717 3779 2783 praeter

2127 2805 2246 2859 alia
2271 2803 2343 2857 de
2379 2800 2615 2856 Homeri
2649 2803 2708 2855 et
2736 2799 2975 2856 Hesiodi
3005 2800 3191 2871 poesi.

2198 2894 2521 2958 Hecataeus,
2542 2889 2902 2962 Hegesandri
2921 2891 3004 2958 F.,
3029 2890 3308 2956 Milesius,
3334 2891 3477 2945 vixit
3497 2890 3778 2962 tempori-

2126 2982 2238 3038 bus
2253 2979 2431 3050 Darii,
2447 2979 2546 3050 qui
2563 2986 2696 3051 post
2711 2978 3060 3051 Cambysem
3075 2980 3490 3052 regnavit(quo
3511 2985 3778 3050 tempore

368 3069 623 3126 reduxit.
655 3070 989 3142 Gregorius,
1022 3070 1083 3124 in
1109 3069 1360 3140 patriam
1410 3068 1734 3134 rediturus,
1780 3068 2015 3141 Origeni
2055 3087 2100 3154 ρ
2129 3077 2188 3126 et
2207 3069 2522 3142 Dionysius
2553 3069 2813 3124 Milesius
2835 3068 3016 3140 vixit),
3049 3070 3392 3141 Olympiade
3427 3069 3564 3124 LXV
3595 3071 3779 3125 histo-

369 3160 648 3232 praesenti
700 3159 918 3232 gratias
970 3160 1088 3232 egit
1161 3160 1419 3215 Oratione
1463 3160 1826 3229 panegyrica,
1887 3174 2018 3229 quae

371 3249 698 3305 etiamnum
740 3253 948 3317 exstat,
973 3249 1221 3321 Scripsit
1255 3253 1313 3303 et
1339 3247 1729 3319 Metaphrasim
1759 3253 1810 3302 et
1839 3248 2022 3302 Eccle-

372 3343 612 3408 siastem,
645 3339 884 3394 brevem
915 3339 1100 3404 illam,
1136 3338 1239 3394 sed
1269 3337 1719 3394 admirabilem:
1769 3337 2020 3392 multas-

376 3446 490 3500 que
516 3429 808 3499 Epistolas.
842 3428 1105 3484 Decessit
1133 3428 1242 3483 sub
1264 3427 1583 3483 Aureliano
1615 3426 1810 3482 clarus
1840 3425 2018 3481 mira-

372 3517 543 3583 culis,
574 3535 704 3586 quae
736 3518 1050 3588 episcopus
1080 3517 1284 3572 edidit.
1319 3548 1386 3559 —
1419 3516 1855 3583 Athenodorus,
1885 3517 2020 3571 Gre-

361 3605 512 3676 gorii
545 3606 745 3672 frater,
774 3607 1060 3676 sophista,
1095 3606 1333 3677 scripsit
1363 3628 1390 3655 «
1425 3608 1504 3661 De
1537 3607 1945 3661 incarnatione
1961 3610 2020 3660 et

360 3694 476 3748 fide
505 3714 526 3740 ι
558 3695 912 3750 orationem.
955 3717 978 3746 ι

437 3782 768 3852 Gregorius,
827 3781 1101 3850 Hermiaa,
1174 3781 1539 3852 philosophi,
1598 3781 1780 3837 frater
1835 3783 2012 3854 plane

361 3868 692 3934 dissimilis,
722 3885 901 3940 supra
946 3868 1189 3924 modum
1221 3875 1389 3925 actus
1437 3875 1497 3924 et
1543 3869 1617 3924 ad
1651 3870 2013 3941 quaestiones

364 3961 422 4011 et
477 3956 822 4028 disciplinas
894 3957 1226 4029 expeditus,
1287 3959 1607 4028 casteroqui
1686 3958 2009 4030 inquietus,

361 4053 496 4110 etc.,
531 4049 596 4117 (E
627 4046 920 4102 Damascii
955 4048 1099 4102 Hist.
1131 4048 1585 4120 philosophica.)

432 4160 460 4188 «
495 4138 668 4211 Gygis
698 4138 978 4205 annulus,
1012 4159 1040 4187 »
1072 4137 1144 4194 de
1177 4138 1519 4194 hominibus
1550 4137 1716 4193 valde
1760 4139 2009 4195 versutis

358 4232 418 4282 et
448 4226 700 4292 callidis,
729 4233 840 4283 etc.

428 4313 706 4388 Γυμνασία
736 4313 1076 4387 διαλεκτική.
1133 4319 1484 4389 Hujusmodi
1535 4317 1720 4373 libros
1775 4319 2004 4373 Aristo-

2128 3159 2498 3233 riographus.
2533 3160 2651 3214 Hoc
2673 3158 2882 3230 junior
2895 3158 3009 3214 fuit
3030 3158 3378 3229 Herodetus,
3401 3159 3778 3214 Halicarnas-

2126 3266 2283 3318 seus,
2315 3249 2417 3320 qui
2447 3249 2701 3304 multum
2730 3247 2784 3304 ei
2824 3247 3016 3304 debet.
3048 3248 3182 3303 Fuit
3208 3249 3512 3304 Hecataaus
3542 3249 3779 3304 auditor

2124 3342 2458 3412 Protagoras
2517 3345 2575 3395 et
2631 3339 2858 3410 primus
2909 3339 3220 3394 historiam
3277 3339 3544 3395 oratione
3601 3356 3777 3410 prosa

2125 3430 2382 3502 scripsit,
2406 3430 2492 3484 uti
2515 3429 2742 3501 primus
2759 3428 3127 3500 Pherecydes
3148 3429 3265 3499 (res
3285 3428 3775 3500 philosophicas),

2124 3519 2331 3574 itidem
2354 3519 2622 3574 oratione
2647 3517 2841 3573 soluta
2865 3517 3156 3589 exposuit.
3181 3518 3406 3590 Scripta
3427 3519 3593 3574 enim
3623 3520 3777 3573 Acu-

2124 3609 2254 3664 silai
2285 3608 2622 3664 adulterina
2653 3612 2812 3662 sunt.
2844 3607 3047 3677 (Infra,
3075 3607 3138 3662 in
3167 3607 3501 3680 ἱστορῆσαι.)

2193 3695 2494 3752 Ἦκάτειον.
2528 3697 2794 3753 Habebat
2847 3697 3185 3769 Theagenes
3245 3698 3474 3753 Hecataa
3524 3698 3776 3753 simula-

2119 3803 2308 3854 crum,
2365 3786 2548 3858 quod,
2621 3802 2977 3857 quocunque
3034 3786 3170 3856 iret,
3239 3785 3608 3841 consulebat.
3675 3787 3778 3842 Hic

2117 3875 2341 3944 καπνὸς,
2373 3880 2557 3946 fumus
2588 3875 2926 3932 vocabatur.
2960 3878 3226 3932 Fuerunt
3243 3882 3304 3931 et
3330 3876 3433 3931 alii
3455 3876 3571 3932 duo
3607 3878 3776 3932 Thea-

2117 3984 2300 4038 genes,
2333 3982 2588 4038 quorum
2621 3965 2772 4022 alter
2818 3967 2890 4020 de
2922 3967 3173 4020 Homero
3225 3966 3485 4036 scripsit,
3515 3965 3675 4020 alter
3703 3966 3776 4021 ob

2117 4058 2436 4114 mollitiem
2466 4057 2582 4112 fuit
2609 4056 2870 4111 infamis.
2915 4055 3079 4112 Conf.
3125 4057 3358 4111 Kusteri
3391 4062 3516 4111 not.
3551 4062 3700 4112 tom.
3732 4058 3777 4124 I,

2114 4149 2560 4301 pagefglzolius,
2595 4234 2862 4305 sophista
2911 4233 3281 4298 CPolitanus,
3331 4233 3439 4289 sub
3479 4235 3777 4290 Constan-

2112 4328 2238 4382 tino
2261 4324 2698 4381 Christianismi
2718 4341 2780 4379 se
2803 4323 3013 4379 ardore
3045 4323 3296 4396 ﬂagrare
3320 4323 3634 4394 simulans,
3659 4325 3774 4380 sub

359 4407 503 4462 telcs
531 4414 589 4463 et
618 4407 1056 4501 Theophrastus
1103 4409 1492 4480 scripserunt.
1525 4409 1746 4480 quibus
1796 4409 2010 4464 docent
2047 4416 2344 4501 DJuliano
2371 4413 2624 4470 stolidus
2651 4413 2951 4479 ethnicus,
2974 4419 3109 4485 post
3141 4414 3271 4486 ejus
3299 4413 3526 4469 obitum
3555 4416 3774 4470 iterum

357 4497 648 4552 rationem
679 4496 1067 4568 probabiliter
1095 4497 1156 4551 in
1186 4503 1495 4568 utramque
1537 4505 1764 4568 partem
1815 4499 2004 4554 disse-

351 4588 540 4643 rendi.

427 4680 798 4751 Gymnasius,
885 4678 1183 4747 Sidonius,
1257 4680 1544 4753 sophista,
1623 4680 1999 4752 imperatoris

353 4768 726 4822 Constantini
759 4768 1124 4839 temporibus
1155 4768 1314 4823 vixit.
1358 4769 1606 4840 Scripsit
1630 4791 1658 4818 α
1692 4769 1999 4826 Declama-

354 4877 383 4905 ‹‹
415 4856 609 4911 tiones
640 4879 668 4905 »
703 4861 762 4910 et
792 4879 819 4906 α
852 4857 1355 4914 Commentarium
1388 4858 1448 4913 in
1481 4859 1939 4915 Demosthenem
1972 4882 1998 4910 υ

353 4949 412 5000 et
441 4945 558 5000 alia
590 4945 882 5016 quaedam.

1157 5037 1200 5090 Η

422 5125 692 5179 Hmresis.
747 5124 1111 5196 Hippobotus
1150 5125 1311 5192 dicit,
1372 5142 1584 5182 novem
1638 5145 1766 5184 esse
1813 5134 2002 5184 sectas

353 5214 471 5269 sive
495 5213 842 5286 disciplinas
864 5213 1377 5284 philosophorum,
1405 5239 1433 5266 ‹‹
1463 5218 1830 5288 Megaricam,
1865 5221 1997 5274 Ere-

359 5325 384 5356 α
413 5303 680 5364 triacam.
728 5303 1132 5372 Cyrenaicam,
1180 5304 1551 5374 Epicuream,
1599 5307 1998 5376 Anniceriam,

363 5417 382 5442 ι
416 5392 830 5455 Theodoriam,
861 5391 1179 5444 lenoniam
1207 5415 1233 5441 »
1269 5409 1372 5446 seu
1406 5414 1434 5442 ‹‹
1467 5394 1741 5464 Stoicam,
1769 5396 2001 5451 Acade-

358 5505 383 5530 «
408 5482 624 5535 micam
648 5485 706 5535 et
728 5479 1176 5550 Peripateticam
1197 5504 1223 5528 ››
1240 5481 1470 5551 Cynicm
1492 5487 1688 5536 autem
1716 5487 1773 5537 et
1793 5484 2003 5541 Eliacm

358 5585 425 5622 ac
449 5569 772 5625 dialecticae
796 5584 918 5623 non
939 5567 1232 5626 meminit.
1257 5570 1588 5642 Pyrrhonia
1634 5586 1754 5627 non
1787 5575 2004 5644 poterit

2115 4506 2506 4574 Christianus,
2563 4504 2839 4571 πατήσατε
2895 4522 2984 4573 με,
3040 4504 3336 4572 clamavit,
3391 4503 3454 4557 τὸ
3512 4500 3649 4564 ἅλας
3712 4505 3772 4558 τὸ

2107 4593 2428 4664 antae-qva,
2463 4615 2490 4643 ‹‹
2527 4593 2870 4648 conculcate
2903 4609 3019 4663 me,
3045 4593 3272 4648 fatuum
3306 4594 3512 4648 salem.
3549 4616 3578 4643 »

2183 4683 2573 4756 Hegelochus,
2603 4683 2860 4754 tragicus
2893 4682 3129 4752 histrio,
3165 4683 3225 4738 in
3257 4682 3556 4754 Euripidis
3588 4686 3773 4739 Oreste

2107 4793 2214 4848 pro
2245 4771 2461 4847 γαληνᾶ
2493 4772 2605 4845 ὁρῶ
2657 4771 3064 4843 pronuntiavit
3090 4767 3267 4845 γαλῆν
3318 4771 3452 4846 ὁρῶ.
3505 4775 3680 4840 Eum,
3709 4779 3775 4830 ut

2111 4881 2250 4921 voce
2283 4865 2610 4930 insuavem,
2645 4860 2988 4933 perstringit
3016 4861 3204 4916 Plato.

2188 4957 2508 5027 Hegemon,
2571 4951 2948 5008 Demostheni
3008 4957 3371 5008 memoratus
3429 4971 3534 5024 pro
3580 4956 3770 5012 Ctesi—

2111 5045 2354 5116 phonte.
2391 5044 2552 5098 Unus
2583 5046 2712 5096 erat
2753 5040 3014 5110 illorum,
3043 5043 3145 5112 qui
3173 5042 3558 5098 Macedonum
3589 5047 3767 5116 parti-

2112 5133 2221 5188 bus
2252 5131 2525 5188 favebant
2554 5135 2612 5185 et
2641 5129 2987 5185 muneribus
3034 5131 3294 5202 corrupti
3347 5132 3764 5189 credebantur.

2185 5223 2504 5293 Ilegemon,
2554 5219 2821 5286 Thasius,
2873 5224 3262 5290 cognomento
3310 5224 3489 5288 Φακῆ.
3524 5221 3607 5276 Ex
3639 5224 3765 5294 ejus

2116 5310 2483 5366 dramatibus
2535 5305 2766 5361 Φιλίννα
2824 5312 2972 5362 teste
3003 5308 3206 5362 Atluno
3254 5309 3314 5363 in
3359 5310 3766 5382 Dipnosophi-

2120 5401 2248 5467 stis,
2272 5401 2389 5470 XV,
2423 5415 2472 5453 c.
2507 5400 2595 5467 46,
2628 5413 2757 5468 pag.
2814 5397 2938 5450 699.
2977 5398 3035 5450 V.
3071 5399 3303 5464 Kuster,
3355 5415 3485 5471 pag.
3515 5402 3604 5466 42,
3639 5407 3762 5456 not.

2117 5505 2195 5555 ης
2229 5494 2288 5543 et
2316 5504 2446 5560 pag.
2479 5488 2566 5554 43,
2601 5489 2725 5542 not.
2758 5502 2794 5539 ι.

2187 5577 2572 5650 Hegesippus,
2620 5573 2906 5648 Crobylus
2959 5579 3376 5650 cognomento,
3427 5578 3601 5652 cujus
3631 5595 3759 5634 esse
