4036 6212
375 289 528 368 12'71

1659 303 1906 366 INDEX
1949 302 2124 364 SCRI
2136 301 2461 366 P'I‘ORUM

3677 306 3876 364 1272

377 442 782 515 Egyptiorum
812 440 983 496 libris
1039 439 1264 497 diutius
1321 440 1672 506 innutritus,
1715 440 2025 512 theologia:
2054 439 2108 505 Α
2139 442 2258 492 tate
2288 437 2521 493 locutus
2547 436 2748 505 fuerit,
2779 437 3006 506 dicens,
3038 437 3102 494 in
3129 437 3415 494 Trinitate
3446 454 3671 494 unam
3719 455 3871 494 esse

377 534 646 605 ipsorum
677 548 744 586 ac
774 531 1080 602 sapientiae
1111 530 1697 601 peritior.Heraiscus
1712 530 2031 586 simulacra

379 622 633 676 Numine
663 621 926 676 animata
955 637 990 675 a
1010 620 1194 675 cassis
1226 619 1589 692 distinguere
1647 626 1880 692 poterat
1909 621 2031 691 (su-

378 728 487 784 pra
510 712 570 765 in
603 705 948 782 διαγνώμων)
983 726 996 776 ;
1028 725 1166 764 nam
1197 709 1270 765 iis
1290 710 1626 781 conspectis
1656 710 1899 780 corejus
1919 725 2031 764 nu-

381 803 541 857 mine
574 801 858 872 agitatum
917 799 1447 872 compungebatur.
1492 800 1584 855 Sic
1643 800 1914 872 cognovit
1965 797 2030 852 τὸ

379 887 626 962 ἄρῥητον
685 885 908 961 ἄγαλμα
935 890 1032 941 τοῦ
1095 886 1328 951 Αΐῶνος.
1387 905 1649 944 arcanum
1678 891 2032 944 simulacrum

379 979 588 1047 ιΕοηίε,
621 978 780 1050 quod
794 977 1178 1033 Alexandrini
1193 977 1442 1034 Osiridis
1465 984 1522 1033 et
1545 978 1832 1034 Adonidis
1854 977 2034 1034 simul

381 1070 627 1125 nomine
649 1068 857 1124 colunt
878 1068 1014 1122 κατὰ
1037 1067 1304 1140 μυστικὴν
1334 1066 1684 1141 Θεοκρασίαν.
1721 1069 2032 1124 Mulierem

379 1163 812 1214 menstruatam
857 1159 1078 1213 videnti
1127 1157 1368 1214 dolebat
1413 1164 1609 1230 caput.
1643 1160 1868 1214 Mortuo
1897 1175 2031 1214 cum

379 1249 1028 1320 Asclepiadeshonores
1042 1248 1447 1304 sacerdotibus
1459 1248 1689 1304 debitos
1700 1249 2038 1316 reddere,et

376 1336 472 1396 τὰς
499 1334 772 1410 Ὀσίριδος
804 1333 893 1389 ἐπὶ
923 1339 1002 1406 τῷ
1033 1336 1245 1407 σώματι
1267 1331 2035 1410 περιϐολὰς,08ὶῐ“ἱ(1ἱενθδιὶ-

383 1427 494 1481 bus
525 1443 740 1497 corpus
771 1427 901 1496 ejus
932 1433 1127 1498 tegere
1150 1433 1406 1498 pararet,
1426 1427 1738 1483 confestim
1761 1429 1891 1484 luce
1922 1445 2034 1484 un-

386 1515 567 1584 dique
595 1515 1094 1570 illuminabantur
1147 1518 1254 1568 τῶν
1301 1513 1563 1570 σινδόνων
1596 1514 1882 1591 ἀπόρρητα
1907 1514 2034 1571 δια-

387 1603 688 1675 γράμματα
718 1620 948 1660 arcanm
980 1605 1301 1660 sindonum
1333 1605 1645 1674 litterze,et
1663 1607 1820 1662 circa
1840 1608 2034 1679 ipsum

388 1693 912 1764 conspiciebantur
953 1694 1350 1768 φαντασμάτων
1401 1691 1517 1764 εἴδη
1575 1701 1873 1769 θεοπρεπῆ,
1918 1697 2036 1752 for-

387 1797 499 1835 mre
527 1787 892 1852 spectrorum
924 1782 1374 1838 divinm.Fertur
1402 1801 1473 1838 ex
1498 1785 1884 1841 matrisutero
1899 1803 2034 1857 pro-

386 1868 568 1924 diisse
601 1870 870 1941 digitum,
905 1871 1129 1925 silentii
1163 1872 1442 1942 indicem,
1492 1873 1668 1929 labiis
1725 1875 2031 1930 admotum

386 1957 612 2012 habens
643 1959 942 2029 quomodo
972 1961 1220 2032 Egyptii
1251 1961 1611 2030 fabulantur,
1647 1968 1852 2019 natum
1903 1981 2032 2020 esse

385 2047 567 2102 Orum
596 2052 655 2102 et
683 2048 879 2104 Solem
911 2055 1047 2104 ante
1079 2051 1280 2117 Orum,
1301 2051 1383 2106 ita
1409 2056 1478 2105 ut
1506 2052 1767 2108 sectione
1789 2053 1862 2108 ad
1880 2052 2031 2122 digi-

383 2139 507 2190 tum
530 2138 952 2192 removendum
969 2155 1117 2209 opus
1144 2139 1418 2194 fuerit.Et
1438 2141 1747 2196 Heraiscus
1767 2141 2033 2196 fuitBac-

381 2224 547 2293 chus,
580 2232 646 2280 ut
676 2228 976 2282 somnium
1008 2227 1305 2283 indicavit.
1340 2231 1414 2283 At
1455 2229 1834 2302 Asclepiades
1865 2231 2032 2286 theo-

379 2313 552 2386 logia)
594 2317 801 2386 patria)
834 2317 1253 2387 peritissimus,
1288 2318 1457 2389 cujus
1488 2318 1573 2372 rei
1604 2319 2032 2376 documentum

380 2410 520 2458 sunt
538 2407 746 2474 Hymni
775 2421 924 2477 quos
953 2407 1015 2462 in
1045 2408 1449 2479 Egyptiorum
1481 2407 1625 2462 deos
1651 2410 2029 2480 conscripsit,

382 2495 524 2550 item
549 2511 720 2566 opus,
754 2496 914 2566 quod
941 2497 1200 2552 scribere
1233 2498 1494 2552 instituit
1523 2499 1598 2553 De
1627 2501 1869 2554 omnium
1899 2500 2028 2556 reli-

383 2587 608 2653 gionum
641 2601 920 2641 consensu.
973 2587 1221 2658 Scripsit
1277 2587 1455 2642 etiam
1511 2604 1660 2658 opus
1715 2587 2027 2661 Αἰγυπτίων

383 2670 659 2746 ὠγυγίων,
712 2674 1100 2745 Λῐρυριίοναηι
1130 2679 1615 2732 vetustissimorum
1640 2694 1725 2733 res
1765 2686 1944 2748 gestas
1975 2686 2034 2736 et

381 2762 693 2818 historiam
724 2780 1018 2819 annorum
1058 2765 1236 2836 paulo
1296 2766 1430 2836 plus
1486 2766 1726 2839 triginta
1772 2768 2031 2824 millium

385 2851 814 2923 complectens,
845 2859 956 2908 etc.
988 2855 1340 2910 Ammonius
1380 2860 1438 2910 et
1492 2857 1832 2927 Erythrmus
1861 2860 2032 2931 [Egy-

382 2940 542 3010 ptius
573 2940 730 2995 inter
759 2956 820 2995 se
844 2941 1283 2998 contendebant
1322 2944 1602 3015 Byzantii,
1633 2949 1743 3000 etc.

449 3029 752 3095 Hercules,
784 3029 1084 3086 Alcmena)
1105 3033 1340 3088 F.Hunc
1373 3032 1613 3088 tradunt
1631 3034 1814 3090 fuisse
1840 3035 2031 3106 philo-

377 3117 655 3189 sophum,
688 3136 867 3190 quem
898 3121 1153 3193 pingunt
1171 3121 1328 3192 pelle
1358 3122 1574 3190 leonia,
1606 3123 1716 3178 hoc
1769 3129 1860 3179 est
1888 3143 2026 3196 pru-

374 3203 578 3261 dentia
609 3211 669 3261 et
688 3209 1044 3276 constantia,
1078 3209 1382 3276 amictum,
1416 3210 1517 3281 qui
1548 3211 1711 3266 clava
1765 3212 2027 3283 philoso-

373 3292 528 3363 phim
542 3295 798 3365 peremit
810 3295 1132 3351 draconem
1159 3297 1592 3368 cupiditatis,et
1604 3298 1676 3354 ab
1699 3315 1768 3354 ea
1783 3300 2033 3356 abstulit

374 3386 494 3436 tres
521 3383 788 3449 virtutes,
823 3383 1053 3440 scilicet
1080 3401 1203 3440 non
1243 3385 1577 3452 irasci,non
1605 3403 1734 3442 esse
1764 3404 2027 3455 avarum,

373 3485 485 3524 nec
507 3469 911 3542 voluptatibus
955 3471 1242 3527 deditum.
1271 3503 1340 3514 --
1399 3473 1516 3528 Sub
1564 3475 1757 3530 Minoe
1805 3476 2032 3531 exstitit

379 3559 683 3626 Hercules,
717 3560 944 3630 Tyrius,
977 3561 1077 3632 qui
1108 3578 1382 3633 purpuras
1417 3564 1734 3620 tincturam
1780 3565 2027 3636 invenit,

379 3661 526 3699 cane
585 3647 857 3701 maxillas
916 3649 1224 3719 (sanguine
1299 3650 1618 3721 conchylii)
1670 3657 2026 3720 cruentato;

379 3746 630 3800 eamque
663 3731 880 3787 obtulit
908 3734 1174 3789 Phwnici
1207 3736 1350 3806 regi,
1398 3737 1498 3806 qui
1543 3737 1770 3808 primus
1803 3756 2029 3810 purpu-

377 3832 505 3872 ram
533 3819 799 3884 gestavit.

452 3907 804 3963 Herennius.
833 3908 1003 3963 Philo
1036 3909 1296 3980 Byblius,
1332 3912 1664 3968 Herennius
1714 3918 2025 3987 cognomi-

373 4000 572 4064 natus,
596 4001 662 4049 ut
691 3997 818 4068 ipse
849 3997 1015 4052 dicit.

444 4084 852 4157 Hermagoras,
885 4086 1430 4158 Amphipolitanus,
1451 4088 1864 4161 pbiIOSOphus,
1893 4094 2027 4148 Per-

373 4173 475 4226 saai
507 4173 856 4245 discipulus.
891 4175 1114 4250 Dialogi
1148 4177 1336 4248 ipsius
1359 4185 1518 4248 sunt,
1562 4182 1861 4253 Misocyon.
1895 4183 2026 4257 Περὶ
2111 4207 2117 4212 ·

372 4260 772 4335 ἀτυχημάτων,
805 4268 882 4320 De
913 4267 1262 4336 infortuniis,
1316 4267 1609 4342 Ἒκχυτόν,
1668 4267 1779 4325 ἐστι
1839 4272 1896 4326 δὲ
1925 4271 2028 4327 dio-

371 4350 587 4418 σκοπία,
620 4355 871 4423 Effusum
901 4355 1020 4410 sive
1080 4357 1150 4412 De
1200 4373 1426 4413 ovorum
1480 4361 1834 4430 inspectione.
1893 4362 2024 4436 Περὶ

2139 525 2576 582 Deitatem.'Hv
2603 529 2718 602 φῶς
2761 525 2949 600 νοερὸν
2985 525 3121 600 πρὸς
3171 529 3383 598 νοεροῦ,
3447 523 3554 579 καί
3614 526 3698 594 ἦν
3779 528 3866 580 ἀεέ

2138 617 2264 674 νοῦς
2296 614 2420 672 νοὸς
2454 615 2714 689 φωτεινὸς
2745 614 2834 668 καὶ
2867 611 3021 670 οὐδὲν
3047 615 3228 688 ἓτερον
3259 617 3324 683 ἦν
3356 617 3392 683 ἢ
3434 615 3671 670 τούτου
3711 614 3860 670 ἐνό-

2136 722 2256 772 της,
2307 703 2397 756 καὶ
2448 707 2660 775 πνεῦμα
2718 702 2892 758 πάντα
2940 702 3219 779 περιέχον
3273 703 3431 767 ἐκτὸς
3477 704 3725 759 τούτου
3791 707 3858 760 οὶ

2138 792 2288 861 Θεὸς,
2322 791 2422 847 οὐκ
2452 793 2704 868 ἄγγελος,
2739 793 2838 848 οὐκ
2869 792 3030 848 οὐσία
3050 791 3222 864 ἂλλη,
3253 799 3478 868 etc.(ex
3507 797 3808 868 Cyrillo,
3835 815 3850 852 ι

2139 883 2200 937 in
2226 882 2468 953 Julian.)

2213 973 2501 1044 Hermias,
2533 974 2863 1041 eunuchus,
2896 977 3153 1042 Atarnm,
3186 976 3410 1047 regioni
3462 978 3722 1047 Mysiae,
3763 977 3848 1031 ad

2141 1061 2588 1135 Hellespontum
2641 1063 2885 1134 praefuit,
2947 1065 3070 1136 regi
3102 1066 3415 1120 Persarum
3464 1065 3842 1136 subjectus.

2141 1153 2460 1209 Eunuchus
2490 1170 2624 1208 cum
2647 1159 2802 1209 esset
2832 1159 2891 1209 et
2911 1171 3110 1210 servus
3142 1154 3374 1219 Eubuli,
3393 1156 3684 1228 Bithyni,
3719 1157 3844 1227 dy-

2140 1248 2325 1297 nastm
2357 1248 2414 1297 et
2443 1243 2808 1314 philosophi,
2842 1243 3054 1298 litteris
3098 1243 3171 1298 ab
3202 1245 3527 1300 Aristotele
3565 1247 3844 1300 institu-

2144 1336 2260 1400 tus,
2294 1333 2368 1387 De
2427 1331 2620 1388 anima
2650 1333 2909 1404 scripsit,
2941 1349 3192 1404 eamque
3223 1334 3659 1390 immortalem
3694 1353 3836 1390 esse

2143 1419 2363 1476 docuit.
2391 1421 2493 1475 Hic
2515 1425 2606 1475 est
2633 1421 2946 1476 eunuchus
2975 1421 3100 1488 ille,
3132 1427 3222 1476 ter
3245 1423 3547 1488 venditus,
3579 1424 3838 1478 Aristo-

2143 1508 2278 1562 telis
2317 1510 2569 1576 amicus,
2601 1510 2694 1564 cui
2729 1510 2912 1566 ﬁliam
2945 1527 3112 1566 suam
3169 1511 3508 1583 adoptivum
3553 1529 3838 1568 uxorem

2143 1597 2324 1653 dedit.
2360 1600 2470 1654 Sed
2501 1605 2559 1655 et
2587 1600 2734 1671 ipse,
2760 1600 2900 1655 licet
2929 1596 3177 1668 ολαδίας,
3239 1601 3424 1657 ﬁliam
3485 1601 3732 1656 habuit
3763 1619 3840 1656 ex

2141 1705 2324 1744 uxore
2348 1690 2715 1762 Pythiadem.
2750 1691 3038 1745 Scribitur
3086 1687 3334 1764 Ἑρμίας,
3367 1697 3435 1746 ut
3485 1691 3548 1746 in
3583 1692 3834 1764 στίχοις

2146 1772 2426 1850 ἷαμϐικοῖς
2459 1781 2843 1852 Hipponactis
2876 1780 2988 1853 (75)
3016 1797 3029 1834 :
3063 1777 3340 1854 Εὐνοῦχος
3371 1775 3446 1834 ὥν
3469 1777 3568 1834 καὶ
3607 1779 3836 1841 δοῦλος

2142 1867 2231 1942 Ἑρ
2240 1867 2386 1940 μίας.

2215 1958 2484 2014 Hermias
2543 1957 2860 2032 (Ἑρμείας),
2921 1960 3333 2032 philosophus,
3393 1961 3728 2016 Ammonii
3769 1969 3829 2016 et

2144 2048 2465 2116 Heliodori,
2499 2049 2918 2120 magistrorum
2947 2049 3262 2116 Damascii,
3317 2055 3511 2121 pater,
3571 2051 3826 2105 amicus

2143 2138 2389 2193 intimus
2445 2139 2693 2210 Egypti,
2752 2137 3121 2209 cupidissimi
3187 2139 3550 2206 litterarum,
3604 2140 3826 2194 fratris

2141 2227 2476 2296 Theodotus,
2532 2243 2664 2297 qua:
2723 2232 2850 2281 erat
2905 2232 3096 2281 mater
3164 2227 3371 2282 Isidori
3426 2227 3818 2300 phiIOSOphi.

2143 2316 2287 2370 Huic
2319 2318 2580 2388 Egypto,
2597 2316 2873 2371 morienti
2884 2316 3290 2388 ,jurejurando
3321 2315 3678 2383 afﬁrmavit,
3695 2319 3823 2372 ani-

2141 2420 2299 2459 mam
2328 2421 2456 2459 esse
2489 2404 2908 2470 immortalem,
2934 2421 3113 2476 quam
3139 2405 3415 2460 fiduciam
3439 2406 3558 2476 ipsi
3590 2408 3815 2460 affere-

2141 2494 2243 2549 bat
2272 2495 2401 2548 vitze
2435 2495 2763 2567 integritas.
2782 2495 3226 2566 Philosophiam
3249 2495 3434 2551 coluit
3454 2496 3572 2550 sub
3587 2513 3816 2568 magno

2142 2583 2410 2656 Syriano,
2433 2583 2728 2639 industria
2757 2584 2907 2639 nulli
2938 2584 3232 2640 sodalium
3257 2601 3522 2652 suorum,
3559 2602 3638 2640 ne
3663 2587 3813 2640 Pro-

2141 2672 2233 2727 clo
2265 2671 2528 2742 quidem,
2561 2672 2828 2728 inferior.
2853 2674 3012 2729 Licet
3038 2690 3174 2728 vero
3203 2672 3270 2726 τὰ
3301 2673 3397 2745 μὶν
3431 2673 3562 2747 περὶ
3593 2672 3808 2746 λόγους

2139 2756 2494 2832 ἐνδεέστερος,
2526 2757 2564 2825 ἤ
2619 2759 2755 2814 κατὰ
2807 2761 2908 2829 τήν
2969 2756 3271 2829 ἀκρίϐειαν,
3329 2763 3400 2818 ab
3433 2764 3803 2819 eruditionis

2140 2855 2200 2904 et
2229 2849 2586 2920 eloquentia:
2606 2850 2970 2922 perfectione
3000 2851 3254 2920 abesset,
3282 2853 3564 2909 virtutem
3599 2859 3804 2908 tamen

2139 2939 2222 2994 ita
2243 2939 2600 3007 sectabatur,
2617 2946 2684 2995 ut
2713 2958 2787 2997 ne
2818 2944 3044 2997 Momus
3065 2942 3306 3013 quidem
3329 2943 3802 3014 reprehendere,

2137 3043 2251 3082 nec
2281 3027 2504 3084 invidia
2525 3029 2800 3101 ipsaodio
2815 3046 2952 3085 eum
2980 3032 3257 3102 prosequi
3287 3039 3507 3102 posset.
3543 3034 3803 3088 Tantum

2135 3121 2262 3171 erat
2292 3117 2353 3171 in
2379 3116 2482 3171 illo
2515 3118 2813 3188 aaquitatis
2845 3119 3133 3178 studium.
3165 3124 3250 3190 ut,
3285 3120 3334 3174 si
3367 3119 3508 3191 quid
3543 3128 3797 3186 emeret,

2137 3205 2355 3260 librum
2388 3207 2547 3261 verbi
2579 3208 2786 3280 gratia,
2811 3208 3102 3264 venditori
3131 3209 3383 3265 minoris
3408 3210 3616 3265 forsan
3647 3213 3802 3266 olfe-

2133 3297 2290 3352 renti
2342 3313 2519 3369 quam
2578 3315 2686 3368 par
2742 3304 2920 3366 esset,
2971 3299 3205 3370 justum
3263 3300 3461 3372 potius
3527 3302 3792 3372 pretium

2135 3383 2322 3440 daret.

2207 3473 2582 3546 Hermippus,
2617 3474 3020 3543 Atheniensis,
3060 3475 3323 3531 comicus
3381 3477 3648 3547 antiquae
3691 3496 3794 3533 co-

2133 3561 2389 3632 moedias,
2425 3562 2650 3633 luscus,
2689 3563 2874 3619 frater
2905 3565 3119 3636 Myrtili
3150 3565 3384 3632 cornici,
3415 3564 3653 3621 fabulas
3681 3567 3786 3622 do-

2135 3651 2258 3706 cuit
2281 3651 2392 3706 XL.

2206 3740 2582 3812 Hermippus,
2621 3743 2911 3814 Berytius,
2945 3759 3015 3798 ex
3044 3744 3172 3798 vico
3203 3744 3669 3810 mediterraneo,
3692 3747 3783 3801 di-

2135 3829 2398 3900 scipulus
2428 3830 2719 3899 Philonis,
2753 3831 2966 3902 Byblii,
2989 3849 3024 3887 a
3055 3849 3172 3903 quo
3194 3833 3650 3888 commendatus
3679 3835 3787 3890 fuit

2135 3919 2433 3973 Herennio
2464 3920 2679 3975 Severo
2713 3921 2821 3975 sub
2855 3921 3150 3977 Hadriano
3183 3923 3324 3995 imp.
3363 3924 3465 3978 Hic
3515 3927 3781 3994 quamvis

2131 4024 2347 4081 genere
2380 4008 2695 4065 libertinus
2721 4017 2899 4077 esset,
2933 4017 3133 4067 tamen
3164 4013 3434 4068 eruditus
3461 4013 3782 4069 admodum

2131 4097 2244 4153 fuit
2273 4103 2331 4152 et
2360 4098 2549 4154 multa
2579 4099 2837 4172 scripsit.

2202 4187 3350 4262 Hermogenes,Tarsensis,cognomento
3361 4191 3546 4258 Ξυστή
3555 4193 3773 4264 p,qnasi

2128 4292 2369 4332 rasorem
2392 4277 2645 4332 dixeris:
2668 4279 2952 4350 sophista,
2985 4296 3162 4350 quem
3187 4281 3488 4336 Musonius
3518 4281 3772 4352 philoso-

2129 4366 2308 4436 phus,
2335 4372 2393 4420 et
2410 4369 2636 4422 Marcus
2658 4367 3053 4439 imp.audivit,
3085 4369 3174 4423 vix
3208 4375 3414 4425 natum
3446 4387 3636 4426 annos
3661 4373 3772 4436 XV,

372 4439 703 4530 σοφιστείας,
763 4445 839 4498 De
914 4452 1036 4500 arte
1084 4445 1387 4516 sophistica
1445 4447 1725 4504 adversus
1797 4451 2018 4507 Acade-
2052 4452 2097 4517 D
2130 4453 2355 4525 ingenii
2383 4455 2668 4512 felicitate
2719 4463 2776 4512 et
2823 4457 3094 4513 doctrina
3124 4464 3362 4530 captum
3412 4460 3544 4530 ejus
3589 4463 3770 4516 astatis

372 4544 579 4587 1111008.

446 4618 834 4690 Hermagoras
884 4637 954 4676 ex
1012 4623 1253 4689 Temno,
1312 4623 1512 4678 Eolim
1585 4624 1754 4691 urbe,
1808 4644 2022 4699 cogno-

372 4711 576 4760 mento
608 4708 842 4773 Carion,
901 4711 1125 4781 rhetor,
1175 4711 1414 4782 scripsit
1459 4720 1633 4768 artem
1689 4715 2022 4771 rhetoricam

371 4792 542 4848 libris
586 4797 672 4862 VI,
731 4797 861 4869 Περὶ
919 4795 1250 4873 ἐξεργασίας,
1305 4803 1380 4855 De
1431 4802 1828 4858 elaboratione.
1888 4803 2017 4878 Περὶ

369 4881 698 4953 πρέποντος,
733 4889 808 4943 De
837 4889 1052 4945 decoro.
1085 4888 1214 4964 Περὶ
1271 4891 1540 4965 φράσεως,
1593 4896 1664 4950 De
1693 4896 2016 4954 elocutione.

365 4970 495 5046 Περὶ
528 4972 850 5046 σχημάτων,
907 4979 984 5033 De
1037 4982 1247 5050 ﬁguris.
1310 4981 1413 5036 Hic
1446 4999 1566 5038 una
1619 5000 1754 5040 cum
1781 4987 2014 5042 chilio

365 5063 562 5120 Romae
594 5064 795 5121 docuit
815 5067 1062 5124 Caesaris
1091 5071 1336 5142 Augusti
1365 5073 1817 5145 temporibus,et
1843 5080 2015 5132 astate

361 5159 640 5222 provecta
669 5155 836 5212 obiit.

436 5242 700 5310 Hermes,
737 5247 972 5318 sapiens
994 5248 1315 5320 Egyptius,
1341 5256 1477 5306 ante
1511 5253 1876 5311 Pharaonem
1905 5257 2012 5312 flo-

367 5329 490 5383 ruit
548 5338 902 5405 vocatusque
959 5337 1070 5391 fuit
1103 5339 1502 5408 Trismegistus,
1537 5342 1693 5412 quod
1721 5343 1791 5399 de
1815 5345 2006 5399 Trini-

2134 4543 2306 4616 longe
2329 4548 2882 4616 superante.Annos
2893 4553 3072 4602 natus
3084 4548 3322 4604 circiter
3343 4549 3772 4622 XVlll,scripsit

2132 4641 2306 4688 artem
2337 4634 2879 4706 rhetoricam,quam
2900 4653 3111 4692 omnes
3133 4639 3194 4692 in
3225 4638 3502 4694 manibus
3525 4639 3765 4706 habent;

2131 4743 2159 4770 «
2193 4722 2272 4776 De
2308 4723 2559 4778 statibus
2591 4741 2903 4780 causarum
2936 4725 3178 4794 librum,
3213 4727 3292 4782 De
3321 4727 3529 4782 formis
3561 4730 3767 4784 oratio-

2131 4833 2160 4861 «
2191 4811 2278 4865 nis
2302 4811 2487 4866 libros
2545 4813 2726 4868 duos:
2760 4815 2841 4869 De
2889 4814 3208 4886 C(elesyria
3264 4814 3448 4870 libros
3477 4817 3544 4870 II.
3582 4839 3610 4866 »
3641 4819 3767 4874 Cum

2129 4917 2356 4956 annum
2389 4902 2579 4957 mtatis
2609 4901 2778 4957 XXIV
2835 4903 3146 4972 attigisset,
3207 4905 3444 4977 ingenio
3477 4904 3688 4961 defecit
3713 4915 3763 4962 et

2129 4990 2220 5044 sui
2252 5006 2494 5060 prorsus
2524 4990 2835 5046 dissimilis
2871 4993 3053 5047 evasit
3101 4993 3230 5048 sine
3287 4993 3411 5048 ulla
3463 4995 3760 5052 manifesta

2127 5094 2305 5132 causa
2326 5084 2428 5133 aut
2455 5079 2662 5135 morbo
2694 5079 2960 5150 corporis
2987 5097 3000 5134 :
3046 5081 3204 5136 unde
3257 5081 3481 5137 dictum
3511 5082 3758 5157 Ἑρμογέ-

2125 5187 2224 5234 νης
2281 5166 2308 5219 ὁ
2363 5165 2414 5221 ἐν
2475 5169 2626 5222 παισῖ
2685 5165 2881 5242 γέρων,
2936 5167 2988 5222 ἐν
3043 5166 3102 5223 δὲ
3153 5170 3369 5242 γέρουσι
3424 5175 3574 5238 παῖς,
3621 5175 3756 5228 Inter

2117 5273 2320 5327 pueros
2350 5273 2514 5312 senem
2544 5264 2593 5312 et
2624 5256 2768 5314 inter
2796 5274 2943 5313 senes
2971 5275 3126 5328 puer.
3155 5260 3234 5314 De
3255 5260 3367 5315 hoc
3384 5261 3754 5316 Philostratus

2128 5347 2429 5416 Lemnius,
2461 5354 2572 5404 etc.
2603 5339 2895 5404 Cadavere
2947 5349 3077 5420 ejus
3133 5348 3390 5405 dissecto
3421 5368 3522 5406 cor
3561 5351 3756 5408 dicitur

439 5541 1605 5631 (75)Oportet.nomenesseporruptum,
1655 5552 1745 5608 vel
1783 5553 2085 5625 juniorem
2154 5554 2577 5626 Hipponactem
2626 5559 2899 5631 intelligi.
2960 5560 3103 5614 Nam
3165 5558 3471 5630 Hipponax
3521 5563 3621 5619 ille
3659 5579 3750 5619 an-

372 5614 572 5684 tiquus
603 5614 703 5670 diu
733 5622 869 5671 ante
902 5617 1199 5674 Hermiam
1228 5619 1358 5676 fuit.
