4070 6196
359 374 513 434 1273

1676 375 1776 435 DE
1820 376 2110 449 QUIBUS
2156 373 2459 437 SUIDAS.

3602 370 3759 428 1274

354 507 657 562 inventum
692 506 828 577 pilis
861 506 1119 561 obsitum
1151 511 1209 560 et
1237 522 1612 563 communem
1637 507 1994 578 magnitudi-
2024 507 2076 574 Α
2185 505 2457 569 Hersilia,
2492 519 2711 558 nomen
2742 501 3067 572 proprium.
3106 502 3183 555 De
3212 516 3280 556 ea
3315 500 3553 570 Dionys.
3589 500 3749 555 Hali-

348 613 487 652 nem
521 595 695 665 longe
727 612 1060 667 superasse.

424 684 796 750 Hermolaus,
853 686 1277 756 grammaticus
1330 686 1695 757 Cpolitanus,
1761 687 2002 758 scripsit

350 776 663 846 Epitomen
694 772 917 835 ἐθνικῶν
969 775 1251 846 Stephani
1300 776 1691 848 grammatici,
1746 792 1997 847 eamque

349 864 684 920 Iustiniano
718 864 863 934 imp.
899 863 1210 919 dedicavit.

426 953 685 1008 Herodes
714 953 925 1020 Julius,
957 954 1115 1008 filius
1141 954 1335 1022 Attici,
1361 954 1659 1010 Plutarchi
1682 971 1995 1026 nepos,ge-

351 1061 494 1100 nere
519 1042 804 1110 .Eacides,
866 1044 1267 1113 Atheniensis,
1319 1060 1387 1098 ex
1436 1043 1759 1113 municipio
1809 1045 1995 1098 Mara-

349 1135 577 1199 thonio,
611 1134 897 1205 sophista,
934 1134 1008 1188 ob
1058 1135 1403 1189 thesaurum
1451 1134 1797 1205 (repertum)
1827 1133 1993 1188 valde

348 1224 532 1290 dives,
566 1222 711 1279 adeo
742 1228 807 1277 ut
837 1228 893 1277 et
925 1223 1180 1277 stadium
1211 1229 1269 1278 et
1298 1223 1595 1277 theatrum
1618 1227 1770 1276 tecto
1795 1224 1992 1277 muni-

352 1318 476 1367 tum
512 1312 975 1368 Atheniensibus
1007 1311 1363 1367 condiderit.
1408 1312 1599 1382 Ipsius
1632 1317 1800 1383 pater
1840 1312 1991 1367 Asia)

349 1403 588 1474 prmfuit
617 1407 673 1456 et
703 1402 793 1456 bis
842 1401 1217 1455 consulatum
1278 1401 1477 1473 gessit.
1530 1401 1690 1455 Vixit
1729 1401 1990 1472 Trajani,

349 1491 627 1546 Hadriani
662 1495 721 1545 et
750 1491 923 1545 Marci
956 1491 1262 1557 Antonini,
1297 1490 1480 1561 impp.
1534 1491 1903 1562 temporibus
1935 1496 1993 1545 et

348 1580 697 1635 Favorinum
758 1579 1257 1650 Polemonemque
1314 1584 1708 1650 praeceptores
1761 1579 1986 1634 habuit.

342 1669 587 1740 Scripsit
613 1663 1004 1743 Ἐφημερίῗας,
1052 1684 1219 1739 opus,
1270 1669 1429 1723 varia
1478 1668 1813 1723 eruditione
1863 1670 1989 1741 ple-

337 1775 519 1813 num:
570 1757 711 1811 item
766 1756 1039 1826 Epistolas
1096 1761 1154 1811 et
1204 1756 1478 1813 orationes
1533 1758 1985 1829 extemporales,

2110 612 2272 651 carn.
2308 595 2549 665 Antiqq.
2579 595 2743 647 Rom.
2777 591 2876 646 lib.
2914 608 2967 644 ιι.

2179 684 2487 751 HesioduS,
2523 683 2844 748 Cumanus,
2879 698 2912 735 a
2946 686 3109 752 patre
3142 680 3268 745 Dio,
3302 684 3362 735 et
3407 683 3594 734 matre
3646 681 3754 751 Py-

2104 775 2353 844 cimede,
2387 774 2733 829 adolescens
2766 770 3089 825 translatus
3112 775 3201 825 est
3231 772 3494 836 Ascram,
3516 770 3751 823 Bmotiae

2102 866 2421 921 civitatem.
2460 864 2598 918 Dius
2634 863 2791 918 Illius
2824 860 3171 932 Ampelidze,
3205 877 3390 930 nepos
3436 860 3749 929 Melanepi,

2103 971 2280 1025 quem
2314 954 2482 1008 aiunt
2510 953 2692 1007 fuisse
2724 967 2893 1007 avum
2928 950 3165 1004 Homeri
3193 950 3303 1016 avi,
3338 950 3419 1002 ita
3448 954 3512 1001 ut
3544 949 3752 1001 Home-

2100 1060 2202 1098 rus
2233 1048 2409 1097 natus
2441 1043 2518 1097 sit
2549 1059 2617 1095 ex
2648 1040 2916 1112 patruele
2940 1039 3197 1093 Hesiodi.
3229 1039 3542 1107 Utriusque
3562 1053 3747 1109 genus

2101 1134 2173 1189 ab
2206 1133 2440 1187 Atlante
2460 1132 2671 1186 deduci
2692 1132 2911 1185 ferunt.
2935 1132 3217 1185 Poemata
3238 1129 3495 1196 Hesiodi,
3522 1151 3547 1176 ‹‹
3568 1129 3749 1181 Theo-

2098 1245 2127 1272 «
2162 1224 2356 1295 gonia.
2378 1224 2569 1292 Opera
2585 1226 2642 1275 et
2667 1221 2816 1287 dies,
2842 1219 3518 1291 Clypeus,lleroinarum
3538 1218 3748 1272 mulie-

2098 1337 2125 1364 ‹‹
2153 1330 2283 1368 rum
2302 1312 2611 1384 Catalogus
2634 1311 2803 1364 libris
2829 1312 2888 1380 V,
2916 1310 3258 1380 Epicedium
3284 1310 3344 1363 in
3368 1309 3741 1375 Batrachum,

2096 1422 2253 1475 quem
2289 1410 2590 1469 amaverat,
2629 1403 2707 1455 De
2729 1401 2900 1455 Idaeis
2929 1400 3185 1470 Dactylis
3215 1422 3266 1469 »,
3302 1404 3361 1453 et
3389 1400 3508 1454 alia
3534 1399 3743 1453 multa.

2097 1494 2254 1550 Obiit
2284 1492 2539 1565 hospitio
2572 1496 2852 1561 exceptus
2884 1489 2956 1542 ab
2980 1490 3236 1560 Antipho
3266 1494 3323 1542 et
3343 1489 3739 1558 Ctimen0,qui

2096 1590 2274 1640 noctu
2306 1588 2585 1657 putantes
2609 1600 2670 1635 se
2695 1580 2913 1636 sororis
2938 1595 3057 1633 sum
3091 1583 3485 1649 stupratorem
3520 1578 3743 1630 interfl-

2094 1692 2247 1743 cere,
2286 1673 2604 1730 Hesiodum
2637 1671 3070 1725 obtruncarunt
3102 1668 3289 1721 inviti.
3338 1668 3589 1721 Homero
3641 1666 3739 1720 alii

2095 1765 2491 1835 antiquiorem
2514 1761 2757 1826 faciunt,
2794 1760 3081 1830 aequalem
3101 1757 3588 1828 alii.Porphyrios
3606 1754 3742 1809 alii-

337 1865 585 1920 quarum
622 1845 897 1901 meminit
946 1846 1337 1901 Philostratus
1388 1848 1447 1901 in
1499 1847 1643 1901 Vitis
1695 1848 2065 1919 sophista-3
2096 1872 2210 1927 que
2244 1853 2484 1926 plurimi
2518 1853 2692 1907 annis
2722 1855 2961 1905 centum
3014 1848 3343 1920 juniorem,
3400 1851 3464 1900 ut
3513 1849 3741 1899 tantum

338 1955 492 1993 rum.
521 1937 584 1991 Ei
611 1938 672 1991 in
732 1936 934 1991 schola
990 1936 1279 1991 successit
1329 1936 1643 2001 Adrianus,
1696 1938 1979 2008 sophista.

339 2027 853 2082 Circumferuntur
882 2029 940 2079 et
996 2024 1184 2079 multa
1234 2024 1350 2079 alia
1400 2024 1563 2079 illius
1622 2026 1859 2097 scripta,
1912 2044 1981 2081 ex

332 2116 546 2187 quibus
580 2120 638 2170 et
671 2114 895 2187 ingenii
929 2114 1056 2185 ejus
1090 2113 1456 2180 magnitudo,
1482 2115 1771 2169 etmentis
1796 2114 1978 2169 subli-

329 2205 505 2259 mitas
536 2204 795 2275 perspici
846 2207 1058 2275 potest.
1107 2201 1263 2256 Obiit
1310 2202 1466 2255 circa
1516 2200 1727 2256 LXXVI
1785 2204 1976 2258 aetatis

333 2311 578 2359 annum,
613 2294 745 2348 tabe
778 2293 1102 2347 confectus.

398 2382 783 2450 Herodianus,
809 2381 1714 2454 Alexandrinus,grammaticus,
1738 2381 1972 2452 Apollo-

326 2472 433 2537 nii,
466 2471 860 2545 grammatici,
892 2470 1243 2542 cognomine
1277 2468 1532 2540 Dyscoli,
1566 2471 1623 2524 F.
1656 2471 1972 2524 Vixittem-

321 2580 465 2635 pore
498 2561 672 2616 Marci
706 2560 983 2615 Antonini
1011 2560 1181 2631 imp.,
1206 2558 1612 2630 quarejunior
1642 2564 1729 2613 est
1749 2559 1970 2631 Diony-

320 2651 430 2717 sio,
465 2651 564 2721 qui
598 2650 884 2704 musicam
913 2648 1223 2704 historiam
1250 2647 1701 2718 conscripsit,et
1722 2648 1969 2704 Philone

326 2739 550 2811 Byblio.
587 2738 689 2809 [De
722 2738 848 2809 ejus
879 2738 1159 2809 operibus
1190 2737 1414 2793 multus
1440 2741 1530 2791 est
1550 2738 1780 2792 Kuster.
1807 2737 1880 2793 ad
1906 2738 1966 2793 h.

330 2832 374 2887 Ι.
410 2834 551 2884 tom.
582 2830 651 2897 II,
686 2846 815 2901 pag.
849 2831 936 2894 78,
970 2846 1035 2885 n.
1068 2829 1148 2899 8.]

400 2918 752 2983 Herodotus,
786 2917 921 2988 Lyxi
955 2922 1012 2971 et
1040 2918 1289 2988 Dryonis
1322 2918 1408 2985 F.,
1460 2917 1965 2990 Halicarnasseus,

324 3008 544 3064 illustri
574 3023 790 3081 genere
822 3011 1019 3073 natus,
1051 3006 1292 3062 fratrem
1324 3006 1533 3062 habuit
1570 3007 1963 3064 Theodorum.

326 3099 565 3153 Samum
598 3097 868 3170 migravit
898 3102 1140 3169 prepter
1199 3097 1637 3171 Lygdamidem,
1685 3098 1782 3169 qui
1834 3102 1969 3168 post

2095 1945 2303 2001 XXXII
2334 1943 2509 1998 annis
2567 1940 2823 2012 primam
2875 1937 3284 2009 Olympiadem
3333 1934 3740 1991 antecesserit.

2095 2034 2251 2090 Adde
2284 2033 2517 2087 Kusteri
2548 2036 2672 2085 not.
2707 2034 2738 2083 6
2771 2034 2829 2083 et
2857 2032 2908 2095 6,
2942 2034 3078 2082 tom.
3116 2030 3186 2091 II,
3220 2043 3349 2097 pag.
3384 2028 3472 2079 80.

2164 2124 2450 2196 Ἕσπερος.
2485 2119 2868 2176 Parmenides
2901 2117 3020 2185 (alii
3077 2118 3243 2171 aiunt
3292 2113 3738 2186 Phythagoras),

2091 2215 2321 2287 primus
2361 2210 2773 2283 deprehendit,
2810 2207 3083 2263 eumdem
3119 2223 3246 2261 esse
3302 2207 3624 2276 Vesperum
3681 2207 3738 2256 et

2090 2301 2447 2358 Luciferum.

2159 2392 2486 2463 Hesychius
2502 2386 3403 2458 Milesius,Hesychii,causidici,
3428 2390 3487 2440 et
3504 2384 3735 2455 Sophia)

2087 2486 2171 2551 F.,
2195 2482 2565 2554 temporibus
2580 2478 2874 2535 Anastasii
2899 2477 3336 2547 (etJustiniani)
3353 2475 3731 2547 impp.,vixit.

2088 2573 2332 2644 Scripsit
2361 2567 2815 2643 Ὀνοματολόγον,
2915 2565 3110 2619 πίνακα
3139 2566 3245 2619 τῶν
3280 2564 3332 2618 ὲν
3365 2562 3580 2634 παιδείᾳ
3611 2563 3734 2616 ἀνο-

2087 2662 2322 2731 μαστῶν,
2358 2655 2421 2710 οὗ
2451 2654 2687 2727 ἐπιτομή
2724 2654 2835 2708 ἐστι
2865 2651 3025 2706 τοῦτο
3054 2652 3115 2706 τὸ
3146 2647 3388 2726 βιϐλίον,
3410 2652 3731 2708 Nomencla-

2084 2757 2277 2816 torem,
2311 2748 2429 2802 sive
2457 2747 2557 2818 qui
2590 2746 2740 2800 liber
2770 2744 2934 2799 illius
2966 2748 3056 2798 est
3084 2743 3373 2814 Epitome,
3408 2764 3434 2791 ‹‹
3468 2741 3730 2795 Indicem

2083 2860 2111 2888 «
2136 2836 2397 2891 virorum
2415 2835 2517 2905 qui
2541 2832 2813 2889 doctrina
2829 2830 2973 2886 clari
2996 2830 3254 2885 fuerunt.
3267 2833 3398 2883 Item
3412 2828 3729 2882 Historiam

2083 2945 2111 2977 »
2133 2925 2499 2993 chronicam,
2521 2940 2683 2994 quam
2717 2925 2775 2976 in
2794 2937 2894 2975 sex
2918 2920 3269 2974 diastemata
3292 2918 3399 2989 (sic
3423 2916 3582 2972 enim
3607 2916 3727 2970 sin-

2080 3015 2248 3087 gulos
2281 3014 2465 3069 libros
2496 3012 2798 3085 appellat),
2833 3010 3123 3064 distinxit.
3152 3012 3213 3064 In
3237 3007 3517 3061 hislibris
3540 3006 3730 3060 conti-

2080 3110 2301 3161 nentur
2331 3105 2514 3175 impp.
2556 3106 2955 3157 Romanorum
2990 3117 3106 3167 res,
3138 3099 3313 3153 variis
3360 3096 3730 3167 temporibus

322 3187 933 3258 Pisindelim,patrem
957 3188 1264 3258 aviamque
1280 3187 1658 3243 Artemisiam
1679 3192 1966 3259 tyrannus
2006 3198 2050 3266 ρ
2078 3201 2256 3269 gesta;
2290 3200 2347 3249 et
2376 3193 2625 3248 historia
2657 3207 2862 3262 regum
2896 3206 2961 3244 ac
2992 3188 3331 3260 principum
3355 3187 3455 3257 qui
3482 3185 3730 3255 singulis

321 3276 715 3331 Halicarnassi
751 3281 896 3332 erat.
928 3275 1084 3330 Sami
1116 3276 1377 3331 Ionicam
1420 3276 1738 3331 dialectum
1798 3294 1968 3331 exco-

313 3364 444 3432 luit,
476 3370 535 3419 et
562 3367 864 3420 Historiam
915 3365 1074 3419 libris
1132 3366 1205 3419 IX
1261 3365 1519 3437 scripsit,
1566 3367 1905 3437 auspicatus
1936 3383 1970 3421 a

321 3451 492 3522 Cyro,
518 3453 713 3516 Persa,
741 3457 799 3505 et
818 3451 1138 3519 Candaule,
1164 3452 1456 3524 Lydorum
1490 3468 1646 3525 rege.
1682 3455 1969 3509 Reversus

322 3538 537 3594 deinde
570 3539 1075 3607 Halicarnassum,
1107 3545 1425 3611 tyrannum
1450 3541 1968 3613 expulit,invidia-

326 3646 441 3699 que
473 3629 685 3684 civium
720 3630 876 3701 tangi
920 3647 982 3685 se
1012 3646 1140 3684 cum
1171 3630 1479 3695 sensisset,
1513 3631 1816 3701 Thurium,
1852 3649 1968 3702 quo

316 3723 457 3773 tunc
483 3719 872 3773 Athenienses
892 3718 1189 3774 coloniam
1218 3718 1611 3787 deducebant,
1639 3720 1791 3774 ultro
1820 3737 1965 3775 con-

314 3809 513 3877 cessit,
546 3810 645 3863 ubi
680 3809 993 3864 defunctus
1024 3814 1083 3864 et
1121 3810 1182 3863 in
1214 3808 1342 3865 foro
1377 3808 1645 3880 sepultus
1678 3815 1787 3865 est.
1821 3811 1969 3865 Sunt

323 3903 545 3968 tamen,
580 3901 677 3970 qui
709 3901 897 3968 aiunt,
930 3900 1107 3955 Pella;
1125 3900 1363 3955 obiisse.
1395 3901 1473 3955 De
1501 3900 1792 3955 Herodoto
1815 3898 1842 3951 ὁ
1864 3919 1969 3952 πα-

328 3984 566 4063 ραϐάτης
624 3990 933 4059 (Julianus)
992 3990 1052 4045 in
1112 3990 1406 4061 epistola:
1466 3986 1538 4043 Ei’
1584 4009 1663 4060 τῳ
1718 3989 1967 4050 πιστὸςὸ

319 4076 552 4151 Θούριος
584 4077 718 4131 εἶναι
750 4077 1045 4150 λογοποιὸς
1079 4075 1250 4146 δοκεῖ,
1283 4102 1310 4130 ‹‹
1345 4080 1401 4133 Si
1435 4080 1527 4134 cui
1558 4080 1812 4135 Thurius
1845 4080 1964 4148 ille,

318 4191 345 4218 ‹‹
378 4169 644 4223 historim
676 4170 950 4239 scriptor,
986 4168 1102 4223 flde
1135 4169 1351 4240 dignus
1386 4186 1515 4225 esse
1546 4170 1797 4225 videtur.

390 4261 607 4328 Heron,
667 4261 878 4329 Cotyos
938 4261 1023 4325 F.,
1112 4260 1512 4328 Atheniensis,
1572 4262 1796 4332 rhetor,
1867 4263 1967 4333 qui

322 4369 343 4397 ι
380 4348 618 4413 Causas,
652 4348 900 4403 Athenis
931 4353 1113 4417 actas,
1160 4350 1401 4420 scripsit.
1458 4353 1588 4406 Item
1636 4352 1967 4423 Expositio-

320 4453 519 4490 «nem
580 4437 941 4507 (orationum)
997 4438 1311 4492 Dinarchi:
1366 4441 1826 4495 commentarios
1907 4440 1967 4495 in

318 4549 343 4576 (ι
374 4525 763 4616 Herodotum,
790 4526 1267 4616 Xenophontem,
1300 4528 1725 4601 Thucydidem,
1765 4533 1964 4603 Κεκρι-
1995 4551 2044 4616 D

313 4639 341 4666 α
378 4613 552 4686 μένων
590 4610 874 4685 ὀνομάτων
906 4615 1261 4673 selectorum
1302 4617 1725 4673 vocabulorum
1782 4618 1965 4675 libros

323 4725 343 4753 ι
380 4705 476 4759 ΙΙΙ.
511 4706 823 4776 Epitomen
856 4705 1185 4761 Heraclidis
1211 4707 1594 4762 historiarum
1623 4724 1635 4774 ;
1670 4708 1748 4763 De
1807 4708 1963 4763 anti-

316 4817 342 4843 α
379 4795 513 4865 quis
544 4795 879 4849 oratoribus
907 4799 965 4849 et
994 4795 1384 4862 orationibus,
1422 4795 1638 4867 quibus
1688 4797 1748 4852 in
1792 4814 1960 4852 com-

315 4905 342 4933 ‹‹
378 4883 766 4939 missionibus
796 4885 1065 4940 vicerunt
1097 4909 1145 4939 ι.
1182 4886 1396 4940 Heroni
1431 4886 1673 4941 Proclus
1706 4903 1766 4941 se
1798 4904 1962 4941 com-

312 4973 498 5041 misit,
532 4973 654 5028 viro
687 4974 784 5044 pio
818 4978 876 5028 et
906 4974 1004 5045 qui
1038 4974 1296 5045 perfecte
1329 4991 1391 5029 se
1422 4982 1865 5047 comparaverat
1885 4976 1957 5033 ad

310 5058 706 5114 institutionis
728 5061 1023 5113 rationem
1056 5060 1429 5115 Alexandriae
1462 5063 1763 5118 usitatam.

382 5147 878 5218 Herophila,quaa
910 5152 969 5201 et
1022 5147 1246 5220 Sibylla
1294 5149 1615 5220 Erythram,
1666 5151 1956 5206 Theodori

308 5236 451 5291 ﬁlia.
487 5236 737 5309 Scripsit
764 5254 933 5291 versu
970 5238 1206 5293 heroico
1244 5230 1438 5310 βιϐλία
1467 5238 1514 5311 γ’
1568 5240 1817 5309 μαντικὰ,
1852 5248 1957 5297 tres

304 5326 716 5381 divinationum
746 5326 931 5395 libros,
967 5333 1026 5383 et
1058 5326 1394 5393 consulum,
1428 5327 1517 5380 vel
1550 5328 1634 5395 (ut
1686 5328 1787 5382 alii
1838 5335 1951 5385 tra-

301 5413 494 5483 dunt),
517 5416 820 5486 Tarquinii
838 5417 1205 5487 temporibus
1229 5419 1476 5471 Romam
1500 5416 1676 5485 venit,
1708 5435 1957 5488 sperans

300 5520 402 5558 eos
435 5519 646 5575 magno
680 5504 791 5558 sibi
813 5506 1065 5575 queestui
1090 5505 1233 5560 fore.
1264 5506 1375 5560 Sed
1401 5523 1535 5559 cum
1559 5508 1863 5563 contemni
1894 5526 1954 5563 se

298 5592 546 5659 videret,
581 5593 727 5648 duos
756 5593 942 5649 libros
974 5595 1293 5651 cremavit:
1340 5612 1498 5651 unus
1524 5612 1657 5652 vero
1691 5604 1954 5653 servatus

303 5682 415 5751 est,
452 5695 628 5751 quem
659 5684 905 5740 Romani
937 5700 1151 5756 magno
1183 5686 1374 5758 pretio
1408 5685 1814 5744 redemerunt.

2078 3283 2357 3357 gentibus
2384 3281 2835 3352 imperitarunt;
2870 3280 3012 3333 item
3035 3294 3101 3332 ea
3134 3294 3263 3347 quaa
3287 3274 3543 3346 Byzantii
3568 3276 3731 3344 gesta

2080 3376 2219 3427 sunt
2246 3385 2437 3439 usque
2470 3369 2544 3424 ad
2601 3368 2918 3439 imperium
2972 3364 3288 3431 Anastasii,
3338 3362 3727 3434 cognomento

2078 3460 2364 3527 Dicori,ln
2386 3458 2583 3513 Indice
2612 3454 2959 3511 suanullam
2974 3454 3113 3509 facit
3145 3452 3507 3507 mentionem
3533 3447 3723 3503 eccle-

2081 3549 2450 3605 siasticorum
2489 3547 2811 3610 doctorum,
2849 3544 2948 3613 qui
2964 3542 3296 3597 eruditione
3310 3540 3452 3595 clari
3467 3539 3727 3602 fuerunt,

2079 3634 2295 3688 uthinc
2315 3630 2603 3704 suspicari
2620 3631 2955 3695 liceat,eum
2974 3645 3092 3682 non
3108 3628 3289 3681 fuisse
3303 3626 3698 3681 Christianum
3712 3666 3724 3689 ,

2080 3722 2181 3776 sed
2215 3721 2587 3775 ethnicorum
2622 3719 2796 3789 nugis
2830 3723 2888 3773 et
2915 3717 3078 3772 vanis
3111 3715 3321 3770 studiis
3353 3713 3677 3768 addictum.

2151 3810 2473 3877 Hierocles,
2506 3808 2896 3880 philosophus
2928 3805 3385 3872 Alexandrinus,
3408 3801 3645 3874 ingenio
3675 3805 3731 3853 et

2079 3899 2315 3955 dicendi
2351 3898 2630 3953 facultate
2663 3896 2979 3960 excellens,
3001 3896 3172 3966 cujus
3190 3890 3730 3963 discipulus,Theo-

2080 3985 2845 4055 sebius,aiebatHieroclem
2863 3982 3185 4055 aliquando
3210 3983 3367 4036 inter
3387 3978 3726 4034 docendum

2080 4076 2321 4143 dixisse,
2357 4077 2615 4131 Socratis
2649 4092 2957 4130 sermones
3016 4073 3256 4128 tesseris
3297 4086 3425 4126 esse
3477 4067 3724 4129 similes,

2077 4170 2144 4220 ut
2173 4166 2273 4236 qui
2300 4182 2535 4235 semper
2561 4166 2739 4219 erecti
2764 4170 2942 4231 stent,
2970 4179 3324 4234 quocunque
3347 4158 3723 4220 cecidissent,

2079 4253 2367 4307 Hieroclis
2390 4253 2655 4307 animum
2682 4253 2909 4308 virilem
2936 4267 3333 4323 magnumque
3351 4245 3724 4305 adversafor-

2078 4346 2224 4395 tuna
2244 4340 2687 4395 demonstravit.
2714 4343 2857 4395 Cum
2872 4341 3030 4394 enim
3050 4339 3386 4410 Byzantium
3402 4333 3721 4407 profectus,

2078 4429 2727 4500 Christianos,quorum
2743 4446 2975 4484 summa
2988 4434 3247 4499 potestas
3262 4431 3407 4489 erat,
3433 4422 3718 4480 offendis-

2080 4518 2557 4590 set,injudicium
2581 4518 2792 4573 ductus
2820 4524 2877 4573 et
2892 4519 3236 4573 verberibus
3259 4533 3448 4573 caesus
3484 4516 3724 4588 sangui-

2074 4625 2233 4675 nem,
2270 4625 2386 4680 quo
2418 4608 2719 4675 manabat,
2753 4624 2892 4663 cava
2922 4624 3103 4663 manu
3136 4608 3387 4679 excepit,
3415 4607 3724 4679 eoqueju-

2075 4699 2266 4754 dicem
2300 4699 2554 4771 aspersit
2581 4698 2847 4767 dixitque
2874 4715 2886 4751 :
2922 4694 3166 4769 Κύκλωψ
3194 4702 3287 4765 τῆ,
3319 4696 3401 4748 σεῖ’
3431 4698 3571 4763 ἷνον,
3603 4695 3717 4749 insi

2073 4788 2234 4863 φάγες
2266 4784 2543 4861 ἀνδρόμεα
2570 4786 2700 4860 κρέα
2733 4788 2963 4859 (Odyss.
3000 4787 3043 4853 Ι,
3078 4789 3221 4858 347).
3256 4809 3283 4837 ‹‹
3313 4789 3418 4852 En,
3452 4785 3718 4857 Cyclops,

2071 4900 2099 4928 «
2125 4879 2260 4933 bibe
2282 4880 2483 4934 vinum
2506 4884 2821 4951 postquam
2838 4878 3157 4932 humanam
3177 4893 3418 4932 carnem
3446 4877 3723 4931 devoras-

2070 4990 2098 5017 «
2132 4969 2173 5021 ti
2209 4990 2258 5023 ››.
2293 4970 2432 5023 Post
2462 4968 2737 5023 exsilium
2771 4968 2909 5021 inde
2958 4983 3226 5021 reversus
3278 4964 3718 5031 Alexandriam,

2067 5073 2232 5111 more
2260 5056 2435 5111 solito
2466 5057 2902 5128 philosOphiam
2930 5055 3240 5127 discipulis
3261 5055 3720 5125 exposuit.Men-

2067 5148 2142 5202 tis
2174 5148 2302 5219 ejus
2335 5147 2669 5204 sublimitas
2696 5147 2949 5219 perspici
2984 5152 3178 5218 potest
3209 5163 3277 5200 ex
3307 5146 3721 5203 commentariis

2068 5253 2217 5307 quos
2250 5238 2487 5309 scripsit
2522 5260 2545 5289 α
2580 5239 2639 5292 in
2659 5252 2839 5293 aurea
2857 5236 3124 5292 carmina
3141 5237 3641 5308 Pythagoreorum
3662 5256 3713 5298 »,

2066 5333 2125 5380 et
2154 5327 2427 5398 pluribus
2460 5328 2595 5383 aliis
2630 5328 2798 5382 libris
2832 5331 2907 5381 De
2956 5328 3336 5387 Providentia.
3394 5345 3461 5381 ex
3501 5323 3718 5393 quibus

2066 5423 2311 5489 apparet
2342 5419 2535 5472 virum
2570 5418 2741 5471 illum
2777 5417 2976 5472 animo
3009 5419 3249 5489 quidem
3304 5414 3559 5480 excelso,
3613 5413 3716 5468 sed

2065 5507 2316 5561 scientia
2349 5507 2546 5561 minus
2579 5512 2855 5561 accurata
2886 5508 3199 5578 prseditum
3234 5504 3436 5559 fuisse.

2138 5597 2552 5667 Hieronymus,
2592 5599 2901 5665 tyrannus,
2944 5598 3013 5647 de
3064 5593 3236 5664 cujus
3286 5600 3475 5648 morte
3526 5598 3712 5663 (κατα-

2064 5687 2296 5760 στροφῇ)
2320 5687 2421 5757 qui
2447 5686 2839 5758 scripserunt,
2866 5684 3524 5741 historicimultaverba
3550 5686 3711 5741 fece-
