4070 6196
355 340 510 402 1275

1653 333 1896 395 INDEX
1941 332 2437 394 SCRIPTORUM

3602 331 3768 394 1216

353 479 496 532 runt
524 475 596 530 de
623 473 802 529 rebus
833 471 1152 535 atrocibus,
1186 485 1317 542 quae
1349 471 1410 526 in
1443 469 1631 541 ipsius
1653 469 1818 524 obitu
1843 468 1967 524 acci
2027 469 2083 538 Α
2112 467 2174 524 in
2208 468 2570 538 Macedonia,
2601 469 2702 525 ubi
2734 470 2856 542 regi
2879 468 3177 525 Perdicca;
3207 468 3528 526 admodum
3547 467 3774 524 charus

354 565 570 619 derunt
594 567 659 616 ut
690 569 800 616 n‘ec
831 559 1120 624 Phalaris,
1144 575 1254 614 nec
1271 557 1690 630 Apollodorus,
1715 574 1825 613 nec
1847 573 2001 613 unus

357 651 510 706 alius
537 655 824 721 tyrannus
856 647 1036 702 fuerit
1065 646 1168 700 illo
1198 645 1488 712 acerbior,
1521 651 1632 701 etc.

429 741 838 809 Hieronymus,
873 736 1221 800 Cardianus,
1255 735 1355 806 qui
1385 752 1470 790 res
1495 735 1570 790 ad
1600 734 2005 791 Alemandriam

357 837 553 900 gestas,
575 828 642 881 τὰ
673 826 754 880 ἐπ’
784 822 1169 899 Ἀλεξάνδρου,
1202 823 1516 900 πραχθέντα
1537 827 1841 896 (Kusterus
1863 825 2006 898 legit

353 918 421 974 τὰ
450 917 539 971 ὑπ’
569 912 942 988 Ἀλεξάνδρον,
972 933 1057 971 res
1097 915 1414 970 Alemandri
1457 918 1690 985 Magni),
1742 915 2002 971 conscri-

355 1007 494 1079 psit.
517 1005 728 1061 Cardia
747 1020 967 1060 nomen
991 1004 1156 1060 urbis
1177 1004 1264 1074 (in
1285 1003 1566 1060 Thracica
1589 1002 2001 1075 Chersoneso).

428 1095 711 1162 Hilarius,
742 1095 956 1165 Phryx,
990 1093 1098 1148 sub
1131 1093 1370 1148 Joviano
1401 1094 1543 1164 imp.
1577 1093 1739 1160 vixit,
1773 1094 1862 1147 vir
1883 1109 2005 1148 non

357 1185 598 1256 quidem
627 1183 962 1240 eruditionc
990 1182 1264 1246 celebris,
1298 1182 1402 1238 sed
1447 1184 1562 1238 Deo
1614 1183 1801 1238 visum
1856 1187 2002 1246 erat,

361 1275 699 1330 futurorum
756 1271 1194 1344 prmscientiam
1253 1271 1341 1327 illi
1416 1271 1728 1343 impertiri.
1800 1274 2004 1343 Itaque

360 1362 891 1436 praestantissimus
922 1366 1081 1416 vates
1120 1361 1250 1418 fuit.

431 1452 750 1517 Himerius,
785 1451 1032 1506 Aminiaa
1063 1449 1319 1506 rhetoris
1346 1450 1430 1516 F.,
1464 1466 1535 1506 ex
1565 1448 1868 1518 Prusiade,
1901 1450 2004 1505 Bi-

361 1542 581 1611 thynia)
611 1540 864 1608 civitate,
901 1540 1185 1611 sophista,
1216 1539 1435 1594 Juliani
1466 1539 1609 1610 imp.
1637 1538 2006 1610 temporibus

357 1631 501 1685 vixit
529 1634 585 1685 et
614 1630 861 1686 Athenis
889 1630 1196 1685 Proaaresii
1228 1629 1479 1684 mmulus
1507 1629 1639 1695 fuit,
1683 1629 2006 1701 oculosque

360 1721 423 1775 in
463 1725 768 1776 senectute
799 1719 1016 1775 amisit.
1050 1719 1298 1790 Scripsit
1327 1718 1790 1774 Declamationes.

2109 557 2221 614 fuit
2252 559 2595 631 relictisque
2626 560 2857 616 duobus
2890 560 3051 627 ﬁliis,
3083 560 3362 615 Thessalo
3391 567 3450 615 et
3475 562 3772 625 Dracone,

2111 647 2262 702 obiit
2290 665 2446 703 anno
2478 649 2669 704 mtatis
2695 651 2831 713 CIV,
2866 649 3136 720 sepultus
3167 649 3411 704 Larissa}
3439 649 3499 703 in
3523 649 3779 704 Thessa-

2111 735 2213 792 lia.
2249 738 2314 792 ln
2348 737 2683 794 simulacris
2715 744 2774 793 et
2803 738 3158 810 imaginibus
3191 744 3367 809 caput
3397 738 3528 810 ejus
3560 737 3776 792 cerni-

2112 832 2208 881 tur
2238 826 2418 898 pallio
2449 831 2664 881 tectum
2698 844 2710 880 :
2742 828 2830 882 vel
2863 827 3022 898 quod
3050 828 3146 882 hic
3172 833 3330 882 esset
3349 844 3476 882 mos
3495 829 3648 899 ejus,
3673 827 3774 881 vel

2109 921 2353 987 propter
2381 915 2800 987 peregrinandi
2829 917 3116 983 studium,
3148 917 3239 971 vel
3269 916 3428 987 quod
3449 933 3518 970 eo
3549 916 3767 970 habitu

2111 1003 2469 1076 chirurgiam
2501 1021 2775 1061 exercere
2809 1006 3047 1061 soleret.
3084 1006 3187 1061 Hic
3219 1005 3408 1060 multa
3438 1005 3680 1076 scripsit
3712 1009 3776 1058 et

2111 1093 2270 1166 apud
2299 1111 2509 1151 omnes
2539 1095 2736 1150 clarus
2768 1095 2969 1159 evasit,
3000 1095 3148 1151 adeo
3179 1101 3248 1150 ut
3277 1112 3528 1168 magnus
3553 1097 3775 1150 Persa-

2111 1199 2244 1238 rum
2279 1201 2400 1252 rex,
2438 1188 2802 1255 Artaxerxes,
2837 1185 3072 1256 scriptis
3092 1185 3164 1240 ad
3186 1184 3768 1256 Hystanemlitteris,

2110 1271 2289 1344 hujus
2356 1272 2464 1327 viri
2520 1273 2874 1345 sapientiam
2933 1274 3266 1345 expetierit.
3322 1296 3348 1323 «
3385 1275 3507 1329 Rex
3553 1289 3769 1344 regum

2113 1382 2142 1410 ‹‹
2179 1377 2428 1434 magnus
2458 1363 2808 1418 Artaxerxes
2840 1384 2891 1429 »,
2919 1367 3030 1418 etc.
3067 1362 3221 1418 Libri
3248 1363 3622 1436 Hippocratis
3645 1379 3774 1416 om-

2111 1449 2288 1506 nibus
2317 1451 2639 1508 medicinaa
2672 1452 2956 1508 studiosis
2987 1459 3127 1508 sunt
3157 1452 3481 1521 notissimi,
3526 1451 3630 1523 qui
3663 1467 3774 1506 eos

2111 1543 2178 1596 ut
2208 1540 2449 1596 oracula
2473 1540 2697 1610 divina,
2729 1539 2802 1600 ὡς
2835 1544 2970 1596 Θεοῦ
3002 1540 3184 1618 φωνὰς
3213 1539 3306 1594 καὶ
3338 1538 3437 1594 οὐκ
3473 1539 3775 1613 ἀνθρώπων

2110 1624 2484 1700 προελθούσας
2511 1626 2569 1682 ἐκ
2601 1628 2894 1699 στόματος,
2923 1635 3300 1685 venerantur.
3335 1630 3569 1684 Primus
3595 1651 3622 1674 α
3647 1630 3780 1683 lus.

2113 1740 2140 1767 ‹‹
2165 1719 2518 1790 jurandum,
2551 1721 2819 1778 secundus
2850 1721 3294 1788 Praedictiones,
3327 1722 3527 1776 tertius
3562 1719 3779 1790 Apho-

435 1809 813 1880 Hipparchia,
848 1825 1016 1864 soror
1043 1808 1362 1877 Metroclis,
1403 1807 1628 1879 Cynici,
1681 1808 2003 1878 Maronitis,

2129 1829 2146 1856 ι
2179 1807 2499 1864 rismorum
2530 1806 2870 1878 ἀνθρωπίνην
2905 1802 3241 1881 ὑπερϐαίνων
3277 1805 3506 1874 σῦνεσιν,
3540 1808 3644 1877 qui
3675 1825 3777 1862 su-

364 1897 722 1969 philosopha
753 1897 992 1968 Cynica,
1023 1913 1173 1952 uxor
1201 1897 1402 1968 Cynici
1434 1896 1707 1966 Cratetis,
1754 1897 1854 1968 qui
1899 1896 2011 1952 fuit

364 1987 772 2055 Atheniensis,
804 1986 1133 2058 discipulus
1163 1986 1463 2059 Brysonis,
1510 1986 1733 2053 Achaai,
1785 1985 1894 2055 vel,
1947 1991 2012 2041 ut

364 2076 462 2131 alii
499 2076 761 2144 tradunt,
799 2075 1089 2147 Diogenis.
1125 2075 1371 2146 Scripsit
1402 2074 1818 2146 philosophica
1848 2093 2008 2145 quaa-

362 2164 519 2232 dam,
552 2165 694 2220 item
725 2165 1268 2238 argumentationes
1298 2164 1620 2220 nonnullas
1651 2170 1710 2220 et
1729 2165 2008 2236 qumstio-

363 2272 468 2310 nes
497 2254 571 2310 ad
620 2254 1014 2321 Theodorum,
1074 2255 1337 2310 atheum.
1391 2255 1617 2310 Floruit
1663 2253 2009 2328 Olympiade

362 2345 499 2400 CXI.
533 2343 772 2414 (Confer
802 2359 933 2414 qua)
965 2343 1176 2400 Suidas
1204 2345 1266 2398 in
1296 2343 1481 2417 Ἦρα.)

434 2432 834 2504 Hipparchion
892 2436 1113 2487 iratus.
1177 2434 1298 2488 Duo
1357 2432 1597 2488 fuerunt
1663 2431 2004 2502 Citharmdi,

362 2521 764 2593 Hipparchion
801 2526 859 2576 et
887 2521 1161 2577 Ruﬁnus.
1192 2521 1338 2576 Cum
1369 2527 1568 2577 autem
1595 2522 1849 2579 instaret
1876 2539 2003 2578 cer-

363 2628 522 2681 men,
556 2611 954 2683 Hipparchion
987 2617 1186 2667 mutus
1218 2612 1400 2668 stetit.
1443 2675 1449 2679 _

434 2701 823 2772 Hipparchus,
855 2701 1120 2756 comicus
1173 2701 1434 2772 antiquas
1482 2701 1806 2758 commdiai.
1859 2704 2005 2760 Dra-

355 2795 516 2847 mata
543 2792 694 2863 ejus,
728 2791 801 2847 de
829 2790 1076 2862 nuptiis.

429 2881 820 2952 Hipparchus,
870 2881 1164 2952 Stagirita,
1211 2879 1622 2952 philosophus,
1671 2881 2004 2938 Aristotelis

359 2968 692 3040 discipulus
711 2974 770 3024 et
788 2975 1092 3041 cognatus.
1126 2969 1368 3040 Scripsit
1391 2968 1463 3024 de
1484 2970 1815 3026 masculino
1837 2975 1899 3028 et
1916 2971 2005 3028 fe-

355 3058 583 3114 minino
611 3075 752 3114 sexu
784 3058 1127 3130 nuptiisque
1159 3057 1426 3125 deorum,
1470 3064 1529 3114 et
1556 3059 1676 3116 alia
1705 3060 2000 3130 quasdam.

429 3148 819 3219 Hipparchus,
879 3147 1220 3210 Nicaeensis.
1277 3147 1688 3219 phiIOSOphus,
1739 3149 1842 3219 qui
1891 3151 2000 3206 sub
2038 3193 2076 3219 η

2125 1918 2154 1946 α
2187 1901 2356 1967 perat
2407 1897 2714 1969 ingenium
2772 1898 3102 1954 humanum
3137 1919 3185 1953 ιι.
3241 1898 3525 1963 Quartum
3571 1897 3780 1951 locum

2122 1990 2285 2042 tenet
2305 1985 2766 2044 celeberrimum
2797 1987 2946 2044 illud
2973 1994 3032 2044 et
3060 1987 3409 2042 admirabile
3431 2003 3579 2058 opus
3597 2002 3776 2041 sexa-

2121 2075 2284 2146 ginta
2315 2075 2600 2130 librorum
2628 2076 2748 2131 sive
2777 2077 3298 2145 Hexecontabiblus,
3333 2075 3492 2146 quod
3522 2091 3769 2130 omnem

2120 2163 2415 2220 medicam
2448 2165 2760 2220 scientiam
2793 2172 2850 2220 et
2880 2165 3236 2237 sapientiam
3267 2165 3554 2220 continet.

2195 2254 2607 2325 Hippocrates,
2640 2255 2902 2310 Thessali
2937 2257 3023 2324 F.,
3054 2256 3232 2321 Cous,
3265 2255 3557 2320 medicus,
3586 2270 3781 2325 nepos

2123 2343 2496 2414 Hippocratis
2535 2344 2803 2414 secundi,
2860 2343 2968 2400 ﬁlii
3022 2344 3368 2400 Heraclidas.
3419 2343 3677 2414 Scripsit
3724 2349 3783 2398 et

2121 2431 2247 2504 ipse
2275 2432 2524 2488 medica.

2193 2522 2599 2594 Hippocrates,
2631 2523 2918 2578 Draconis
2949 2523 3034 2592 F.,
3067 2523 3239 2590 Cous,
3271 2522 3560 2590 medicus,
3609 2522 3773 2594 ejus-

2119 2609 2255 2666 dem
2288 2611 2661 2682 Hippocratis
2692 2611 2938 2667 secundi
2969 2627 3178 2682 nepos,
3203 2612 3306 2684 qui
3330 2613 3633 2667 Roxanem
3658 2628 3772 2666 cu-

2119 2699 2270 2756 ravit
2298 2705 2358 2755 et
2383 2699 2491 2754 sub
2522 2700 2874 2768 Cassandro,
2908 2701 3204 2773 Antipatri
3241 2703 3326 2770 F.,
3358 2719 3386 2756 e
3417 2702 3536 2755 vita
3567 2716 3774 2756 exces-

2120 2789 2216 2844 sit.
2249 2789 2496 2860 Scripsit
2525 2794 2585 2844 et
2613 2789 2738 2862 ipse
2770 2790 3020 2847 medica.

2189 2878 2598 2950 Hippocrates,
2630 2879 2875 2950 quintus
2916 2886 2976 2936 et
3024 2885 3249 2950 sextus,
3303 2879 3519 2936 medici
3569 2879 3771 2947 ambo,

2119 2967 2450 3039 Thymbraai
2485 2967 2617 3034 ﬁlii,
2650 2969 2752 3024 Coi
2780 2975 2839 3024 et
2883 2969 3019 3041 ipsi,
3072 2969 3463 3042 ejusdemque
3508 2971 3770 3042 generis.

2119 3057 2498 3128 Scripserunt
2525 3057 2700 3113 ambo
2726 3057 2799 3114 de
2827 3058 3034 3116 eadem
3066 3059 3334 3115 scientia.

2194 3147 2600 3218 Hippocrates,
2633 3149 2944 3220 septimus,
2975 3148 3149 3216 Cous,
3195 3155 3255 3204 et
3299 3150 3428 3222 ipse
3475 3149 3771 3218 medicus,

429 3197 819 3219 --τι--η---ι
879 3197 1220 3210 -----η-----ι
1277 3197 1688 3219 τ---ν-ντ---η
1743 3197 1842 3219 γ-
1892 3197 1996 3206 -—-
2194 3197 2600 3218 “Tr—nm",
2633 3197 2944 3220 —'r"'—"'1
2981 3197 3149 3216 νν-νν
3199 3197 3254 3204 π
3299 3197 3427 3222 τη
3475 3197 3771 3218 --ν“·’·“”··’1

354 3235 703 3292 consulibus
731 3237 892 3292 vixit.
927 3236 1175 3307 Scripsit
1205 3257 1233 3286 «
1267 3237 1346 3290 De
1368 3237 1530 3291 Arati
1552 3237 1996 3308 phaanomenis;
2035 3197 2080 3265 ρ
2117 3235 2520 3292 Praxianactis
2551 3238 2635 3302 F.,
2668 3237 3057 3309 ejusdemque
3112 3240 3370 3312 generis.
3415 3240 3668 3312 Scripsit
3714 3245 3772 3295 et

356 3347 380 3379 ι
417 3328 497 3382 De
529 3326 837 3382 stellarum
869 3326 1264 3382 inerrantium
1295 3327 1722 3384 constitutione
1776 3334 1836 3384 et
1881 3333 2000 3385 sta-

353 3438 380 3464 ‹‹
409 3415 568 3471 tione
592 3433 605 3481 ;
631 3417 711 3470 De
741 3420 1051 3471 menstruo
1076 3415 1236 3471 lunai
1257 3421 1420 3471 motu
1439 3416 1768 3472 secundum
1795 3415 2000 3472 latitu-

355 3525 382 3555 ιι
414 3504 638 3571 dinem,
672 3512 724 3560 et
754 3507 821 3561 In
857 3505 1204 3562 asterismos
1225 3527 1272 3559 ››.
1302 3505 1519 3577 [Proba
1543 3511 1634 3562 est
1663 3506 2000 3564 emendatio

354 3594 418 3648 In
450 3597 780 3651 asterismos.
814 3597 878 3650 In
903 3594 1096 3650 Suidae
1118 3599 1280 3650 textu
1320 3594 1535 3667 legitur
1569 3593 1666 3656 Εἰς
1689 3592 1816 3656 τοὺς
1843 3593 2003 3667 ἀρίσ-

355 3700 506 3746 τους,
541 3700 672 3752 qum
703 3683 879 3738 lectio
903 3685 1041 3754 jure
1071 3683 1381 3739 videbatur
1410 3683 1620 3739 vitiosa
1649 3686 1920 3753 Kustero,
1945 3689 2006 3740 at

358 3769 482 3840 qui,
513 3771 810 3840 quomodo
844 3772 1040 3826 sanari
1073 3776 1294 3842 posset,
1329 3788 1449 3826 non
1483 3772 1861 3844 reperiebat.]

423 3855 914 3928 'lnn&¢,~equester
943 3859 1096 3914 ordo.
1132 3859 1332 3922 Solon,
1361 3860 1461 3930 qui
1489 3860 1650 3932 leges
1678 3862 2004 3919 Athenien-

353 3944 516 3999 sibus
573 3946 828 4016 scripsit,
889 3952 1072 4002 totam
1131 3963 1338 4002 eorum
1398 3948 1850 4006 multitudinem
1941 3952 2001 4007 in

354 4039 610 4106 quatuor
639 4035 861 4092 classes
893 4035 1182 4098 distinxit.
1216 4041 1327 4092 etc.

425 4125 689 4197 Hippias,
722 4125 1014 4198 Diopithis
1043 4125 1344 4194 F.,Eleus,
1371 4127 1638 4200 sophista
1660 4133 1718 4184 et
1741 4129 2004 4201 philoso-

350 4215 524 4288 phus,
558 4215 888 4287 discipulus
917 4215 1310 4289 Hegesidami,
1335 4218 1439 4288 qui
1461 4234 1759 4274 summum
1778 4219 2001 4278 bonum

355 4305 653 4360 statuebat
679 4302 1018 4376 αότάρκειαν.
1069 4304 1249 4361 Multa
1307 4306 1564 4377 scripsit.
1617 4337 1683 4349 —-
1729 4309 2002 4366 Diversus

353 4398 443 4449 est
477 4394 741 4466 Hippias,
774 4399 1066 4466 tyrannus
1096 4395 1502 4463 Atheniensis,
1533 4395 1606 4452 de
1638 4413 1754 4468 quo
1777 4398 2002 4454 multus

353 4487 445 4538 est
475 4483 704 4540 Suidas.

2102 3324 2229 3398 ipse
2259 3324 2334 3380 de
2363 3325 2570 3382 eadem
2602 3331 2754 3386 arte.

2191 3414 2560 3486 Hippolytus.
2594 3416 2700 3472 Hic
2730 3417 2970 3490 scripsit
3026 3418 3086 3474 in
3127 3418 3474 3490 prophetias
3504 3419 3770 3475 Danielis

2117 3503 2642 3572 commentarium,
2673 3510 2734 3562 et
2761 3507 2823 3562 in
2856 3507 3167 3564 Proverbia
3195 3507 3554 3565 Salomonis.

2177 3595 2542 3665 Hippolytum
2573 3596 2862 3665 imitabor,
2889 3596 2961 3653 de
2985 3597 3060 3654 iis
3081 3598 3181 3669 qui
3215 3599 3551 3656 castitatem
3585 3600 3768 3671 protl-

2115 3689 2338 3740 tentur.

2175 3774 2750 3848 Hipponax,Pytheas
2763 3782 2824 3833 et
2838 3777 3134 3835 Procridis
3148 3780 3604 3852 F.,Ephesiuset
3619 3781 3765 3835 iam-

2111 3861 2326 3919 borum
2358 3863 2629 3935 scriptor,
2664 3865 2767 3936 qui
2797 3865 3163 3924 Clazomenis
3193 3868 3500 3934 habitavit,
3551 3868 3765 3939 pulsus

2115 3969 2149 4008 a
2175 3955 2467 4025 tyrannis,
2493 3955 2867 4026 Athenagora
2895 3961 2954 4012 et
2983 3959 3185 4015 Coma.
3217 3959 3465 4030 Scripsit
3496 3959 3557 4012 in
3581 3960 3770 4030 Bupa-

2114 4041 2239 4098 lum
2271 4043 3240 4118 etAthenidem,statuarios,quod
3261 4047 3550 4120 imagines
3574 4047 3767 4117 ipsius

2115 4131 2356 4188 ludibrii
2378 4137 2436 4190 et
2451 4134 2832 4202 contumelia;
2853 4136 3042 4208 gratia
3066 4136 3568 4193 efﬂuxissentJlic
3583 4138 3768 4192 etiam

2114 4221 2344 4294 primus
2373 4222 2682 4294 parodiam
2723 4229 2781 4280 et
2809 4224 3212 4282 choliambum
3233 4226 3492 4297 scripsit,
3534 4231 3595 4282 et
3624 4226 3764 4282 alia.

2116 4309 2203 4380 [V.
2236 4311 2468 4366 Kﬁster.
2504 4315 2646 4365 tom.
2681 4313 2752 4380 ll,
2787 4329 2918 4384 pag.
2953 4313 3076 4381 148,
3123 4318 3248 4369 not.
3301 4316 3355 4383 4,
3405 4315 3506 4384 qui
3559 4313 3764 4369 locum

2116 4396 2308 4452 Suidaa
2337 4397 2493 4452 male
2525 4400 2953 4470 transpositum
2983 4400 3054 4457 de
3095 4407 3337 4458 auctore
3385 4401 3648 4474 parodizn
3703 4408 3766 4458 et

2115 4485 2430 4542 choliambi
2465 4486 2615 4544 bene
2657 4488 2893 4545 reduxit
2938 4491 2998 4546 in
3032 4507 3202 4548 suam
3251 4490 3473 4559 sedem,
3529 4508 3764 4564 suoque

424 4570 811 4642 Hippobotus,
845 4571 1258 4643 philos0phus,
1291 4573 1394 4643 qui
1447 4572 1596 4628 dixit
1625 4589 1836 4630 novem
1869 4592 2001 4632 esse
2031 4557 2081 4623 υ
2109 4576 2334 4632 auctori
2361 4576 2624 4632 reddidit
2653 4579 3106 4650 inventionem.]

348 4659 844 4730 philosophorum
876 4665 1086 4717 sectas.
1117 4660 1261 4716 Vide
1294 4677 1473 4732 supra
1503 4663 1564 4716 in
1592 4663 1853 4720 Heresis.

419 4748 823 4819 Hippocrates,
859 4750 1156 4806 Gnosidici
1179 4751 1441 4817 F.,Cous,
1465 4757 1632 4821 pater
1649 4752 1995 4819 Heraclidas,

351 4837 604 4893 celebris
628 4839 1000 4910 Hippocratis
1020 4857 1181 4904 avus,
1209 4840 1476 4897 medicus
1497 4846 1557 4896 et
1573 4842 1700 4914 ipse
1722 4860 1752 4898 e
1772 4843 1998 4899 familia

348 4926 850 4998 Asclepiadarum.
888 4931 1134 5001 Scripsit
1162 4936 1352 4986 artem
1384 4921 1698 4989 medicam.

419 5017 827 5089 Hippocrates,
859 5021 1033 5088 Cous,
1065 5019 1357 5088 medicus,
1409 5021 1730 5078 Heraclidas
1761 5025 1820 5080 F.
1855 5025 1993 5096 Hip-

345 5106 603 5176 pocratis
634 5124 822 5178 nepos
852 5124 956 5163 avo
992 5109 1322 5179 prmfertur,
1358 5109 1522 5166 sidus
1582 5111 1881 5182 quoddam
1927 5129 1996 5170 ac

345 5195 552 5262 lumen
583 5197 919 5264 medicines,
952 5215 1070 5269 quo
1097 5199 1249 5253 nihil
1280 5203 1372 5254 est
1398 5200 1528 5256 vitm
1547 5201 1772 5258 utilius.
1795 5205 1876 5259 Ex
1891 5221 1994 5275 po-

351 5287 524 5341 steris
557 5285 762 5357 Chrysi
796 5293 854 5344 et
884 5288 1016 5360 ejus
1047 5288 1179 5357 ﬁlii,
1207 5289 1438 5360 Elaphi,
1465 5291 1566 5361 qui
1598 5296 1657 5347 et
1685 5293 1794 5363 ipsi
1827 5293 1994 5350 fuere

349 5375 587 5431 medici.
619 5376 954 5448 Discipulus
972 5377 1230 5448 primum
1261 5379 1679 5450 patris,postea
1701 5382 1992 5452 Herodici,

349 5464 682 5533 Selybriani
715 5473 773 5520 et
799 5466 1043 5539 Gorgiae,
1071 5468 1323 5522 oratoris
1345 5484 1412 5522 ac
1433 5469 1792 5541 philosophi.
1817 5473 2000 5527 Aiunt

349 5553 550 5622 etiam,
576 5554 1015 5610 adolescentem
1035 5555 1355 5611 accessisse
1373 5557 1446 5611 ad
1461 5558 1859 5614 Democritum
1879 5560 1995 5615 Ab-

353 5641 629 5708 deritam,
661 5644 762 5701 alii
793 5644 1107 5702 Prodicum
1138 5641 1454 5702 audivisse.
1487 5647 1896 5706 Commoratus
1909 5655 2000 5706 est

2179 4675 2422 4748 Hippys,
2456 4677 2774 4750 Rheginus,
2807 4679 3148 4746 historicus,
3169 4681 3270 4752 qui
3294 4681 3760 4752 temporebello-

2107 4780 2234 4820 rum
2268 4765 2640 4822 Persicorum
2669 4767 2810 4822 vixit
2838 4773 2899 4823 et
2949 4768 3178 4839 primus
3223 4771 3324 4824 Res
3347 4770 3564 4825 Siculas
3607 4773 3756 4826 scri-

2107 4853 2246 4924 psit,
2263 4870 2412 4923 quas
2426 4860 2632 4925 postea
2647 4857 2804 4926 Myes
2824 4855 3052 4928 redegit
3072 4857 3132 4912 in
3155 4858 3756 4928 compendiumJtem

2110 4961 2134 4993 ο
2169 4942 2439 5014 Origines
2463 4942 2646 4998 Italiae
2670 4960 2683 5010 ;
2709 4944 3038 5000 Sicularum
3063 4962 3264 5002 rerum
3285 4946 3470 5003 libros
3494 4949 3763 5006 V:Chro—

2114 5050 2136 5078 ι
2169 5031 2439 5087 nicorum
2471 5031 2656 5088 libros
2687 5035 2727 5086 V
2753 5051 2767 5101 ;
2798 5035 3206 5107 Argolicorum
3237 5035 3420 5093 libros
3450 5039 3528 5092 ΙΙΙ
3557 5060 3608 5096 ».

2179 5120 2509 5194 Ἰστορῆσαι.
2545 5122 2686 5178 Vide
2713 5139 2892 5196 supra
2946 5125 3008 5179 in
3051 5128 3354 5194 Hecataeus,
3396 5127 3497 5182 ubi
3543 5129 3754 5186 eadem

2109 5212 2180 5268 de
2212 5214 2502 5284 Hecatam,
2536 5214 2874 5286 Pherecyde
2903 5220 2962 5270 et
2990 5217 3265 5272 Acusilao
3295 5216 3590 5290 leguntur.

2179 5301 2530 5370 Homeridm,
2565 5304 2663 5374 qui
2698 5320 2898 5361 versus
2929 5306 3752 5366 Homericosrecitabant.Alii

2105 5387 2392 5444 familiam
2415 5389 2528 5445 hoc
2557 5391 2728 5447 aiunt
2755 5408 2974 5448 nomen
2999 5393 3208 5449 tulisse
3230 5411 3266 5450 a
3287 5401 3457 5466 poeta
3473 5397 3750 5456 Homero.

2108 5476 2222 5531 Alii
2246 5484 2515 5548 posteros
2547 5479 2846 5546 Chiorum,
2881 5482 2981 5552 qui
3020 5481 3082 5536 in
3133 5483 3599 5541 Bacchanalibus
3650 5505 3756 5558 per

2107 5565 2246 5621 data
2277 5566 2526 5622 invicem
2561 5564 2746 5642 ὅμηρα
2778 5570 2899 5624 sive
2931 5569 3170 5625 obsides
3193 5578 3468 5645 acceptos
3495 5590 3532 5628 a
3560 5592 3754 5648 pugna

2109 5659 2168 5710 et
2194 5655 2393 5713 furore
2427 5657 2797 5728 quieverunt.
