  <div class='ocr_page' id='page_1' title='image "/cluster/home/n/w/nwhite01/storage/ocr_20150623/117/hvd.32044073502239/644.png"; bbox 0 0 4070 6196; ppageno 0'>
   <div class='ocr_carea' id='block_1_1' title="bbox 358 342 510 402">
    <p class='ocr_par' dir='ltr' id='par_1_1' title="bbox 358 342 510 402">
     <span class='ocr_line' id='line_1_1' title="bbox 358 342 510 402; baseline -0.02 0"><span class='ocrx_word' id='word_1_1' title='bbox 358 342 510 402; x_wconf 78' lang='grc'>1277</span> 
     </span>
    </p>
   </div>
   <div class='ocr_carea' id='block_1_2' title="bbox 1670 335 2455 407">
    <p class='ocr_par' dir='ltr' id='par_1_2' title="bbox 1670 335 2455 407">
     <span class='ocr_line' id='line_1_2' title="bbox 1670 335 2455 407; baseline -0.009 -6"><span class='ocrx_word' id='word_1_2' title='bbox 1670 342 1772 401; x_wconf 88' lang='lat' dir='ltr'>DE</span> <span class='ocrx_word' id='word_1_3' title='bbox 1812 336 2117 407; x_wconf 67' lang='grc' dir='ltr'>ρῠῃςυε-</span> <span class='ocrx_word' id='word_1_4' title='bbox 2144 335 2455 397; x_wconf 80' lang='lat' dir='ltr'>SUIDAS.</span> 
     </span>
    </p>
   </div>
   <div class='ocr_carea' id='block_1_3' title="bbox 3608 336 3761 396">
    <p class='ocr_par' dir='ltr' id='par_1_3' title="bbox 3608 336 3761 396">
     <span class='ocr_line' id='line_1_3' title="bbox 3608 336 3761 396; baseline -0.013 0"><span class='ocrx_word' id='word_1_5' title='bbox 3608 336 3761 396; x_wconf 67' lang='lat'>1278</span> 
     </span>
    </p>
   </div>
   <div class='ocr_carea' id='block_1_4' title="bbox 420 467 1967 547">
    <p class='ocr_par' dir='ltr' id='par_1_4' title="bbox 420 468 1944 547">
     <span class='ocr_line' id='line_1_4' title="bbox 420 468 1944 547; baseline -0.002 -18"><span class='ocrx_word' id='word_1_6' title='bbox 420 472 717 546; x_wconf 77' lang='grc' dir='ltr'>Ὀμήρειος</span> <span class='ocrx_word' id='word_1_7' title='bbox 739 468 921 547; x_wconf 82' lang='grc' dir='ltr'>λόγος.</span> <span class='ocrx_word' id='word_1_8' title='bbox 948 471 1253 545; x_wconf 60' lang='grc' dir='ltr'>Ὀιληρίζω,</span> <span class='ocrx_word' id='word_1_9' title='bbox 1274 476 1508 530; x_wconf 78' lang='lat' dir='ltr'>«verbis</span> <span class='ocrx_word' id='word_1_10' title='bbox 1532 475 1767 530; x_wconf 81' lang='lat' dir='ltr'>Homeri</span> <span class='ocrx_word' id='word_1_11' title='bbox 1790 478 1944 528; x_wconf 91' lang='lat' dir='ltr'>utor.</span> 
     </span>
    </p>
   </div>
   <div class='ocr_carea' id='block_1_5' title="bbox 2087 467 3759 547">
    <p class='ocr_par' dir='ltr' id='par_1_5' title="bbox 2113 467 3759 539">
     <span class='ocr_line' id='line_1_5' title="bbox 2113 467 3759 539; baseline 0.003 -19"><span class='ocrx_word' id='word_1_12' title='bbox 2113 491 2139 520; x_wconf 79' lang='grc' dir='ltr'><strong><em>κ</em></strong></span> <span class='ocrx_word' id='word_1_13' title='bbox 2165 469 2289 523; x_wconf 78' lang='lat' dir='ltr'>bris</span> <span class='ocrx_word' id='word_1_14' title='bbox 2311 468 2530 524; x_wconf 90' lang='lat' dir='ltr'>etlocis</span> <span class='ocrx_word' id='word_1_15' title='bbox 2543 469 2728 524; x_wconf 86' lang='lat' dir='ltr'>sacris</span> <span class='ocrx_word' id='word_1_16' title='bbox 2753 467 3287 535; x_wconf 84' lang='lat' dir='ltr'>;Commentarium</span> <span class='ocrx_word' id='word_1_17' title='bbox 3310 468 3372 522; x_wconf 91' lang='lat' dir='ltr'>in</span> <span class='ocrx_word' id='word_1_18' title='bbox 3403 468 3759 539; x_wconf 87' lang='lat' dir='ltr'>Sophoclem</span> 
     </span>
    </p>
   </div>
   <div class='ocr_carea' id='block_1_6' title="bbox 423 563 1999 637">
    <p class='ocr_par' dir='ltr' id='par_1_6' title="bbox 423 563 1999 637">
     <span class='ocr_line' id='line_1_6' title="bbox 423 563 1999 637; baseline -0.002 -17"><span class='ocrx_word' id='word_1_19' title='bbox 423 567 503 620; x_wconf 92' lang='lat' dir='ltr'>De</span> <span class='ocrx_word' id='word_1_20' title='bbox 524 564 781 631; x_wconf 85' lang='lat' dir='ltr'>Homeri,</span> <span class='ocrx_word' id='word_1_21' title='bbox 805 569 1013 635; x_wconf 69' lang='lat' dir='ltr'>poetaa,</span> <span class='ocrx_word' id='word_1_22' title='bbox 1031 581 1267 636; x_wconf 80' lang='lat' dir='ltr'>genere,</span> <span class='ocrx_word' id='word_1_23' title='bbox 1288 567 1498 637; x_wconf 90' lang='lat' dir='ltr'>patria,</span> <span class='ocrx_word' id='word_1_24' title='bbox 1524 572 1716 635; x_wconf 71' lang='lat' dir='ltr'>zetate,</span> <span class='ocrx_word' id='word_1_25' title='bbox 1738 570 1848 620; x_wconf 90' lang='lat' dir='ltr'>etc.</span> <span class='ocrx_word' id='word_1_26' title='bbox 1874 563 1999 635; x_wconf 87' lang='lat' dir='ltr'>plu-</span> 
     </span>
    </p>
   </div>
   <div class='ocr_carea' id='block_1_7' title="bbox 349 654 1994 726">
    <p class='ocr_par' dir='ltr' id='par_1_7' title="bbox 349 654 1994 726">
     <span class='ocr_line' id='line_1_7' title="bbox 349 654 1994 726; baseline -0.002 -16"><span class='ocrx_word' id='word_1_27' title='bbox 349 656 502 710; x_wconf 91' lang='lat' dir='ltr'>rima</span> <span class='ocrx_word' id='word_1_28' title='bbox 523 654 678 726; x_wconf 92' lang='lat' dir='ltr'>apud</span> <span class='ocrx_word' id='word_1_29' title='bbox 704 654 943 709; x_wconf 89' lang='lat' dir='ltr'>Suidam</span> <span class='ocrx_word' id='word_1_30' title='bbox 966 660 1025 710; x_wconf 88' lang='lat' dir='ltr'>et</span> <span class='ocrx_word' id='word_1_31' title='bbox 1044 655 1104 710; x_wconf 91' lang='lat' dir='ltr'>in</span> <span class='ocrx_word' id='word_1_32' title='bbox 1127 657 1360 711; x_wconf 89' lang='lat' dir='ltr'>Kusteri</span> <span class='ocrx_word' id='word_1_33' title='bbox 1375 658 1447 712; x_wconf 89' lang='lat' dir='ltr'>ad</span> <span class='ocrx_word' id='word_1_34' title='bbox 1468 657 1638 714; x_wconf 89' lang='lat' dir='ltr'>illum</span> <span class='ocrx_word' id='word_1_35' title='bbox 1652 656 1831 723; x_wconf 90' lang='lat' dir='ltr'>notis,</span> <span class='ocrx_word' id='word_1_36' title='bbox 1850 660 1994 709; x_wconf 89' lang='lat' dir='ltr'>tom.</span> 
     </span>
    </p>
   </div>
   <div class='ocr_carea' id='block_1_8' title="bbox 347 744 1994 818">
    <p class='ocr_par' dir='ltr' id='par_1_8' title="bbox 347 744 1994 818">
     <span class='ocr_line' id='line_1_8' title="bbox 347 744 1994 818; baseline -0.001 -18"><span class='ocrx_word' id='word_1_37' title='bbox 347 746 420 815; x_wconf 91' lang='lat' dir='ltr'>II,</span> <span class='ocrx_word' id='word_1_38' title='bbox 452 762 582 817; x_wconf 88' lang='lat' dir='ltr'>pag.</span> <span class='ocrx_word' id='word_1_39' title='bbox 616 745 719 797; x_wconf 86' lang='lat'>628</span> <span class='ocrx_word' id='word_1_40' title='bbox 750 761 915 815; x_wconf 87' lang='lat' dir='ltr'>seqq.</span> <span class='ocrx_word' id='word_1_41' title='bbox 943 745 1235 817; x_wconf 89' lang='lat' dir='ltr'>leguntur,</span> <span class='ocrx_word' id='word_1_42' title='bbox 1272 747 1371 818; x_wconf 88' lang='lat' dir='ltr'>qui</span> <span class='ocrx_word' id='word_1_43' title='bbox 1406 748 1548 802; x_wconf 64' lang='lat' dir='ltr'>Vita;</span> <span class='ocrx_word' id='word_1_44' title='bbox 1574 762 1811 817; x_wconf 92' lang='lat' dir='ltr'>quoque</span> <span class='ocrx_word' id='word_1_45' title='bbox 1844 744 1994 816; x_wconf 86' lang='lat' dir='ltr'>ejus,</span> 
     </span>
    </p>
   </div>
   <div class='ocr_carea' id='block_1_9' title="bbox 346 833 1995 909">
    <p class='ocr_par' dir='ltr' id='par_1_9' title="bbox 346 833 1995 909">
     <span class='ocr_line' id='line_1_9' title="bbox 346 833 1995 909; baseline -0.002 -19"><span class='ocrx_word' id='word_1_46' title='bbox 346 835 418 891; x_wconf 92' lang='lat' dir='ltr'>ab</span> <span class='ocrx_word' id='word_1_47' title='bbox 456 834 751 889; x_wconf 79' lang='lat' dir='ltr'>Herodoto</span> <span class='ocrx_word' id='word_1_48' title='bbox 785 834 1069 890; x_wconf 88' lang='lat' dir='ltr'>historico</span> <span class='ocrx_word' id='word_1_49' title='bbox 1109 837 1364 909; x_wconf 58' lang='lat' dir='ltr'>scripta),</span> <span class='ocrx_word' id='word_1_50' title='bbox 1396 838 1673 893; x_wconf 84' lang='lat' dir='ltr'>meminit</span> <span class='ocrx_word' id='word_1_51' title='bbox 1702 842 1761 891; x_wconf 92' lang='lat' dir='ltr'>et</span> <span class='ocrx_word' id='word_1_52' title='bbox 1790 852 1861 891; x_wconf 87' lang='lat' dir='ltr'>ex</span> <span class='ocrx_word' id='word_1_53' title='bbox 1890 833 1995 888; x_wconf 91' lang='lat' dir='ltr'>illa</span> 
     </span>
    </p>
   </div>
   <div class='ocr_carea' id='block_1_10' title="bbox 342 921 1993 998">
    <p class='ocr_par' dir='ltr' id='par_1_10' title="bbox 342 921 1993 998">
     <span class='ocr_line' id='line_1_10' title="bbox 342 921 1993 998; baseline -0.001 -18"><span class='ocrx_word' id='word_1_54' title='bbox 342 924 583 997; x_wconf 79' lang='lat' dir='ltr'>longam</span> <span class='ocrx_word' id='word_1_55' title='bbox 629 921 784 997; x_wconf 83' lang='grc' dir='ltr'>ῥῆσιν</span> <span class='ocrx_word' id='word_1_56' title='bbox 842 926 1069 981; x_wconf 90' lang='lat' dir='ltr'>recitat.</span> <span class='ocrx_word' id='word_1_57' title='bbox 1106 929 1399 983; x_wconf 70' lang='lat' dir='ltr'>Praaterea</span> <span class='ocrx_word' id='word_1_58' title='bbox 1454 927 1525 983; x_wconf 89' lang='lat' dir='ltr'>de</span> <span class='ocrx_word' id='word_1_59' title='bbox 1578 927 1815 998; x_wconf 79' lang='lat' dir='ltr'>scriptis</span> <span class='ocrx_word' id='word_1_60' title='bbox 1864 924 1993 995; x_wconf 79' lang='lat' dir='ltr'>ejus</span> 
     </span>
    </p>
   </div>
   <div class='ocr_carea' id='block_1_11' title="bbox 338 1014 1989 1088">
    <p class='ocr_par' dir='ltr' id='par_1_11' title="bbox 338 1014 1989 1088">
     <span class='ocr_line' id='line_1_11' title="bbox 338 1014 1989 1088; baseline -0.001 -19"><span class='ocrx_word' id='word_1_61' title='bbox 338 1015 465 1071; x_wconf 69' lang='lat' dir='ltr'>haec</span> <span class='ocrx_word' id='word_1_62' title='bbox 510 1014 721 1069; x_wconf 89' lang='lat' dir='ltr'>habet:</span> <span class='ocrx_word' id='word_1_63' title='bbox 754 1015 1035 1070; x_wconf 90' lang='lat' dir='ltr'>Poemata</span> <span class='ocrx_word' id='word_1_64' title='bbox 1092 1017 1350 1086; x_wconf 84' lang='lat' dir='ltr'>Homeri,</span> <span class='ocrx_word' id='word_1_65' title='bbox 1405 1034 1536 1088; x_wconf 66' lang='lat' dir='ltr'>quae</span> <span class='ocrx_word' id='word_1_66' title='bbox 1581 1034 1615 1073; x_wconf 93' lang='lat' dir='ltr'>a</span> <span class='ocrx_word' id='word_1_67' title='bbox 1655 1015 1897 1071; x_wconf 87' lang='lat' dir='ltr'>nemine</span> <span class='ocrx_word' id='word_1_68' title='bbox 1928 1014 1989 1068; x_wconf 90' lang='lat' dir='ltr'>in</span> 
     </span>
    </p>
   </div>
   <div class='ocr_carea' id='block_1_12' title="bbox 335 1104 1987 1176">
    <p class='ocr_par' dir='ltr' id='par_1_12' title="bbox 335 1104 1987 1176">
     <span class='ocr_line' id='line_1_12' title="bbox 335 1104 1987 1176; baseline -0.001 -17"><span class='ocrx_word' id='word_1_69' title='bbox 335 1104 582 1159; x_wconf 89' lang='lat' dir='ltr'>dubium</span> <span class='ocrx_word' id='word_1_70' title='bbox 606 1108 909 1170; x_wconf 79' lang='lat' dir='ltr'>vocantur,</span> <span class='ocrx_word' id='word_1_71' title='bbox 936 1109 1075 1159; x_wconf 89' lang='lat' dir='ltr'>sunt</span> <span class='ocrx_word' id='word_1_72' title='bbox 1100 1106 1234 1161; x_wconf 72' lang='lat' dir='ltr'>Ilias</span> <span class='ocrx_word' id='word_1_73' title='bbox 1256 1111 1315 1161; x_wconf 89' lang='lat' dir='ltr'>et</span> <span class='ocrx_word' id='word_1_74' title='bbox 1344 1108 1596 1176; x_wconf 81' lang='lat' dir='ltr'>Odyssea.</span> <span class='ocrx_word' id='word_1_75' title='bbox 1626 1104 1987 1175; x_wconf 83' lang='lat' dir='ltr'>Scripsitau-</span> 
     </span>
    </p>
   </div>
   <div class='ocr_carea' id='block_1_13' title="bbox 332 1192 1983 1266">
    <p class='ocr_par' dir='ltr' id='par_1_13' title="bbox 332 1192 1983 1266">
     <span class='ocr_line' id='line_1_13' title="bbox 332 1192 1983 1266; baseline -0.001 -18"><span class='ocrx_word' id='word_1_76' title='bbox 332 1198 452 1248; x_wconf 89' lang='lat' dir='ltr'>tem</span> <span class='ocrx_word' id='word_1_77' title='bbox 484 1193 730 1249; x_wconf 86' lang='lat' dir='ltr'>Iliadem</span> <span class='ocrx_word' id='word_1_78' title='bbox 778 1210 898 1248; x_wconf 91' lang='lat' dir='ltr'>non</span> <span class='ocrx_word' id='word_1_79' title='bbox 960 1194 1160 1263; x_wconf 89' lang='lat' dir='ltr'>simul,</span> <span class='ocrx_word' id='word_1_80' title='bbox 1222 1212 1416 1266; x_wconf 91' lang='lat' dir='ltr'>neque</span> <span class='ocrx_word' id='word_1_81' title='bbox 1475 1196 1759 1251; x_wconf 90' lang='lat' dir='ltr'>continua</span> <span class='ocrx_word' id='word_1_82' title='bbox 1808 1192 1983 1257; x_wconf 89' lang='lat' dir='ltr'>serie,</span> 
     </span>
    </p>
   </div>
   <div class='ocr_carea' id='block_1_14' title="bbox 333 1283 1986 1357">
    <p class='ocr_par' dir='ltr' id='par_1_14' title="bbox 333 1283 1986 1357">
     <span class='ocr_line' id='line_1_14' title="bbox 333 1283 1986 1357; baseline -0.001 -18"><span class='ocrx_word' id='word_1_83' title='bbox 333 1284 839 1355; x_wconf 83' lang='lat' dir='ltr'>quemadmodum</span> <span class='ocrx_word' id='word_1_84' title='bbox 872 1300 1031 1339; x_wconf 89' lang='lat' dir='ltr'>nunc</span> <span class='ocrx_word' id='word_1_85' title='bbox 1065 1288 1153 1339; x_wconf 90' lang='lat' dir='ltr'>est</span> <span class='ocrx_word' id='word_1_86' title='bbox 1182 1286 1531 1357; x_wconf 87' lang='lat' dir='ltr'>composita,</span> <span class='ocrx_word' id='word_1_87' title='bbox 1567 1285 1672 1341; x_wconf 90' lang='lat' dir='ltr'>sed</span> <span class='ocrx_word' id='word_1_88' title='bbox 1703 1286 1829 1357; x_wconf 91' lang='lat' dir='ltr'>ipse</span> <span class='ocrx_word' id='word_1_89' title='bbox 1862 1283 1986 1339; x_wconf 87' lang='lat' dir='ltr'>sin-</span> 
     </span>
    </p>
   </div>
   <div class='ocr_carea' id='block_1_15' title="bbox 336 1373 1983 1445">
    <p class='ocr_par' dir='ltr' id='par_1_15' title="bbox 336 1373 1983 1445">
     <span class='ocr_line' id='line_1_15' title="bbox 336 1373 1983 1445; baseline 0 -18"><span class='ocrx_word' id='word_1_90' title='bbox 336 1373 506 1445; x_wconf 83' lang='lat' dir='ltr'>gulos</span> <span class='ocrx_word' id='word_1_91' title='bbox 536 1373 722 1429; x_wconf 90' lang='lat' dir='ltr'>libros</span> <span class='ocrx_word' id='word_1_92' title='bbox 753 1390 788 1429; x_wconf 92' lang='lat' dir='ltr'>a</span> <span class='ocrx_word' id='word_1_93' title='bbox 817 1389 879 1429; x_wconf 92' lang='lat' dir='ltr'>se</span> <span class='ocrx_word' id='word_1_94' title='bbox 913 1374 1165 1445; x_wconf 88' lang='lat' dir='ltr'>scriptos</span> <span class='ocrx_word' id='word_1_95' title='bbox 1211 1374 1499 1441; x_wconf 84' lang='lat' dir='ltr'>recitavit,</span> <span class='ocrx_word' id='word_1_96' title='bbox 1549 1379 1608 1429; x_wconf 90' lang='lat' dir='ltr'>et</span> <span class='ocrx_word' id='word_1_97' title='bbox 1642 1374 1705 1429; x_wconf 90' lang='lat' dir='ltr'>in</span> <span class='ocrx_word' id='word_1_98' title='bbox 1736 1373 1983 1428; x_wconf 89' lang='lat' dir='ltr'>urbibus</span> 
     </span>
    </p>
   </div>
   <div class='ocr_carea' id='block_1_16' title="bbox 341 1462 1984 1536">
    <p class='ocr_par' dir='ltr' id='par_1_16' title="bbox 341 1462 1984 1536">
     <span class='ocr_line' id='line_1_16' title="bbox 341 1462 1984 1536; baseline -0.001 -18"><span class='ocrx_word' id='word_1_99' title='bbox 341 1479 490 1533; x_wconf 89' lang='lat' dir='ltr'>quas</span> <span class='ocrx_word' id='word_1_100' title='bbox 510 1464 697 1518; x_wconf 89' lang='lat' dir='ltr'>victus</span> <span class='ocrx_word' id='word_1_101' title='bbox 720 1462 1024 1533; x_wconf 72' lang='lat' dir='ltr'>quaarendi</span> <span class='ocrx_word' id='word_1_102' title='bbox 1047 1464 1235 1536; x_wconf 87' lang='lat' dir='ltr'>gratia</span> <span class='ocrx_word' id='word_1_103' title='bbox 1256 1463 1747 1535; x_wconf 87' lang='lat' dir='ltr'>obibat,reliquit.</span> <span class='ocrx_word' id='word_1_104' title='bbox 1772 1465 1984 1519; x_wconf 85' lang='lat' dir='ltr'>Postea</span> 
     </span>
    </p>
   </div>
   <div class='ocr_carea' id='block_1_17' title="bbox 330 1552 1983 1623">
    <p class='ocr_par' dir='ltr' id='par_1_17' title="bbox 330 1552 1983 1623">
     <span class='ocr_line' id='line_1_17' title="bbox 330 1552 1983 1623; baseline 0 -16"><span class='ocrx_word' id='word_1_105' title='bbox 330 1569 466 1607; x_wconf 87' lang='lat' dir='ltr'>vero</span> <span class='ocrx_word' id='word_1_106' title='bbox 498 1552 811 1623; x_wconf 88' lang='lat' dir='ltr'>compositi</span> <span class='ocrx_word' id='word_1_107' title='bbox 846 1558 904 1607; x_wconf 91' lang='lat' dir='ltr'>et</span> <span class='ocrx_word' id='word_1_108' title='bbox 954 1553 1017 1608; x_wconf 91' lang='lat' dir='ltr'>in</span> <span class='ocrx_word' id='word_1_109' title='bbox 1076 1553 1346 1608; x_wconf 91' lang='lat' dir='ltr'>ordinem</span> <span class='ocrx_word' id='word_1_110' title='bbox 1404 1554 1623 1609; x_wconf 88' lang='lat' dir='ltr'>redacti</span> <span class='ocrx_word' id='word_1_111' title='bbox 1679 1553 1919 1609; x_wconf 83' lang='lat' dir='ltr'>fuerunt</span> <span class='ocrx_word' id='word_1_112' title='bbox 1948 1568 1983 1607; x_wconf 86' lang='lat' dir='ltr'>a</span> 
     </span>
    </p>
   </div>
   <div class='ocr_carea' id='block_1_18' title="bbox 334 1642 1980 1714">
    <p class='ocr_par' dir='ltr' id='par_1_18' title="bbox 334 1642 1980 1714">
     <span class='ocr_line' id='line_1_18' title="bbox 334 1642 1980 1714; baseline 0 -17"><span class='ocrx_word' id='word_1_113' title='bbox 334 1642 561 1709; x_wconf 87' lang='lat' dir='ltr'>multis,</span> <span class='ocrx_word' id='word_1_114' title='bbox 591 1643 889 1714; x_wconf 71' lang='lat' dir='ltr'>praicipue</span> <span class='ocrx_word' id='word_1_115' title='bbox 920 1659 1054 1698; x_wconf 90' lang='lat' dir='ltr'>vero</span> <span class='ocrx_word' id='word_1_116' title='bbox 1086 1660 1119 1699; x_wconf 91' lang='lat' dir='ltr'>a</span> <span class='ocrx_word' id='word_1_117' title='bbox 1159 1643 1486 1711; x_wconf 85' lang='lat' dir='ltr'>Pisistrato,</span> <span class='ocrx_word' id='word_1_118' title='bbox 1528 1644 1980 1699; x_wconf 87' lang='lat' dir='ltr'>Atheniensium</span> 
     </span>
    </p>
   </div>
   <div class='ocr_carea' id='block_1_19' title="bbox 333 1732 1978 1805">
    <p class='ocr_par' dir='ltr' id='par_1_19' title="bbox 333 1732 1978 1805">
     <span class='ocr_line' id='line_1_19' title="bbox 333 1732 1978 1805; baseline 0.001 -19"><span class='ocrx_word' id='word_1_119' title='bbox 333 1737 605 1803; x_wconf 85' lang='lat' dir='ltr'>tyranno.</span> <span class='ocrx_word' id='word_1_120' title='bbox 644 1733 894 1787; x_wconf 89' lang='lat' dir='ltr'>Homero</span> <span class='ocrx_word' id='word_1_121' title='bbox 924 1732 1040 1787; x_wconf 88' lang='lat' dir='ltr'>alia</span> <span class='ocrx_word' id='word_1_122' title='bbox 1067 1733 1244 1787; x_wconf 89' lang='lat' dir='ltr'>etiam</span> <span class='ocrx_word' id='word_1_123' title='bbox 1278 1732 1549 1803; x_wconf 67' lang='lat' dir='ltr'>quaadam</span> <span class='ocrx_word' id='word_1_124' title='bbox 1580 1739 1855 1805; x_wconf 89' lang='lat' dir='ltr'>poemata</span> <span class='ocrx_word' id='word_1_125' title='bbox 1875 1734 1978 1788; x_wconf 88' lang='lat' dir='ltr'>tri-</span> 
     </span>
    </p>
   </div>
   <div class='ocr_carea' id='block_1_20' title="bbox 327 1819 1981 1890">
    <p class='ocr_par' dir='ltr' id='par_1_20' title="bbox 327 1819 1981 1890">
     <span class='ocr_line' id='line_1_20' title="bbox 327 1819 1981 1890; baseline 0 -16"><span class='ocrx_word' id='word_1_126' title='bbox 327 1820 612 1887; x_wconf 89' lang='lat' dir='ltr'>buuntur,</span> <span class='ocrx_word' id='word_1_127' title='bbox 645 1825 711 1875; x_wconf 93' lang='lat' dir='ltr'>ut</span> <span class='ocrx_word' id='word_1_128' title='bbox 740 1844 767 1870; x_wconf 90' lang='grc'>‹‹</span> <span class='ocrx_word' id='word_1_129' title='bbox 805 1821 1139 1890; x_wconf 86' lang='lat' dir='ltr'>Amazonia,</span> <span class='ocrx_word' id='word_1_130' title='bbox 1175 1821 1313 1877; x_wconf 91' lang='lat' dir='ltr'>Ilias</span> <span class='ocrx_word' id='word_1_131' title='bbox 1336 1821 1554 1889; x_wconf 87' lang='lat' dir='ltr'>minor,</span> <span class='ocrx_word' id='word_1_132' title='bbox 1582 1819 1805 1890; x_wconf 82' lang='grc' dir='ltr'>Νόστοι,</span> <span class='ocrx_word' id='word_1_133' title='bbox 1828 1822 1981 1874; x_wconf 84' lang='grc' dir='ltr'>Ἐπι-</span> 
     </span>
    </p>
   </div>
   <div class='ocr_carea' id='block_1_21' title="bbox 325 1905 1984 1984">
    <p class='ocr_par' dir='ltr' id='par_1_21' title="bbox 325 1905 1984 1984">
     <span class='ocr_line' id='line_1_21' title="bbox 325 1905 1984 1984; baseline 0.005 -24"><span class='ocrx_word' id='word_1_134' title='bbox 325 1932 353 1959; x_wconf 87' lang='grc'>‹‹</span> <span class='ocrx_word' id='word_1_135' title='bbox 387 1905 638 1983; x_wconf 77' lang='grc' dir='ltr'>χιχλίδες</span> <span class='ocrx_word' id='word_1_136' title='bbox 698 1912 808 1965; x_wconf 81' lang='lat' dir='ltr'>sive</span> <span class='ocrx_word' id='word_1_137' title='bbox 859 1911 1059 1981; x_wconf 82' lang='lat' dir='ltr'>Turdi,</span> <span class='ocrx_word' id='word_1_138' title='bbox 1119 1909 1478 1974; x_wconf 76' lang='grc' dir='ltr'>Ἡθιὲπακτος</span> <span class='ocrx_word' id='word_1_139' title='bbox 1528 1912 1821 1983; x_wconf 74' lang='lat' dir='ltr'>(Bentleius</span> <span class='ocrx_word' id='word_1_140' title='bbox 1852 1915 1984 1984; x_wconf 79' lang='lat' dir='ltr'>legit</span> 
     </span>
    </p>
   </div>
   <div class='ocr_carea' id='block_1_22' title="bbox 322 1994 1981 2068">
    <p class='ocr_par' dir='ltr' id='par_1_22' title="bbox 322 1994 1981 2068">
     <span class='ocr_line' id='line_1_22' title="bbox 322 1994 1981 2068; baseline 0.005 -20"><span class='ocrx_word' id='word_1_141' title='bbox 322 1994 819 2068; x_wconf 66' lang='lat' dir='ltr'>«&#39;Emamixnov),</span> <span class='ocrx_word' id='word_1_142' title='bbox 874 1998 988 2054; x_wconf 81' lang='lat' dir='ltr'>sive</span> <span class='ocrx_word' id='word_1_143' title='bbox 1042 1998 1249 2067; x_wconf 86' lang='lat' dir='ltr'>Iambi,</span> <span class='ocrx_word' id='word_1_144' title='bbox 1284 2002 1581 2055; x_wconf 81' lang='lat' dir='ltr'>Ranarum</span> <span class='ocrx_word' id='word_1_145' title='bbox 1615 2006 1672 2055; x_wconf 93' lang='lat' dir='ltr'>et</span> <span class='ocrx_word' id='word_1_146' title='bbox 1721 2002 1981 2057; x_wconf 91' lang='lat' dir='ltr'>murium</span> 
     </span>
    </p>
   </div>
   <div class='ocr_carea' id='block_1_23' title="bbox 322 2084 1981 2162">
    <p class='ocr_par' dir='ltr' id='par_1_23' title="bbox 322 2084 1981 2162">
     <span class='ocr_line' id='line_1_23' title="bbox 322 2084 1981 2162; baseline 0.004 -23"><span class='ocrx_word' id='word_1_147' title='bbox 322 2106 346 2139; x_wconf 77' lang='grc' dir='ltr'>ι</span> <span class='ocrx_word' id='word_1_148' title='bbox 380 2089 603 2159; x_wconf 84' lang='lat' dir='ltr'>Pugna,</span> <span class='ocrx_word' id='word_1_149' title='bbox 622 2084 1073 2161; x_wconf 69' lang='grc' dir='ltr'>Ἀραχνομαχῐα,</span> <span class='ocrx_word' id='word_1_150' title='bbox 1102 2091 1217 2143; x_wconf 85' lang='lat' dir='ltr'>sive</span> <span class='ocrx_word' id='word_1_151' title='bbox 1244 2091 1614 2144; x_wconf 89' lang='lat' dir='ltr'>Araneorum</span> <span class='ocrx_word' id='word_1_152' title='bbox 1640 2092 1862 2162; x_wconf 89' lang='lat' dir='ltr'>Pugna,</span> <span class='ocrx_word' id='word_1_153' title='bbox 1888 2092 1981 2145; x_wconf 71' lang='grc' dir='ltr'>Κεο</span> 
     </span>
    </p>
   </div>
   <div class='ocr_carea' id='block_1_24' title="bbox 322 2173 1981 2249">
    <p class='ocr_par' dir='ltr' id='par_1_24' title="bbox 322 2173 1981 2249">
     <span class='ocr_line' id='line_1_24' title="bbox 322 2173 1981 2249; baseline 0.003 -24"><span class='ocrx_word' id='word_1_154' title='bbox 322 2198 351 2224; x_wconf 89' lang='grc'><em>‹‹</em></span> <span class='ocrx_word' id='word_1_155' title='bbox 387 2175 574 2249; x_wconf 80' lang='grc' dir='ltr'>ραμίς,</span> <span class='ocrx_word' id='word_1_156' title='bbox 610 2176 982 2247; x_wconf 80' lang='lat' dir='ltr'>Amphiarai,</span> <span class='ocrx_word' id='word_1_157' title='bbox 1017 2173 1317 2245; x_wconf 79' lang='grc' dir='ltr'>Ἐξὲλευσις</span> <span class='ocrx_word' id='word_1_158' title='bbox 1350 2194 1443 2233; x_wconf 90' lang='lat' dir='ltr'>seu</span> <span class='ocrx_word' id='word_1_159' title='bbox 1472 2178 1803 2249; x_wconf 90' lang='lat' dir='ltr'>Expeditio,</span> <span class='ocrx_word' id='word_1_160' title='bbox 1852 2178 1981 2231; x_wconf 72' lang='lat' dir='ltr'>llat-</span> 
     </span>
    </p>
   </div>
   <div class='ocr_carea' id='block_1_25' title="bbox 324 2266 1982 2340">
    <p class='ocr_par' dir='ltr' id='par_1_25' title="bbox 324 2266 1982 2340">
     <span class='ocr_line' id='line_1_25' title="bbox 324 2266 1982 2340; baseline 0.006 -27"><span class='ocrx_word' id='word_1_161' title='bbox 324 2287 351 2314; x_wconf 86' lang='grc'><strong>‹‹</strong></span> <span class='ocrx_word' id='word_1_162' title='bbox 390 2284 513 2337; x_wconf 81' lang='grc' dir='ltr'>γνια</span> <span class='ocrx_word' id='word_1_163' title='bbox 542 2268 652 2320; x_wconf 84' lang='lat' dir='ltr'>sive</span> <span class='ocrx_word' id='word_1_164' title='bbox 672 2266 921 2322; x_wconf 88' lang='lat' dir='ltr'>Ludicra</span> <span class='ocrx_word' id='word_1_165' title='bbox 942 2282 1008 2321; x_wconf 89' lang='lat' dir='ltr'>ac</span> <span class='ocrx_word' id='word_1_166' title='bbox 1021 2266 1142 2338; x_wconf 91' lang='lat' dir='ltr'>joci</span> <span class='ocrx_word' id='word_1_167' title='bbox 1169 2284 1181 2334; x_wconf 90' lang='lat'><strong>;</strong></span> <span class='ocrx_word' id='word_1_168' title='bbox 1214 2267 1426 2322; x_wconf 65' lang='lat' dir='ltr'>Sicilia)</span> <span class='ocrx_word' id='word_1_169' title='bbox 1450 2269 1835 2340; x_wconf 85' lang='lat' dir='ltr'>Expugnatio,</span> <span class='ocrx_word' id='word_1_170' title='bbox 1853 2270 1982 2339; x_wconf 85' lang='lat' dir='ltr'>Epi-</span> 
     </span>
    </p>
   </div>
   <div class='ocr_carea' id='block_1_26' title="bbox 332 2353 1977 2431">
    <p class='ocr_par' dir='ltr' id='par_1_26' title="bbox 332 2353 1977 2431">
     <span class='ocr_line' id='line_1_26' title="bbox 332 2353 1977 2431; baseline 0.003 -24"><span class='ocrx_word' id='word_1_171' title='bbox 332 2374 357 2406; x_wconf 76' lang='grc' dir='ltr'>ι</span> <span class='ocrx_word' id='word_1_172' title='bbox 388 2354 694 2421; x_wconf 86' lang='lat' dir='ltr'>thalamia,</span> <span class='ocrx_word' id='word_1_173' title='bbox 729 2353 948 2416; x_wconf 71' lang='grc' dir='ltr'>Κύκλος</span> <span class='ocrx_word' id='word_1_174' title='bbox 976 2358 1093 2411; x_wconf 83' lang='lat' dir='ltr'>sive</span> <span class='ocrx_word' id='word_1_175' title='bbox 1136 2358 1354 2413; x_wconf 89' lang='lat' dir='ltr'>Poema</span> <span class='ocrx_word' id='word_1_176' title='bbox 1401 2358 1713 2429; x_wconf 90' lang='lat' dir='ltr'>cyclicum,</span> <span class='ocrx_word' id='word_1_177' title='bbox 1765 2358 1977 2431; x_wconf 88' lang='lat' dir='ltr'>Hymni</span> 
     </span>
    </p>
   </div>
   <div class='ocr_carea' id='block_1_27' title="bbox 327 2444 1978 2515">
    <p class='ocr_par' dir='ltr' id='par_1_27' title="bbox 327 2444 1978 2515">
     <span class='ocr_line' id='line_1_27' title="bbox 327 2444 1978 2515; baseline 0.005 -23"><span class='ocrx_word' id='word_1_178' title='bbox 327 2465 354 2492; x_wconf 86' lang='grc'>‹‹</span> <span class='ocrx_word' id='word_1_179' title='bbox 382 2448 439 2497; x_wconf 91' lang='lat' dir='ltr'>et</span> <span class='ocrx_word' id='word_1_180' title='bbox 457 2444 689 2515; x_wconf 81' lang='lat' dir='ltr'>Cypria.</span> <span class='ocrx_word' id='word_1_181' title='bbox 720 2466 749 2495; x_wconf 84' lang='lat'>»</span> <span class='ocrx_word' id='word_1_182' title='bbox 771 2444 871 2499; x_wconf 88' lang='lat' dir='ltr'>His</span> <span class='ocrx_word' id='word_1_183' title='bbox 902 2444 1057 2499; x_wconf 85' lang='lat' dir='ltr'>infra</span> <span class='ocrx_word' id='word_1_184' title='bbox 1079 2461 1148 2499; x_wconf 84' lang='lat' dir='ltr'>ex</span> <span class='ocrx_word' id='word_1_185' title='bbox 1176 2445 1469 2502; x_wconf 86' lang='lat' dir='ltr'>Herodoto</span> <span class='ocrx_word' id='word_1_186' title='bbox 1493 2448 1656 2502; x_wconf 89' lang='lat' dir='ltr'>addit</span> <span class='ocrx_word' id='word_1_187' title='bbox 1679 2447 1978 2515; x_wconf 75' lang='grc' dir='ltr'>Κέρκωπας</span> 
     </span>
    </p>
   </div>
   <div class='ocr_carea' id='block_1_28' title="bbox 326 2530 1978 2608">
    <p class='ocr_par' dir='ltr' id='par_1_28' title="bbox 326 2530 1978 2608">
     <span class='ocr_line' id='line_1_28' title="bbox 326 2530 1978 2608; baseline 0.004 -22"><span class='ocrx_word' id='word_1_188' title='bbox 326 2535 386 2586; x_wconf 90' lang='lat' dir='ltr'>et</span> <span class='ocrx_word' id='word_1_189' title='bbox 416 2530 781 2606; x_wconf 83' lang='grc' dir='ltr'>Ψαρομαχίαν</span> <span class='ocrx_word' id='word_1_190' title='bbox 815 2533 934 2588; x_wconf 85' lang='lat' dir='ltr'>sive</span> <span class='ocrx_word' id='word_1_191' title='bbox 975 2536 1302 2590; x_wconf 80' lang='lat' dir='ltr'>Stumorum</span> <span class='ocrx_word' id='word_1_192' title='bbox 1345 2552 1637 2605; x_wconf 78' lang='lat' dir='ltr'>pugnam;</span> <span class='ocrx_word' id='word_1_193' title='bbox 1689 2538 1978 2608; x_wconf 83' lang='lat' dir='ltr'>affertque</span> 
     </span>
    </p>
   </div>
   <div class='ocr_carea' id='block_1_29' title="bbox 326 2619 1978 2694">
    <p class='ocr_par' dir='ltr' id='par_1_29' title="bbox 326 2619 1978 2694">
     <span class='ocr_line' id='line_1_29' title="bbox 326 2619 1978 2694; baseline 0.005 -21"><span class='ocrx_word' id='word_1_194' title='bbox 326 2619 624 2692; x_wconf 89' lang='lat' dir='ltr'>integrum</span> <span class='ocrx_word' id='word_1_195' title='bbox 659 2621 944 2677; x_wconf 80' lang='lat' dir='ltr'>Cammum</span> <span class='ocrx_word' id='word_1_196' title='bbox 1000 2624 1279 2694; x_wconf 88' lang='lat' dir='ltr'>variaqne</span> <span class='ocrx_word' id='word_1_197' title='bbox 1337 2624 1455 2679; x_wconf 90' lang='lat' dir='ltr'>alia</span> <span class='ocrx_word' id='word_1_198' title='bbox 1484 2626 1718 2680; x_wconf 88' lang='lat' dir='ltr'>Homeri</span> <span class='ocrx_word' id='word_1_199' title='bbox 1779 2626 1978 2682; x_wconf 84' lang='lat' dir='ltr'>brevia</span> 
     </span>
    </p>
   </div>
   <div class='ocr_carea' id='block_1_30' title="bbox 324 2711 1976 2786">
    <p class='ocr_par' dir='ltr' id='par_1_30' title="bbox 324 2711 1976 2786">
     <span class='ocr_line' id='line_1_30' title="bbox 324 2711 1976 2786; baseline 0.004 -21"><span class='ocrx_word' id='word_1_200' title='bbox 324 2711 609 2765; x_wconf 87' lang='lat' dir='ltr'>carmina.</span> <span class='ocrx_word' id='word_1_201' title='bbox 657 2711 786 2765; x_wconf 89' lang='lat' dir='ltr'>Filii</span> <span class='ocrx_word' id='word_1_202' title='bbox 820 2712 1054 2767; x_wconf 87' lang='lat' dir='ltr'>Homeri</span> <span class='ocrx_word' id='word_1_203' title='bbox 1083 2712 1248 2768; x_wconf 87' lang='lat' dir='ltr'>fuere</span> <span class='ocrx_word' id='word_1_204' title='bbox 1280 2713 1542 2786; x_wconf 90' lang='lat' dir='ltr'>Eriphon</span> <span class='ocrx_word' id='word_1_205' title='bbox 1576 2720 1634 2770; x_wconf 90' lang='lat' dir='ltr'>et</span> <span class='ocrx_word' id='word_1_206' title='bbox 1686 2716 1976 2772; x_wconf 89' lang='lat' dir='ltr'>Theolaus</span> 
     </span>
    </p>
   </div>
   <div class='ocr_carea' id='block_1_31' title="bbox 322 2800 1259 2874">
    <p class='ocr_par' dir='ltr' id='par_1_31' title="bbox 322 2800 1259 2874">
     <span class='ocr_line' id='line_1_31' title="bbox 322 2800 1259 2874; baseline 0.004 -20"><span class='ocrx_word' id='word_1_207' title='bbox 322 2816 505 2873; x_wconf 78' lang='lat' dir='ltr'>gener</span> <span class='ocrx_word' id='word_1_208' title='bbox 535 2800 823 2869; x_wconf 87' lang='lat' dir='ltr'>Stasinus,</span> <span class='ocrx_word' id='word_1_209' title='bbox 847 2801 1116 2874; x_wconf 90' lang='lat' dir='ltr'>Cyprius,</span> <span class='ocrx_word' id='word_1_210' title='bbox 1151 2808 1259 2858; x_wconf 90' lang='lat' dir='ltr'>etc.</span> 
     </span>
    </p>
   </div>
   <div class='ocr_carea' id='block_1_32' title="bbox 393 2890 1970 2965">
    <p class='ocr_par' dir='ltr' id='par_1_32' title="bbox 393 2890 1970 2965">
     <span class='ocr_line' id='line_1_32' title="bbox 393 2890 1970 2965; baseline 0.003 -22"><span class='ocrx_word' id='word_1_211' title='bbox 393 2890 702 2958; x_wconf 87' lang='lat' dir='ltr'>Homerus,</span> <span class='ocrx_word' id='word_1_212' title='bbox 755 2890 1156 2947; x_wconf 88' lang='lat' dir='ltr'>Andromachi</span> <span class='ocrx_word' id='word_1_213' title='bbox 1190 2896 1247 2948; x_wconf 93' lang='lat' dir='ltr'>et</span> <span class='ocrx_word' id='word_1_214' title='bbox 1293 2894 1510 2965; x_wconf 88' lang='lat' dir='ltr'>Myrus,</span> <span class='ocrx_word' id='word_1_215' title='bbox 1544 2892 1854 2965; x_wconf 60' lang='lat' dir='ltr'>Byzantia),</span> <span class='ocrx_word' id='word_1_216' title='bbox 1887 2894 1970 2962; x_wconf 83' lang='lat' dir='ltr'>F.,</span> 
     </span>
    </p>
   </div>
   <div class='ocr_carea' id='block_1_33' title="bbox 322 2980 1970 3055">
    <p class='ocr_par' dir='ltr' id='par_1_33' title="bbox 322 2980 1970 3055">
     <span class='ocr_line' id='line_1_33' title="bbox 322 2980 1970 3055; baseline 0.003 -22"><span class='ocrx_word' id='word_1_217' title='bbox 322 2980 745 3051; x_wconf 84' lang='lat' dir='ltr'>grammaticus</span> <span class='ocrx_word' id='word_1_218' title='bbox 776 2985 834 3035; x_wconf 91' lang='lat' dir='ltr'>et</span> <span class='ocrx_word' id='word_1_219' title='bbox 854 2985 1025 3052; x_wconf 89' lang='lat' dir='ltr'>poeta</span> <span class='ocrx_word' id='word_1_220' title='bbox 1041 2982 1320 3054; x_wconf 89' lang='lat' dir='ltr'>tragicus,</span> <span class='ocrx_word' id='word_1_221' title='bbox 1337 2998 1490 3037; x_wconf 91' lang='lat' dir='ltr'>unus</span> <span class='ocrx_word' id='word_1_222' title='bbox 1514 2999 1544 3037; x_wconf 93' lang='lat' dir='ltr'>e</span> <span class='ocrx_word' id='word_1_223' title='bbox 1565 2983 1817 3055; x_wconf 89' lang='lat' dir='ltr'>pleiade.</span> <span class='ocrx_word' id='word_1_224' title='bbox 1841 2982 1970 3038; x_wconf 83' lang='lat' dir='ltr'>Flo-</span> 
     </span>
    </p>
   </div>
   <div class='ocr_carea' id='block_1_34' title="bbox 318 3068 1897 3144">
    <p class='ocr_par' dir='ltr' id='par_1_34' title="bbox 318 3068 1897 3144">
     <span class='ocr_line' id='line_1_34' title="bbox 318 3068 1897 3144; baseline 0.003 -22"><span class='ocrx_word' id='word_1_225' title='bbox 318 3068 439 3123; x_wconf 89' lang='lat' dir='ltr'>ruit</span> <span class='ocrx_word' id='word_1_226' title='bbox 468 3069 816 3140; x_wconf 79' lang='lat' dir='ltr'>Olympiade</span> <span class='ocrx_word' id='word_1_227' title='bbox 848 3071 1091 3127; x_wconf 87' lang='lat' dir='ltr'>CXXIV.</span> <span class='ocrx_word' id='word_1_228' title='bbox 1122 3071 1368 3144; x_wconf 90' lang='lat' dir='ltr'>Scripsit</span> <span class='ocrx_word' id='word_1_229' title='bbox 1399 3072 1710 3143; x_wconf 71' lang='lat' dir='ltr'>tragoedias</span> <span class='ocrx_word' id='word_1_230' title='bbox 1742 3073 1897 3127; x_wconf 84' lang='lat' dir='ltr'>XLV.</span> 
     </span>
    </p>
   </div>
   <div class='ocr_carea' id='block_1_35' title="bbox 391 3159 1968 3233">
    <p class='ocr_par' dir='ltr' id='par_1_35' title="bbox 391 3159 1968 3233">
     <span class='ocr_line' id='line_1_35' title="bbox 391 3159 1968 3233; baseline 0.003 -22"><span class='ocrx_word' id='word_1_231' title='bbox 391 3159 677 3213; x_wconf 88' lang='lat' dir='ltr'>Homerus</span> <span class='ocrx_word' id='word_1_232' title='bbox 712 3201 725 3225; x_wconf 96' lang='lat'>,</span> <span class='ocrx_word' id='word_1_233' title='bbox 786 3166 1175 3231; x_wconf 86' lang='lat' dir='ltr'>cognomento</span> <span class='ocrx_word' id='word_1_234' title='bbox 1244 3160 1478 3227; x_wconf 88' lang='lat' dir='ltr'>Sellius,</span> <span class='ocrx_word' id='word_1_235' title='bbox 1528 3161 1968 3233; x_wconf 89' lang='lat' dir='ltr'>grammaticus,</span> 
     </span>
    </p>
   </div>
   <div class='ocr_carea' id='block_1_36' title="bbox 2122 557 3764 615">
    <p class='ocr_par' dir='ltr' id='par_1_36' title="bbox 2122 557 3764 615">
     <span class='ocr_line' id='line_1_36' title="bbox 2122 557 3764 615; baseline 0.002 -5"><span class='ocrx_word' id='word_1_236' title='bbox 2122 581 2151 610; x_wconf 83' lang='lat'>«</span> <span class='ocrx_word' id='word_1_237' title='bbox 2210 559 2475 615; x_wconf 75' lang='lat' dir='ltr'>Alcmum</span> <span class='ocrx_word' id='word_1_238' title='bbox 2533 565 2592 614; x_wconf 91' lang='lat' dir='ltr'>et</span> <span class='ocrx_word' id='word_1_239' title='bbox 2637 560 3036 614; x_wconf 80' lang='lat' dir='ltr'>Homerum.»</span> <span class='ocrx_word' id='word_1_240' title='bbox 3092 557 3336 611; x_wconf 87' lang='lat' dir='ltr'>Videtur</span> <span class='ocrx_word' id='word_1_241' title='bbox 3388 559 3764 614; x_wconf 86' lang='lat' dir='ltr'>Christianus</span> 
     </span>
    </p>
   </div>
   <div class='ocr_carea' id='block_1_37' title="bbox 2110 648 3687 720">
    <p class='ocr_par' dir='ltr' id='par_1_37' title="bbox 2110 648 3687 720">
     <span class='ocr_line' id='line_1_37' title="bbox 2110 648 3687 720; baseline 0 -17"><span class='ocrx_word' id='word_1_242' title='bbox 2110 649 2292 705; x_wconf 82' lang='lat' dir='ltr'>fuisse</span> <span class='ocrx_word' id='word_1_243' title='bbox 2320 650 2532 716; x_wconf 86' lang='lat' dir='ltr'>factus,</span> <span class='ocrx_word' id='word_1_244' title='bbox 2566 655 2629 704; x_wconf 92' lang='lat' dir='ltr'>ut</span> <span class='ocrx_word' id='word_1_245' title='bbox 2660 650 2972 705; x_wconf 86' lang='lat' dir='ltr'>Heraiscus</span> <span class='ocrx_word' id='word_1_246' title='bbox 3004 648 3358 720; x_wconf 67' lang='lat' dir='ltr'>praidixerat</span> <span class='ocrx_word' id='word_1_247' title='bbox 3394 648 3538 716; x_wconf 86' lang='lat' dir='ltr'>fore,</span> <span class='ocrx_word' id='word_1_248' title='bbox 3576 655 3687 703; x_wconf 88' lang='lat' dir='ltr'>etc.</span> 
     </span>
    </p>
   </div>
   <div class='ocr_carea' id='block_1_38' title="bbox 2179 737 3764 810">
    <p class='ocr_par' dir='ltr' id='par_1_38' title="bbox 2179 737 3764 810">
     <span class='ocr_line' id='line_1_38' title="bbox 2179 737 3764 810; baseline 0.002 -19"><span class='ocrx_word' id='word_1_249' title='bbox 2179 737 2543 810; x_wconf 81' lang='grc' dir='ltr'>Ὑμνοπόλος,</span> <span class='ocrx_word' id='word_1_250' title='bbox 2571 741 2905 795; x_wconf 77' lang='lat' dir='ltr'>carminibus</span> <span class='ocrx_word' id='word_1_251' title='bbox 2934 739 3073 793; x_wconf 84' lang='lat' dir='ltr'>alios</span> <span class='ocrx_word' id='word_1_252' title='bbox 3110 740 3404 795; x_wconf 75' lang='lat' dir='ltr'>celebrans.</span> <span class='ocrx_word' id='word_1_253' title='bbox 3432 741 3508 794; x_wconf 88' lang='lat' dir='ltr'>De</span> <span class='ocrx_word' id='word_1_254' title='bbox 3534 740 3764 794; x_wconf 88' lang='lat' dir='ltr'>Alema-</span> 
     </span>
    </p>
   </div>
   <div class='ocr_carea' id='block_1_39' title="bbox 2107 826 3758 903">
    <p class='ocr_par' dir='ltr' id='par_1_39' title="bbox 2107 826 3758 903">
     <span class='ocr_line' id='line_1_39' title="bbox 2107 826 3758 903; baseline 0.001 -19"><span class='ocrx_word' id='word_1_255' title='bbox 2107 846 2204 897; x_wconf 89' lang='lat' dir='ltr'>ne,</span> <span class='ocrx_word' id='word_1_256' title='bbox 2236 831 2442 903; x_wconf 89' lang='lat' dir='ltr'>lyrico,</span> <span class='ocrx_word' id='word_1_257' title='bbox 2475 831 2857 903; x_wconf 84' lang='lat' dir='ltr'>epigramma,</span> <span class='ocrx_word' id='word_1_258' title='bbox 2887 826 3096 883; x_wconf 75' lang='grc' dir='ltr'>πολλαὶ</span> <span class='ocrx_word' id='word_1_259' title='bbox 3142 826 3397 903; x_wconf 79' lang='grc' dir='ltr'>πατρίδες</span> <span class='ocrx_word' id='word_1_260' title='bbox 3445 827 3758 900; x_wconf 78' lang='grc' dir='ltr'>ὑμνοπλων.</span> 
     </span>
    </p>
   </div>
   <div class='ocr_carea' id='block_1_40' title="bbox 2173 917 3753 993">
    <p class='ocr_par' dir='ltr' id='par_1_40' title="bbox 2173 917 3753 993">
     <span class='ocr_line' id='line_1_40' title="bbox 2173 917 3753 993; baseline 0.001 -21"><span class='ocrx_word' id='word_1_261' title='bbox 2173 917 2409 981; x_wconf 78' lang='grc' dir='ltr'>Ὺώδεις.</span> <span class='ocrx_word' id='word_1_262' title='bbox 2443 921 2643 975; x_wconf 91' lang='lat' dir='ltr'>Suillis</span> <span class='ocrx_word' id='word_1_263' title='bbox 2675 921 2939 976; x_wconf 85' lang='lat' dir='ltr'>moribus</span> <span class='ocrx_word' id='word_1_264' title='bbox 2965 926 3024 977; x_wconf 91' lang='lat' dir='ltr'>et</span> <span class='ocrx_word' id='word_1_265' title='bbox 3052 922 3223 975; x_wconf 88' lang='lat' dir='ltr'>ovino</span> <span class='ocrx_word' id='word_1_266' title='bbox 3254 920 3491 993; x_wconf 86' lang='lat' dir='ltr'>ingenio</span> <span class='ocrx_word' id='word_1_267' title='bbox 3524 921 3753 991; x_wconf 80' lang='lat' dir='ltr'>praediti</span> 
     </span>
    </p>
   </div>
   <div class='ocr_carea' id='block_1_41' title="bbox 2103 1011 3752 1084">
    <p class='ocr_par' dir='ltr' id='par_1_41' title="bbox 2103 1011 3752 1084">
     <span class='ocr_line' id='line_1_41' title="bbox 2103 1011 3752 1084; baseline -0.002 -17"><span class='ocrx_word' id='word_1_268' title='bbox 2103 1013 2213 1067; x_wconf 82' lang='lat' dir='ltr'>ﬁlii</span> <span class='ocrx_word' id='word_1_269' title='bbox 2276 1013 2648 1084; x_wconf 86' lang='lat' dir='ltr'>Hippocratis</span> <span class='ocrx_word' id='word_1_270' title='bbox 2699 1012 2933 1073; x_wconf 85' lang='lat' dir='ltr'>(diversi</span> <span class='ocrx_word' id='word_1_271' title='bbox 2987 1029 3022 1066; x_wconf 93' lang='lat' dir='ltr'>a</span> <span class='ocrx_word' id='word_1_272' title='bbox 3071 1011 3348 1080; x_wconf 89' lang='lat' dir='ltr'>medico),</span> <span class='ocrx_word' id='word_1_273' title='bbox 3396 1011 3752 1080; x_wconf 89' lang='lat' dir='ltr'>Telessipus,</span> 
     </span>
    </p>
   </div>
   <div class='ocr_carea' id='block_1_42' title="bbox 2103 1101 3635 1173">
    <p class='ocr_par' dir='ltr' id='par_1_42' title="bbox 2103 1101 3635 1173">
     <span class='ocr_line' id='line_1_42' title="bbox 2103 1101 3635 1173; baseline -0.003 -16"><span class='ocrx_word' id='word_1_274' title='bbox 2103 1103 2470 1173; x_wconf 89' lang='lat' dir='ltr'>Demophon,</span> <span class='ocrx_word' id='word_1_275' title='bbox 2500 1101 2775 1171; x_wconf 86' lang='lat' dir='ltr'>Pericles,</span> <span class='ocrx_word' id='word_1_276' title='bbox 2795 1119 2829 1156; x_wconf 94' lang='lat' dir='ltr'>a</span> <span class='ocrx_word' id='word_1_277' title='bbox 2859 1101 3101 1156; x_wconf 90' lang='lat' dir='ltr'>comicis</span> <span class='ocrx_word' id='word_1_278' title='bbox 3135 1101 3635 1171; x_wconf 80' lang='lat' dir='ltr'>perstringuntur.</span> 
     </span>
    </p>
   </div>
   <div class='ocr_carea' id='block_1_43' title="bbox 2176 1191 3751 1264">
    <p class='ocr_par' dir='ltr' id='par_1_43' title="bbox 2176 1191 3751 1264">
     <span class='ocr_line' id='line_1_43' title="bbox 2176 1191 3751 1264; baseline -0.001 -17"><span class='ocrx_word' id='word_1_279' title='bbox 2176 1193 2440 1264; x_wconf 85' lang='lat' dir='ltr'>Hypatia,</span> <span class='ocrx_word' id='word_1_280' title='bbox 2470 1192 2724 1246; x_wconf 85' lang='lat' dir='ltr'>Theonis</span> <span class='ocrx_word' id='word_1_281' title='bbox 2758 1197 3095 1264; x_wconf 67' lang='lat' dir='ltr'>geometra),</span> <span class='ocrx_word' id='word_1_282' title='bbox 3138 1192 3522 1246; x_wconf 79' lang='lat' dir='ltr'>Alexandrini</span> <span class='ocrx_word' id='word_1_283' title='bbox 3555 1191 3751 1261; x_wconf 88' lang='lat' dir='ltr'>philo-</span> 
     </span>
    </p>
   </div>
   <div class='ocr_carea' id='block_1_44' title="bbox 2101 1284 3748 1355">
    <p class='ocr_par' dir='ltr' id='par_1_44' title="bbox 2101 1284 3748 1355">
     <span class='ocr_line' id='line_1_44' title="bbox 2101 1284 3748 1355; baseline -0.001 -15"><span class='ocrx_word' id='word_1_284' title='bbox 2101 1285 2293 1355; x_wconf 86' lang='lat' dir='ltr'>sophi,</span> <span class='ocrx_word' id='word_1_285' title='bbox 2328 1284 2469 1353; x_wconf 81' lang='lat' dir='ltr'>filia,</span> <span class='ocrx_word' id='word_1_286' title='bbox 2492 1302 2638 1339; x_wconf 86' lang='lat' dir='ltr'>uxor</span> <span class='ocrx_word' id='word_1_287' title='bbox 2666 1284 2872 1339; x_wconf 90' lang='lat' dir='ltr'>Isidori</span> <span class='ocrx_word' id='word_1_288' title='bbox 2898 1284 3261 1355; x_wconf 87' lang='lat' dir='ltr'>philosophi,</span> <span class='ocrx_word' id='word_1_289' title='bbox 3286 1284 3489 1339; x_wconf 87' lang='lat' dir='ltr'>ﬂoruit</span> <span class='ocrx_word' id='word_1_290' title='bbox 3523 1288 3748 1355; x_wconf 86' lang='lat' dir='ltr'>tempo-</span> 
     </span>
    </p>
   </div>
   <div class='ocr_carea' id='block_1_45' title="bbox 2098 1375 3753 1445">
    <p class='ocr_par' dir='ltr' id='par_1_45' title="bbox 2098 1375 3753 1445">
     <span class='ocr_line' id='line_1_45' title="bbox 2098 1375 3753 1445; baseline 0.001 -16"><span class='ocrx_word' id='word_1_291' title='bbox 2098 1375 2264 1430; x_wconf 87' lang='lat' dir='ltr'>ribus</span> <span class='ocrx_word' id='word_1_292' title='bbox 2296 1375 2527 1431; x_wconf 82' lang='lat' dir='ltr'>Arcadii</span> <span class='ocrx_word' id='word_1_293' title='bbox 2572 1376 2714 1445; x_wconf 92' lang='lat' dir='ltr'>imp.</span> <span class='ocrx_word' id='word_1_294' title='bbox 2768 1375 3017 1445; x_wconf 88' lang='lat' dir='ltr'>Scripsit</span> <span class='ocrx_word' id='word_1_295' title='bbox 3054 1397 3080 1424; x_wconf 89' lang='grc'>‹‹</span> <span class='ocrx_word' id='word_1_296' title='bbox 3133 1376 3637 1430; x_wconf 86' lang='lat' dir='ltr'>Commentarium</span> <span class='ocrx_word' id='word_1_297' title='bbox 3693 1378 3753 1432; x_wconf 91' lang='lat' dir='ltr'>in</span> 
     </span>
    </p>
   </div>
   <div class='ocr_carea' id='block_1_46' title="bbox 2101 1464 3751 1536">
    <p class='ocr_par' dir='ltr' id='par_1_46' title="bbox 2101 1464 3751 1536">
     <span class='ocr_line' id='line_1_46' title="bbox 2101 1464 3751 1536; baseline 0.001 -17"><span class='ocrx_word' id='word_1_298' title='bbox 2101 1485 2131 1514; x_wconf 85' lang='lat'><strong>«</strong></span> <span class='ocrx_word' id='word_1_299' title='bbox 2152 1465 2501 1536; x_wconf 87' lang='lat' dir='ltr'>Diophantis</span> <span class='ocrx_word' id='word_1_300' title='bbox 2556 1464 3022 1519; x_wconf 89' lang='lat' dir='ltr'>astronomicum</span> <span class='ocrx_word' id='word_1_301' title='bbox 3074 1464 3408 1529; x_wconf 89' lang='lat' dir='ltr'>Canonem;</span> <span class='ocrx_word' id='word_1_302' title='bbox 3440 1464 3499 1517; x_wconf 89' lang='lat' dir='ltr'>in</span> <span class='ocrx_word' id='word_1_303' title='bbox 3532 1465 3751 1521; x_wconf 87' lang='lat' dir='ltr'>Conica</span> 
     </span>
    </p>
   </div>
   <div class='ocr_carea' id='block_1_47' title="bbox 2101 1552 3758 1625">
    <p class='ocr_par' dir='ltr' id='par_1_47' title="bbox 2101 1552 3758 1625">
     <span class='ocr_line' id='line_1_47' title="bbox 2101 1552 3758 1625; baseline 0.002 -21"><span class='ocrx_word' id='word_1_304' title='bbox 2101 1575 2129 1604; x_wconf 83' lang='grc'>‹‹</span> <span class='ocrx_word' id='word_1_305' title='bbox 2157 1553 2474 1625; x_wconf 78' lang='lat' dir='ltr'>Apollonii.</span> <span class='ocrx_word' id='word_1_306' title='bbox 2503 1575 2531 1602; x_wconf 73' lang='grc' dir='ltr'>υ</span> <span class='ocrx_word' id='word_1_307' title='bbox 2559 1552 2931 1608; x_wconf 79' lang='lat' dir='ltr'>Alexandriae</span> <span class='ocrx_word' id='word_1_308' title='bbox 2963 1558 3123 1618; x_wconf 87' lang='lat' dir='ltr'>nata,</span> <span class='ocrx_word' id='word_1_309' title='bbox 3159 1552 3370 1606; x_wconf 89' lang='lat' dir='ltr'>educta</span> <span class='ocrx_word' id='word_1_310' title='bbox 3413 1556 3472 1606; x_wconf 90' lang='lat' dir='ltr'>et</span> <span class='ocrx_word' id='word_1_311' title='bbox 3504 1552 3758 1622; x_wconf 87' lang='lat' dir='ltr'>erudita,</span> 
     </span>
    </p>
   </div>
   <div class='ocr_carea' id='block_1_48' title="bbox 2096 1642 3752 1717">
    <p class='ocr_par' dir='ltr' id='par_1_48' title="bbox 2096 1642 3752 1717">
     <span class='ocr_line' id='line_1_48' title="bbox 2096 1642 3752 1717; baseline -0.001 -19"><span class='ocrx_word' id='word_1_312' title='bbox 2096 1644 2333 1717; x_wconf 88' lang='lat' dir='ltr'>ingenio</span> <span class='ocrx_word' id='word_1_313' title='bbox 2368 1644 2776 1715; x_wconf 65' lang='lat' dir='ltr'>praestantiore</span> <span class='ocrx_word' id='word_1_314' title='bbox 2806 1658 2985 1715; x_wconf 90' lang='lat' dir='ltr'>quam</span> <span class='ocrx_word' id='word_1_315' title='bbox 3001 1648 3189 1713; x_wconf 88' lang='lat' dir='ltr'>pater,</span> <span class='ocrx_word' id='word_1_316' title='bbox 3209 1658 3330 1697; x_wconf 88' lang='lat' dir='ltr'>non</span> <span class='ocrx_word' id='word_1_317' title='bbox 3362 1642 3752 1712; x_wconf 88' lang='lat' dir='ltr'>acquiescens</span> 
     </span>
    </p>
   </div>
   <div class='ocr_carea' id='block_1_49' title="bbox 2100 1732 3754 1806">
    <p class='ocr_par' dir='ltr' id='par_1_49' title="bbox 2100 1732 3754 1806">
     <span class='ocr_line' id='line_1_49' title="bbox 2100 1732 3754 1806; baseline -0.002 -17"><span class='ocrx_word' id='word_1_318' title='bbox 2100 1735 2421 1806; x_wconf 87' lang='lat' dir='ltr'>paternain</span> <span class='ocrx_word' id='word_1_319' title='bbox 2449 1734 2883 1789; x_wconf 88' lang='lat' dir='ltr'>mathematicis</span> <span class='ocrx_word' id='word_1_320' title='bbox 2911 1733 3555 1798; x_wconf 71' lang='lat' dir='ltr'>institutione,cseterm</span> <span class='ocrx_word' id='word_1_321' title='bbox 3576 1732 3754 1786; x_wconf 89' lang='lat' dir='ltr'>etiam</span> 
     </span>
    </p>
   </div>
   <div class='ocr_carea' id='block_1_50' title="bbox 2011 1822 3752 1936">
    <p class='ocr_par' dir='ltr' id='par_1_50' title="bbox 2011 1822 3752 1936">
     <span class='ocr_line' id='line_1_50' title="bbox 2011 1822 3752 1936; baseline -0.001 -58"><span class='ocrx_word' id='word_1_322' title='bbox 2011 1871 2057 1936; x_wconf 81' lang='grc' dir='ltr'><strong>Β</strong></span> <span class='ocrx_word' id='word_1_323' title='bbox 2098 1824 2491 1896; x_wconf 60' lang='lat' dir='ltr'>philosophia:</span> <span class='ocrx_word' id='word_1_324' title='bbox 2519 1830 2821 1879; x_wconf 89' lang='lat' dir='ltr'>strenuam</span> <span class='ocrx_word' id='word_1_325' title='bbox 2845 1839 3085 1894; x_wconf 89' lang='lat' dir='ltr'>operam</span> <span class='ocrx_word' id='word_1_326' title='bbox 3108 1822 3421 1893; x_wconf 88' lang='lat' dir='ltr'>impendit,</span> <span class='ocrx_word' id='word_1_327' title='bbox 3446 1828 3504 1876; x_wconf 91' lang='lat' dir='ltr'>et</span> <span class='ocrx_word' id='word_1_328' title='bbox 3533 1822 3752 1877; x_wconf 90' lang='lat' dir='ltr'>mulier</span> 
     </span>
     <span class='ocr_line' id='line_1_51' title="bbox 2104 1912 3717 1936; baseline -0.001 0"><span class='ocrx_word' id='word_1_329' title='bbox 2104 1920 2327 1936; x_wconf 35' lang='lat' dir='ltr'>A____.-</span> <span class='ocrx_word' id='word_1_330' title='bbox 2366 1915 2540 1936; x_wconf 75' lang='lat' dir='ltr'>_-n:-</span> <span class='ocrx_word' id='word_1_331' title='bbox 2573 1930 2675 1936; x_wconf 81' lang='lat'>_-_</span> <span class='ocrx_word' id='word_1_332' title='bbox 2707 1913 2957 1936; x_wconf 39' lang='lat'>__-.:-‘.</span> <span class='ocrx_word' id='word_1_333' title='bbox 2984 1912 3190 1936; x_wconf 48' lang='grc' dir='ltr'>ηιμ...</span> <span class='ocrx_word' id='word_1_334' title='bbox 3228 1912 3609 1936; x_wconf 30' lang='lat' dir='ltr'>“una”-</span> <span class='ocrx_word' id='word_1_335' title='bbox 3644 1929 3717 1936; x_wconf 85' lang='lat'>_--</span> 
     </span>
    </p>
   </div>
   <div class='ocr_carea' id='block_1_51' title="bbox 2100 1912 3744 1987">
    <p class='ocr_par' dir='ltr' id='par_1_51' title="bbox 2100 1912 3744 1987">
     <span class='ocr_line' id='line_1_52' title="bbox 2100 1912 3744 1987; baseline -0.003 -17"><span class='ocrx_word' id='word_1_336' title='bbox 2100 1920 2335 1986; x_wconf 88' lang='lat' dir='ltr'>sumpto</span> <span class='ocrx_word' id='word_1_337' title='bbox 2366 1915 2547 1987; x_wconf 91' lang='lat' dir='ltr'>pallio</span> <span class='ocrx_word' id='word_1_338' title='bbox 2572 1930 2678 1986; x_wconf 90' lang='lat' dir='ltr'>per</span> <span class='ocrx_word' id='word_1_339' title='bbox 2707 1913 2962 1969; x_wconf 89' lang='lat' dir='ltr'>mediam</span> <span class='ocrx_word' id='word_1_340' title='bbox 2984 1912 3196 1967; x_wconf 88' lang='lat' dir='ltr'>urbem</span> <span class='ocrx_word' id='word_1_341' title='bbox 3228 1912 3612 1984; x_wconf 85' lang='lat' dir='ltr'>progrediens</span> <span class='ocrx_word' id='word_1_342' title='bbox 3642 1929 3744 1982; x_wconf 81' lang='lat' dir='ltr'>pu-</span> 
     </span>
    </p>
   </div>
   <div class='ocr_carea' id='block_1_52' title="bbox 2096 2002 3748 2060">
    <p class='ocr_par' dir='ltr' id='par_1_52' title="bbox 2096 2002 3748 2060">
     <span class='ocr_line' id='line_1_53' title="bbox 2096 2002 3748 2060; baseline -0.003 0"><span class='ocrx_word' id='word_1_343' title='bbox 2096 2004 2251 2060; x_wconf 92' lang='lat' dir='ltr'>blice</span> <span class='ocrx_word' id='word_1_344' title='bbox 2281 2005 2485 2060; x_wconf 89' lang='lat' dir='ltr'>audire</span> <span class='ocrx_word' id='word_1_345' title='bbox 2532 2021 2594 2059; x_wconf 91' lang='lat' dir='ltr'>se</span> <span class='ocrx_word' id='word_1_346' title='bbox 2626 2003 2959 2058; x_wconf 86' lang='lat' dir='ltr'>volentibus</span> <span class='ocrx_word' id='word_1_347' title='bbox 2990 2003 3299 2057; x_wconf 88' lang='lat' dir='ltr'>Platonem</span> <span class='ocrx_word' id='word_1_348' title='bbox 3346 2002 3434 2055; x_wconf 88' lang='lat' dir='ltr'>vel</span> <span class='ocrx_word' id='word_1_349' title='bbox 3465 2002 3748 2056; x_wconf 84' lang='lat' dir='ltr'>Aristote-</span> 
     </span>
    </p>
   </div>
   <div class='ocr_carea' id='block_1_53' title="bbox 2096 2092 3745 2167">
    <p class='ocr_par' dir='ltr' id='par_1_53' title="bbox 2096 2092 3745 2167">
     <span class='ocr_line' id='line_1_54' title="bbox 2096 2092 3745 2167; baseline -0.002 -18"><span class='ocrx_word' id='word_1_350' title='bbox 2096 2094 2213 2150; x_wconf 91' lang='lat' dir='ltr'>lem</span> <span class='ocrx_word' id='word_1_351' title='bbox 2235 2095 2325 2149; x_wconf 92' lang='lat' dir='ltr'>vel</span> <span class='ocrx_word' id='word_1_352' title='bbox 2347 2095 2607 2167; x_wconf 85' lang='lat' dir='ltr'>cujusvis</span> <span class='ocrx_word' id='word_1_353' title='bbox 2637 2094 2883 2149; x_wconf 88' lang='lat' dir='ltr'>alterius</span> <span class='ocrx_word' id='word_1_354' title='bbox 2910 2092 3248 2164; x_wconf 88' lang='lat' dir='ltr'>philosophi</span> <span class='ocrx_word' id='word_1_355' title='bbox 3270 2092 3488 2162; x_wconf 88' lang='lat' dir='ltr'>scripta</span> <span class='ocrx_word' id='word_1_356' title='bbox 3511 2108 3745 2147; x_wconf 90' lang='lat' dir='ltr'>enarra-</span> 
     </span>
    </p>
   </div>
   <div class='ocr_carea' id='block_1_54' title="bbox 2092 2182 3748 2257">
    <p class='ocr_par' dir='ltr' id='par_1_54' title="bbox 2092 2182 3748 2257">
     <span class='ocr_line' id='line_1_55' title="bbox 2092 2182 3748 2257; baseline -0.002 -17"><span class='ocrx_word' id='word_1_357' title='bbox 2092 2185 2212 2240; x_wconf 89' lang='lat' dir='ltr'>bat.</span> <span class='ocrx_word' id='word_1_358' title='bbox 2243 2186 2492 2257; x_wconf 88' lang='lat' dir='ltr'>Hypatia</span> <span class='ocrx_word' id='word_1_359' title='bbox 2549 2184 2873 2239; x_wconf 89' lang='lat' dir='ltr'>dilacerata</span> <span class='ocrx_word' id='word_1_360' title='bbox 2927 2184 3041 2238; x_wconf 84' lang='lat' dir='ltr'>fuit</span> <span class='ocrx_word' id='word_1_361' title='bbox 3081 2182 3153 2238; x_wconf 90' lang='lat' dir='ltr'>ab</span> <span class='ocrx_word' id='word_1_362' title='bbox 3216 2182 3656 2249; x_wconf 81' lang='lat' dir='ltr'>Alexandrinis,</span> <span class='ocrx_word' id='word_1_363' title='bbox 3690 2187 3748 2237; x_wconf 93' lang='lat' dir='ltr'>et</span> 
     </span>
    </p>
   </div>
   <div class='ocr_carea' id='block_1_55' title="bbox 2094 2271 3744 2347">
    <p class='ocr_par' dir='ltr' id='par_1_55' title="bbox 2094 2271 3744 2347">
     <span class='ocr_line' id='line_1_56' title="bbox 2094 2271 3744 2347; baseline -0.004 -16"><span class='ocrx_word' id='word_1_364' title='bbox 2094 2292 2311 2347; x_wconf 86' lang='lat' dir='ltr'>corpus</span> <span class='ocrx_word' id='word_1_365' title='bbox 2339 2276 2469 2346; x_wconf 88' lang='lat' dir='ltr'>ejus</span> <span class='ocrx_word' id='word_1_366' title='bbox 2503 2292 2637 2330; x_wconf 89' lang='lat' dir='ltr'>cum</span> <span class='ocrx_word' id='word_1_367' title='bbox 2692 2274 2952 2329; x_wconf 90' lang='lat' dir='ltr'>ludibrio</span> <span class='ocrx_word' id='word_1_368' title='bbox 3011 2290 3118 2344; x_wconf 91' lang='lat' dir='ltr'>per</span> <span class='ocrx_word' id='word_1_369' title='bbox 3146 2272 3360 2328; x_wconf 89' lang='lat' dir='ltr'>urbem</span> <span class='ocrx_word' id='word_1_370' title='bbox 3405 2271 3744 2343; x_wconf 84' lang='lat' dir='ltr'>disjectum,</span> 
     </span>
    </p>
   </div>
   <div class='ocr_carea' id='block_1_56' title="bbox 2094 2361 3745 2436">
    <p class='ocr_par' dir='ltr' id='par_1_56' title="bbox 2094 2361 3745 2436">
     <span class='ocr_line' id='line_1_57' title="bbox 2094 2361 3745 2436; baseline -0.003 -17"><span class='ocrx_word' id='word_1_371' title='bbox 2094 2366 2251 2436; x_wconf 88' lang='lat' dir='ltr'>quod</span> <span class='ocrx_word' id='word_1_372' title='bbox 2282 2364 2503 2420; x_wconf 81' lang='lat' dir='ltr'>factum</span> <span class='ocrx_word' id='word_1_373' title='bbox 2535 2365 2706 2419; x_wconf 89' lang='lat' dir='ltr'>aiunt</span> <span class='ocrx_word' id='word_1_374' title='bbox 2736 2380 2803 2418; x_wconf 88' lang='lat' dir='ltr'>ex</span> <span class='ocrx_word' id='word_1_375' title='bbox 2859 2363 3081 2418; x_wconf 87' lang='lat' dir='ltr'>invidia</span> <span class='ocrx_word' id='word_1_376' title='bbox 3122 2361 3350 2433; x_wconf 86' lang='lat' dir='ltr'>Gyrilli,</span> <span class='ocrx_word' id='word_1_377' title='bbox 3380 2361 3492 2427; x_wconf 93' lang='lat' dir='ltr'>vel,</span> <span class='ocrx_word' id='word_1_378' title='bbox 3526 2366 3591 2415; x_wconf 91' lang='lat' dir='ltr'>ut</span> <span class='ocrx_word' id='word_1_379' title='bbox 3620 2361 3745 2428; x_wconf 91' lang='lat' dir='ltr'>alii,</span> 
     </span>
    </p>
   </div>
   <div class='ocr_carea' id='block_1_57' title="bbox 2092 2451 3745 2525">
    <p class='ocr_par' dir='ltr' id='par_1_57' title="bbox 2092 2451 3745 2525">
     <span class='ocr_line' id='line_1_58' title="bbox 2092 2451 3745 2525; baseline -0.004 -15"><span class='ocrx_word' id='word_1_380' title='bbox 2092 2455 2251 2525; x_wconf 91' lang='lat' dir='ltr'>quod</span> <span class='ocrx_word' id='word_1_381' title='bbox 2282 2454 2670 2509; x_wconf 85' lang='lat' dir='ltr'>Alexandrini</span> <span class='ocrx_word' id='word_1_382' title='bbox 2694 2459 2908 2508; x_wconf 87' lang='lat' dir='ltr'>natura</span> <span class='ocrx_word' id='word_1_383' title='bbox 2930 2458 3133 2508; x_wconf 89' lang='lat' dir='ltr'>essent</span> <span class='ocrx_word' id='word_1_384' title='bbox 3153 2451 3409 2507; x_wconf 87' lang='lat' dir='ltr'>audaces</span> <span class='ocrx_word' id='word_1_385' title='bbox 3432 2456 3489 2506; x_wconf 84' lang='lat' dir='ltr'>et</span> <span class='ocrx_word' id='word_1_386' title='bbox 3505 2451 3579 2506; x_wconf 91' lang='lat' dir='ltr'>ad</span> <span class='ocrx_word' id='word_1_387' title='bbox 3597 2451 3745 2505; x_wconf 89' lang='lat' dir='ltr'>sedi-</span> 
     </span>
    </p>
   </div>
   <div class='ocr_carea' id='block_1_58' title="bbox 2089 2540 4045 2629">
    <p class='ocr_par' dir='ltr' id='par_1_58' title="bbox 2089 2540 4045 2629">
     <span class='ocr_line' id='line_1_59' title="bbox 2089 2540 4045 2629; baseline -0.002 -31"><span class='ocrx_word' id='word_1_388' title='bbox 2089 2544 2311 2599; x_wconf 87' lang='lat' dir='ltr'>tionem</span> <span class='ocrx_word' id='word_1_389' title='bbox 2346 2543 2651 2615; x_wconf 89' lang='lat' dir='ltr'>proclives.</span> <span class='ocrx_word' id='word_1_390' title='bbox 2691 2544 2831 2597; x_wconf 84' lang='lat' dir='ltr'>Nam</span> <span class='ocrx_word' id='word_1_391' title='bbox 2865 2542 3083 2597; x_wconf 89' lang='lat' dir='ltr'>multos</span> <span class='ocrx_word' id='word_1_392' title='bbox 3115 2542 3293 2596; x_wconf 84' lang='lat' dir='ltr'>etiam</span> <span class='ocrx_word' id='word_1_393' title='bbox 3326 2540 3859 2629; x_wconf 43' lang='lat' dir='ltr'>epistapgmm~m</span> <span class='ocrx_word' id='word_1_394' title='bbox 3902 2581 4045 2616; x_wconf 40' lang='lat' dir='ltr'>.N</span> 
     </span>
    </p>
   </div>
   <div class='ocr_carea' id='block_1_59' title="bbox 2090 2630 3742 2723">
    <p class='ocr_par' dir='ltr' id='par_1_59' title="bbox 2090 2630 3742 2723">
     <span class='ocr_line' id='line_1_60' title="bbox 2090 2630 3742 2723; baseline 0.001 -35"><span class='ocrx_word' id='word_1_395' title='bbox 2090 2650 2332 2723; x_wconf 54' lang='lat'>692.2311}</span> <span class='ocrx_word' id='word_1_396' title='bbox 2382 2634 2466 2688; x_wconf 90' lang='lat' dir='ltr'>ita</span> <span class='ocrx_word' id='word_1_397' title='bbox 2519 2636 2891 2702; x_wconf 65' lang='lat' dir='ltr'>tractarunt,</span> <span class='ocrx_word' id='word_1_398' title='bbox 2924 2631 3015 2688; x_wconf 76' lang='lat' dir='ltr'>uti</span> <span class='ocrx_word' id='word_1_399' title='bbox 3056 2630 3379 2706; x_wconf 75' lang='lat' dir='ltr'>Georgium</span> <span class='ocrx_word' id='word_1_400' title='bbox 3437 2640 3494 2689; x_wconf 92' lang='lat' dir='ltr'>et</span> <span class='ocrx_word' id='word_1_401' title='bbox 3540 2636 3742 2690; x_wconf 88' lang='lat' dir='ltr'>Prote-</span> 
     </span>
    </p>
   </div>
   <div class='ocr_carea' id='block_1_60' title="bbox 2086 2724 3739 2797">
    <p class='ocr_par' dir='ltr' id='par_1_60' title="bbox 2086 2724 3739 2797">
     <span class='ocr_line' id='line_1_61' title="bbox 2086 2724 3739 2797; baseline 0.001 -19"><span class='ocrx_word' id='word_1_402' title='bbox 2086 2726 2263 2791; x_wconf 88' lang='lat' dir='ltr'>rium,</span> <span class='ocrx_word' id='word_1_403' title='bbox 2300 2729 2409 2779; x_wconf 90' lang='lat' dir='ltr'>etc.</span> <span class='ocrx_word' id='word_1_404' title='bbox 2439 2724 2769 2797; x_wconf 87' lang='lat' dir='ltr'>Imperator</span> <span class='ocrx_word' id='word_1_405' title='bbox 2797 2741 2929 2780; x_wconf 90' lang='lat' dir='ltr'>eam</span> <span class='ocrx_word' id='word_1_406' title='bbox 2956 2741 3082 2779; x_wconf 90' lang='lat' dir='ltr'>rem</span> <span class='ocrx_word' id='word_1_407' title='bbox 3113 2725 3456 2795; x_wconf 86' lang='lat' dir='ltr'>gravissime</span> <span class='ocrx_word' id='word_1_408' title='bbox 3490 2724 3647 2794; x_wconf 90' lang='lat' dir='ltr'>tulit,</span> <span class='ocrx_word' id='word_1_409' title='bbox 3680 2729 3739 2779; x_wconf 92' lang='lat' dir='ltr'>et</span> 
     </span>
    </p>
   </div>
   <div class='ocr_carea' id='block_1_61' title="bbox 2084 2811 3742 2884">
    <p class='ocr_par' dir='ltr' id='par_1_61' title="bbox 2084 2811 3742 2884">
     <span class='ocr_line' id='line_1_62' title="bbox 2084 2811 3742 2884; baseline -0.001 -18"><span class='ocrx_word' id='word_1_410' title='bbox 2084 2811 2245 2867; x_wconf 91' lang='lat' dir='ltr'>ultus</span> <span class='ocrx_word' id='word_1_411' title='bbox 2277 2816 2454 2880; x_wconf 89' lang='lat' dir='ltr'>esset,</span> <span class='ocrx_word' id='word_1_412' title='bbox 2485 2814 2601 2868; x_wconf 90' lang='lat' dir='ltr'>nisi</span> <span class='ocrx_word' id='word_1_413' title='bbox 2633 2813 2900 2867; x_wconf 67' lang='lat' dir='ltr'>Edesius</span> <span class='ocrx_word' id='word_1_414' title='bbox 2943 2814 3166 2868; x_wconf 89' lang='lat' dir='ltr'>amicos</span> <span class='ocrx_word' id='word_1_415' title='bbox 3190 2812 3570 2884; x_wconf 88' lang='lat' dir='ltr'>imperatoris</span> <span class='ocrx_word' id='word_1_416' title='bbox 3609 2828 3742 2867; x_wconf 88' lang='lat' dir='ltr'>cor-</span> 
     </span>
    </p>
   </div>
   <div class='ocr_carea' id='block_1_62' title="bbox 2083 2902 3740 2975">
    <p class='ocr_par' dir='ltr' id='par_1_62' title="bbox 2083 2902 3740 2975">
     <span class='ocr_line' id='line_1_63' title="bbox 2083 2902 3740 2975; baseline 0.002 -20"><span class='ocrx_word' id='word_1_417' title='bbox 2083 2902 2362 2973; x_wconf 89' lang='lat' dir='ltr'>rupisset.</span> <span class='ocrx_word' id='word_1_418' title='bbox 2398 2902 2508 2957; x_wconf 92' lang='lat' dir='ltr'>Sed</span> <span class='ocrx_word' id='word_1_419' title='bbox 2541 2903 2862 2975; x_wconf 89' lang='lat' dir='ltr'>imperator</span> <span class='ocrx_word' id='word_1_420' title='bbox 2890 2921 3124 2975; x_wconf 75' lang='lat' dir='ltr'>pmnam</span> <span class='ocrx_word' id='word_1_421' title='bbox 3155 2906 3468 2960; x_wconf 91' lang='lat' dir='ltr'>remittens</span> <span class='ocrx_word' id='word_1_422' title='bbox 3494 2905 3740 2960; x_wconf 84' lang='lat' dir='ltr'>interfe-</span> 
     </span>
    </p>
   </div>
   <div class='ocr_carea' id='block_1_63' title="bbox 2085 2994 3732 3069">
    <p class='ocr_par' dir='ltr' id='par_1_63' title="bbox 2085 2994 3732 3069">
     <span class='ocr_line' id='line_1_64' title="bbox 2085 2994 3732 3069; baseline 0.004 -22"><span class='ocrx_word' id='word_1_423' title='bbox 2085 2994 2367 3059; x_wconf 89' lang='lat' dir='ltr'>ctoribus,</span> <span class='ocrx_word' id='word_1_424' title='bbox 2421 2996 2483 3048; x_wconf 90' lang='lat' dir='ltr'>in</span> <span class='ocrx_word' id='word_1_425' title='bbox 2516 3011 2686 3049; x_wconf 89' lang='lat' dir='ltr'>suum</span> <span class='ocrx_word' id='word_1_426' title='bbox 2718 2996 2905 3067; x_wconf 88' lang='lat' dir='ltr'>ipsius</span> <span class='ocrx_word' id='word_1_427' title='bbox 2937 3003 3114 3068; x_wconf 86' lang='lat' dir='ltr'>caput</span> <span class='ocrx_word' id='word_1_428' title='bbox 3144 3003 3202 3051; x_wconf 92' lang='lat' dir='ltr'>et</span> <span class='ocrx_word' id='word_1_429' title='bbox 3258 2998 3506 3069; x_wconf 88' lang='lat' dir='ltr'>stirpem</span> <span class='ocrx_word' id='word_1_430' title='bbox 3564 3015 3732 3055; x_wconf 89' lang='lat' dir='ltr'>suam</span> 
     </span>
    </p>
   </div>
   <div class='ocr_carea' id='block_1_64' title="bbox 2082 3081 3728 3157">
    <p class='ocr_par' dir='ltr' id='par_1_64' title="bbox 2082 3081 3728 3157">
     <span class='ocr_line' id='line_1_65' title="bbox 2082 3081 3728 3157; baseline 0.004 -21"><span class='ocrx_word' id='word_1_431' title='bbox 2082 3081 2372 3138; x_wconf 88' lang='lat' dir='ltr'>ultionem</span> <span class='ocrx_word' id='word_1_432' title='bbox 2396 3086 2654 3140; x_wconf 87' lang='lat' dir='ltr'>attraxit.</span> <span class='ocrx_word' id='word_1_433' title='bbox 2687 3086 2827 3155; x_wconf 80' lang='lat' dir='ltr'>Ejus</span> <span class='ocrx_word' id='word_1_434' title='bbox 2853 3087 3011 3139; x_wconf 90' lang='lat' dir='ltr'>enim</span> <span class='ocrx_word' id='word_1_435' title='bbox 3031 3102 3214 3155; x_wconf 88' lang='lat' dir='ltr'>nepos</span> <span class='ocrx_word' id='word_1_436' title='bbox 3236 3104 3442 3157; x_wconf 66' lang='lat' dir='ltr'>poenas</span> <span class='ocrx_word' id='word_1_437' title='bbox 3464 3088 3728 3143; x_wconf 81' lang='lat' dir='ltr'>exsolvit.</span> 
     </span>
    </p>
   </div>
   <div class='ocr_carea' id='block_1_65' title="bbox 2081 3171 3729 3233">
    <p class='ocr_par' dir='ltr' id='par_1_65' title="bbox 2081 3171 3729 3233">
     <span class='ocr_line' id='line_1_66' title="bbox 2081 3171 3729 3233; baseline 0.005 -9"><span class='ocrx_word' id='word_1_438' title='bbox 2081 3171 2212 3225; x_wconf 87' lang='lat' dir='ltr'>Nihi</span> <span class='ocrx_word' id='word_1_439' title='bbox 2247 3189 2315 3227; x_wconf 90' lang='lat' dir='ltr'>ea</span> <span class='ocrx_word' id='word_1_440' title='bbox 2345 3190 2439 3227; x_wconf 87' lang='lat' dir='ltr'>res</span> <span class='ocrx_word' id='word_1_441' title='bbox 2472 3173 2776 3228; x_wconf 90' lang='lat' dir='ltr'>imminuit</span> <span class='ocrx_word' id='word_1_442' title='bbox 2805 3175 3339 3229; x_wconf 84' lang='lat' dir='ltr'>Alexandrinorum</span> <span class='ocrx_word' id='word_1_443' title='bbox 3374 3177 3636 3232; x_wconf 83' lang='lat' dir='ltr'>studium</span> <span class='ocrx_word' id='word_1_444' title='bbox 3668 3181 3729 3233; x_wconf 90' lang='lat' dir='ltr'>in</span> 
     </span>
    </p>
   </div>
   <div class='ocr_carea' id='block_1_66' title="bbox 321 3226 3729 3335">
    <p class='ocr_par' dir='ltr' id='par_1_66' title="bbox 321 3226 3729 3335">
     <span class='ocr_line' id='line_1_67' title="bbox 321 3226 3729 3335; baseline 0.002 -35"><span class='ocrx_word' id='word_1_445' title='bbox 321 3247 562 3317; x_wconf 90' lang='lat' dir='ltr'>scripsit</span> <span class='ocrx_word' id='word_1_446' title='bbox 590 3248 872 3318; x_wconf 88' lang='lat' dir='ltr'>Hymnos.</span> <span class='ocrx_word' id='word_1_447' title='bbox 908 3250 1155 3305; x_wconf 89' lang='lat' dir='ltr'>Ludicra</span> <span class='ocrx_word' id='word_1_448' title='bbox 1182 3251 1327 3306; x_wconf 89' lang='lat' dir='ltr'>varii</span> <span class='ocrx_word' id='word_1_449' title='bbox 1370 3250 1626 3323; x_wconf 86' lang='lat' dir='ltr'>generis,</span> <span class='ocrx_word' id='word_1_450' title='bbox 1655 3250 1921 3305; x_wconf 88' lang='lat' dir='ltr'>versibus</span> <span class='ocrx_word' id='word_1_451' title='bbox 1951 3267 1964 3303; x_wconf 91' lang='lat'><em>:</em></span> <span class='ocrx_word' id='word_1_452' title='bbox 2008 3226 2049 3293; x_wconf 61' lang='grc' dir='ltr'>(ἶ</span> <span class='ocrx_word' id='word_1_453' title='bbox 2080 3259 2406 3329; x_wconf 68' lang='lat' dir='ltr'>Isidorum;</span> <span class='ocrx_word' id='word_1_454' title='bbox 2439 3278 2579 3316; x_wconf 71' lang='lat' dir='ltr'>nam</span> <span class='ocrx_word' id='word_1_455' title='bbox 2602 3263 2641 3316; x_wconf 79' lang='lat' dir='ltr'>ji</span> <span class='ocrx_word' id='word_1_456' title='bbox 2675 3262 2874 3330; x_wconf 60' lang='lat' dir='ltr'>etiam,</span> <span class='ocrx_word' id='word_1_457' title='bbox 2918 3263 3018 3333; x_wconf 75' lang='lat' dir='ltr'>qui</span> <span class='ocrx_word' id='word_1_458' title='bbox 3051 3263 3363 3317; x_wconf 65' lang='lat' dir='ltr'>rhetoricis</span> <span class='ocrx_word' id='word_1_459' title='bbox 3394 3270 3451 3318; x_wconf 65' lang='lat' dir='ltr'>et</span> <span class='ocrx_word' id='word_1_460' title='bbox 3481 3266 3729 3335; x_wconf 60' lang='lat' dir='ltr'>poeticis</span> 
     </span>
    </p>
   </div>
   <div class='ocr_carea' id='block_1_67' title="bbox 319 3337 1972 3412">
    <p class='ocr_par' dir='ltr' id='par_1_67' title="bbox 319 3337 1972 3412">
     <span class='ocr_line' id='line_1_68' title="bbox 319 3337 1972 3412; baseline 0.002 -22"><span class='ocrx_word' id='word_1_461' title='bbox 319 3340 379 3390; x_wconf 92' lang='lat' dir='ltr'>et</span> <span class='ocrx_word' id='word_1_462' title='bbox 403 3338 584 3392; x_wconf 89' lang='lat' dir='ltr'>Prosa</span> <span class='ocrx_word' id='word_1_463' title='bbox 613 3337 685 3391; x_wconf 91' lang='lat' dir='ltr'>de</span> <span class='ocrx_word' id='word_1_464' title='bbox 712 3339 984 3409; x_wconf 85' lang='lat' dir='ltr'>personis</span> <span class='ocrx_word' id='word_1_465' title='bbox 1014 3340 1260 3395; x_wconf 90' lang='lat' dir='ltr'>comicis</span> <span class='ocrx_word' id='word_1_466' title='bbox 1282 3344 1341 3394; x_wconf 90' lang='lat' dir='ltr'>et</span> <span class='ocrx_word' id='word_1_467' title='bbox 1370 3344 1733 3412; x_wconf 86' lang='lat' dir='ltr'>Argumenta</span> <span class='ocrx_word' id='word_1_468' title='bbox 1764 3356 1972 3394; x_wconf 66' lang='lat' dir='ltr'>comae-</span> 
     </span>
    </p>
   </div>
   <div class='ocr_carea' id='block_1_68' title="bbox 321 3425 1415 3499">
    <p class='ocr_par' dir='ltr' id='par_1_68' title="bbox 321 3425 1415 3499">
     <span class='ocr_line' id='line_1_69' title="bbox 321 3425 1415 3499; baseline 0.005 -20"><span class='ocrx_word' id='word_1_469' title='bbox 321 3425 557 3479; x_wconf 88' lang='lat' dir='ltr'>diarum</span> <span class='ocrx_word' id='word_1_470' title='bbox 587 3426 916 3495; x_wconf 90' lang='lat' dir='ltr'>Menandri,</span> <span class='ocrx_word' id='word_1_471' title='bbox 948 3427 1129 3499; x_wconf 84' lang='lat' dir='ltr'>Infra,</span> <span class='ocrx_word' id='word_1_472' title='bbox 1163 3425 1415 3490; x_wconf 67' lang='grc' dir='ltr'>Σέλλιος.</span> 
     </span>
    </p>
   </div>
   <div class='ocr_carea' id='block_1_69' title="bbox 392 3512 1970 3590">
    <p class='ocr_par' dir='ltr' id='par_1_69' title="bbox 392 3512 1970 3590">
     <span class='ocr_line' id='line_1_70' title="bbox 392 3512 1970 3590; baseline 0.003 -21"><span class='ocrx_word' id='word_1_473' title='bbox 392 3512 803 3589; x_wconf 77' lang='grc' dir='ltr'>Ὁμοιομὲρεια.</span> <span class='ocrx_word' id='word_1_474' title='bbox 858 3521 1235 3590; x_wconf 83' lang='lat' dir='ltr'>Anaxagoras</span> <span class='ocrx_word' id='word_1_475' title='bbox 1286 3517 1678 3590; x_wconf 88' lang='lat' dir='ltr'>philosophus</span> <span class='ocrx_word' id='word_1_476' title='bbox 1735 3518 1970 3575; x_wconf 89' lang='lat' dir='ltr'>dicebat</span> 
     </span>
    </p>
   </div>
   <div class='ocr_carea' id='block_1_70' title="bbox 314 3603 1963 3664">
    <p class='ocr_par' dir='ltr' id='par_1_70' title="bbox 314 3603 1963 3664">
     <span class='ocr_line' id='line_1_71' title="bbox 314 3603 1963 3664; baseline 0.004 -7"><span class='ocrx_word' id='word_1_477' title='bbox 314 3604 376 3658; x_wconf 90' lang='lat' dir='ltr'>in</span> <span class='ocrx_word' id='word_1_478' title='bbox 413 3603 557 3658; x_wconf 92' lang='lat' dir='ltr'>luna</span> <span class='ocrx_word' id='word_1_479' title='bbox 586 3604 839 3661; x_wconf 87' lang='lat' dir='ltr'>habitari</span> <span class='ocrx_word' id='word_1_480' title='bbox 871 3610 930 3660; x_wconf 93' lang='lat' dir='ltr'>et</span> <span class='ocrx_word' id='word_1_481' title='bbox 958 3623 1086 3662; x_wconf 88' lang='lat' dir='ltr'>esse</span> <span class='ocrx_word' id='word_1_482' title='bbox 1136 3608 1197 3663; x_wconf 91' lang='lat' dir='ltr'>in</span> <span class='ocrx_word' id='word_1_483' title='bbox 1229 3624 1299 3663; x_wconf 90' lang='lat' dir='ltr'>ea</span> <span class='ocrx_word' id='word_1_484' title='bbox 1330 3608 1511 3662; x_wconf 89' lang='lat' dir='ltr'>colles</span> <span class='ocrx_word' id='word_1_485' title='bbox 1560 3613 1618 3662; x_wconf 93' lang='lat' dir='ltr'>et</span> <span class='ocrx_word' id='word_1_486' title='bbox 1647 3608 1963 3664; x_wconf 87' lang='lat' dir='ltr'>convalles.</span> 
     </span>
    </p>
   </div>
   <div class='ocr_carea' id='block_1_71' title="bbox 314 3692 1960 3768">
    <p class='ocr_par' dir='ltr' id='par_1_71' title="bbox 314 3692 1960 3768">
     <span class='ocr_line' id='line_1_72' title="bbox 314 3692 1960 3768; baseline 0.004 -23"><span class='ocrx_word' id='word_1_487' title='bbox 314 3692 619 3764; x_wconf 89' lang='lat' dir='ltr'>Principia</span> <span class='ocrx_word' id='word_1_488' title='bbox 647 3710 783 3749; x_wconf 91' lang='lat' dir='ltr'>vero</span> <span class='ocrx_word' id='word_1_489' title='bbox 823 3711 1024 3750; x_wconf 90' lang='lat' dir='ltr'>rerum</span> <span class='ocrx_word' id='word_1_490' title='bbox 1058 3713 1187 3752; x_wconf 90' lang='lat' dir='ltr'>esse</span> <span class='ocrx_word' id='word_1_491' title='bbox 1219 3699 1638 3753; x_wconf 72' lang='lat' dir='ltr'>Homwomerias</span> <span class='ocrx_word' id='word_1_492' title='bbox 1680 3699 1797 3754; x_wconf 89' lang='lat' dir='ltr'>sive</span> <span class='ocrx_word' id='word_1_493' title='bbox 1828 3714 1960 3768; x_wconf 86' lang='lat' dir='ltr'>par-</span> 
     </span>
    </p>
   </div>
   <div class='ocr_carea' id='block_1_72' title="bbox 314 3780 1463 3857">
    <p class='ocr_par' dir='ltr' id='par_1_72' title="bbox 314 3780 1463 3857">
     <span class='ocr_line' id='line_1_73' title="bbox 314 3780 1463 3857; baseline 0.006 -23"><span class='ocrx_word' id='word_1_494' title='bbox 314 3780 550 3849; x_wconf 89' lang='lat' dir='ltr'>ticulas,</span> <span class='ocrx_word' id='word_1_495' title='bbox 581 3783 759 3839; x_wconf 90' lang='lat' dir='ltr'>rebus</span> <span class='ocrx_word' id='word_1_496' title='bbox 791 3784 1040 3857; x_wconf 88' lang='lat' dir='ltr'>singulis</span> <span class='ocrx_word' id='word_1_497' title='bbox 1074 3785 1320 3841; x_wconf 91' lang='lat' dir='ltr'>similes.</span> <span class='ocrx_word' id='word_1_498' title='bbox 1353 3791 1463 3841; x_wconf 88' lang='lat' dir='ltr'>etc.</span> 
     </span>
    </p>
   </div>
   <div class='ocr_carea' id='block_1_73' title="bbox 384 3871 1959 3945">
    <p class='ocr_par' dir='ltr' id='par_1_73' title="bbox 384 3871 1959 3945">
     <span class='ocr_line' id='line_1_74' title="bbox 384 3871 1959 3945; baseline 0.005 -20"><span class='ocrx_word' id='word_1_499' title='bbox 384 3871 728 3927; x_wconf 89' lang='lat' dir='ltr'>Homoloius</span> <span class='ocrx_word' id='word_1_500' title='bbox 750 3872 1111 3944; x_wconf 81' lang='grc' dir='ltr'>(Ὀμολώϊος)</span> <span class='ocrx_word' id='word_1_501' title='bbox 1139 3873 1390 3945; x_wconf 89' lang='lat' dir='ltr'>Jupiter,</span> <span class='ocrx_word' id='word_1_502' title='bbox 1412 3876 1625 3931; x_wconf 91' lang='lat' dir='ltr'>Thebis</span> <span class='ocrx_word' id='word_1_503' title='bbox 1651 3882 1710 3932; x_wconf 92' lang='lat' dir='ltr'>et</span> <span class='ocrx_word' id='word_1_504' title='bbox 1739 3877 1796 3931; x_wconf 90' lang='lat' dir='ltr'>in</span> <span class='ocrx_word' id='word_1_505' title='bbox 1826 3876 1959 3933; x_wconf 90' lang='lat' dir='ltr'>aliis</span> 
     </span>
    </p>
   </div>
   <div class='ocr_carea' id='block_1_74' title="bbox 308 3959 1956 4023">
    <p class='ocr_par' dir='ltr' id='par_1_74' title="bbox 308 3959 1956 4023">
     <span class='ocr_line' id='line_1_75' title="bbox 308 3959 1956 4023; baseline 0.006 -10"><span class='ocrx_word' id='word_1_506' title='bbox 308 3959 544 4015; x_wconf 73' lang='lat' dir='ltr'>Bmotiae</span> <span class='ocrx_word' id='word_1_507' title='bbox 576 3961 909 4017; x_wconf 89' lang='lat' dir='ltr'>civitatibus</span> <span class='ocrx_word' id='word_1_508' title='bbox 930 3962 1125 4017; x_wconf 88' lang='lat' dir='ltr'>cultus</span> <span class='ocrx_word' id='word_1_509' title='bbox 1156 3967 1215 4018; x_wconf 92' lang='lat' dir='ltr'>et</span> <span class='ocrx_word' id='word_1_510' title='bbox 1269 3965 1330 4019; x_wconf 89' lang='lat' dir='ltr'>in</span> <span class='ocrx_word' id='word_1_511' title='bbox 1383 3965 1685 4022; x_wconf 89' lang='lat' dir='ltr'>Thessalia</span> <span class='ocrx_word' id='word_1_512' title='bbox 1739 3983 1956 4023; x_wconf 88' lang='lat' dir='ltr'>nomen</span> 
     </span>
    </p>
   </div>
   <div class='ocr_carea' id='block_1_75' title="bbox 307 4047 1950 4127">
    <p class='ocr_par' dir='ltr' id='par_1_75' title="bbox 307 4047 1950 4127">
     <span class='ocr_line' id='line_1_76' title="bbox 307 4047 1950 4127; baseline 0.006 -26"><span class='ocrx_word' id='word_1_513' title='bbox 307 4047 486 4103; x_wconf 89' lang='lat' dir='ltr'>habet</span> <span class='ocrx_word' id='word_1_514' title='bbox 515 4049 587 4103; x_wconf 89' lang='lat' dir='ltr'>ab</span> <span class='ocrx_word' id='word_1_515' title='bbox 617 4051 925 4107; x_wconf 90' lang='lat' dir='ltr'>Homoloia</span> <span class='ocrx_word' id='word_1_516' title='bbox 983 4052 1242 4120; x_wconf 79' lang='lat' dir='ltr'>fatidica,</span> <span class='ocrx_word' id='word_1_517' title='bbox 1287 4055 1512 4127; x_wconf 84' lang='lat' dir='ltr'>Eunyei</span> <span class='ocrx_word' id='word_1_518' title='bbox 1573 4057 1714 4119; x_wconf 80' lang='lat' dir='ltr'>ﬁlia,</span> <span class='ocrx_word' id='word_1_519' title='bbox 1750 4071 1950 4126; x_wconf 90' lang='lat' dir='ltr'>quam,</span> 
     </span>
    </p>
   </div>
   <div class='ocr_carea' id='block_1_76' title="bbox 303 4138 1956 4217">
    <p class='ocr_par' dir='ltr' id='par_1_76' title="bbox 303 4138 1956 4217">
     <span class='ocr_line' id='line_1_77' title="bbox 303 4138 1956 4217; baseline 0.007 -27"><span class='ocrx_word' id='word_1_520' title='bbox 303 4142 521 4204; x_wconf 87' lang='lat' dir='ltr'>vatem,</span> <span class='ocrx_word' id='word_1_521' title='bbox 556 4138 809 4210; x_wconf 88' lang='lat' dir='ltr'>Delphos</span> <span class='ocrx_word' id='word_1_522' title='bbox 832 4141 1076 4195; x_wconf 88' lang='lat' dir='ltr'>missam</span> <span class='ocrx_word' id='word_1_523' title='bbox 1106 4141 1288 4197; x_wconf 79' lang='lat' dir='ltr'>fuisse</span> <span class='ocrx_word' id='word_1_524' title='bbox 1322 4144 1509 4211; x_wconf 87' lang='lat' dir='ltr'>aiunt,</span> <span class='ocrx_word' id='word_1_525' title='bbox 1532 4151 1596 4200; x_wconf 88' lang='lat' dir='ltr'>ut</span> <span class='ocrx_word' id='word_1_526' title='bbox 1622 4144 1956 4217; x_wconf 85' lang='lat' dir='ltr'>Aristopha-</span> 
     </span>
    </p>
   </div>
   <div class='ocr_carea' id='block_1_77' title="bbox 306 4227 1953 4290">
    <p class='ocr_par' dir='ltr' id='par_1_77' title="bbox 306 4227 1953 4290">
     <span class='ocr_line' id='line_1_78' title="bbox 306 4227 1953 4290; baseline 0.006 -10"><span class='ocrx_word' id='word_1_527' title='bbox 306 4243 414 4281; x_wconf 91' lang='lat' dir='ltr'>nes</span> <span class='ocrx_word' id='word_1_528' title='bbox 434 4227 585 4282; x_wconf 89' lang='lat' dir='ltr'>libro</span> <span class='ocrx_word' id='word_1_529' title='bbox 611 4228 870 4283; x_wconf 91' lang='lat' dir='ltr'>secundo</span> <span class='ocrx_word' id='word_1_530' title='bbox 896 4231 1112 4285; x_wconf 79' lang='lat' dir='ltr'>Herum</span> <span class='ocrx_word' id='word_1_531' title='bbox 1135 4231 1559 4290; x_wconf 90' lang='lat' dir='ltr'>Thebaicarum</span> <span class='ocrx_word' id='word_1_532' title='bbox 1583 4233 1777 4289; x_wconf 87' lang='lat' dir='ltr'>tradit.</span> <span class='ocrx_word' id='word_1_533' title='bbox 1805 4237 1953 4290; x_wconf 83' lang='lat' dir='ltr'>Ister</span> 
     </span>
    </p>
   </div>
   <div class='ocr_carea' id='block_1_78' title="bbox 302 4316 1951 4393">
    <p class='ocr_par' dir='ltr' id='par_1_78' title="bbox 302 4316 1951 4393">
     <span class='ocr_line' id='line_1_79' title="bbox 302 4316 1951 4393; baseline 0.007 -24"><span class='ocrx_word' id='word_1_534' title='bbox 302 4332 441 4371; x_wconf 90' lang='lat' dir='ltr'>vero</span> <span class='ocrx_word' id='word_1_535' title='bbox 474 4316 625 4371; x_wconf 89' lang='lat' dir='ltr'>libro</span> <span class='ocrx_word' id='word_1_536' title='bbox 657 4318 757 4373; x_wconf 85' lang='lat' dir='ltr'>XII</span> <span class='ocrx_word' id='word_1_537' title='bbox 800 4322 1132 4393; x_wconf 81' lang='grc' dir='ltr'>Συναγωγῆς</span> <span class='ocrx_word' id='word_1_538' title='bbox 1194 4320 1312 4376; x_wconf 89' lang='lat' dir='ltr'>sive</span> <span class='ocrx_word' id='word_1_539' title='bbox 1356 4323 1883 4390; x_wconf 88' lang='lat' dir='ltr'>Collectaneorum,</span> <span class='ocrx_word' id='word_1_540' title='bbox 1918 4341 1951 4380; x_wconf 88' lang='lat' dir='ltr'>a</span> 
     </span>
    </p>
   </div>
   <div class='ocr_carea' id='block_1_79' title="bbox 300 4405 1951 4483">
    <p class='ocr_par' dir='ltr' id='par_1_79' title="bbox 300 4405 1951 4483">
     <span class='ocr_line' id='line_1_80' title="bbox 300 4405 1951 4483; baseline 0.006 -23"><span class='ocrx_word' id='word_1_541' title='bbox 300 4405 466 4475; x_wconf 89' lang='lat' dir='ltr'>pacis</span> <span class='ocrx_word' id='word_1_542' title='bbox 500 4406 715 4474; x_wconf 86' lang='lat' dir='ltr'>studio,</span> <span class='ocrx_word' id='word_1_543' title='bbox 750 4408 909 4478; x_wconf 90' lang='lat' dir='ltr'>quod</span> <span class='ocrx_word' id='word_1_544' title='bbox 939 4405 1146 4479; x_wconf 80' lang='grc' dir='ltr'>ὅμολον</span> <span class='ocrx_word' id='word_1_545' title='bbox 1169 4414 1257 4465; x_wconf 91' lang='lat' dir='ltr'>est</span> <span class='ocrx_word' id='word_1_546' title='bbox 1280 4412 1438 4483; x_wconf 89' lang='lat' dir='ltr'>apub</span> <span class='ocrx_word' id='word_1_547' title='bbox 1464 4412 1651 4467; x_wconf 71' lang='lat' dir='ltr'>.Eoles</span> <span class='ocrx_word' id='word_1_548' title='bbox 1681 4414 1816 4483; x_wconf 67' lang='lat' dir='ltr'>(76L</span> <span class='ocrx_word' id='word_1_549' title='bbox 1850 4416 1951 4470; x_wconf 91' lang='lat' dir='ltr'>Est</span> 
     </span>
    </p>
   </div>
   <div class='ocr_carea' id='block_1_80' title="bbox 304 4494 1693 4572">
    <p class='ocr_par' dir='ltr' id='par_1_80' title="bbox 304 4494 1693 4572">
     <span class='ocr_line' id='line_1_81' title="bbox 304 4494 1693 4572; baseline 0.007 -25"><span class='ocrx_word' id='word_1_550' title='bbox 304 4499 363 4548; x_wconf 91' lang='lat' dir='ltr'>et</span> <span class='ocrx_word' id='word_1_551' title='bbox 390 4494 604 4550; x_wconf 91' lang='lat' dir='ltr'>Thebis</span> <span class='ocrx_word' id='word_1_552' title='bbox 628 4497 823 4563; x_wconf 86' lang='lat' dir='ltr'>Ceres,</span> <span class='ocrx_word' id='word_1_553' title='bbox 854 4514 984 4568; x_wconf 61' lang='lat' dir='ltr'>qua}</span> <span class='ocrx_word' id='word_1_554' title='bbox 1016 4500 1303 4554; x_wconf 83' lang='lat' dir='ltr'>Homoloia</span> <span class='ocrx_word' id='word_1_555' title='bbox 1336 4501 1693 4572; x_wconf 87' lang='lat' dir='ltr'>appellatur.</span> 
     </span>
    </p>
   </div>
   <div class='ocr_carea' id='block_1_81' title="bbox 2076 3350 3727 3427">
    <p class='ocr_par' dir='ltr' id='par_1_81' title="bbox 2076 3350 3727 3427">
     <span class='ocr_line' id='line_1_82' title="bbox 2076 3350 3727 3427; baseline 0.004 -24"><span class='ocrx_word' id='word_1_556' title='bbox 2076 3350 2296 3404; x_wconf 89' lang='lat' dir='ltr'>scholis</span> <span class='ocrx_word' id='word_1_557' title='bbox 2327 3356 2642 3421; x_wconf 63' lang='lat' dir='ltr'>praeerant,</span> <span class='ocrx_word' id='word_1_558' title='bbox 2678 3350 3020 3421; x_wconf 86' lang='lat' dir='ltr'>frequentes</span> <span class='ocrx_word' id='word_1_559' title='bbox 3074 3351 3416 3423; x_wconf 80' lang='lat' dir='ltr'>phiIOSOphi</span> <span class='ocrx_word' id='word_1_560' title='bbox 3448 3370 3727 3427; x_wconf 88' lang='lat' dir='ltr'>congres-</span> 
     </span>
    </p>
   </div>
   <div class='ocr_carea' id='block_1_82' title="bbox 2076 3438 3721 3512">
    <p class='ocr_par' dir='ltr' id='par_1_82' title="bbox 2076 3438 3721 3512">
     <span class='ocr_line' id='line_1_83' title="bbox 2076 3438 3721 3512; baseline 0.004 -20"><span class='ocrx_word' id='word_1_561' title='bbox 2076 3454 2174 3492; x_wconf 90' lang='lat' dir='ltr'>sus</span> <span class='ocrx_word' id='word_1_562' title='bbox 2196 3438 2496 3493; x_wconf 91' lang='lat' dir='ltr'>amabant.</span> <span class='ocrx_word' id='word_1_563' title='bbox 2548 3442 2673 3494; x_wconf 87' lang='lat' dir='ltr'>Mea</span> <span class='ocrx_word' id='word_1_564' title='bbox 2700 3455 2833 3493; x_wconf 90' lang='lat' dir='ltr'>vero</span> <span class='ocrx_word' id='word_1_565' title='bbox 2874 3445 3017 3495; x_wconf 74' lang='lat' dir='ltr'>aetas</span> <span class='ocrx_word' id='word_1_566' title='bbox 3078 3446 3197 3494; x_wconf 91' lang='lat' dir='ltr'>tres</span> <span class='ocrx_word' id='word_1_567' title='bbox 3242 3442 3405 3496; x_wconf 90' lang='lat' dir='ltr'>novit</span> <span class='ocrx_word' id='word_1_568' title='bbox 3461 3443 3721 3512; x_wconf 90' lang='lat' dir='ltr'>criticos,</span> 
     </span>
    </p>
   </div>
   <div class='ocr_carea' id='block_1_83' title="bbox 2073 3525 3719 3604">
    <p class='ocr_par' dir='ltr' id='par_1_83' title="bbox 2073 3525 3719 3604">
     <span class='ocr_line' id='line_1_84' title="bbox 2073 3525 3719 3604; baseline 0.004 -24"><span class='ocrx_word' id='word_1_569' title='bbox 2073 3525 2175 3598; x_wconf 87' lang='lat' dir='ltr'>qui</span> <span class='ocrx_word' id='word_1_570' title='bbox 2208 3526 2280 3581; x_wconf 90' lang='lat' dir='ltr'>de</span> <span class='ocrx_word' id='word_1_571' title='bbox 2310 3527 2405 3593; x_wconf 89' lang='lat' dir='ltr'>iis,</span> <span class='ocrx_word' id='word_1_572' title='bbox 2436 3545 2566 3599; x_wconf 71' lang='lat' dir='ltr'>quae</span> <span class='ocrx_word' id='word_1_573' title='bbox 2598 3528 2672 3583; x_wconf 92' lang='lat' dir='ltr'>de</span> <span class='ocrx_word' id='word_1_574' title='bbox 2703 3527 2898 3585; x_wconf 90' lang='lat' dir='ltr'>soluta</span> <span class='ocrx_word' id='word_1_575' title='bbox 2934 3530 3201 3585; x_wconf 88' lang='lat' dir='ltr'>oratione</span> <span class='ocrx_word' id='word_1_576' title='bbox 3234 3529 3719 3604; x_wconf 88' lang='lat' dir='ltr'>dicuntur,judi-</span> 
     </span>
    </p>
   </div>
   <div class='ocr_carea' id='block_1_84' title="bbox 2070 3620 3722 3694">
    <p class='ocr_par' dir='ltr' id='par_1_84' title="bbox 2070 3620 3722 3694">
     <span class='ocr_line' id='line_1_85' title="bbox 2070 3620 3722 3694; baseline 0.004 -23"><span class='ocrx_word' id='word_1_577' title='bbox 2070 3632 2206 3671; x_wconf 90' lang='lat' dir='ltr'>care</span> <span class='ocrx_word' id='word_1_578' title='bbox 2235 3623 2487 3687; x_wconf 90' lang='lat' dir='ltr'>possunt</span> <span class='ocrx_word' id='word_1_579' title='bbox 2540 3620 2886 3674; x_wconf 88' lang='lat' dir='ltr'>Poematum</span> <span class='ocrx_word' id='word_1_580' title='bbox 2920 3620 3080 3675; x_wconf 89' lang='lat' dir='ltr'>enim</span> <span class='ocrx_word' id='word_1_581' title='bbox 3113 3623 3170 3675; x_wconf 91' lang='lat' dir='ltr'>et</span> <span class='ocrx_word' id='word_1_582' title='bbox 3195 3620 3555 3691; x_wconf 90' lang='lat' dir='ltr'>scriptorum</span> <span class='ocrx_word' id='word_1_583' title='bbox 3587 3640 3722 3694; x_wconf 88' lang='lat' dir='ltr'>pro-</span> 
     </span>
    </p>
   </div>
   <div class='ocr_carea' id='block_1_85' title="bbox 2069 3706 3717 3783">
    <p class='ocr_par' dir='ltr' id='par_1_85' title="bbox 2069 3706 3717 3783">
     <span class='ocr_line' id='line_1_86' title="bbox 2069 3706 3717 3783; baseline 0.004 -22"><span class='ocrx_word' id='word_1_584' title='bbox 2069 3706 2365 3763; x_wconf 89' lang='lat' dir='ltr'>saicorum</span> <span class='ocrx_word' id='word_1_585' title='bbox 2400 3708 2556 3763; x_wconf 91' lang='lat' dir='ltr'>idem</span> <span class='ocrx_word' id='word_1_586' title='bbox 2607 3709 2904 3780; x_wconf 85' lang='lat' dir='ltr'>judicium</span> <span class='ocrx_word' id='word_1_587' title='bbox 2937 3726 3063 3765; x_wconf 90' lang='lat' dir='ltr'>esse</span> <span class='ocrx_word' id='word_1_588' title='bbox 3126 3714 3359 3765; x_wconf 87' lang='lat' dir='ltr'>constat</span> <span class='ocrx_word' id='word_1_589' title='bbox 3438 3713 3553 3783; x_wconf 90' lang='lat' dir='ltr'>Ego</span> <span class='ocrx_word' id='word_1_590' title='bbox 3584 3730 3717 3768; x_wconf 90' lang='lat' dir='ltr'>vero</span> 
     </span>
    </p>
   </div>
   <div class='ocr_carea' id='block_1_86' title="bbox 2066 3797 3715 3872">
    <p class='ocr_par' dir='ltr' id='par_1_86' title="bbox 2066 3797 3715 3872">
     <span class='ocr_line' id='line_1_87' title="bbox 2066 3797 3715 3872; baseline 0.003 -21"><span class='ocrx_word' id='word_1_591' title='bbox 2066 3797 2245 3852; x_wconf 90' lang='lat' dir='ltr'>etiam</span> <span class='ocrx_word' id='word_1_592' title='bbox 2271 3802 2659 3870; x_wconf 87' lang='lat' dir='ltr'>utrorumque</span> <span class='ocrx_word' id='word_1_593' title='bbox 2687 3799 2961 3854; x_wconf 90' lang='lat' dir='ltr'>eumdem</span> <span class='ocrx_word' id='word_1_594' title='bbox 3012 3799 3302 3855; x_wconf 84' lang='lat' dir='ltr'>artiﬁcem</span> <span class='ocrx_word' id='word_1_595' title='bbox 3335 3816 3463 3855; x_wconf 89' lang='lat' dir='ltr'>esse</span> <span class='ocrx_word' id='word_1_596' title='bbox 3486 3802 3715 3872; x_wconf 81' lang='lat' dir='ltr'>judico,</span> 
     </span>
    </p>
   </div>
   <div class='ocr_carea' id='block_1_87' title="bbox 2066 3885 3716 3960">
    <p class='ocr_par' dir='ltr' id='par_1_87' title="bbox 2066 3885 3716 3960">
     <span class='ocr_line' id='line_1_88' title="bbox 2066 3885 3716 3960; baseline 0.004 -20"><span class='ocrx_word' id='word_1_597' title='bbox 2066 3886 2113 3941; x_wconf 89' lang='lat' dir='ltr'>si</span> <span class='ocrx_word' id='word_1_598' title='bbox 2137 3885 2310 3941; x_wconf 89' lang='lat' dir='ltr'>modo</span> <span class='ocrx_word' id='word_1_599' title='bbox 2330 3892 2645 3959; x_wconf 89' lang='lat' dir='ltr'>utrumque</span> <span class='ocrx_word' id='word_1_600' title='bbox 2668 3889 2795 3960; x_wconf 91' lang='lat' dir='ltr'>pari</span> <span class='ocrx_word' id='word_1_601' title='bbox 2821 3888 3013 3945; x_wconf 91' lang='lat' dir='ltr'>studio</span> <span class='ocrx_word' id='word_1_602' title='bbox 3038 3894 3398 3945; x_wconf 87' lang='lat' dir='ltr'>exerceatur.</span> <span class='ocrx_word' id='word_1_603' title='bbox 3425 3889 3716 3946; x_wconf 88' lang='lat' dir='ltr'>Isidorum</span> 
     </span>
    </p>
   </div>
   <div class='ocr_carea' id='block_1_88' title="bbox 2062 3978 3713 4040">
    <p class='ocr_par' dir='ltr' id='par_1_88' title="bbox 2062 3978 3713 4040">
     <span class='ocr_line' id='line_1_89' title="bbox 2062 3978 3713 4040; baseline 0.004 -10"><span class='ocrx_word' id='word_1_604' title='bbox 2062 3993 2197 4031; x_wconf 91' lang='lat' dir='ltr'>vero</span> <span class='ocrx_word' id='word_1_605' title='bbox 2228 3978 2386 4032; x_wconf 84' lang='lat' dir='ltr'>inter</span> <span class='ocrx_word' id='word_1_606' title='bbox 2415 3979 2652 4035; x_wconf 89' lang='lat' dir='ltr'>criticos</span> <span class='ocrx_word' id='word_1_607' title='bbox 2700 3980 2836 4035; x_wconf 91' lang='lat' dir='ltr'>illos</span> <span class='ocrx_word' id='word_1_608' title='bbox 2885 3998 3007 4035; x_wconf 90' lang='lat' dir='ltr'>non</span> <span class='ocrx_word' id='word_1_609' title='bbox 3048 3997 3353 4040; x_wconf 84' lang='lat' dir='ltr'>recenseo,</span> <span class='ocrx_word' id='word_1_610' title='bbox 3388 3980 3493 4035; x_wconf 89' lang='lat' dir='ltr'>sed</span> <span class='ocrx_word' id='word_1_611' title='bbox 3525 3982 3713 4037; x_wconf 89' lang='lat' dir='ltr'>tribus</span> 
     </span>
    </p>
   </div>
   <div class='ocr_carea' id='block_1_89' title="bbox 2062 4066 3711 4141">
    <p class='ocr_par' dir='ltr' id='par_1_89' title="bbox 2062 4066 3711 4141">
     <span class='ocr_line' id='line_1_90' title="bbox 2062 4066 3711 4141; baseline 0.001 -21"><span class='ocrx_word' id='word_1_612' title='bbox 2062 4066 2181 4122; x_wconf 89' lang='lat' dir='ltr'>illis</span> <span class='ocrx_word' id='word_1_613' title='bbox 2212 4068 2383 4139; x_wconf 84' lang='lat' dir='ltr'>longe</span> <span class='ocrx_word' id='word_1_614' title='bbox 2425 4069 2769 4124; x_wconf 89' lang='lat' dir='ltr'>inferiorem</span> <span class='ocrx_word' id='word_1_615' title='bbox 2820 4085 2949 4124; x_wconf 87' lang='lat' dir='ltr'>esse</span> <span class='ocrx_word' id='word_1_616' title='bbox 2981 4075 3143 4141; x_wconf 90' lang='lat' dir='ltr'>puto.</span> <span class='ocrx_word' id='word_1_617' title='bbox 3192 4069 3425 4124; x_wconf 89' lang='lat' dir='ltr'>Judices</span> <span class='ocrx_word' id='word_1_618' title='bbox 3456 4087 3590 4124; x_wconf 84' lang='lat' dir='ltr'>vero</span> <span class='ocrx_word' id='word_1_619' title='bbox 3623 4070 3711 4123; x_wconf 90' lang='lat' dir='ltr'>illi</span> 
     </span>
    </p>
   </div>
   <div class='ocr_carea' id='block_1_90' title="bbox 2060 4157 3709 4228">
    <p class='ocr_par' dir='ltr' id='par_1_90' title="bbox 2060 4157 3709 4228">
     <span class='ocr_line' id='line_1_91' title="bbox 2060 4157 3709 4228; baseline 0.001 -17"><span class='ocrx_word' id='word_1_620' title='bbox 2060 4161 2199 4211; x_wconf 90' lang='lat' dir='ltr'>sunt</span> <span class='ocrx_word' id='word_1_621' title='bbox 2245 4157 2522 4228; x_wconf 88' lang='lat' dir='ltr'>Agapius,</span> <span class='ocrx_word' id='word_1_622' title='bbox 2586 4158 2953 4223; x_wconf 87' lang='lat' dir='ltr'>Severianus,</span> <span class='ocrx_word' id='word_1_623' title='bbox 3005 4160 3245 4212; x_wconf 89' lang='lat' dir='ltr'>Nomus.</span> <span class='ocrx_word' id='word_1_624' title='bbox 3303 4159 3521 4212; x_wconf 89' lang='lat' dir='ltr'>Nomus</span> <span class='ocrx_word' id='word_1_625' title='bbox 3574 4174 3709 4212; x_wconf 85' lang='lat' dir='ltr'>vero</span> 
     </span>
    </p>
   </div>
   <div class='ocr_carea' id='block_1_91' title="bbox 2057 4248 3166 4318">
    <p class='ocr_par' dir='ltr' id='par_1_91' title="bbox 2057 4248 3166 4318">
     <span class='ocr_line' id='line_1_92' title="bbox 2057 4248 3166 4318; baseline 0 -19"><span class='ocrx_word' id='word_1_626' title='bbox 2057 4252 2261 4302; x_wconf 90' lang='lat' dir='ltr'>noster</span> <span class='ocrx_word' id='word_1_627' title='bbox 2293 4252 2383 4302; x_wconf 91' lang='lat' dir='ltr'>est</span> <span class='ocrx_word' id='word_1_628' title='bbox 2413 4248 2681 4318; x_wconf 81' lang='lat' dir='ltr'>aequalis.</span> <span class='ocrx_word' id='word_1_629' title='bbox 2715 4249 2776 4317; x_wconf 90' lang='lat' dir='ltr'>(E</span> <span class='ocrx_word' id='word_1_630' title='bbox 2807 4248 3166 4317; x_wconf 89' lang='lat' dir='ltr'>Damascio.)</span> 
     </span>
    </p>
   </div>
   <div class='ocr_carea' id='block_1_92' title="bbox 2127 4336 3703 4410">
    <p class='ocr_par' dir='ltr' id='par_1_92' title="bbox 2127 4336 3703 4410">
     <span class='ocr_line' id='line_1_93' title="bbox 2127 4336 3703 4410; baseline -0.001 -18"><span class='ocrx_word' id='word_1_631' title='bbox 2127 4337 2519 4408; x_wconf 83' lang='lat' dir='ltr'>Hyperbolus,</span> <span class='ocrx_word' id='word_1_632' title='bbox 2552 4338 2932 4410; x_wconf 90' lang='lat' dir='ltr'>demagogus,</span> <span class='ocrx_word' id='word_1_633' title='bbox 2983 4353 3162 4407; x_wconf 88' lang='lat' dir='ltr'>quem</span> <span class='ocrx_word' id='word_1_634' title='bbox 3211 4336 3581 4407; x_wconf 87' lang='lat' dir='ltr'>Thucydides</span> <span class='ocrx_word' id='word_1_635' title='bbox 3632 4337 3703 4390; x_wconf 90' lang='lat' dir='ltr'>li-</span> 
     </span>
    </p>
   </div>
   <div class='ocr_carea' id='block_1_93' title="bbox 2054 4425 3705 4499">
    <p class='ocr_par' dir='ltr' id='par_1_93' title="bbox 2054 4425 3705 4499">
     <span class='ocr_line' id='line_1_94' title="bbox 2054 4425 3705 4499; baseline 0.002 -19"><span class='ocrx_word' id='word_1_636' title='bbox 2054 4425 2161 4481; x_wconf 89' lang='lat' dir='ltr'>bro</span> <span class='ocrx_word' id='word_1_637' title='bbox 2190 4444 2283 4482; x_wconf 80' lang='lat' dir='ltr'>VIII</span> <span class='ocrx_word' id='word_1_638' title='bbox 2306 4444 2413 4499; x_wconf 92' lang='lat' dir='ltr'>per</span> <span class='ocrx_word' id='word_1_639' title='bbox 2440 4428 2856 4483; x_wconf 89' lang='lat' dir='ltr'>ostracismum</span> <span class='ocrx_word' id='word_1_640' title='bbox 2884 4426 3212 4499; x_wconf 82' lang='lat' dir='ltr'>relegatum</span> <span class='ocrx_word' id='word_1_641' title='bbox 3240 4426 3463 4483; x_wconf 88' lang='lat' dir='ltr'>scribit.</span> <span class='ocrx_word' id='word_1_642' title='bbox 3490 4427 3705 4484; x_wconf 88' lang='lat' dir='ltr'>Litium</span> 
     </span>
    </p>
   </div>
   <div class='ocr_carea' id='block_1_94' title="bbox 2056 4515 3702 4589">
    <p class='ocr_par' dir='ltr' id='par_1_94' title="bbox 2056 4515 3702 4589">
     <span class='ocr_line' id='line_1_95' title="bbox 2056 4515 3702 4589; baseline 0.001 -20"><span class='ocrx_word' id='word_1_643' title='bbox 2056 4530 2267 4572; x_wconf 83' lang='lat' dir='ltr'>amans</span> <span class='ocrx_word' id='word_1_644' title='bbox 2292 4516 2363 4572; x_wconf 86' lang='lat' dir='ltr'>ab</span> <span class='ocrx_word' id='word_1_645' title='bbox 2386 4517 2783 4589; x_wconf 86' lang='lat' dir='ltr'>Aristophane</span> <span class='ocrx_word' id='word_1_646' title='bbox 2806 4515 3242 4588; x_wconf 88' lang='lat' dir='ltr'>perstringitur.</span> <span class='ocrx_word' id='word_1_647' title='bbox 3265 4518 3333 4569; x_wconf 90' lang='lat' dir='ltr'>V.</span> <span class='ocrx_word' id='word_1_648' title='bbox 3365 4517 3578 4571; x_wconf 87' lang='lat' dir='ltr'>Kuster</span> <span class='ocrx_word' id='word_1_649' title='bbox 3606 4518 3702 4589; x_wconf 91' lang='lat' dir='ltr'>IlI,</span> 
     </span>
    </p>
   </div>
   <div class='ocr_carea' id='block_1_95' title="bbox 368 4578 2343 4684">
    <p class='ocr_par' dir='ltr' id='par_1_95' title="bbox 368 4578 2343 4684">
     <span class='ocr_line' id='line_1_96' title="bbox 368 4578 2343 4684; baseline 0.011 -51"><span class='ocrx_word' id='word_1_650' title='bbox 368 4581 548 4656; x_wconf 79' lang='grc' dir='ltr'>Ὧραι.</span> <span class='ocrx_word' id='word_1_651' title='bbox 582 4585 683 4639; x_wconf 89' lang='lat' dir='ltr'>Est</span> <span class='ocrx_word' id='word_1_652' title='bbox 703 4584 856 4640; x_wconf 90' lang='lat' dir='ltr'>liber</span> <span class='ocrx_word' id='word_1_653' title='bbox 879 4587 1119 4658; x_wconf 90' lang='lat' dir='ltr'>quidam</span> <span class='ocrx_word' id='word_1_654' title='bbox 1142 4587 1395 4658; x_wconf 90' lang='lat' dir='ltr'>Prodici,</span> <span class='ocrx_word' id='word_1_655' title='bbox 1428 4591 1577 4644; x_wconf 72' lang='lat' dir='ltr'>Horae</span> <span class='ocrx_word' id='word_1_656' title='bbox 1598 4591 1941 4665; x_wconf 87' lang='lat' dir='ltr'>inscriptus,</span> <span class='ocrx_word' id='word_1_657' title='bbox 1982 4578 2021 4643; x_wconf 82' lang='lat' dir='ltr'><strong>D</strong></span> <span class='ocrx_word' id='word_1_658' title='bbox 2054 4628 2183 4684; x_wconf 52' lang='lat' dir='ltr'>pag,</span> <span class='ocrx_word' id='word_1_659' title='bbox 2219 4613 2343 4665; x_wconf 76' lang='lat'><strong>539,</strong></span> 
     </span>
    </p>
   </div>
   <div class='ocr_carea' id='block_1_96' title="bbox 300 4671 1939 4744">
    <p class='ocr_par' dir='ltr' id='par_1_96' title="bbox 300 4671 1939 4744">
     <span class='ocr_line' id='line_1_97' title="bbox 300 4671 1939 4744; baseline 0.01 -18"><span class='ocrx_word' id='word_1_660' title='bbox 300 4671 359 4726; x_wconf 90' lang='lat' dir='ltr'>in</span> <span class='ocrx_word' id='word_1_661' title='bbox 394 4690 507 4744; x_wconf 93' lang='lat' dir='ltr'>quo</span> <span class='ocrx_word' id='word_1_662' title='bbox 543 4676 854 4730; x_wconf 84' lang='lat' dir='ltr'>Herculem</span> <span class='ocrx_word' id='word_1_663' title='bbox 903 4677 1044 4731; x_wconf 90' lang='lat' dir='ltr'>facit</span> <span class='ocrx_word' id='word_1_664' title='bbox 1082 4678 1280 4734; x_wconf 88' lang='lat' dir='ltr'>virtuti</span> <span class='ocrx_word' id='word_1_665' title='bbox 1340 4686 1398 4736; x_wconf 92' lang='lat' dir='ltr'>et</span> <span class='ocrx_word' id='word_1_666' title='bbox 1453 4680 1586 4737; x_wconf 89' lang='lat' dir='ltr'>vitio</span> <span class='ocrx_word' id='word_1_667' title='bbox 1619 4701 1939 4741; x_wconf 55' lang='lat' dir='ltr'>occurrenv</span> 
     </span>
    </p>
   </div>
   <div class='ocr_carea' id='block_1_97' title="bbox 301 4765 1943 4836">
    <p class='ocr_par' dir='ltr' id='par_1_97' title="bbox 301 4765 1943 4836">
     <span class='ocr_line' id='line_1_98' title="bbox 301 4765 1943 4836; baseline 0.01 -21"><span class='ocrx_word' id='word_1_668' title='bbox 301 4765 440 4828; x_wconf 89' lang='lat' dir='ltr'>tem,</span> <span class='ocrx_word' id='word_1_669' title='bbox 491 4779 745 4834; x_wconf 90' lang='lat' dir='ltr'>cumque</span> <span class='ocrx_word' id='word_1_670' title='bbox 777 4769 1027 4836; x_wconf 90' lang='lat' dir='ltr'>utraque</span> <span class='ocrx_word' id='word_1_671' title='bbox 1068 4766 1143 4820; x_wconf 90' lang='lat' dir='ltr'>ad</span> <span class='ocrx_word' id='word_1_672' title='bbox 1175 4784 1311 4825; x_wconf 91' lang='lat' dir='ltr'>suos</span> <span class='ocrx_word' id='word_1_673' title='bbox 1344 4786 1534 4824; x_wconf 86' lang='lat' dir='ltr'>mores</span> <span class='ocrx_word' id='word_1_674' title='bbox 1567 4788 1699 4828; x_wconf 91' lang='lat' dir='ltr'>eum</span> <span class='ocrx_word' id='word_1_675' title='bbox 1732 4776 1943 4832; x_wconf 86' lang='lat' dir='ltr'>invita-</span> 
     </span>
    </p>
   </div>
   <div class='ocr_carea' id='block_1_98' title="bbox 300 4851 1937 4929">
    <p class='ocr_par' dir='ltr' id='par_1_98' title="bbox 300 4851 1937 4929">
     <span class='ocr_line' id='line_1_99' title="bbox 300 4851 1937 4929; baseline 0.011 -26"><span class='ocrx_word' id='word_1_676' title='bbox 300 4854 410 4918; x_wconf 87' lang='lat' dir='ltr'>ret,</span> <span class='ocrx_word' id='word_1_677' title='bbox 442 4851 753 4907; x_wconf 87' lang='lat' dir='ltr'>Herculem</span> <span class='ocrx_word' id='word_1_678' title='bbox 785 4853 982 4909; x_wconf 90' lang='lat' dir='ltr'>virtuti</span> <span class='ocrx_word' id='word_1_679' title='bbox 1010 4872 1071 4910; x_wconf 90' lang='lat' dir='ltr'>se</span> <span class='ocrx_word' id='word_1_680' title='bbox 1104 4855 1464 4929; x_wconf 81' lang='lat' dir='ltr'>adjunxisse,</span> <span class='ocrx_word' id='word_1_681' title='bbox 1490 4863 1547 4914; x_wconf 91' lang='lat' dir='ltr'>et</span> <span class='ocrx_word' id='word_1_682' title='bbox 1574 4862 1736 4919; x_wconf 87' lang='lat' dir='ltr'>illius</span> <span class='ocrx_word' id='word_1_683' title='bbox 1759 4865 1937 4920; x_wconf 89' lang='lat' dir='ltr'>sudo-</span> 
     </span>
    </p>
   </div>
   <div class='ocr_carea' id='block_1_99' title="bbox 300 4943 1941 5015">
    <p class='ocr_par' dir='ltr' id='par_1_99' title="bbox 300 4943 1941 5015">
     <span class='ocr_line' id='line_1_100' title="bbox 300 4943 1941 5015; baseline 0.012 -23"><span class='ocrx_word' id='word_1_684' title='bbox 300 4956 394 4994; x_wconf 89' lang='lat' dir='ltr'>res</span> <span class='ocrx_word' id='word_1_685' title='bbox 426 4943 836 5010; x_wconf 88' lang='lat' dir='ltr'>anteposuisse</span> <span class='ocrx_word' id='word_1_686' title='bbox 866 4944 1267 5015; x_wconf 81' lang='lat' dir='ltr'>voluptatibus</span> <span class='ocrx_word' id='word_1_687' title='bbox 1310 4947 1453 5015; x_wconf 90' lang='lat' dir='ltr'>vitii,</span> <span class='ocrx_word' id='word_1_688' title='bbox 1486 4950 1559 5005; x_wconf 90' lang='lat' dir='ltr'>ad</span> <span class='ocrx_word' id='word_1_689' title='bbox 1604 4951 1777 5008; x_wconf 89' lang='lat' dir='ltr'>breve</span> <span class='ocrx_word' id='word_1_690' title='bbox 1809 4959 1941 5011; x_wconf 88' lang='lat' dir='ltr'>tan-</span> 
     </span>
    </p>
   </div>
   <div class='ocr_carea' id='block_1_100' title="bbox 300 5032 1088 5104">
    <p class='ocr_par' dir='ltr' id='par_1_100' title="bbox 300 5032 1088 5104">
     <span class='ocr_line' id='line_1_101' title="bbox 300 5032 1088 5104; baseline 0.01 -22"><span class='ocrx_word' id='word_1_691' title='bbox 300 5032 421 5084; x_wconf 89' lang='lat' dir='ltr'>tum</span> <span class='ocrx_word' id='word_1_692' title='bbox 451 5037 685 5101; x_wconf 89' lang='lat' dir='ltr'>tempus</span> <span class='ocrx_word' id='word_1_693' title='bbox 716 5032 1088 5104; x_wconf 89' lang='lat' dir='ltr'>durantibus,</span> 
     </span>
    </p>
   </div>
   <div class='ocr_carea' id='block_1_101' title="bbox 358 5118 1937 5199">
    <p class='ocr_par' dir='ltr' id='par_1_101' title="bbox 358 5118 1937 5199">
     <span class='ocr_line' id='line_1_102' title="bbox 358 5118 1937 5199; baseline 0.011 -25"><span class='ocrx_word' id='word_1_694' title='bbox 358 5118 705 5191; x_wconf 83' lang='lat' dir='ltr'>Horapollo,</span> <span class='ocrx_word' id='word_1_695' title='bbox 751 5139 821 5177; x_wconf 82' lang='lat' dir='ltr'>ex</span> <span class='ocrx_word' id='word_1_696' title='bbox 869 5123 1306 5199; x_wconf 79' lang='lat' dir='ltr'>Phaenebytide,</span> <span class='ocrx_word' id='word_1_697' title='bbox 1341 5127 1462 5183; x_wconf 89' lang='lat' dir='ltr'>vico</span> <span class='ocrx_word' id='word_1_698' title='bbox 1494 5131 1937 5199; x_wconf 80' lang='lat' dir='ltr'>Panopolitanae</span> 
     </span>
    </p>
   </div>
   <div class='ocr_carea' id='block_1_102' title="bbox 291 5210 1937 5286">
    <p class='ocr_par' dir='ltr' id='par_1_102' title="bbox 291 5210 1937 5286">
     <span class='ocr_line' id='line_1_103' title="bbox 291 5210 1937 5286; baseline 0.012 -25"><span class='ocrx_word' id='word_1_699' title='bbox 291 5210 657 5279; x_wconf 66' lang='lat' dir='ltr'>praefecturae</span> <span class='ocrx_word' id='word_1_700' title='bbox 676 5213 1117 5283; x_wconf 87' lang='lat' dir='ltr'>grammaticus,</span> <span class='ocrx_word' id='word_1_701' title='bbox 1140 5216 1212 5270; x_wconf 91' lang='lat' dir='ltr'>ob</span> <span class='ocrx_word' id='word_1_702' title='bbox 1235 5219 1421 5271; x_wconf 88' lang='lat' dir='ltr'>artem</span> <span class='ocrx_word' id='word_1_703' title='bbox 1447 5218 1665 5286; x_wconf 89' lang='lat' dir='ltr'>clarus,</span> <span class='ocrx_word' id='word_1_704' title='bbox 1700 5229 1759 5278; x_wconf 90' lang='lat' dir='ltr'>et</span> <span class='ocrx_word' id='word_1_705' title='bbox 1786 5225 1937 5280; x_wconf 89' lang='lat' dir='ltr'>nulli</span> 
     </span>
    </p>
   </div>
   <div class='ocr_carea' id='block_1_103' title="bbox 288 5298 1935 5377">
    <p class='ocr_par' dir='ltr' id='par_1_103' title="bbox 288 5298 1935 5377">
     <span class='ocr_line' id='line_1_104' title="bbox 288 5298 1935 5377; baseline 0.01 -26"><span class='ocrx_word' id='word_1_706' title='bbox 288 5303 555 5354; x_wconf 83' lang='lat' dir='ltr'>veterum</span> <span class='ocrx_word' id='word_1_707' title='bbox 586 5298 1063 5359; x_wconf 89' lang='lat' dir='ltr'>doctissimorum</span> <span class='ocrx_word' id='word_1_708' title='bbox 1086 5307 1603 5377; x_wconf 85' lang='lat' dir='ltr'>grammaticorum</span> <span class='ocrx_word' id='word_1_709' title='bbox 1639 5313 1935 5367; x_wconf 90' lang='lat' dir='ltr'>secundus</span> 
     </span>
    </p>
   </div>
   <div class='ocr_carea' id='block_1_104' title="bbox 289 5388 1934 5465">
    <p class='ocr_par' dir='ltr' id='par_1_104' title="bbox 289 5388 1934 5465">
     <span class='ocr_line' id='line_1_105' title="bbox 289 5388 1934 5465; baseline 0.008 -24"><span class='ocrx_word' id='word_1_710' title='bbox 289 5388 493 5444; x_wconf 90' lang='lat' dir='ltr'>docuit</span> <span class='ocrx_word' id='word_1_711' title='bbox 517 5388 889 5444; x_wconf 67' lang='lat' dir='ltr'>Alexandriae</span> <span class='ocrx_word' id='word_1_712' title='bbox 923 5391 984 5447; x_wconf 90' lang='lat' dir='ltr'>in</span> <span class='ocrx_word' id='word_1_713' title='bbox 1012 5395 1275 5465; x_wconf 66' lang='lat' dir='ltr'>Egypto,</span> <span class='ocrx_word' id='word_1_714' title='bbox 1320 5394 1534 5451; x_wconf 87' lang='lat' dir='ltr'>deinde</span> <span class='ocrx_word' id='word_1_715' title='bbox 1579 5400 1751 5455; x_wconf 87' lang='lat' dir='ltr'>CPoli</span> <span class='ocrx_word' id='word_1_716' title='bbox 1785 5406 1934 5454; x_wconf 81' lang='lat' dir='ltr'>tem-</span> 
     </span>
    </p>
   </div>
   <div class='ocr_carea' id='block_1_105' title="bbox 286 5475 1931 5556">
    <p class='ocr_par' dir='ltr' id='par_1_105' title="bbox 286 5475 1931 5556">
     <span class='ocr_line' id='line_1_106' title="bbox 286 5475 1931 5556; baseline 0.009 -25"><span class='ocrx_word' id='word_1_717' title='bbox 286 5494 429 5548; x_wconf 90' lang='lat' dir='ltr'>pore</span> <span class='ocrx_word' id='word_1_718' title='bbox 462 5475 775 5537; x_wconf 90' lang='lat' dir='ltr'>Theodosii</span> <span class='ocrx_word' id='word_1_719' title='bbox 806 5479 948 5553; x_wconf 88' lang='lat' dir='ltr'>imp.</span> <span class='ocrx_word' id='word_1_720' title='bbox 982 5480 1226 5552; x_wconf 89' lang='lat' dir='ltr'>Scripsit</span> <span class='ocrx_word' id='word_1_721' title='bbox 1253 5484 1542 5556; x_wconf 76' lang='grc' dir='ltr'>Τεμενικὰ,</span> <span class='ocrx_word' id='word_1_722' title='bbox 1596 5510 1621 5541; x_wconf 73' lang='grc' dir='ltr'>ι</span> <span class='ocrx_word' id='word_1_723' title='bbox 1652 5490 1731 5543; x_wconf 90' lang='lat' dir='ltr'>De</span> <span class='ocrx_word' id='word_1_724' title='bbox 1763 5488 1931 5546; x_wconf 89' lang='lat' dir='ltr'>delu-</span> 
     </span>
    </p>
   </div>
   <div class='ocr_carea' id='block_1_106' title="bbox 2124 4696 3701 4772">
    <p class='ocr_par' dir='ltr' id='par_1_106' title="bbox 2124 4696 3701 4772">
     <span class='ocr_line' id='line_1_107' title="bbox 2124 4696 3701 4772; baseline -0.003 -17"><span class='ocrx_word' id='word_1_725' title='bbox 2124 4700 2523 4772; x_wconf 89' lang='lat' dir='ltr'>Hyperechius</span> <span class='ocrx_word' id='word_1_726' title='bbox 2580 4698 3040 4765; x_wconf 87' lang='lat' dir='ltr'>Alexandrinus,</span> <span class='ocrx_word' id='word_1_727' title='bbox 3071 4696 3516 4770; x_wconf 88' lang='lat' dir='ltr'>grammaticus,</span> <span class='ocrx_word' id='word_1_728' title='bbox 3552 4701 3701 4751; x_wconf 77' lang='lat' dir='ltr'>tem~</span> 
     </span>
    </p>
   </div>
   <div class='ocr_carea' id='block_1_107' title="bbox 2052 4786 3701 4861">
    <p class='ocr_par' dir='ltr' id='par_1_107' title="bbox 2052 4786 3701 4861">
     <span class='ocr_line' id='line_1_108' title="bbox 2052 4786 3701 4861; baseline -0.004 -16"><span class='ocrx_word' id='word_1_729' title='bbox 2052 4790 2297 4861; x_wconf 88' lang='lat' dir='ltr'>poribus</span> <span class='ocrx_word' id='word_1_730' title='bbox 2328 4788 2601 4844; x_wconf 83' lang='lat' dir='ltr'>Marciani</span> <span class='ocrx_word' id='word_1_731' title='bbox 2628 4789 2766 4859; x_wconf 90' lang='lat' dir='ltr'>imp.</span> <span class='ocrx_word' id='word_1_732' title='bbox 2795 4787 3039 4859; x_wconf 90' lang='lat' dir='ltr'>Scripsit</span> <span class='ocrx_word' id='word_1_733' title='bbox 3064 4808 3091 4835; x_wconf 89' lang='grc'><strong><em>‹‹</em></strong></span> <span class='ocrx_word' id='word_1_734' title='bbox 3126 4790 3325 4841; x_wconf 88' lang='lat' dir='ltr'>Artem</span> <span class='ocrx_word' id='word_1_735' title='bbox 3354 4786 3701 4858; x_wconf 82' lang='lat' dir='ltr'>grammati-</span> 
     </span>
    </p>
   </div>
   <div class='ocr_carea' id='block_1_108' title="bbox 2056 4874 3693 4947">
    <p class='ocr_par' dir='ltr' id='par_1_108' title="bbox 2056 4874 3693 4947">
     <span class='ocr_line' id='line_1_109' title="bbox 2056 4874 3693 4947; baseline -0.004 -18"><span class='ocrx_word' id='word_1_736' title='bbox 2056 4900 2082 4929; x_wconf 87' lang='grc'>‹‹</span> <span class='ocrx_word' id='word_1_737' title='bbox 2101 4896 2260 4947; x_wconf 90' lang='lat' dir='ltr'>cam;</span> <span class='ocrx_word' id='word_1_738' title='bbox 2286 4880 2364 4933; x_wconf 92' lang='lat' dir='ltr'>De</span> <span class='ocrx_word' id='word_1_739' title='bbox 2386 4876 2755 4943; x_wconf 88' lang='lat' dir='ltr'>nominibus;</span> <span class='ocrx_word' id='word_1_740' title='bbox 2781 4877 2861 4932; x_wconf 90' lang='lat' dir='ltr'>De</span> <span class='ocrx_word' id='word_1_741' title='bbox 2884 4877 3057 4933; x_wconf 90' lang='lat' dir='ltr'>verbo</span> <span class='ocrx_word' id='word_1_742' title='bbox 3080 4878 3188 4945; x_wconf 90' lang='lat' dir='ltr'>;De</span> <span class='ocrx_word' id='word_1_743' title='bbox 3203 4874 3643 4947; x_wconf 87' lang='lat' dir='ltr'>orthographia.</span> <span class='ocrx_word' id='word_1_744' title='bbox 3672 4897 3693 4923; x_wconf 71' lang='grc' dir='ltr'><strong><em>ι</em></strong></span> 
     </span>
    </p>
   </div>
   <div class='ocr_carea' id='block_1_109' title="bbox 2123 4963 3698 5041">
    <p class='ocr_par' dir='ltr' id='par_1_109' title="bbox 2123 4963 3698 5041">
     <span class='ocr_line' id='line_1_110' title="bbox 2123 4963 3698 5041; baseline -0.002 -19"><span class='ocrx_word' id='word_1_745' title='bbox 2123 4966 2467 5041; x_wconf 84' lang='lat' dir='ltr'>Hyperides,</span> <span class='ocrx_word' id='word_1_746' title='bbox 2490 4964 2817 5037; x_wconf 85' lang='lat' dir='ltr'>Glaucippi,</span> <span class='ocrx_word' id='word_1_747' title='bbox 2868 4967 3141 5034; x_wconf 88' lang='lat' dir='ltr'>rhetoris,</span> <span class='ocrx_word' id='word_1_748' title='bbox 3171 4966 3280 5033; x_wconf 90' lang='lat' dir='ltr'>vel,</span> <span class='ocrx_word' id='word_1_749' title='bbox 3326 4969 3391 5020; x_wconf 92' lang='lat' dir='ltr'>ut</span> <span class='ocrx_word' id='word_1_750' title='bbox 3422 4963 3544 5032; x_wconf 87' lang='lat' dir='ltr'>alii,</span> <span class='ocrx_word' id='word_1_751' title='bbox 3588 4966 3698 5035; x_wconf 88' lang='lat' dir='ltr'>Py-</span> 
     </span>
    </p>
   </div>
   <div class='ocr_carea' id='block_1_110' title="bbox 2051 5055 3696 5127">
    <p class='ocr_par' dir='ltr' id='par_1_110' title="bbox 2051 5055 3696 5127">
     <span class='ocr_line' id='line_1_111' title="bbox 2051 5055 3696 5127; baseline -0.002 -15"><span class='ocrx_word' id='word_1_752' title='bbox 2051 5057 2264 5112; x_wconf 90' lang='lat' dir='ltr'>thoclis</span> <span class='ocrx_word' id='word_1_753' title='bbox 2278 5058 2333 5111; x_wconf 92' lang='lat' dir='ltr'>F.</span> <span class='ocrx_word' id='word_1_754' title='bbox 2348 5099 2361 5125; x_wconf 94' lang='lat'>,</span> <span class='ocrx_word' id='word_1_755' title='bbox 2380 5055 3140 5127; x_wconf 61' lang='lat' dir='ltr'>Atheniensis,demagugus</span> <span class='ocrx_word' id='word_1_756' title='bbox 3153 5057 3413 5127; x_wconf 90' lang='lat' dir='ltr'>optimus</span> <span class='ocrx_word' id='word_1_757' title='bbox 3427 5058 3696 5111; x_wconf 89' lang='lat' dir='ltr'>etorator</span> 
     </span>
    </p>
   </div>
   <div class='ocr_carea' id='block_1_111' title="bbox 2050 5144 3692 5217">
    <p class='ocr_par' dir='ltr' id='par_1_111' title="bbox 2050 5144 3692 5217">
     <span class='ocr_line' id='line_1_112' title="bbox 2050 5144 3692 5217; baseline 0 -20"><span class='ocrx_word' id='word_1_758' title='bbox 2050 5159 2202 5199; x_wconf 90' lang='lat' dir='ltr'>unus</span> <span class='ocrx_word' id='word_1_759' title='bbox 2243 5160 2313 5199; x_wconf 84' lang='lat' dir='ltr'>ex</span> <span class='ocrx_word' id='word_1_760' title='bbox 2338 5144 2458 5200; x_wconf 91' lang='lat' dir='ltr'>illis</span> <span class='ocrx_word' id='word_1_761' title='bbox 2489 5145 2691 5201; x_wconf 90' lang='lat' dir='ltr'>decem</span> <span class='ocrx_word' id='word_1_762' title='bbox 2726 5146 2825 5216; x_wconf 91' lang='lat' dir='ltr'>qui</span> <span class='ocrx_word' id='word_1_763' title='bbox 2860 5145 3157 5217; x_wconf 89' lang='lat' dir='ltr'>principes</span> <span class='ocrx_word' id='word_1_764' title='bbox 3187 5150 3525 5199; x_wconf 89' lang='lat' dir='ltr'>censentur.</span> <span class='ocrx_word' id='word_1_765' title='bbox 3572 5144 3692 5198; x_wconf 86' lang='lat' dir='ltr'>Dis-</span> 
     </span>
    </p>
   </div>
   <div class='ocr_carea' id='block_1_112' title="bbox 2049 5228 3686 5302">
    <p class='ocr_par' dir='ltr' id='par_1_112' title="bbox 2049 5228 3686 5302">
     <span class='ocr_line' id='line_1_113' title="bbox 2049 5228 3686 5302; baseline 0.001 -21"><span class='ocrx_word' id='word_1_766' title='bbox 2049 5228 2279 5299; x_wconf 88' lang='lat' dir='ltr'>cipulus</span> <span class='ocrx_word' id='word_1_767' title='bbox 2296 5229 2407 5284; x_wconf 84' lang='lat' dir='ltr'>fuit</span> <span class='ocrx_word' id='word_1_768' title='bbox 2438 5248 2555 5286; x_wconf 89' lang='lat' dir='ltr'>una</span> <span class='ocrx_word' id='word_1_769' title='bbox 2583 5248 2716 5287; x_wconf 90' lang='lat' dir='ltr'>cum</span> <span class='ocrx_word' id='word_1_770' title='bbox 2751 5233 3006 5302; x_wconf 85' lang='lat' dir='ltr'>Lycurgo</span> <span class='ocrx_word' id='word_1_771' title='bbox 3032 5230 3297 5285; x_wconf 88' lang='lat' dir='ltr'>Platonis</span> <span class='ocrx_word' id='word_1_772' title='bbox 3328 5229 3686 5301; x_wconf 87' lang='lat' dir='ltr'>philosophi,</span> 
     </span>
    </p>
   </div>
   <div class='ocr_carea' id='block_1_113' title="bbox 2048 5318 3683 5383">
    <p class='ocr_par' dir='ltr' id='par_1_113' title="bbox 2048 5318 3683 5383">
     <span class='ocr_line' id='line_1_114' title="bbox 2048 5318 3683 5383; baseline -0.001 -13"><span class='ocrx_word' id='word_1_773' title='bbox 2048 5322 2105 5370; x_wconf 91' lang='lat' dir='ltr'>et</span> <span class='ocrx_word' id='word_1_774' title='bbox 2132 5318 2405 5374; x_wconf 88' lang='lat' dir='ltr'>Isocratis</span> <span class='ocrx_word' id='word_1_775' title='bbox 2453 5320 2725 5374; x_wconf 83' lang='lat' dir='ltr'>rhetoris.</span> <span class='ocrx_word' id='word_1_776' title='bbox 2759 5320 3001 5374; x_wconf 78' lang='lat' dir='ltr'>Amicus</span> <span class='ocrx_word' id='word_1_777' title='bbox 3060 5320 3200 5373; x_wconf 84' lang='lat' dir='ltr'>licet</span> <span class='ocrx_word' id='word_1_778' title='bbox 3251 5318 3683 5383; x_wconf 86' lang='lat' dir='ltr'>Demosthenis,</span> 
     </span>
    </p>
   </div>
   <div class='ocr_carea' id='block_1_114' title="bbox 2044 5406 3681 5479">
    <p class='ocr_par' dir='ltr' id='par_1_114' title="bbox 2044 5406 3681 5479">
     <span class='ocr_line' id='line_1_115' title="bbox 2044 5406 3681 5479; baseline -0.001 -21"><span class='ocrx_word' id='word_1_779' title='bbox 2044 5406 2238 5475; x_wconf 90' lang='lat' dir='ltr'>ipsum</span> <span class='ocrx_word' id='word_1_780' title='bbox 2261 5413 2458 5463; x_wconf 88' lang='lat' dir='ltr'>tamen</span> <span class='ocrx_word' id='word_1_781' title='bbox 2490 5408 2562 5461; x_wconf 93' lang='lat' dir='ltr'>ob</span> <span class='ocrx_word' id='word_1_782' title='bbox 2596 5408 2928 5479; x_wconf 88' lang='lat' dir='ltr'>pecuniam,</span> <span class='ocrx_word' id='word_1_783' title='bbox 2963 5408 3034 5463; x_wconf 88' lang='lat' dir='ltr'>ab</span> <span class='ocrx_word' id='word_1_784' title='bbox 3066 5408 3319 5479; x_wconf 87' lang='lat' dir='ltr'>Harpalo</span> <span class='ocrx_word' id='word_1_785' title='bbox 3360 5410 3681 5475; x_wconf 84' lang='lat' dir='ltr'>acceptam,</span> 
     </span>
    </p>
   </div>
   <div class='ocr_carea' id='block_1_115' title="bbox 2041 5492 3679 5554">
    <p class='ocr_par' dir='ltr' id='par_1_115' title="bbox 2041 5492 3679 5554">
     <span class='ocr_line' id='line_1_116' title="bbox 2041 5492 3679 5554; baseline 0.001 -6"><span class='ocrx_word' id='word_1_786' title='bbox 2041 5497 2352 5551; x_wconf 88' lang='lat' dir='ltr'>accusavit.</span> <span class='ocrx_word' id='word_1_787' title='bbox 2385 5498 2696 5553; x_wconf 84' lang='lat' dir='ltr'>Amoribus</span> <span class='ocrx_word' id='word_1_788' title='bbox 2728 5497 3045 5554; x_wconf 90' lang='lat' dir='ltr'>mulierum</span> <span class='ocrx_word' id='word_1_789' title='bbox 3082 5496 3374 5552; x_wconf 85' lang='lat' dir='ltr'>addictior</span> <span class='ocrx_word' id='word_1_790' title='bbox 3403 5494 3533 5549; x_wconf 84' lang='lat' dir='ltr'>fuit.</span> <span class='ocrx_word' id='word_1_791' title='bbox 3558 5492 3679 5550; x_wconf 86' lang='lat' dir='ltr'>Sub</span> 
     </span>
    </p>
   </div>
   <div class='ocr_carea' id='block_1_116' title="bbox 360 5628 1967 5719">
    <p class='ocr_par' dir='ltr' id='par_1_116' title="bbox 360 5628 1926 5709">
     <span class='ocr_line' id='line_1_117' title="bbox 360 5628 1926 5709; baseline 0.012 -30"><span class='ocrx_word' id='word_1_792' title='bbox 360 5628 474 5699; x_wconf 82' lang='grc'>(76)</span> <span class='ocrx_word' id='word_1_793' title='bbox 500 5628 666 5684; x_wconf 84' lang='lat' dir='ltr'>Conf.</span> <span class='ocrx_word' id='word_1_794' title='bbox 702 5628 980 5689; x_wconf 88' lang='lat' dir='ltr'>Valcken.</span> <span class='ocrx_word' id='word_1_795' title='bbox 1027 5630 1099 5685; x_wconf 90' lang='lat' dir='ltr'>ad</span> <span class='ocrx_word' id='word_1_796' title='bbox 1137 5630 1328 5690; x_wconf 89' lang='lat' dir='ltr'>Schol.</span> <span class='ocrx_word' id='word_1_797' title='bbox 1358 5636 1557 5709; x_wconf 89' lang='lat' dir='ltr'>Eurip.</span> <span class='ocrx_word' id='word_1_798' title='bbox 1580 5638 1843 5697; x_wconf 72' lang='lat' dir='ltr'>Phwm‘ss.</span> <span class='ocrx_word' id='word_1_799' title='bbox 1874 5660 1926 5697; x_wconf 92' lang='lat' dir='ltr'>v.</span> 
     </span>
    </p>
   </div>
   <div class='ocr_carea' id='block_1_117' title="bbox 2087 5628 2646 5719">
    <p class='ocr_par' dir='ltr' id='par_1_117' title="bbox 2087 5648 2646 5719">
     <span class='ocr_line' id='line_1_118' title="bbox 2087 5648 2646 5719; baseline 0.002 -19"><span class='ocrx_word' id='word_1_800' title='bbox 2087 5648 2125 5716; x_wconf 85' lang='lat'>),</span> <span class='ocrx_word' id='word_1_801' title='bbox 2155 5661 2287 5719; x_wconf 87' lang='lat' dir='ltr'>pag.</span> <span class='ocrx_word' id='word_1_802' title='bbox 2324 5649 2448 5703; x_wconf 80' lang='lat'>732.</span> <span class='ocrx_word' id='word_1_803' title='bbox 2473 5648 2646 5703; x_wconf 77' lang='lat' dir='ltr'>HARL.</span> 
     </span>
    </p>
   </div>
  </div>
