4070 6196
381 321 538 383 1279

377 457 536 513 latus
567 461 765 512 autem
798 461 888 512 est
943 457 1015 512 ab
1074 457 1385 528 Antipatro
1439 473 1597 529 rege,
1649 458 1750 528 qui
1789 474 1920 512 eum
1957 475 2026 514 ex
2055 463 2110 530 Α

378 547 608 602 Cereris
642 546 883 616 templo,
908 545 1066 616 quod
1100 549 1190 600 est
1220 545 1572 613 Hermionae,
1598 563 1704 617 per
1728 547 2025 615 Archiam,

1701 320 1942 383 INDEX
1987 319 2484 385 SCRIPTOHUM

3627 328 3658 388 1
3669 329 3790 388 280

2209 458 2500 530 Ἱερατικὴ,
2559 459 2676 514 sive
2727 456 2977 515 scientia
3032 460 3435 528 sacerdotalis,
3498 461 3700 518 diﬂ'ert
3757 482 3792 520 a

2132 548 2533 620 philosophia,
2593 550 2985 620 consistitque
3041 551 3101 605 in
3159 551 3322 606 cultu
3367 550 3615 607 deorum
3669 560 3793 610 eta

380 638 480 709 qui
513 637 651 691 inde
705 631 1120 708 Φυγαδοθήρας,
1156 635 1274 690 sive
1311 635 1690 708 fugitivorum
1721 636 2030 709 indagator
2134 639 2330 694 causis
2387 638 2675 694 mundum
2730 639 3199 711 gubernantibus
3249 641 3477 713 incipit,
3522 647 3583 696 et
3626 645 3790 699 circa

379 727 571 782 dictus
628 731 736 790 est,
787 725 1050 790 extrahi,
1107 725 1490 797 linguamque
1539 727 1780 797 praecidi
1822 727 2022 799 jussit.

378 818 523 872 Ossa
556 815 734 881 ﬁlius,
770 814 1148 885 Glaucippus,
1185 816 1246 868 in
1279 815 1468 886 patrio
1512 823 1898 871 monumento
1933 834 2022 872 se-

374 906 563 976 peliit.
597 904 905 959 Orationes
934 905 1063 975 ejus
1095 921 1304 960 omnes
1331 910 1468 961 sunt
1498 907 1630 960 LVI.

2135 745 2234 784 eas
2264 734 2606 800 occupatur,
2629 729 3083 801 consideratque
3114 731 3448 786 animorum
3481 733 3785 788 immorta-

2133 816 2360 872 litatem
2404 818 2789 890 inﬁnitosque
2822 825 3192 874 mortuorum
3220 821 3376 891 apud
3406 821 3632 877 inferos
3662 829 3780 877 sta-

2130 911 2245 973 tus,
2273 908 2372 977 qui
2405 924 2510 978 pro
2550 908 2798 980 singulis
2847 909 3163 964 virtutibus
3215 913 3273 964 et
3302 909 3461 964 vitiis
3508 911 3781 966 attributi

443 992 634 1068 Ὑῤῥας
679 998 830 1053 παῖς.
891 995 1132 1066 Hyrrhaa
1166 995 1346 1062 ﬁlius,
1409 995 2022 1066 Pittacus;idemque
2130 1002 2290 1063 sunt,
2323 1002 2382 1052 et
2407 997 2597 1052 varias
2656 997 2908 1053 durante
2932 999 3051 1054 vita
3103 999 3488 1071 migrationes
3545 1001 3783 1055 anima-

377 1083 696 1156 Ilyrradius
727 1082 962 1140 dicitur.

1177 1175 1218 1228 Ι.

443 1264 667 1336 Ἴακχος
697 1264 961 1336 Hymnus
1017 1264 1080 1318 in
1130 1263 1444 1318 Bacchum.
1495 1259 1872 1337 ’ᾼδουσιγοῦν
1924 1262 2016 1317 τὸν

371 1353 582 1428 Ἰἀκχον
643 1351 822 1427 ὥσπερ
877 1352 1142 1424 Διαγόρας
1178 1393 1190 1406 .
1250 1354 1412 1408 Hunc
1496 1353 1807 1426 Diagoram
1850 1355 2018 1409 aiunt

370 1448 611 1500 atheum
636 1445 841 1499 fuisse.
867 1444 999 1498 Fuit
1027 1448 1224 1499 autem
1257 1448 1317 1498 et
1343 1442 1496 1498 alter
1524 1444 1790 1498 Terthrei
1821 1445 1880 1498 F.
1915 1445 2016 1514 qui

371 1536 444 1592 ob
472 1535 941 1607 magnitudinem
975 1534 1238 1604 corporis
1270 1532 1340 1588 ab
1375 1534 1617 1588 comicis
1667 1534 2018 1608 perstringi-

369 1631 483 1688 tur,
517 1631 583 1680 ut
611 1625 684 1680 ab
716 1625 1033 1696 Hermippo
1066 1625 1125 1678 in
1159 1622 1409 1696 Μοίραις,

437 1716 703 1785 Iadmon,
737 1711 990 1785 Ἰάδμων,
1023 1711 1338 1786 Ἰαδμωνος,
1395 1715 1647 1783 Samius,
1703 1716 1873 1787 cujus
1903 1733 2012 1771 an-

365 1805 522 1875 cilla,
557 1806 875 1878 Iihodopis,
933 1807 1236 1874 meretrix,
1285 1822 1498 1878 genere
1545 1806 2012 1878 Thracia,quam
2045 1827 2091 1890 Β

367 1897 690 1963 Charaxus,
725 1895 1056 1967 Sapphonis
1102 1895 1302 1963 frater,
1339 1911 1585 1949 uxorem
1635 1893 1824 1962 duxit,
1857 1901 1917 1949 et
1945 1912 2012 1952 ex

367 2004 436 2042 ea
467 1987 686 2042 liberos
718 1987 1066 2058 procreavit.

437 2079 672 2144 Iachen,
729 2076 1050 2148 Egyptius,
1107 2075 1718 2148 singularibusaDeo
1777 2076 2014 2132 dotibus

365 2170 715 2234 instructus,
773 2168 916 2222 vixit
971 2166 1078 2221 sub
1127 2167 1336 2237 Senye,
1395 2167 1796 2238 Egyptiorum
1852 2184 2012 2239 rege,

365 2259 764 2313 amuletorum
796 2255 1387 2329 incantationumque
1418 2255 1666 2326 peritus,
1699 2255 1800 2326 qui
1830 2255 2010 2327 pesti-

361 2347 580 2402 lentias
627 2350 963 2418 grassantes
994 2343 1276 2400 exstinxit
1323 2349 1381 2398 et
1427 2344 1686 2415 primum
1716 2344 2010 2400 Canicula)

362 2443 632 2493 exortum
663 2440 1106 2505 mstuosumque
1139 2433 1351 2488 sideris
1383 2433 1543 2488 illius
1575 2433 1864 2489 inﬂuxum
1895 2433 2010 2488 mi-

317 2544 320 2545 '
357 2526 584 2604 tigavit,
609 2541 794 2599 quam
826 2523 899 2578 ob
933 2540 1172 2578 causam
1230 2523 1545 2595 magnifico
1575 2522 1783 2578 funere
1821 2523 2009 2579 elatus

361 2625 467 2674 est.
503 2619 623 2673 Etsi
656 2617 893 2688 quando
923 2614 1168 2671 morbus
1200 2612 1568 2686 epidemicus
1599 2612 2007 2690 invalesceret,

361 2707 510 2762 sacri
545 2706 774 2771 scribae,
808 2705 936 2775 ejus
987 2704 1190 2759 fanum
1222 2702 1530 2772 adeuntes,
1553 2703 1739 2758 sacris
1767 2691 2007 2774 rit'é'p'e-

362 2795 561 2863 ractis,
596 2811 666 2847 ex
697 2809 800 2848 ara
830 2793 958 2864 ejus
1009 2793 1206 2863 ignem
1255 2789 1678 2857 accendebant,
1732 2790 2007 2862 rogisque

361 2885 584 2956 passim
615 2898 721 2953 per
751 2882 959 2937 urbem
991 2880 1260 2936 excitatis
1289 2880 1444 2934 aeris
1472 2878 1658 2934 fmtidi
1705 2879 2007 2935 exitialem

357 2974 521 3028 luem
571 2972 1036 3043 exstinguentes,
1069 2985 1222 3025 nova
1251 2970 1362 3025 hac
1392 2969 1483 3024 via
1524 2969 1820 3036 morbum,
1854 2969 2006 3041 ignis

358 3062 673 3128 beneﬁcio,
707 3060 1153 3133 prepulsabant.

427 3153 708 3220 Ialemus,
739 3151 1034 3223 Calliopes
1067 3150 1228 3205 filius
1271 3149 1498 3218 infelix,
1533 3155 1644 3205 etc.

425 3243 646 3309 lambe,
679 3241 1237 3314 nomen'proprium
1262 3240 1526 3307 femina),
1559 3241 1631 3296 de
1665 3255 1781 3312 qua
1811 3239 1940 3296 vide
1971 3256 2006 3296 a

353 3336 602 3389 Kustero
631 3334 700 3399 II,
727 3349 857 3405 pag.
891 3334 979 3400 89,
1013 3337 1136 3387 not.
1167 3337 1222 3400 7,
1255 3332 1487 3388 citatos.

423 3417 746 3494 Ἰαμϐίζειν,
781 3444 808 3472 ‹‹
841 3422 1121 3477 conviciis
1153 3421 1456 3489 insectari,
1492 3442 1520 3470 »
1553 3425 1664 3478 etc.

429 3513 658 3583 lbycus,
691 3511 885 3584 Phytii
917 3511 1006 3566 vel
1029 3510 1303 3580 Polyzeli,
1326 3510 1600 3566 Messenii
1621 3509 2008 3583 historiogra-

355 3602 453 3671 phi
466 3643 479 3668 ,
493 3601 581 3654 vel
595 3600 902 3656 Cerdantis
915 3601 998 3668 F.,
1023 3617 1238 3672 genere
1253 3601 1572 3672 Rheginus.
1608 3599 1750 3655 Inde
1763 3600 2004 3656 Sanium

359 3689 648 3760 migravit,
681 3705 814 3745 cum
849 3689 928 3742 ibi
948 3689 1308 3760 Polycrates,
1335 3689 1571 3760 tyranni
1595 3694 1779 3760 pater,
1816 3690 2007 3761 impe-

357 3781 535 3843 raret,
587 3776 932 3847 Olympiade
965 3778 1098 3842 LIV,
1133 3777 1499 3847 temporibus
1549 3778 1749 3844 Croesi,
1783 3778 2008 3834 invenit

355 3865 696 3919 sambucam
730 3858 994 3934 (ἰϐύκινον
1024 3865 1097 3920 ab
1138 3881 1208 3920 eo
1235 3864 1479 3936 dictam)
1501 3866 1745 3921 cithara)
1778 3868 2002 3938 trique-

359 3961 462 4010 trae
489 3972 692 4028 genus.
731 3955 975 4027 Scripsit
995 3956 1247 4011 dialecto
1278 3956 1480 4012 dorica
1505 3957 1688 4013 libros
1713 3959 1830 4012 VII.
1864 3959 2004 4030 Ejus

358 4047 582 4102 dictum
609 4064 621 4100 :
662 4046 752 4113 Μὴ
783 4065 834 4098 τι
868 4043 989 4118 περὶ
1031 4043 1183 4108 θεοὺς
1215 4043 1522 4117 ἀμπλακὼν
1549 4045 1714 4119 τιμὰν
1746 4047 1884 4122 πρὸς
1911 4048 2002 4101 ἀν-

354 4135 589 4208 θρώπων
619 4133 872 4207 ἀμεῖψαι,
928 4158 956 4184 ι(
981 4135 1124 4191 deos
1167 4152 1286 4191 non
1330 4137 1739 4204 offendendos,
1773 4143 1840 4193 ut
1864 4136 2002 4193 inde

356 4250 382 4276 ‹‹
406 4228 657 4300 gratiam
679 4226 750 4281 ab
771 4226 1111 4282 hominibus
1131 4229 1535 4298 consequaris.
1558 4251 1586 4278 »
1602 4231 1646 4284 A
1671 4229 2003 4285 latronibus

357 4316 808 4372 interﬁciendus
824 4333 996 4389 grues
1018 4317 1283 4372 vindices
1311 4317 1438 4374 fore
1461 4318 1628 4385 dixit,
1653 4319 1810 4390 quod
1839 4337 1999 4375 com-

353 4407 624 4478 probavit
651 4412 927 4462 eventus:
963 4407 1120 4463 unde
1138 4407 1536 4478 proverbium,
1567 4410 1720 4478 Ibyci
1747 4426 1926 4480 grues.

2128 1103 2280 1141 rum.
2309 1089 2597 1142 Auctores
2625 1087 2792 1143 fuere
2819 1088 3090 1159 Aigyptii,
3123 1104 3157 1143 a
3177 1088 3392 1159 quibus
3423 1089 3776 1162 Pythagorei

2125 1175 2327 1230 omnia
2357 1176 2431 1232 ad
2461 1177 2687 1232 Graecos
2720 1176 3095 1232 transtulere.

2197 1261 2430 1333 Ἰησοῦς.
2489 1265 2865 1337 Colloquium
2925 1267 3206 1338 Philippi,
3262 1267 3605 1333 Christiani,
3639 1284 3776 1322 cum

2125 1353 2474 1422 Theodosio,
2500 1351 2738 1428 ἀρχηγῷ
2767 1355 3126 1421 Iuda-orum,
3159 1356 3426 1411 habitum
3457 1357 3778 1411 Iustiniani

2125 1444 2518 1514 temporibus,
2551 1443 2612 1499 in
2635 1461 2751 1516 quo
2773 1445 3009 1500 Iudmus
3029 1446 3360 1516 profitetur,
3385 1463 3448 1500 se
3471 1463 3538 1500 ex
3571 1446 3776 1501 codice

2122 1547 2359 1599 arcano,
2383 1532 2691 1588 Tiberiade
2723 1534 3004 1605 reposito,
3035 1535 3218 1606 probe
3263 1540 3638 1606 compertum
3672 1537 3781 1590 ha-

2122 1619 2282 1688 bere,
2315 1623 2516 1678 Iesum
2549 1639 2678 1678 esse
2710 1624 2810 1678 Dei
2845 1623 3079 1693 Filium,
3113 1629 3315 1680 natum
3342 1642 3412 1679 ex
3433 1626 3616 1680 Maria
3648 1627 3779 1678 Vir-

2121 1711 2254 1782 gine
2311 1717 2486 1783 atque
2563 1712 2706 1768 olim
2769 1714 2926 1769 inter
2975 1713 3313 1769 sacerdotes
3379 1719 3772 1784 cooptatum:

2119 1801 2444 1872 Josephum
2477 1819 2710 1873 quoque
2757 1803 2820 1859 in
2873 1803 3327 1858 Commentariis
3358 1803 3438 1859 De
3465 1803 3624 1858 bello
3665 1805 3774 1858 Iu-

2121 1889 2288 1946 daico
2311 1899 2514 1963 aperte
2535 1891 2754 1962 dicere,
2774 1895 2972 1949 Iesum
3000 1893 3061 1948 in
3084 1894 3304 1965 templo
3336 1911 3470 1948 cum
3503 1894 3779 1949 sacerdo-

2121 1979 2279 2034 tibus
2337 1996 2503 2037 sacra
2556 1981 2792 2039 fecisse.
2852 1984 2931 2038 De
2989 1984 3329 2038 narratione
3381 1983 3486 2038 illa
3542 1984 3667 2038 dixi
3714 1984 3775 2038 in

2121 2068 2322 2124 codice
2353 2071 2692 2143 apocrypha
2725 2073 2862 2126 Novi
2894 2074 3044 2128 Test.
3084 2089 3214 2144 pag.
3269 2074 3398 2139 371,
3431 2079 3490 2126 et
3521 2080 3668 2128 tom.
3701 2075 3774 2138 II,

2119 2173 2250 2228 pag.
2283 2161 2420 2214 547:
2456 2160 2614 2231 quod
2639 2177 2774 2216 vero
2804 2161 2877 2216 ad
2907 2161 3565 2229 codicem,’l‘hiberiade
3598 2179 3773 2233 repo-

2120 2246 2298 2302 situm
2330 2250 2563 2317 attinet,
2577 2250 3014 2320 :eonferendus
3045 2251 3099 2306 S.
3135 2251 3499 2322 Epiphanus,
3555 2251 3771 2306 haaresi

2119 2336 2208 2403 30,
2242 2353 2371 2409 pag.
2408 2339 2527 2394 433.

2191 2428 2474 2498 Ignatius,
2507 2429 2794 2485 diaconus
2816 2435 2874 2486 et
2895 2435 3094 2486 custos
3121 2446 3396 2486 vasorum
3420 2431 3644 2502 Magnae
3666 2431 3767 2484 Ec.

2117 2515 2314 2571 clesiaa
2345 2517 2515 2573 CPol.
2553 2524 2611 2572 et
2641 2520 2846 2574 Nicaaaa
2878 2521 3391 2590 metropolitanus,
3416 2519 3766 2591 grammati-

2117 2621 2240 2659 cus.
2275 2605 2521 2678 Scripsit
2556 2609 2710 2664 Vitas
2747 2611 2961 2664 Tarasii
2991 2615 3050 2663 et
3075 2608 3388 2679 Nicephori,
3423 2613 3766 2663 sanctorum

2117 2699 2176 2748 et
2189 2693 2494 2750 beatorum
2516 2697 2984 2768 patriarcharum
3005 2715 3018 2763 ;
3039 2700 3234 2768 Elegos
3249 2715 3376 2768 sepu
3386 2698 3576 2754 (crates
3593 2716 3615 2760 ;
3637 2700 3765 2768 Epi~

2115 2782 2313 2850 stolas;
2345 2784 2565 2840 Iambos
2595 2785 2656 2840 in
2684 2787 2941 2841 Thomam
2961 2789 3273 2857 Antartem,
3298 2787 3604 2858 multaque
3627 2787 3764 2843 alia.

2186 2872 2335 2929 Ilion
2349 2873 2491 2930 urbs
2504 2874 2789 2948 Phrygias.
2804 2878 3090 2948 Tempore
3109 2879 3574 2950 Argonautarum
3612 2878 3770 2950 apud

2115 2960 2346 3016 Graacos
2375 2963 2694 3019 vaticinata
2724 2970 2814 3019 est
2836 2963 3058 3036 Sibylla
3074 2965 3400 3035 Erythraaa,
3425 2965 3485 3018 in
3516 2965 3772 3036 Phrygia

2112 3063 2248 3101 vero
2277 3049 2440 3116 Tros,
2476 3048 2546 3102 Ili
2579 3055 2638 3104 et
2693 3051 3050 3122 Ganymedis
3103 3056 3292 3122 pater,
3351 3051 3640 3123 regnavit,
3669 3051 3769 3121 qui

2113 3136 2348 3208 Trojam
2378 3137 2441 3192 in
2472 3154 2645 3193 suum
2675 3155 2918 3206 nomen,
2953 3139 3122 3195 Ilium
3155 3141 3216 3194 in
3239 3139 3345 3194 ﬁlii
3371 3139 3659 3194 condidit.

2186 3223 2250 3278 El
2284 3225 2360 3297 μή
2395 3221 2602 3282 δύναιο.
2635 3228 2923 3300 Theognis
2963 3234 3090 3283 erat
3143 3229 3418 3300 tragicus,
3453 3233 3631 3300 poeta
3664 3229 3767 3283 fri-

2111 3313 2303 3385 gidus,
2338 3333 2516 3387 quem
2547 3317 2952 3390 perstringens
3002 3318 3433 3388 Aristophanes
3463 3318 3566 3387 ait,
3639 3319 3770 3373 nive

2113 3401 2329 3458 texisse
2359 3404 2667 3461 Thraciam
2702 3411 2905 3472 totam,
2929 3413 2989 3462 et
3017 3406 3269 3462 ﬂumina
3297 3405 3665 3478 congelasse.

2184 3493 2308 3559 Ion,
2330 3493 2530 3562 Chius,
2563 3495 2839 3567 tragicus,
2871 3494 3092 3566 lyricus
3121 3501 3181 3550 et
3209 3495 3621 3567 philosophus,
3659 3499 3759 3552 Or-

2113 3582 2408 3637 tliomenis
2441 3583 2618 3638 Xuthi
2650 3586 2734 3652 F.,
2768 3585 3079 3657 tragoedias
3109 3585 3320 3640 docere
3351 3585 3528 3656 coepit
3558 3585 3760 3656 Olym-

2113 3671 2284 3744 piade
2331 3671 2588 3729 LXXXII.
2648 3674 2898 3730 Fabulas
2957 3673 3196 3744 scripsit
3235 3673 3364 3728 XII.
3427 3673 3766 3729 Secundum

2112 3761 2262 3818 alios
2293 3762 2462 3829 XXX,
2496 3762 2586 3816 vel
2639 3764 2757 3820 XL.
2803 3762 2963 3818 Idem
2994 3762 3236 3832 scripsit
3289 3761 3418 3834 ΙΙερὶ
3474 3762 3766 3835 μετεώρων

2110 3850 2198 3903 καὶ
2235 3847 2510 3912 συνθέτους
2553 3851 2749 3926 λόγους
2794 3853 2906 3923 (77)
2933 3852 3228 3924 (δυρΐᾶέὶῐι
3260 3845 3767 3923 Διθυραμϐοδιὸἁσ-

2108 3938 2317 4013 uim.)
2347 3942 2513 3996 Hunc
2543 3942 2967 4013 Aristophanes
2997 3958 3102 4013 per
3131 3941 3339 4012 jocum
3383 3940 3564 3996 Ἀοῖον
3599 3949 3770 3998 vocat

2109 4051 2136 4078 ‹‹
2167 4030 2544 4100 (matutinam
2575 4030 2855 4102 stellam).

2178 4121 2402 4191 Iophon
2428 4120 2811 4175 Atheniensis
2841 4121 3116 4192 tragicus,
3137 4121 3433 4192 genuinus
3451 4121 3765 4191 Sophoclis

2109 4209 2314 4281 tragici
2346 4209 2526 4278 ﬁlius,
2578 4227 2651 4265 ex
2693 4210 3044 4265 Nicostrata.
3097 4211 3226 4264 Fuit
3284 4215 3342 4264 et
3391 4211 3612 4264 nothus
3643 4211 3756 4282 ipsi

2110 4297 2270 4352 Illius
2314 4299 2574 4367 Ariston,
2629 4315 2699 4354 ex
2752 4297 3138 4366 Theodoride,
3199 4298 3473 4370 Syconia.
3507 4298 3761 4354 Fabulas

2107 4387 2335 4460 Iephon
2368 4387 2566 4444 docuit
2601 4389 3055 4461 quinquaginta,
3087 4388 3151 4442 in
3203 4402 3455 4458 quarum
3503 4403 3756 4442 numero

421 4496 654 4568 ’lxoo-Sc.
705 4499 974 4567 Aﬁsopus,
1007 4471 1358 4551 Mithridatis
1390 4471 1771 4569 anagnostes:
1802 4501 1998 4572 scrip-

2129 4481 2267 4543 sunt,
2302 4474 2622 4550 Ἀχιλλεὺς,
2654 4475 2930 4554 Τήλεφος,
2982 4474 3274 4543 ’Δκταίων,
3316 4471 3510 4544 Ἰλίου,
3542 4477 3756 4550 πέρσις,

352 4585 668 4642 sitlibrum
703 4584 776 4640 de
807 4585 1053 4650 Helena,
1085 4585 1146 4639 in
1177 4601 1292 4656 quo
1336 4585 1438 4654 ait,
1498 4587 1720 4642 cetacei
1763 4589 1998 4660 generis

351 4675 574 4746 piscem
607 4675 926 4745 quemdam
967 4676 1108 4727 πᾶνα
1153 4675 1370 4742 vocari,
1424 4675 1484 4729 in
1533 4675 1644 4732 hoc
1694 4678 1997 4734 asteritem

348 4764 609 4836 lapidem
639 4764 907 4834 reperiri,
942 4764 1041 4834 qui
1074 4781 1109 4819 a
1138 4765 1262 4820 sole
1286 4764 1630 4821 accenditur
1659 4772 1718 4822 et
1745 4767 1819 4822 ad
1849 4768 2002 4839 phil-

349 4859 442 4908 tra
465 4853 628 4908 utilis
661 4858 769 4908 est.

417 4944 628 5006 Idaeus.
661 4943 944 5011 Rhodius,
977 4943 1124 4999 Lissi
1153 4945 1240 5012 F.,
1274 4951 1450 5018 poeta
1479 4947 1704 5019 epicus,
1737 4949 1838 5020 qui
1867 4957 1999 5022 post

349 5033 614 5104 singulos
642 5049 846 5088 versus
879 5033 1130 5089 alterum
1170 5049 1403 5090 versum
1464 5037 1736 5094 inserens
1787 5055 1999 5110 poema

351 5123 585 5177 Homeri
617 5123 802 5178 altero
824 5127 987 5178 tanto
1019 5123 1248 5178 auctius
1279 5123 1436 5179 fecit.
1473 5125 1722 5197 Scripsit
1750 5133 1808 5183 et
1857 5127 1994 5197 alia,

347 5217 412 5267 ut
441 5211 656 5267 Rhodia
685 5213 758 5268 ad
797 5229 1000 5267 versus
1034 5213 1409 5268 hexametros
1437 5217 1527 5268 ter
1555 5215 1744 5270 mille.

414 5395 521 5456 (77)
552 5393 738 5456 Quam
779 5390 930 5445 falsa
974 5391 1099 5444 hmo
1131 5391 1209 5444 sit
1256 5391 1518 5446 narratio
1549 5391 1760 5457 Suidua,
1795 5393 1996 5450 Ionem

339 5463 652 5536 scripsisse
679 5463 748 5517 de
774 5462 1063 5536 _meteoris
1094 5466 1152 5536 et
1197 5459 1490 5536 συνθέτους
1541 5459 1996 5536 Δλίς-(ς›υς,)νεει-1›ἱεθ›

339 5533 676 5588 εειιυιίειειω
719 5533 790 5586 ad
853 5533 1153 5604 AristOph.
1189 5535 1381 5588 Pacem
1441 5533 1594 5588 male
1635 5533 1995 5594 intellectis.

346 5605 519 5675 docet
548 5607 760 5675 Kuster
785 5604 857 5658 ad
881 5604 1186 5659 Suidaaloc
1231 5606 1301 5670 ll,
1338 5621 1466 5675 pag.
1503 5607 1621 5671 135,
1655 5621 1722 5659 ex
1747 5606 1993 5662 Bentleii

343 5673 528 5742 Epist.
562 5674 635 5730 ad
665 5675 913 5730 Milium.
946 5675 1162 5730 Contra
1179 5691 1248 5731 ea
1279 5673 1491 5734 sensus
1524 5675 1856 5734 scholiastaa
1879 5683 1988 5746 est,

2110 4564 2402 4636 Δεξαμενὸς
2437 4567 2666 4640 Βάκχαι,
2700 4563 2946 4636 Πενθεὺς,
2996 4571 3055 4620 et
3092 4565 3224 4621 alim
3260 4565 3534 4635 quaadam
3566 4567 3756 4638 patris

2107 4652 2432 4726 Sophoclis.

2179 4742 2522 4814 Iphicrates,
2575 4745 2788 4800 sutoris
2847 4747 2932 4812 F.,
2991 4745 3394 4812 Atheniensis,
3455 4750 3654 4801 orator
3700 4751 3760 4801 et

2106 4831 2250 4887 belli
2281 4831 2420 4898 dux,
2452 4831 2553 4902 qui
2603 4833 2827 4903 primus
2867 4821 2930 4888 in
2974 4832 3302 4905 spoliorum
3361 4834 3756 4905 inscriptione

2107 4920 2275 4976 ducis
2326 4921 2696 4976 mentionem
2742 4921 2902 4988 fecit,
2955 4937 3090 4977 cum
3131 4927 3308 4977 antea
3356 4922 3544 4978 solius
3587 4921 3756 4977 urbis

2107 5026 2328 5065 nomen
2372 5009 2813 5066 inscriberetur.

2177 5099 2436 5156 lrenaeus
2465 5100 2696 5171 (Latina
2741 5101 2940 5173 lingua
2969 5102 3250 5174 Paculus),
3280 5099 3753 5172 discipulus_lle-

2107 5188 2344 5256 liodori,
2378 5188 2629 5254 metrici,
2661 5191 3083 5262 grammaticus
3121 5189 3580 5256 Alexandrinus,
3609 5188 3756 5244 scri-

2106 5375 2310 5442 poetas
2332 5368 2797 5442 dithyrambicos
2835 5385 3028 5425 amare
3058 5369 3369 5442 verborum
3421 5369 3755 5426 translatio-

2106 5439 2212 5499 nes
2243 5439 2303 5496 ἐκ
2330 5444 2437 5494 τῶν
2467 5439 2796 5511 μετεώρων,
2832 5459 2901 5496 ex
2931 5441 3129 5509 astris,
3191 5441 3446 5496 nubibus
3480 5443 3753 5512 aliisque.

2106 5529 2233 5585 quas
2264 5514 2324 5567 in
2351 5513 2592 5568 sublimi
2630 5515 2813 5579 fiunt;
2847 5513 3098 5585 libenter
3129 5514 3304 5568 etiam
3336 5513 3421 5567 uti
3454 5511 3754 5569 vocabulis

2105 5584 2620 5656 sesquipedalibus
2642 5589 2700 5640 et
2728 5584 3109 5660 coagmentis.
3145 5585 3320 5642 Ilum.
