4070 6196
324 370 473 432 1281

1600 361 1851 425 INDEX
1894 361 2398 430 SCPIPTORUM

3573 368 3731 428 1282

320 504 441 576 psit
473 499 603 575 Περὶ
633 504 734 569 τῆς
761 496 1065 569 ’Δθηναίων
1083 495 1459 572 προπομπίας,
1480 518 1508 548 ‹‹
1533 498 1613 553 De
1640 496 1967 552 Athenien-

2111 505 2345 561 ’latonis
2377 502 2631 558 auditor.
2668 502 2770 557 Hic
2810 517 2944 558 cum
2992 499 3340 568 Theodecte,
3396 505 3627 555 oratore
3675 505 3734 555 et

323 618 350 644 «ι
387 594 545 648 sium
578 608 742 647 more
774 591 1006 661 aliquos
1047 606 1183 644 cum
1234 588 1461 643 honore
1522 585 1857 643 deducendi
1888 586 1979 641 vel

327 709 354 736 «
379 682 888 757 prosequendi.De
918 679 1455 735 Alexandrinorum
1477 678 1889 744 dialecto,eam
1907 676 1980 731 ab

325 798 352 825 ‹‹
380 775 572 829 Attica
600 769 1290 839 deductamfessedibros
1318 769 1430 823 VII.
1456 768 1786 822 Atticorum
1810 782 1980 820 voca-

328 887 355 915 ‹‹
388 864 659 918 bulorum
689 862 870 915 libros
900 861 996 913 llI.
1030 859 1239 913 Attica)
1271 857 1723 913 consuetudinis
1768 856 1829 909 in
1856 855 1983 910 dic-

328 976 356 1005 ‹‹
390 954 550 1008 tione
582 957 639 1006 et
669 954 937 1016 accentu,
971 948 1182 1003 ordine
1212 946 1584 1019 alphabetico
1638 946 1825 999 libros
1884 943 1979 1000 III.

332 1065 359 1092 «
390 1042 644 1113 [tegulas
665 1039 968 1095 Graacismi
1000 1037 1221 1093 librum
1253 1039 1296 1092 Ι.
1332 1039 1410 1092 De
1436 1036 1743 1092 Atticismo
1761 1033 1981 1088 librum

333 1153 357 1185 ι
384 1134 425 1198 Ι,
452 1154 479 1182 ››
514 1137 574 1185 et
595 1129 784 1185 multa
807 1128 943 1184 alia.

404 1223 609 1290 Isaaus,
641 1237 798 1276 unus
847 1220 1053 1275 decem
1098 1222 1421 1285 oratorum,
1472 1215 1802 1289 discipulus
1858 1216 1980 1270 Iso-

328 1312 506 1368 cratis
522 1317 579 1367 et
595 1310 875 1383 magister
906 1307 1564 1378 Demosthenis,genere
1578 1304 1980 1361 Atheniensis.

330 1402 660 1458 Demetrius
693 1417 826 1455 vero
855 1399 998 1455 dicit
1032 1414 1160 1454 esse
1192 1396 1666 1453 Chalcidensem.
1704 1397 1805 1451 Hic
1855 1396 1981 1450 lau-

334 1493 507 1549 datur
560 1497 627 1547 ut
676 1496 896 1555 orator,
970 1495 1029 1545 et
1098 1490 1257 1560 quod
1318 1490 1773 1544 Demosthenem
1853 1489 1982 1545 sine

334 1583 607 1639 mercede
638 1582 989 1636 instituit.ln
1019 1580 1423 1635 adolescentia
1449 1580 1808 1648 luxuriosus,
1828 1586 1985 1653 post-

336 1691 406 1730 ea
462 1674 535 1729 ad
583 1674 803 1728 bonam
856 1672 1085 1743 frugem
1140 1686 1202 1725 se
1239 1671 1483 1743 recepit.
1538 1673 1738 1744 Itaque
1798 1673 1983 1727 inter-

338 1772 577 1836 rogatus
607 1763 679 1818 ab
711 1763 931 1833 aliquo,
989 1763 1123 1833 quis
1153 1763 1355 1833 piscis,
1417 1779 1549 1833 quas
1574 1764 1698 1818 avis
1757 1780 1860 1819 esu
1892 1782 1984 1820 es-

2087 595 2325 666 tragico,
2361 600 2419 649 et
2448 595 2843 666 Theopompo,
2904 591 3070 657 Chio,
3130 591 3391 661 itemque
3431 592 3733 662 Erythram

2085 684 2396 739 Naucratia
2429 684 2500 739 de
2528 683 2871 755 eloquentia
2898 681 3142 736 certavit
3170 682 3231 735 in
3253 681 3458 735 funere
3491 680 3735 736 Mausoli

2085 774 2269 841 Caris,
2299 776 2455 847 regis
2487 773 2903 829 Halicarnassi.
2922 772 3230 826 Orationes
3254 771 3381 841 ejus
3400 776 3539 825 sunt
3560 770 3735 841 quin-

2086 882 2199 935 que
2237 881 2248 917 :
2277 885 2304 914 «
2336 864 2815 935 Amphictyonia,
2846 862 3200 927 Hortatoria,
3238 860 3511 931 Philippo
3545 859 3736 928 sepul-

2087 978 2114 1005 «
2144 971 2311 1009 crum
2335 971 2455 1009 non
2487 971 2615 1009 esse
2675 953 3014 1008 faciendum
3048 971 3061 1020 ;
3101 954 3178 1006 De
3211 952 3603 1023 migratione;
3659 951 3735 1003 De

2086 1064 2114 1093 «
2140 1059 2246 1097 sun
2277 1043 2605 1115 republica.

2162 1137 2327 1201 Ister,
2362 1132 2665 1189 Menandri
2698 1134 2831 1187 Istri
2861 1134 2945 1200 F.,
2974 1133 3286 1203 Cyrenaeus
3345 1133 3447 1184 aut
3478 1127 3735 1193 Macedo,

2086 1223 2426 1291 historicus,
2459 1222 2804 1277 Callimachi
2838 1237 3036 1276 servus
3086 1226 3145 1275 et
3201 1218 3549 1290 discipulus.
3586 1218 3731 1270 Iler-

2088 1315 2469 1387 mippusvero
2497 1314 2785 1384 Paphium
2817 1312 3010 1383 ipsum
3044 1311 3187 1365 dicit
3212 1311 3272 1364 in
3296 1309 3556 1365 secundo
3583 1307 3734 1361 libro

2089 1406 2161 1459 De
2189 1406 2376 1471 servis,
2422 1401 2522 1473 qui
2584 1401 2918 1456 eruditione
2971 1398 3114 1454 clari
3174 1400 3434 1453 fuerunt.
3493 1395 3739 1464 Scripsit

2087 1492 2275 1547 multa
2304 1496 2362 1545 et
2394 1490 2588 1545 soluta
2627 1494 2686 1545 et
2716 1489 2895 1561 ligata
2925 1488 3214 1542 oratione.

2158 1673 2429 1743 Iacobus,
2455 1672 2729 1742 Hesycliii
2764 1670 2977 1726 medici
3010 1671 3095 1737 F.,
3131 1666 3483 1739 cognomine
3521 1661 3739 1735 Ψύχρι-

2089 1780 2313 1828 στος,θχ
2345 1764 2752 1817 Damnascena
2774 1758 3206 1832 provincia,qui
3232 1756 3402 1810 CPoli
3425 1754 3533 1808 sub
3550 1754 3741 1807 Leone

339 1862 471 1912 sent
500 1854 895 1910 suavissima?
925 1854 1105 1919 Desii,
1136 1853 1351 1923 inquit,
1386 1853 1479 1908 his
1526 1853 1704 1910 rebus
1727 1855 1985 1922 studere,
2018 1859 2065 1921 Β
2094 1852 2235 1923 imp.
2271 1852 2629 1908 medicinam
2663 1849 2927 1905 exercuit
2960 1847 3208 1919 egregie,
3243 1846 3325 1899 ita
3382 1850 3447 1898 ut
3476 1860 3510 1898 a
3540 1841 3741 1895 multis

338 1946 619 2018 quoniam
651 1944 942 2013 intellexi,
978 1967 1004 1993 «
1042 1960 1137 1999 me
1190 1944 1416 1999 Tantali
1463 1944 1664 1999 hortos
1696 1946 1982 2000 vindemi-

339 2059 363 2089 ι
393 2053 543 2107 asse,
581 2059 608 2086 »
643 2036 753 2091 hoc
785 2040 876 2089 est
904 2051 1112 2089 omnes
1143 2036 1471 2106 voluptates
1490 2034 1716 2090 umbras
1743 2041 1799 2091 et
1819 2052 1985 2091 som-

339 2129 437 2182 nio
470 2144 600 2181 esse
633 2126 879 2180 similes.

410 2216 754 2284 Ischander,
792 2216 1046 2288 tragicus
1076 2214 1307 2269 histrio.

408 2306 689 2372 Isidorus,
724 2323 924 2375 senex,
960 2306 1279 2373 Pelusiota,
1311 2304 1402 2359 vir
1430 2305 1818 2374 clarissimus,
1851 2308 1985 2379 phi-

337 2397 622 2467 losophus
653 2400 711 2450 et
731 2402 948 2450 orator.
967 2396 1215 2467 Scripsit
1243 2396 1526 2467 epistolas
1557 2399 1739 2466 MMM,
1772 2397 1987 2469 quibus

322 2506 347 2541 s
368 2503 563 2542 acram
586 2488 946 2557 Scripturam
972 2486 1415 2558 interpretatur.

395 2577 683 2646 Isidorus,
716 2576 1128 2647 philosophus,
1166 2577 1265 2648 qui
1299 2577 1407 2632 sub
1458 2577 1740 2634 fratribus
1797 2581 1985 2652 (suis),

334 2667 381 2722 si
415 2667 549 2737 quis
580 2666 730 2721 alius
764 2666 822 2720 in
876 2666 1210 2737 disciplinis
1240 2666 1651 2739 phi1050phice
1712 2685 1775 2723 se
1820 2686 1988 2724 exer-

334 2757 479 2819 cuit,
507 2762 563 2809 et
593 2773 893 2811 sacrorum
947 2755 1113 2810 valde
1147 2757 1449 2812 studiosus
1480 2758 1609 2827 fuit,
1646 2759 1763 2814 vita
1795 2759 1986 2830 philo-

341 2847 585 2917 sophus,
620 2846 870 2901 scientia
926 2862 1061 2901 vero
1103 2862 1222 2901 non
1277 2848 1419 2901 satis
1481 2848 1750 2903 excultus
1809 2855 1868 2904 et
1925 2850 1984 2905 in

330 2937 663 2992 dialecticis
712 2936 1131 2991 inexercitatus
1163 2938 1349 3009 magis
1382 2954 1560 3008 quam
1611 2938 1814 2994 hebes.
1875 2940 1989 3011 Ipsi

342 3027 705 3081 adolescenti
758 3026 975 3081 mirum
1034 3026 1317 3097 quiddam
1374 3028 1636 3084 accidit:
1672 3045 1807 3084 nam
1860 3030 1989 3100 ejus

342 3117 610 3188 mqualis,
647 3121 704 3170 et
732 3117 949 3171 sororis
973 3116 1152 3182 filius,
1187 3134 1373 3173 annos
1431 3118 1601 3173 XVIII
1651 3125 1847 3187 natus,
1878 3124 1992 3174 sta-

340 3208 447 3261 tim
480 3223 514 3261 a
544 3207 735 3277 prima
783 3211 954 3260 tetate
1005 3207 1263 3261 divinam
1317 3208 1537 3279 ingenii
1588 3210 1704 3264 vim
1754 3227 1874 3281 pra)
1929 3229 1991 3267 se

2094 1943 2392 1998 diceretur
2422 1943 2630 2015 σωτήρ,
2662 1946 2729 1996 ut
2750 1938 3051 2011 quondam
3068 1934 3742 2007 .‘Esculapiusyisusque

2093 2033 2333 2088 habere.
2396 2028 2871 2101 Ἀσκληπιαδικήν
2903 2028 3090 2101 ψυχήν
3134 2025 3221 2079 καὶ
3256 2024 3411 2099 φύσιν
3448 2022 3737 2075 Παιώνιον.

2094 2123 2185 2179 Sic
2217 2128 2275 2177 et
2321 2123 2592 2177 Phidiam
2651 2118 3010 2183 ἐνθουσιῶντα
3079 2114 3436 2188 δημιουργεῖν
3497 2111 3743 2167 numine

2095 2214 2336 2286 plenum
2391 2219 2617 2268 statuas
2674 2212 2908 2277 fecisse,
2966 2214 3024 2264 et
3079 2206 3395 2263 Zeuxidem
3454 2203 3744 2274 imagines

2092 2304 2375 2375 pinxisse,
2411 2309 2523 2359 etc.
2549 2305 2615 2375 (Ε
2647 2301 3003 2371 Damascio.)

2162 2395 2411 2450 Jacobus
2444 2395 2654 2449 hausto
2688 2409 2912 2448 veneno
2945 2390 3052 2445 sub
3088 2389 3329 2443 Valente
3390 2385 3556 2451 obiit,
3618 2398 3746 2436 sua-

2093 2485 2269 2540 dente
2303 2487 2413 2540 hoc
2438 2485 2488 2540 ei
2524 2484 2763 2540 Libanio
2798 2482 3083 2554 sophista,
3115 2478 3274 2549 quod
3319 2474 3742 2546 inquisivisset,

2094 2578 2226 2647 quis
2259 2578 2319 2631 in
2366 2576 2615 2647 imperio
2650 2574 2877 2629 Valenti
2938 2586 3323 2628 successurus
3366 2561 3759 2627 iesmf

2095 2673 2213 2723 net-t-
2256 2668 2512 2734 Kusteri,
2545 2667 2692 2737 t.,ll,
2746 2687 2802 2740 p.
2839 2661 2907 2721 88
2928 2666 3062 2737 seq.

2163 2760 2551 2825 Jamblichus,
2612 2760 2882 2827 libertus,
2943 2757 3182 2828 scripsit
3237 2753 3595 2825 Babylonica
3626 2751 3744 2804 sive

2095 2850 2382 2904 lihodinis
2415 2856 2473 2905 et
2529 2850 2834 2904 Sinonidis
2866 2865 3099 2903 amores
3132 2847 3300 2901 libris
3333 2844 3578 2899 XXXIX.
3641 2841 3743 2895 llic

2095 2940 2213 3011 agit
2242 2940 2312 2994 de
2361 2941 2602 3008 Zobara,
2638 2940 2932 3006 eunucho,
2964 2936 3396 3009 Mesopotamia)
3436 2932 3744 2988 formosis-

2096 3031 2261 3086 sima)
2293 3038 2577 3087 amatore.

2164 3122 2528 3177 Jamblichus
2568 3121 2737 3190 alter,
2772 3138 2841 3175 ex
2886 3118 3161 3175 Chalcide
3219 3117 3418 3188 Syriae,
3478 3115 3744 3185 philoso-

2098 3211 2271 3281 phus,
2306 3210 2638 3282 discipulus
2653 3209 3097 3282 Porphyrii,qui
3116 3207 3225 3261 fuit
3249 3205 3486 3260 auditor
3506 3202 3744 3256 Plotini.

342 3270 559 3363 ferens,
585 3295 657 3351 de
683 3300 833 3350 tecto
865 3295 1143 3367 delapsus
1175 3270 1419 3367 repente
1451 3298 1629 3352 vitam
1654 3270 1824 3356 ﬁniit.
1859 3303 1995 3357 Om-
2035 3270 2077 3336 Ο
2098 3270 2269 3353 ῖίὶχὶί
2300 3270 2677 3355 Constantini
2710 3270 2872 3371 inip:
2905 3270 3295 3368 temporibus.
3334 3293 3533 3346 Varios
3563 3290 3747 3344 libros

342 3385 519 3440 nibus
551 3386 727 3457 igitur
780 3385 1005 3457 ingenti
1063 3385 1227 3439 luctu
1285 3401 1417 3439 eum
1470 3390 1990 3460 prosequentibus,

336 3473 467 3545 ipse
498 3490 603 3545 per
634 3491 908 3530 somnum
961 3474 1034 3529 ad
1090 3473 1387 3528 Isidorum
1434 3476 1704 3545 accessit,
1740 3494 1994 3549 eumque

345 3562 569 3617 solatus
601 3568 707 3618 est.

420 3650 511 3712 Εἰς
536 3649 821 3722 λατομίας.
854 3651 1235 3719 Philoxenus,
1270 3658 1445 3724 poeta
1502 3653 1992 3728 dithyrambicus,

347 3759 479 3797 cum
500 3742 788 3813 Dionysii,
824 3744 1061 3815 tyranni
1093 3749 1386 3815 poemata,
1411 3750 1615 3816 utpote
1639 3747 1812 3815 mala,
1842 3746 1995 3804 ferre

346 3848 464 3886 non
496 3833 794 3903 posset,ab
828 3834 955 3904 ipso
1012 3834 1075 3887 in
1137 3834 1487 3906 lapicidinas
1520 3842 1609 3891 est
1666 3837 1991 3908 conjectus.

344 3923 554 3977 Postea
614 3923 897 3979 liberatus
959 3924 1285 3979 amicorum
1346 3925 1640 3997 precibus,
1678 3933 1734 3980 et
1790 3944 1995 3984 rursus

344 4013 595 4067 audiens
628 4014 750 4081 illa,
786 4015 1061 4083 surrexit,
1097 4014 1321 4081 dicens,
1360 4016 1543 4071 satius
1574 4034 1703 4073 esse
1736 4017 1797 4072 in
1846 4017 1994 4073 lato-

350 4104 488 4157 miis
514 4103 755 4170 versari,
786 4120 962 4174 quam
997 4104 1184 4175 ipsius
1215 4111 1491 4175 poemata
1537 4107 1761 4174 audire,
1793 4106 1995 4162 addito

353 4192 549 4247 dicto:
603 4193 767 4253 Οἶκος
823 4190 1004 4269 φίλος,
1066 4194 1215 4254 οἶκος
1266 4196 1504 4268 ἀριστος,
1556 4198 1742 4251 domus
1795 4197 1995 4266 amica,

347 4284 538 4338 domus
569 4286 797 4353 optima,
834 4284 991 4354 quod
1018 4284 1174 4339 valet
1204 4284 1273 4339 de
1306 4286 1621 4341 testudine.

418 4375 726 4441 Isocrates,
755 4373 1068 4443 Theodori,
1101 4375 1249 4430 fabri
1313 4376 1613 4443 tibiarum,
1675 4378 1758 4442 F.,
1825 4379 1996 4434 Athe-

345 4463 593 4527 niensis,
629 4469 849 4530 orator,
886 4470 1060 4519 natus
1119 4465 1465 4537 Olympiade
1504 4466 1785 4530 LXXXVI,
1819 4468 1879 4522 id
1910 4472 2000 4523 est

347 4557 481 4623 post
505 4552 730 4606 bellum
762 4552 1352 4623 Peloponnesiacum.
1390 4556 1491 4610 Hic
1521 4553 1594 4608 ob
1627 4556 1784 4611 vocis
1807 4557 1998 4613 imbe-

2099 3388 2543 3461 philosophicos
2574 3389 2830 3460 scripsit.

2169 3479 2368 3547 Jason,
2401 3480 2770 3545 Menecratis,
2802 3479 2889 3543 E.,
2919 3478 3159 3547 Nysmus
3213 3490 3246 3528 a
3275 3477 3463 3545 patre,
3497 3487 3531 3525 a
3560 3474 3748 3524 matre

2102 3567 2388 3636 Rhodius,
2412 3568 2821 3639 philosophus,
2854 3564 3185 3636 discipulus
3216 3569 3275 3617 et
3305 3578 3370 3616 ex
3406 3560 3530 3614 ﬁlia
3562 3574 3745 3629 nepos

2103 3663 2159 3713 et
2189 3675 2495 3714 successor
2525 3657 2826 3713 Posidonii
2858 3654 3221 3728 phiIOSOphi,
3255 3654 3315 3707 in
3356 3649 3559 3706 schola
3616 3664 3746 3718 quae

2103 3755 2228 3805 erat
2260 3750 2475 3804 Ithodr.
2512 3749 2757 3821 Scripsit
2786 3773 2809 3801 ‹‹
2836 3748 3164 3804 lllustrium
3212 3746 3473 3799 virorum
3511 3743 3666 3799 Vitas
3696 3753 3749 3799 et

2102 3862 2128 3889 ‹‹
2148 3840 2642 3911 Philosophorum
2670 3840 3087 3895 Successiones
3106 3860 3131 3887 »
3150 3842 3205 3892 et
3222 3834 3551 3891 secundum
3571 3852 3750 3906 quos-

2103 3929 2237 3985 dam
2270 3955 2296 3981 ‹‹
2331 3931 2514 3987 libros
2554 3932 2621 3985 IV
2678 3933 2755 3985 De
2814 3931 2933 3985 vita
2982 3929 3237 3985 Graeciae.
3271 3951 3297 3979 »
3326 3929 3426 3982 Hic
3458 3927 3637 3983 etiam
3670 3932 3747 3982 De

2102 4020 2291 4075 Rhodo
2319 4022 2574 4092 scripsit.

2172 4111 2349 4164 Jason
2406 4110 2672 4181 Argivus,
2731 4110 3073 4179 historicus,
3146 4108 3353 4179 junior
3408 4107 3748 4173 Plutarcho,

2103 4200 2520 4266 Chmronense,
2601 4200 3042 4269 grammaticus,
3114 4197 3351 4267 scripsit
3406 4198 3478 4251 De
3543 4197 3754 4251 Gracia

2104 4288 2403 4354 librosIV,
2458 4286 2558 4358 qui
2618 4288 2928 4342 continent
2974 4286 3325 4356 antiquitate
3395 4284 3631 4339 Graeciaa
3694 4288 3752 4337 et

2103 4378 2411 4435 historiam
2443 4379 2761 4432 Persarum
2794 4383 2852 4431 et
2890 4393 2984 4430 res
3043 4375 3116 4429 ab
3174 4373 3509 4428 Alexandro
3558 4377 3752 4443 gestas

2103 4484 2291 4539 usque
2323 4467 2395 4522 ad
2428 4466 2655 4521 obitum
2686 4468 2815 4539 ejus
2840 4471 2897 4519 et
2922 4471 3155 4535 tempus
3185 4462 3477 4532 illud,quo
3509 4462 3755 4515 Athenas

2105 4557 2177 4613 ab
2210 4558 2540 4629 Antipatro,
2574 4555 2887 4611 Cassandri
2922 4558 3112 4625 patre,
3135 4558 3319 4623 capta)
3349 4552 3610 4607 fuerunt.

348 4641 657 4697 cillitatem
690 4646 749 4697 et
779 4642 839 4697 in
872 4642 1123 4698 dicendo
1166 4645 1578 4701 verecundiam
1610 4662 1819 4702 causas
1875 4664 1996 4702 non
2039 4618 2083 4682 D
2177 4649 2451 4713 Joannes,
2489 4645 2796 4717 the010gus
2857 4649 2914 4698 et
2986 4641 3365 4715 evangelista,
3428 4658 3495 4696 ex
3548 4640 3756 4695 exsilio

350 4732 486 4803 egit,
521 4731 624 4786 sed
656 4732 856 4803 plures
888 4733 1126 4788 erudiit.
1160 4735 1467 4791 Orationes
1497 4737 1735 4808 scripsit
1763 4738 1995 4807 XXXII,

353 4827 411 4875 et
468 4837 625 4877 anno
688 4824 878 4877 rotatis
937 4824 1051 4877 CVI
1103 4824 1267 4879 obiit.
1358 4824 1586 4880 Fratres
1647 4826 1775 4897 ejus
1833 4826 1998 4881 fuere

349 4912 648 4983 Tisippus,
682 4913 1141 4980 Theomnestus,
1203 4921 1261 4971 et
1315 4913 1680 4983 Theodorus,
1718 4916 2001 4989 magister

354 5019 489 5056 vero
524 5002 803 5073 Gorgias;
838 5004 937 5057 alii
968 5004 1206 5073 Tisiam,
1240 5003 1584 5073 Erginumve
1642 5006 1731 5060 vel
1792 5007 1997 5062 Prodi-

353 5107 509 5159 cum,
536 5090 635 5143 alii
669 5091 923 5163 denique
952 5091 1159 5149 dicunt
1207 5094 1653 5153 Theramenem.
1688 5096 2000 5151 Orationes

355 5180 486 5252 ejus
519 5184 658 5234 sunt
689 5180 979 5252 plurima).

424 5274 732 5340 Isocrates,
768 5270 1047 5342 Amyclae,
1072 5270 1428 5343 philosophi,
1462 5274 1547 5339 F.,
1584 5273 1913 5345 Apollonis.-
1940 5274 2001 5329 iu

2110 4738 2583 4793 Patmireversus
2612 4735 2801 4790 aatatis
2832 4751 2987 4788 anno
3021 4733 3343 4788 centesimo
3377 4729 3758 4802 Evangelium

2109 4827 2462 4897 conscripsit
2493 4832 2550 4879 et
2580 4823 2794 4880 deinde
2826 4824 3091 4896 pervenit
3124 4822 3197 4878 ad
3223 4838 3446 4878 annum
3464 4818 3759 4874 CXX.Illic

2109 4922 2305 4971 autem
2363 4915 2471 4985 (78)
2559 4914 2801 4986 degens,
2865 4909 3230 4989 συγγρᾶφεται
3285 4911 3385 4979 τὴν
3459 4905 3757 4981 Θεολογίαν

2108 5004 2485 5075 Theologiam
2505 5004 2639 5075 (hoc
2672 5010 2761 5058 est
2782 5003 3184 5075 Evangelium)
3204 5000 3763 5072 CODSCI‘ipSit.ClIl‘y-

2112 5099 2408 5149 sostomus
2442 5098 2560 5148 tres
2593 5093 2721 5165 ejus
2770 5093 3051 5165 epistolas
3097 5098 3156 5147 et
3185 5091 3579 5163 Apocalypsin
3613 5105 3758 5160 pro-

2111 5184 2414 5240 canonicis
2447 5184 2647 5240 habet.

2182 5276 2439 5330 Joannes
2469 5275 2949 5345 Chrysostomus,
3007 5274 3433 5342 Antiochenus,
3466 5268 3758 5343 principio

352 5361 563 5427 Ponto,
596 5360 681 5414 vel
714 5359 1009 5414 Heraclea:
1066 5364 1259 5426 natus,
1287 5364 1353 5413 ut
1377 5361 1582 5415 scribit
1634 5362 2005 5417 Callistratus
2112 5366 2423 5439 presbyter
2452 5364 2878 5432 Antiochia),et
2908 5364 3142 5419 Eusebii
3173 5362 3470 5429 Emeseni,
3504 5359 3763 5431 philoso-

355 5453 558 5503 orator
581 5446 951 5519 ;'_discipulus
982 5454 1040 5505 et
1070 5462 1375 5504 successor
1402 5450 1678 5505 Isocratis
1710 5449 1919 5522 Magni,
1946 5454 2003 5506 et

2112 5458 2237 5530 phi,
2274 5463 2332 5513 et
2352 5454 2589 5511 Diodori
2624 5460 2897 5511 sectator.
2931 5454 3035 5509 Hic
3070 5454 3258 5509 multa
3288 5450 3597 5522 scripsisse
3637 5449 3759 5504 fer-

427 5656 538 5731 (78)
568 5657 783 5731 Ephesi
812 5657 1095 5731 intellige,
1131 5674 1201 5713 ex
1228 5657 1633 5728 Chrysostomi
1665 5656 1911 5715 homiIia
1968 5658 2029 5715 in
2084 5660 2394 5727 Joannem,
2429 5661 2470 5714 t.
2524 5657 2614 5724 VI,
2648 5674 2707 5727 p.
2739 5658 2865 5723 505,
2898 5671 2968 5709 ex
3026 5669 3142 5725 quo
3174 5652 3372 5707 locum
3428 5652 3635 5707 Suidas
3666 5669 3759 5708 re-

349 5728 539 5799 petiit.
