4036 6212
333 342 492 408 1283

1651 335 1890 402 INDEX
1933 335 2431 400 SORIPTORUM

334 485 459 548 tur,
493 480 556 534 in
619 477 834 549 quibus
895 474 1198 532 excellunt
1251 475 1536 531 Sermones
1584 475 1649 530 dc
1679 473 1981 530 sacerdotio
2011 473 2066 540 Α
2087 473 2212 528 Tito
2239 473 2370 544 ejus
2401 471 2547 540 ﬁlio,
2577 475 2809 544 captus,
2837 489 3026 545 usque
3057 474 3132 530 ad
3187 475 3784 549 Hierosolymorum

329 575 458 624 tum
489 567 854 623 sublimitate
886 571 944 621 et
973 565 1330 635 elocutione,
1393 571 1517 620 tum
1577 565 1862 620 suavitate
1917 565 1978 618 et

331 660 623 732 elegantia
649 658 978 712 verborum.
999 659 1141 710 Cum
1173 656 1266 710 bis
1297 660 1528 712 certant
1554 657 1834 712 Sermones
1847 654 1977 726 ejus

330 772 358 800 «
391 750 451 803 in
483 748 712 803 Davidis
745 746 1009 801 Psalmos
1036 753 1087 800 et
1119 746 1180 800 in
1201 746 1444 801 Joannis
1475 745 1856 817 Evangelium
1873 743 1976 799 ad-

329 863 356 889 «
391 838 747 900 notationes,
781 843 832 890 et
863 837 923 890 in
955 836 1316 903 Matthaaum,
1366 837 1624 890 Marcum
1672 840 1729 889 et
1759 835 1974 888 Lucam

326 951 353 978 «
373 926 1083 982 Commentarii.»Ca3tera
1112 943 1246 981 vero
1261 925 1392 997 ejus
1413 926 1635 996 scripta
1658 939 1974 980 numerum

326 1021 630 1088 superant.
663 1017 865 1070 Totam
900 1016 1058 1070 enim
1085 1014 1462 1070 etJudaicam
1493 1020 1552 1068 et
1577 1013 1974 1069 Christianam

327 1107 688 1176 Scripturam
713 1103 1155 1160 commentariis
1178 1103 1581 1175 explicavit,ut
1600 1103 1753 1159 alius
1773 1117 1971 1158 nemo.

325 1194 621 1249 Plurimas
653 1195 830 1249 etiam
889 1193 1188 1248 orationes
1247 1192 1308 1247 in
1357 1191 1596 1247 laudem
1645 1195 1974 1260 martyrum

322 1289 594 1355 prompte
625 1289 684 1339 et
713 1301 784 1338 ex
806 1287 1067 1354 tempore
1100 1281 1326 1349 habuit,
1362 1281 1582 1352 quippe
1601 1281 1700 1351 qui
1725 1279 1972 1335 flumine

323 1373 680 1444 eloquentia)
709 1373 870 1443 ipsas
903 1371 1016 1426 Nili
1047 1375 1374 1426 cataractas
1400 1374 1728 1441 superaret.
1761 1368 1971 1424 Nullus

325 1465 484 1518 enim
516 1463 858 1518 mortalium
887 1462 958 1517 ab
991 1461 1153 1516 omni
1187 1479 1306 1517 aevo
1339 1466 1504 1516 tanta
1532 1459 1769 1515 dicendi
1801 1459 1972 1530 capia

322 1552 665 1621 abundavit,
700 1551 868 1620 adeo,
892 1555 958 1605 ut
987 1551 1147 1606 solus
1178 1551 1390 1605 merito
1441 1566 1688 1605 aureum
1733 1548 1882 1603 illud
1913 1553 1971 1603 et

322 1642 587 1697 divinum
621 1658 842 1696 nomen
870 1645 1224 1696 consecutus
1286 1641 1382 1695 sit.
1419 1640 1780 1710 Scriptorum
1839 1637 1968 1710 ejus

318 1747 638 1787 numerum
667 1747 980 1786 recensere
1011 1748 1130 1786 non
1167 1731 1426 1786 hominis
1458 1728 1664 1793 sit,sed
1707 1729 1830 1795 Dei,
1863 1727 1965 1799 qui

2084 562 2578 634 expugnationem
2600 561 2756 632 apud
2773 562 2909 618 illos
2933 564 3174 632 mansit,
3203 571 3262 620 et
3291 581 3424 622 cum
3445 567 3610 637 ipsis
3635 570 3778 624 Ro-

2084 667 2241 707 mam
2273 651 2573 724 profectus
2593 652 2762 708 libros
2799 654 2899 709 νη
2941 655 3011 709 De
3059 655 3275 712 excidio
3329 657 3764 727 Hierosolymi-

2085 749 2213 798 tano
2239 741 2696 813 imperatoribus
2728 742 2963 812 obtulit,
2997 743 3099 814 qui
3129 744 3190 798 in
3214 744 3576 802 bibliotheca
3639 764 3766 818 pu-

2082 832 2237 888 blica
2267 836 2408 887 sunt
2437 831 2701 902 repositi,
2723 831 2873 886 etob
2892 832 3055 888 illius
3087 834 3289 905 scripti
3319 835 3766 892 celebritatem

2082 926 2277 978 statua
2305 920 2559 976 donatus
2605 925 2712 976 est.
2771 921 3020 994 Scripsit
3073 923 3248 980 etiam
3307 925 3762 996 Antiquitatum

2078 1013 2440 1067 Iudaicarum
2470 1009 2635 1066 libros
2672 1013 2789 1078 XX,
2841 1010 2914 1068 ab
2969 1012 3210 1070 exordio
3268 1013 3478 1069 mundi
3536 1032 3760 1087 usque

2079 1103 2152 1159 ad
2184 1103 2308 1159 XIV
2337 1119 2561 1158 annum
2595 1101 2909 1158 Domitiani
2945 1103 3211 1159 Caesaris.
3243 1105 3391 1160 Item
3421 1105 3560 1162 duos
3577 1107 3760 1163 alios

2077 1197 2118 1250 A
2130 1195 2503 1264 ntiquitatum
2531 1192 2698 1248 libros
2727 1199 2917 1248 contra
2933 1195 3753 1268 Appionem,grammaticum

2079 1284 2260 1351 Alex.,
2291 1283 2394 1354 qui
2425 1281 2535 1338 sub
2565 1281 2827 1354 Caligula
2855 1300 2890 1338 a
2917 1288 3082 1354 parte
3133 1284 3445 1356 gentilium
3495 1287 3754 1360 legatus

2076 1374 2294 1430 missus
2307 1377 2488 1440 est,ut
2511 1373 2780 1428 oratione
2793 1373 3049 1444 quadam
3073 1374 3382 1430 Philonem
3396 1383 3752 1444 accusaret,

2076 1479 2207 1534 qum
2237 1462 2428 1534 gentis
2457 1460 2716 1517 Judajcaa
2746 1461 3223 1520 criminationem
3256 1465 3662 1522 continet.Est
3685 1474 3752 1523 et

2073 1551 2226 1606 alius
2246 1551 2398 1606 liber
2418 1551 2665 1608 omnino
2685 1551 3006 1622 praeclarus
3031 1553 3102 1607 De
3123 1553 3452 1624 principatu
3463 1558 3746 1627 rationis,

2075 1640 2134 1694 in
2158 1656 2274 1711 quo
2307 1638 2575 1712 martyrii
2599 1639 3070 1696 Machabaaorum
3091 1642 3382 1702 meminit.
3409 1645 3510 1698 Hic
3565 1644 3744 1702 libro

2072 1729 2244 1784 XVIII
2287 1728 2575 1799 Antiquit.
2607 1734 2809 1800 aperte
2832 1728 3069 1795 fatetur,
3103 1736 3345 1804 propter
3380 1733 3747 1789 multitudi-

316 1823 518 1878 omnia
547 1822 867 1894 cognoscit.
918 1822 1023 1877 Hic
1077 1823 1130 1878 S.
1192 1823 1449 1876 Joannes
1503 1820 1681 1874 vitam
1735 1833 1966 1874 summe
1992 1835 2042 1901 Β
2070 1834 2208 1872 nem
2241 1817 2666 1874 miraculorum
2690 1817 2988 1874 Christum
3019 1835 3054 1874 a
3081 1820 3300 1876 Judmis
3337 1821 3739 1880 interfectum

316 1911 633 1966 asceticam
661 1911 888 1983 agebat,
923 1916 1036 1966 etc.

385 2002 665 2067 Joannes,
715 1999 1158 2072 grammaticus,
1220 1997 1674 2066 Alexandrinus,
1749 2013 1963 2065 cogno-

317 2094 516 2144 mento
571 2088 959 2159 Philoponus.
1016 2089 1202 2160 Hujus
1249 2087 1507 2159 plurima
1555 2090 1696 2141 sunt
1744 2086 1966 2157 scripta

315 2179 721 2251 grammatica,
747 2177 1181 2250 philosophica,
1240 2176 1634 2238 arithmetica,
1667 2175 1964 2231 rhetorica

317 2274 375 2324 et
403 2269 466 2323 in
497 2285 727 2323 sacram
753 2268 1118 2338 Scripturam
1178 2272 1234 2322 et
1290 2272 1499 2322 contra
1527 2264 1699 2321 XVIII
1765 2263 1960 2320 Procli

312 2357 760 2430 argumenta(de
773 2356 1104 2412 mternitate
1120 2355 1412 2427 mundi)et
1431 2359 1640 2410 contra
1661 2355 1957 2408 Severum.

312 2447 425 2502 Sed
455 2455 655 2504 tamen
711 2445 784 2502 ab
836 2445 1112 2501 Ecclesia:
1171 2444 1511 2500 doctoribus
1559 2449 1626 2498 ut
1673 2443 1961 2498 Tritheita

73 2534 88 2538 '
115 2535 202 2552 ’““·“
263 2536 268 2541 “
309 2539 601 2613 rej‘fcitnr;
635 2553 748 2597 nec
782 2537 842 2592 in
875 2534 1342 2592 orthodoxorum
1374 2534 1707 2607 catalogum
1737 2533 1959 2589 admit-

311 2631 474 2685 titur.
1855 2673 1974 2696 ..ρ

376 2722 651 2786 Joannes,
693 2716 1235 2788 Philadelphiensis
1293 2715 1505 2786 Lydus.
1557 2715 1661 2769 Hic
1719 2713 1958 2785 scripsit

301 2814 378 2865 De
406 2811 674 2865 mensibus
729 2809 948 2863 librum
1004 2824 1210 2876 unum,
1267 2811 1324 2861 et
1369 2808 1447 2860 De
1496 2807 1807 2872 Diosemeis,
1837 2805 1956 2860 sive

307 2905 692 2968 tempestatum
711 2897 1135 2967 signiﬁcatione,
1186 2895 1464 2962 alterum,
1525 2895 1786 2966 itemque
1830 2911 1954 2950 ma-

307 2988 627 3044 thematica
656 2987 834 3044 varia.
867 2988 948 3042 Ea
995 2985 1286 3042 dedicavit
1344 2983 1620 3053 Gabrieli,
1653 2984 1953 3055 praefecto.

374 3081 652 3148 Joannes,
695 3080 1086 3149 cognomento
1121 3073 1406 3142 Stobaeus,
1441 3073 1680 3149 scripsit
1707 3073 1958 3129 Florile—

2069 1906 2275 1974 fuisse,
2309 1911 2369 1962 et
2393 1909 2682 1962 Joannem
2733 1909 3056 1980 Baptistam
3078 1925 3211 1966 vere
3241 1910 3424 1967 fuisse
3454 1915 3739 1985 prophe-

2068 2000 2554 2068 tam,etpropter
2610 1995 2833 2053 caedem
2883 1998 3082 2054 Jacobi
3131 2000 3404 2070 apostoli,
3439 2002 3732 2058 Hieroso-

2067 2084 2228 2156 lyma
2256 2091 2480 2141 vastata
2508 2085 2713 2141 fuisse.
2763 2086 2860 2142 Sic
2888 2091 3087 2142 autem
3113 2089 3186 2143 de
3225 2090 3474 2146 Domino
3505 2098 3733 2150 nostro

2063 2176 2199 2230 Jesu
2230 2175 2460 2230 Christo
2492 2175 2736 2230 scribit:
2772 2175 2972 2249 Eodem
3032 2183 3272 2249 tempore
3321 2183 3533 2236 exstitit
3563 2183 3735 2238 Jesus

2063 2266 2150 2318 vir
2168 2263 2407 2334 sapiens,
2437 2266 2505 2332 si,
2554 2269 2666 2320 etc.
2701 2265 2959 2337 (Joseph.
3020 2283 3179 2333 xvm,
3235 2269 3289 2336 4,
3343 2271 3566 2340 Antig.)
3613 2273 3728 2328 Hic

2065 2353 2424 2426 Vespasiano
2471 2353 2746 2426 praedixit
2795 2354 3116 2426 imperium
3175 2357 3278 2428 (III,
3330 2361 3415 2427 14,
3475 2360 3548 2415 De
3577 2361 3731 2417 bello

2061 2443 2216 2514 Iud.)

2131 2531 2426 2601 Iovianus,
2487 2533 2890 2591 Romanorum
2949 2535 3092 2608 imp.
3154 2537 3538 2606 orthodoxus,
3611 2543 3720 2612 qui

2063 2636 2336 2693 magnam
2364 2639 2568 2678 curam
2618 2623 2802 2696 gessit
2855 2624 3278 2694 Ecclesiarum,
3311 2632 3370 2681 et
3398 2628 3718 2701 episcopos

2060 2727 2268 2766 omnes
2299 2712 2371 2767 ab
2391 2712 2595 2767 exsilio
2629 2714 3108 2771 revocavit.Idem
3138 2715 3210 2770 ad
3242 2715 3296 2772 Β.
3321 2717 3712 2774 Athanasium

2061 2800 2316 2871 scripsit,
2349 2807 2416 2856 ut
2433 2807 2770 2858 accuratam
2788 2802 2924 2857 fidei
2945 2803 3512 2878 formulam,scripto
3533 2825 3714 2864 man-

2059 2886 2280 2960 datam,
2313 2907 2514 2946 secum
2536 2892 3026 2948 communicaret.
3056 2893 3164 2950 Ille
3219 2911 3356 2950 vero
3401 2895 3514 2967 ipsi
3544 2898 3718 2954 misit

2060 2978 2740 3050 epistolam,orthodoxae
2759 2981 3044 3042 doctrina:
3075 2983 3716 3054 plenamJiuncJovia-

2060 3084 2204 3122 num
2251 3069 2323 3124 ob
2385 3069 2662 3126 traditam
2737 3071 2934 3126 Persis
3019 3073 3249 3129 Nisibin
3317 3077 3712 3151 carminibus,

305 3167 490 3238 gium,
549 3166 844 3222 variorum
905 3164 1232 3220 sententias
1285 3162 1706 3234 complectens,
1785 3163 1954 3218 libris
1987 3179 2028 3246 ρ
2059 3157 2320 3229 parodiis
2352 3163 2410 3214 et
2435 3159 2681 3215 famosis
2711 3158 2934 3216 libellis
2963 3162 3402 3233 prosciderunt.
3433 3166 3584 3222 Item
3613 3168 3708 3224 Jo-

308 3263 584 3326 quatuor,
617 3255 777 3326 quod
807 3270 956 3327 opus
1014 3259 1104 3310 est
1157 3253 1510 3325 praeclarum
1579 3257 1636 3306 et
1664 3251 1826 3308 varia
1856 3251 1951 3308 do-

307 3346 496 3401 ctrina
524 3346 791 3417 plenum,
824 3343 896 3399 ad
927 3343 1244 3415 Epimium,
1289 3342 1478 3398 ﬁlium
1512 3359 1706 3397 suum.

370 3437 648 3505 Joannes,
681 3435 1148 3500 Damnascenus,
1181 3433 1534 3506 cognomine
1565 3429 1840 3500 Μανσοὺρ,
1867 3431 1956 3486 vir

298 3530 356 3580 et
387 3525 514 3597 ipse
541 3524 970 3581 celeberrimus
983 3529 1042 3578 et
1061 3524 1252 3579 aetatis
1277 3539 1398 3579 sua)
1432 3523 1581 3578 nulli
1615 3510 1952 3594 eorum,qui

298 3614 571 3669 doctrina
600 3613 766 3669 fuere
807 3613 1101 3683 illustres,
1159 3612 1473 3668 secundus.
1533 3614 1674 3683 Ejus
1734 3612 1953 3684 scripta

297 3707 439 3758 sunt
469 3701 766 3773 permulta
795 3706 852 3756 et
872 3702 1171 3772 prazcipua
1195 3701 1693 3772 philosophica,et
1713 3701 1773 3754 in
1796 3701 1946 3755 Scri-

301 3797 536 3862 pturam
570 3807 798 3845 sacram
811 3790 1105 3845 Parallela
1135 3790 1356 3844 selecta
1387 3795 1444 3844 et
1464 3789 1830 3844 canticorum
1854 3805 1946 3844 sa-

300 3896 534 3934 crorum
567 3881 836 3936 Canones
867 3884 989 3934 tam
1019 3877 1234 3934 iambis
1255 3895 1430 3949 quam
1453 3879 1722 3934 oratione
1759 3878 1951 3935 soluta

298 3970 643 4042 conscripti.
672 3969 1169 4040 Eodemtempore
1193 3970 1454 4036 Cosmas,
1472 3967 1950 4039 Hierosolymita-

306 4077 443 4131 nus,
477 4060 698 4126 floruit,
723 4059 808 4114 vir
836 4059 1373 4131 ingeniosissimus,
1403 4063 1462 4112 et
1491 4057 1734 4114 omnino
1764 4059 1948 4114 musi-

294 4167 420 4206 cam
456 4150 689 4221 spirans
737 4147 1132 4203 harmoniam.
1192 4146 1282 4201 Illi
1328 4151 1525 4201 autem
1581 4147 1945 4204 canticorum

298 4241 573 4295 Canones
601 4238 845 4294 Joannis
875 4242 934 4292 et
961 4240 1189 4294 Cosme)
1244 4235 1471 4291 nullam
1505 4253 1640 4296 cum
1694 4236 1946 4292 aliorum

292 4328 528 4400 scriptis
558 4327 1063 4400 comparationem
1086 4325 1579 4382 admiseruntnec
1602 4325 1943 4396 admittunt,

241 4455 248 4458 -
292 4418 556 4490 quandiu
586 4418 895 4474 hominum
938 4417 1054 4472 vita
1083 4415 1335 4471 durabit.

357 4507 614 4574 Jobates,
645 4507 1028 4607 Sthenoboea.
1048 4505 1345 4607 paterLad
1401 4507 1836 4607 quemiPraetus
1868 4506 2013 4607 den

289 4595 706 4651 interﬁciendo
739 4596 1194 4668 Bellerophonte
1226 4594 1454 4650 litteras
1486 4595 1668 4650 dedit.

356 4685 557 4741 Jobus.
587 4685 778 4741 Habes
806 4685 1145 4757 philosophi
1181 4684 1361 4756 hujus
1393 4684 1854 4754 praemia.Habes
1881 4690 1942 4741 et

288 4775 418 4846 ejus
451 4774 697 4843 librum,
729 4774 1033 4828 Homerica
1063 4779 1122 4828 et
1171 4773 1474 4828 Platonica
1513 4775 1673 4829 Musa
1702 4774 1936 4831 suavius

287 4863 430 4936 quid
462 4862 912 4934 canentem,qui
943 4878 1054 4917 nec
1083 4862 1420 4918 fabularum
1456 4879 1566 4918 nec
1606 4864 1935 4921 alienarum

286 4954 694 5011 calamitatum
726 4952 1129 5008 narrationem
1159 4952 1462 5023 praedicat,
1495 4953 1583 5008 vel
1610 4953 1938 5011 audacissi-

283 5061 449 5101 mum
481 5041 1378 5108 Acbillem,autcallidissimum
1399 5043 1686 5115 Ulyssem,
1720 5047 1936 5117 quibus

285 5134 476 5191 caedes
504 5138 644 5189 sunt
667 5133 1022 5204 triumphus,
1055 5137 1114 5186 et
1159 5131 1479 5186 mulierum
1511 5138 1734 5205 stupra,
1785 5155 1936 5209 praa-

285 5225 445 5280 clara
466 5223 770 5290 facinora;
803 5222 904 5278 sed
935 5222 1210 5278 Satanam
1241 5220 1524 5277 describit
1552 5238 1588 5276 a
1614 5224 1772 5281 nudo
1805 5229 1935 5300 qui-

283 5314 421 5372 dem
453 5320 509 5370 et
540 5313 755 5370 inermi
783 5318 841 5368 et
870 5313 995 5368 solo
1027 5317 1393 5383 superatum,
1430 5317 1542 5368 etc.

351 5405 663 5476 Josephus,
695 5402 932 5458 Judmus
964 5397 1300 5479 φιλαλήθης,
1333 5401 1599 5458 veritatis
1628 5404 1936 5470 amans,de

281 5495 508 5550 Joanne
542 5495 820 5566 Baptista,
853 5495 1226 5548 Prmcursore
1259 5495 1317 5545 et
1345 5489 1416 5545 de
1450 5491 1700 5548 Domino
1733 5499 1934 5550 nostro

285 5585 399 5639 Deo
433 5589 490 5638 et
519 5585 719 5639 Sotere
748 5585 885 5639 Jesu
915 5581 1144 5636 Christo
1177 5579 1461 5651 loquitur.
1502 5582 1633 5636 Fuit
1657 5583 1934 5655 Matthaai,

280 5672 604 5730 sacerdotis
644 5670 1166 5743 Hierosolymitani
1216 5669 1278 5724 F.
1337 5673 1382 5726 A
1439 5671 1822 5747 VeSpasiano,
1879 5679 1940 5732 et

2060 3247 2287 3316 vianus,
2319 3247 2392 3304 ab
2424 3264 2606 3304 uxore
2631 3249 2946 3322 impulsus,
2979 3249 3181 3307 fanum
3213 3254 3706 3327 pulcherrimum,

2058 3335 2129 3390 ab
2177 3335 2472 3393 Hadriano
2527 3339 2668 3410 imp.
2732 3339 2806 3394 ad
2856 3343 3320 3398 consecrandam
3379 3346 3564 3416 patris
3615 3347 3709 3403 sui

2057 3425 2290 3498 Trajani
2323 3429 2674 3484 memoriam
2706 3429 3034 3499 conditum,
3066 3447 3138 3486 ex
3164 3450 3282 3504 quo
3311 3433 3583 3490 Julianus
3615 3435 3702 3490 bi-

2055 3513 2414 3571 bliothecam
2449 3517 2720 3572 eunucho
2750 3518 3008 3588 cuidam,
3068 3521 3412 3593 Theophilo,
3461 3523 3704 3597 fecerat,

2057 3620 2191 3660 cum
2221 3605 2500 3661 omnibus
2530 3605 2700 3661 libris
2733 3609 3034 3678 cremavit,
3059 3609 3206 3682 ipsis
3229 3612 3358 3685 ejus
3388 3613 3702 3684 pellicibus

2055 3693 2252 3765 ignem
2283 3710 2418 3752 cum
2475 3695 2599 3750 risu
2658 3695 3136 3768 subjicientibus.
3168 3701 3521 3758 Antiocheni
3545 3721 3704 3774 vero,

2054 3781 2460 3854 indignatione
2481 3783 2761 3840 adversus
2775 3787 3450 3859 imp.accensi,famosos
3467 3791 3703 3850 libellos

2053 3873 2270 3943 partim
2302 3872 2464 3928 humi
2489 3873 2816 3944 jactarunt,
2841 3882 2906 3932 ut
2951 3895 2985 3933 a
3043 3879 3312 3949 quolibet
3343 3881 3466 3936 tolli
3499 3887 3558 3937 et
3586 3882 3696 3956 legi

2054 3966 2315 4032 possent,
2366 3962 2582 4034 partim
2634 3964 2961 4036 parietibus
3008 3967 3348 4038 afﬁxerunt,
3406 3975 3520 4028 etc.
3580 3973 3694 4028 Sub

2051 4049 2290 4105 Joviano
2335 4051 2473 4106 vixit
2529 4053 2791 4118 Aeacius,
2837 4053 3118 4112 Caesarem
3175 4059 3510 4115 Palaestinas
3570 4062 3694 4134 epi-

2053 4156 2288 4211 scopus,
2340 4141 2440 4212 qui
2463 4142 2708 4198 libellum
2753 4144 2825 4198 De
2849 4145 3160 4202 orthodoxa
3203 4149 3310 4216 ﬁde
3342 4151 3599 4222 scripsit,
3634 4153 3693 4210 in

2051 4246 2168 4301 quo
2201 4231 2427 4300 synodo
2453 4230 2702 4288 Nicaeum
2727 4236 3072 4292 assentitur.

2118 4323 2267 4378 Juba
2293 4317 2532 4396 (Ἰόϐας),
2579 4325 2772 4399 Libyae
2818 4334 2876 4385 et
2921 4333 3286 4389 Mauritaniae
3333 4351 3458 4400 rex,
3517 4352 3687 4408 quem

2050 4417 2299 4472 Romani
2357 4425 2591 4491 captum
2651 4427 2710 4477 et
2764 4424 2939 4497 virgis
2987 4441 3206 4484 caasum
3273 4427 3334 4482 in
3389 4429 3686 4502 triumpho

2048 4506 2367 4575 duxerunt.
2399 4526 2520 4566 non
2567 4516 2763 4568 autem
2793 4513 3140 4571 occiderunt
3167 4517 3243 4574 ob
3273 4517 3684 4578 eruditionem.

2049 4600 2204 4654 Vixit
2233 4605 2498 4672 tempore
2529 4603 2769 4676 Augusti
2782 4605 3114 4677 Caesaris,et
3142 4606 3464 4680 Cleopatrae
3481 4611 3684 4680 ﬁliam,

2049 4690 2324 4758 Selenen,
2359 4707 2538 4762 quam
2602 4710 2670 4750 ex
2724 4692 2784 4750 C.
2823 4696 3052 4752 Caesare
3100 4701 3304 4754 natam
3359 4699 3687 4772 adoptaret,

2045 4797 2292 4836 uxorem
2325 4779 2510 4837 duxit.
2547 4782 2787 4856 Scripsit
2813 4786 3132 4856 permulta.
3159 4788 3538 4861 Eodem,quo
3567 4792 3684 4859 ille,

2046 4873 2313 4940 tempore
2344 4869 2549 4925 ﬂoruit
2579 4871 2878 4946 Didymus,
2912 4876 3337 4934 Chalcenterus
3365 4878 3680 4953 dictus,qu

2047 4959 2236 5014 multa
2265 4965 2473 5016 contra
2503 4961 2698 5032 ipsum
2722 4963 2973 5034 scripsit.

2115 5048 2404 5116 Julianus,
2441 5049 2771 5124 Chaldaeus,
2810 5053 3223 5129 philosophus,
3257 5064 3425 5130 pater
3445 5061 3676 5130 Juliani,

2047 5137 2299 5210 theurgi.
2341 5138 2585 5210 Scripsit
2641 5142 2716 5195 De
2771 5142 3105 5202 (immanibus
3161 5149 3324 5204 libros
3373 5151 3473 5220 IV,
3532 5151 3678 5224 quod

2047 5245 2196 5300 Opus
2227 5228 2400 5284 docet
2419 5229 2627 5286 modos
2658 5232 3042 5303 prapulsandi
3061 5237 3222 5294 mala
3248 5238 3320 5294 ab
3343 5239 3678 5302 hominibus

2047 5315 2442 5408 omnibusque
2466 5334 2680 5408 eorum
2691 5323 3190 5394 partibus,qualia
3217 5334 3356 5384 sunt
3373 5327 3678 5408 τελεσιουρ-

2042 5405 2170 5480 γικά
2200 5402 2502 5468 Χαλδαϊκὰ.

2113 5498 2405 5570 Julianus,
2430 5499 2557 5572 jam
2590 5499 2731 5556 dicti
2764 5503 2947 5576 filius,
2975 5505 3116 5563 vixit
3137 5514 3400 5586 tempore
3425 5515 3677 5576 M.Anto-

2043 5587 2171 5644 nini
2200 5589 2344 5662 imp.
2387 5591 2635 5664 Scripsit
2693 5598 2749 5647 et
2803 5593 2932 5666 ipse
2989 5597 3326 5672 Theurgica;
3391 5601 3676 5666 Τελεσταᾶ

2042 5678 2108 5734 de
2135 5677 2314 5734 modis
2340 5697 2426 5737 res
2454 5682 2665 5752 magica
2689 5687 3043 5744 consecrandi
3085 5685 3177 5760 (V.
3209 5693 3440 5750 Kusteri
3471 5703 3601 5756 not.
3625 5705 3678 5772 Ἰ,
