4070 6196
337 386 492 445 1285
1631 391 1731 452 DE
1775 389 1961 463 QUIB

2108 386 2411 451 SUIDAS.
3588 393 3744 453 1286

339 522 479 575 tom.
512 519 584 587 II,
618 536 749 592 pag.
786 521 931 592 123),
963 522 1201 578 Oracula
1228 524 1487 591 versibus,
1520 529 1578 580 et
1610 540 1979 596 qumcunque
2011 530 2064 597 Α
2094 521 2462 587 helluonem,
2495 526 2555 576 et
2609 520 2945 594 prodigum,
3001 526 3060 577 et
3115 522 3635 595 intemperantem,
3687 532 3746 581 et

336 608 454 663 alia
486 614 626 664 sunt
646 610 825 682 hujus
860 612 1124 667 scientiae
1156 627 1393 669 arcana.
1449 613 1695 678 Quidam
1746 612 1989 669 tradunt
2096 613 2305 667 mortis
2335 615 2721 680 metuentem,
2755 628 2969 683 magno
3002 614 3228 684 pudore
3251 616 3465 669 affecit.
3484 614 3742 670 Tandem

337 699 801 755 huncllomanis
815 700 1134 771 aliquando
1152 702 1244 756 siti
1260 701 1986 772 laborantibus,effecisse,

335 792 400 842 ut
429 795 570 844 atra;
602 789 811 857 nubes,
846 791 1039 845 subito
1089 797 1330 861 coactas,
1380 792 1677 864 ingentem
1729 792 1984 848 imbrem

336 896 468 933 cum
501 879 724 934 crebris
752 880 1069 935 tonitribus
1097 886 1156 935 et
1205 881 1536 951 fulguribus
1586 882 1983 951 effunderent,

337 970 515 1041 idque
544 971 836 1041 sapientia
868 972 1123 1043 quadam
1186 973 1454 1027 eﬂ'ecisse
1504 973 1823 1028 Iulianum.
1869 973 1983 1027 Alii

337 1075 470 1113 vero
505 1060 840 1130 Arnuphim,
873 1061 1206 1132 [Egyptium
1241 1061 1683 1133 philosophum,
1716 1062 1827 1116 hoc
1868 1062 1981 1116 mia

336 1148 603 1203 raculum
634 1148 891 1204 edidisse
922 1149 1181 1205 tradunt.

404 1236 674 1292 Julianus
707 1238 915 1293 Domni
949 1240 1014 1295 F.
1073 1239 1453 1295 Cmsariensis
1503 1240 1834 1312 Cappadox,
1886 1255 1982 1295 so-

334 1327 550 1398 phista,
583 1330 830 1398 mquatis
861 1328 1149 1399 Callinici,
1184 1329 1485 1401 sophistm.
1510 1330 1641 1385 Fuit
1667 1329 1774 1385 sub
1797 1330 1982 1385 Cons-

333 1417 564 1471 tantino
597 1416 740 1488 imp.

402 1505 692 1575 Julianus,
728 1505 1235 1575 Halicarnasseus,
1268 1508 1460 1563 Severi
1502 1508 1758 1563 hieresin
1794 1525 1977 1564 reno-

334 1612 466 1651 vare
497 1596 703 1663 voluit,
739 1612 991 1667 eumque
1042 1597 1102 1651 in
1155 1597 1334 1652 finem
1394 1594 1708 1665 Marinum,
1760 1599 1974 1667 Carris,

334 1685 521 1756 Cyria)
551 1684 720 1753 urbe,
748 1686 1065 1741 oriundum
1089 1687 1215 1758 jam
1243 1688 1487 1742 miserat
1510 1687 1568 1742 in
1584 1688 1979 1757 Orientem,ut

334 1772 537 1845 dogma
550 1773 696 1828 illud
717 1775 866 1829 conti
877 1776 1231 1843 rmaret,nisi
1252 1776 1428 1847 paulo
1444 1776 1973 1848 postobiisset,etc.

2092 700 2273 771 hujus
2333 700 2873 755 machinationibus
2930 707 2988 755 et
3067 702 3300 757 insidiis
3346 702 3566 758 factum
3626 710 3737 772 est,

2091 797 2158 847 ut
2200 796 2483 863 tanquam
2542 791 2911 846 Christianus
2968 810 3074 862 pro
3131 793 3362 849 Christo
3444 795 3735 866 supplicio

2092 882 2450 937 afﬁceretur.

2160 971 2427 1025 Justinus
2455 972 2585 1040 (79),
2621 972 3017 1026 Romanorum
3072 972 3397 1043 imperator
3448 970 3734 1045 ὀροοὸοξύ-

2087 1078 2267 1125 τατος,
2303 1060 2406 1114 sed
2433 1061 2700 1114 omnium
2734 1061 3065 1115 litterarum
3106 1063 3417 1134 imperitus
3472 1070 3530 1119 et
3577 1066 3735 1135 quod

2088 1148 2258 1220 vulgo
2292 1149 2512 1203 dicitur
2542 1143 2948 1223 ἀναλφάϐητος.

2159 1239 2380 1305 Justus,
2413 1237 2793 1307 Tiberiensis,
2820 1255 2889 1293 ex
2912 1241 3216 1311 provincia
3248 1242 3508 1312 Catilina,
3541 1245 3641 1315 qui
3673 1249 3734 1299 et

2087 1327 2213 1398 ipse
2238 1326 2541 1382 Historiam
2571 1327 2862 1382 Iudaicam
2892 1330 3267 1385 conscribere
3318 1337 3378 1385 et
3401 1341 3734 1388 commenta-

2087 1420 2198 1473 rios
2230 1416 2517 1489 quosdam
2550 1433 2905 1488 componere
2937 1434 3246 1490 aggressus
3278 1426 3383 1474 est.
3429 1422 3540 1475 Sed
3572 1423 3730 1478 hunc

2085 1507 2374 1577 Josephus
2407 1505 2700 1561 mendacii
2732 1506 2943 1575 arguit.
3004 1507 3252 1577 Scripsit
3297 1513 3495 1563 autem
3544 1510 3730 1565 histo-

2086 1596 2236 1651 riam
2270 1595 2477 1651 eodem
2510 1601 2777 1667 tempore
2808 1612 2925 1666 quo
2956 1596 3264 1666 Josephus.

2156 1685 2453 1741 Iuvenalis
2484 1692 2659 1758 poeta
2690 1686 2949 1741 Latinus.
2980 1686 3081 1740 Hic
3105 1686 3213 1740 sub
3234 1686 3591 1755 Domitiano,
3620 1691 3729 1744 Ro-

2086 1790 2398 1829 manorum
2430 1775 2599 1845 imp.,
2659 1773 2820 1827 vixit.
2878 1774 3248 1828 Domitianus
3305 1790 3440 1828 vero
3497 1776 3736 1833 amabat

401 1863 690 1930 Julianus,
724 1862 751 1915 ὁ
809 1858 1128 1934 παραϐάτης
1185 1864 1273 1917 καὶ
1322 1864 1649 1933 ἀποστάτης,
1711 1866 1963 1921 deserto:

2088 1864 2347 1917 Prasinre
2371 1862 2647 1917 factionis
2680 1862 3045 1929 saltatorem,
3074 1863 3176 1933 qui
3207 1863 3371 1917 Paris
3396 1863 3730 1920 vocabatur.

332 1958 685 2024 etapostata,
708 1955 1105 2008 Romanorum
1133 1955 1552 2027 imp.,genitus
1577 1972 1645 2010 ex
1665 1954 1975 2024 Dalmatio,

330 2042 703 2097 Constantini
728 2042 915 2115 Magni
944 2042 1145 2110 fratre,
1169 2048 1228 2097 et
1249 2043 1431 2099 Galla.
1468 2044 1974 2115 Scripsitlibrum,

331 2132 429 2202 qui
462 2137 701 2186 vocatur
730 2131 1009 2199 Caesares,
1044 2133 1448 2187 continentem
1477 2149 1683 2187 omnes
1741 2132 1811 2188 ab
1858 2136 1974 2188 Au-

328 2227 496 2293 gusto
516 2221 924 2293 imperatores.
948 2222 1143 2277 Alium
1168 2220 1299 2296 Περὶ
1320 2225 1426 2276 τῶν
1449 2225 1614 2297 τριῶν
1645 2222 1972 2295 σχημάτων,

330 2333 357 2359 ‹‹
390 2311 469 2364 De
496 2311 682 2365 tribus
732 2311 956 2383 figuris,
1014 2319 1067 2366 et
1124 2309 1349 2384 Κρόνια,
1411 2312 1764 2368 Saturnalia.
1825 2313 1974 2367 Idem

333 2424 353 2448 ι
390 2399 827 2473 MiSOpogonem
857 2403 969 2455 sive
998 2402 1379 2457 Antiochium
1413 2424 1460 2456 ››.
1494 2403 1565 2456 Et
1598 2401 1761 2463 Πόθεν
1813 2398 1972 2471 κακὰ,

325 2488 460 2541 κατὰ
492 2484 855 2557 ἀπαιδεύτων,
892 2512 919 2540 ‹‹
954 2490 1116 2545 Unde
1151 2490 1308 2546 mala
1324 2491 1806 2562 proﬁciscuntur,
1832 2506 1975 2546 con-

328 2600 354 2627 «
386 2583 471 2632 tra
506 2578 833 2634 ineruditos
868 2599 934 2647 »ς
970 2579 1042 2634 ad
1090 2596 1296 2635 canem
1343 2580 1727 2649 Heraclitum,
1761 2603 1787 2630 ‹‹
1821 2581 1974 2645 Quo-

325 2688 353 2716 ‹‹
386 2668 561 2723 modo
621 2670 828 2741 cynice
877 2668 1187 2724 vivendum
1235 2669 1409 2737 sit»;
1460 2669 1735 2739 Epistolas
1780 2670 1975 2725 omnis

320 2758 573 2828 generis,
609 2763 667 2811 et
694 2758 829 2812 alia.
886 2760 964 2813 De
1016 2758 1422 2829 Empedotimo
1466 2759 1662 2814 locum
1696 2775 1726 2814 e
1756 2759 1972 2816 Juliani

330 2844 578 2919 Κρονίοις
610 2848 783 2901 aﬂ'ert
814 2847 990 2902 etiam
1026 2847 1234 2901 Suidas
1266 2847 1326 2901 in
1356 2843 1785 2919 Ἐμπεδότιμος.
1821 2849 1971 2903 Ora-

320 2935 543 3001 culum,
597 2935 830 2990 Juliano
863 2935 1088 3001 datum,
1140 2935 1437 2990 diversum
1472 2953 1505 2991 a
1534 2936 1785 3005 duobus,
1841 2954 1971 3009 quia

323 3024 534 3079 Suidas
568 3025 798 3091 recitat,
834 3024 1049 3096 legitur
1078 3025 1151 3079 ad
1179 3025 1530 3093 Cedrenum,
1564 3043 1693 3097 pag.
1729 3029 1853 3081 253.

389 3114 704 3169 Iustiniani
759 3114 1125 3170 Rhinotmeti
1184 3131 1585 3170 successorem
1637 3116 1966 3188 Leontium,

2085 1952 2209 2015 Qua
2229 1951 2300 2005 de
2327 1966 2505 2005 causa
2526 1955 2583 2004 et
2607 1967 2640 2005 a
2671 1956 2879 2004 senatu
2914 1955 2971 2004 et
3001 1966 3035 2005 a
3063 1950 3325 2005 Juvenali
3357 1951 3731 2023 carpebatur.

2085 2042 2413 2111 Imperator
2442 2041 2581 2094 hinc
2610 2040 2952 2094 Juvenalem
2980 2039 3329 2110 Pentapolin
3353 2040 3729 2096 Africaarele-

2084 2130 2281 2202 gavit;
2315 2129 2657 2185 saltatorem
2684 2144 2817 2183 vero
2875 2128 3300 2200 locupletatum
3353 2130 3729 2185 Antiochiam

2086 2219 2266 2286 misit,
2293 2219 2416 2289 qui,
2442 2218 2621 2273 domo
2654 2224 2713 2273 et
2741 2217 2956 2273 balnea
2984 2224 3148 2273 extra
3177 2218 3385 2273 urbem
3416 2219 3731 2289 aedificato,

2085 2307 2163 2362 ibi
2198 2314 2466 2363 mortuus
2499 2314 2605 2362 est.

2885 2397 2924 2451 L

2155 2486 2471 2554 Lachares,
2506 2486 2782 2541 Lacharis
2839 2484 2925 2553 F.,
2985 2486 3392 2554 Atheniensis,
3445 2488 3730 2559 sophista,

2082 2575 2411 2647 discipulus
2438 2575 2839 2639 Heracleonis,
2874 2575 3154 2646 sophistae
3176 2562 4070 2667 Μ

2080 2666 2264 2740 gister
2293 2671 2417 2720 tum
2450 2665 2777 2743 multorum
2792 2664 3267 2741 ιηῖῗῠτῐῐῆῖζῖἷίηι,
3301 2674 3400 2744 qui
3424 2691 3546 2745 prin
3578 2677 3727 2731 reli-

2082 2756 2214 2825 quis
2240 2756 2384 2810 clari
2417 2745 2731 2828 habentur,
2764 2760 3090 2830 Eustephii,
3125 2762 3347 2818 Nicolai
3401 2771 3460 2819 et
3488 2767 3726 2822 Asterii.

2081 2845 2305 2899 Floruit
2333 2847 2701 2918 temporibus
2726 2849 3001 2903 Marciani
3026 2856 3083 2904 et
3107 2851 3313 2907 Leonis
3332 2853 3513 2925 impp.
3540 2856 3729 2928 Scrip-

2080 2935 2157 2990 sit
2187 2958 2214 2985 ‹‹
2248 2936 2327 2990 De
2360 2936 2487 2991 colo
2530 2943 2587 2991 et
2644 2944 2935 2993 commate
2996 2946 3055 2994 et
3108 2943 3373 3011 periodo,
3434 2942 3725 3016 Διαλέξεις,

2079 3048 2105 3077 ‹‹
2142 3027 2636 3095 Dissertationes;
2672 3028 2930 3103 Ἱστορίαν
2961 3030 3061 3097 τήν
3092 3032 3230 3085 κατά
3253 3037 3575 3105 Κορνοῦτον.
3603 3037 3725 3091 His-

2080 3137 2107 3165 «
2142 3117 2353 3172 toriam
2386 3118 2666 3184 Cornuti;
2700 3119 2942 3191 Eclogas
2974 3120 3300 3176 rhetoricas
3332 3145 3360 3172 ››
3395 3124 3722 3179 secundum

317 3203 573 3258 Orientis
598 3203 829 3270 ducem,
854 3204 1093 3271 Paulus,
1128 3204 1473 3259 monasterii
1499 3205 1813 3260 Callistrati
1838 3224 1961 3262 mo-
2003 3233 2046 3301 ο
2078 3206 2349 3263 ordinem
2382 3208 2701 3279 alphabeti.
2734 3209 3042 3278 Lachares,
3078 3212 3343 3282 sophista
3372 3213 3433 3267 in
3459 3214 3723 3285 discipli-

316 3294 565 3359 nachus,
602 3298 996 3361 astronomus,
1032 3298 1091 3347 et
1122 3294 1433 3365 Gregorius
1464 3293 1797 3365 Cappadox,
1831 3312 1959 3350 mo-

323 3382 569 3435 nasterii
602 3382 755 3437 Flori
807 3382 1140 3454 przefectus,
1178 3382 1428 3453 imperio
1476 3382 1803 3452 potiturum
1835 3399 1963 3439 esse

322 3468 746 3541 priedixerunt,
774 3487 889 3542 quo
916 3471 1094 3525 etiam
1125 3476 1330 3543 postea
1360 3471 1558 3542 potius
1590 3478 1680 3526 est
1732 3474 1964 3544 (Confer

319 3558 630 3630 Nicephori
666 3560 1027 3615 Breviarium
1067 3560 1439 3628 historicum,
1471 3577 1601 3633 pag.
1636 3564 1703 3615 25
1734 3564 1747 3631 )

386 3647 671 3715 Justinus,
705 3649 1097 3720 philosophus
1130 3655 1188 3704 et
1235 3648 1440 3703 habitu
1472 3649 1961 3723 philosophorum

315 3744 513 3804 utens,
545 3757 615 3793 ex
647 3740 1032 3809 Neapolitana
1063 3740 1377 3795 Palaestina
1421 3740 1741 3810 provincia,
1776 3742 1960 3798 Prisci

316 3828 497 3894 illius,
529 3829 760 3883 Bacchii
794 3846 998 3900 nepos.
1036 3830 1138 3883 Hic
1184 3846 1289 3900 pro
1311 3829 1646 3885 Christiana
1676 3830 1959 3902 religione

314 3917 568 3971 multum
600 3917 905 3986 laboravit,
943 3923 1001 3972 et
1030 3917 1330 3972 Antonino
1353 3918 1455 3972 Pio
1484 3917 1787 3991 ipsiusque
1822 3921 1959 3976 ﬁliis

317 4012 375 4061 et
406 4008 670 4061 Romano
705 4008 934 4062 senatui
970 4008 1186 4062 librum
1220 4008 1421 4062 Contra
1453 4008 1694 4064 ethnicos
1723 4007 1956 4077 obtulit,

315 4096 699 4167 approbrium
728 4097 920 4151 crucis
986 4113 1105 4150 non
1164 4096 1538 4152 erubescens.
1600 4097 1845 4168 Scripsit
1902 4104 1962 4153 et

314 4185 497 4240 alium
529 4185 770 4252 librum,
803 4202 979 4256 quem
1015 4186 1297 4240 Antonini
1341 4186 1475 4258 (Pii)
1519 4188 1958 4244 successoribus

314 4273 551 4342 obtulit,
582 4276 656 4331 M.
699 4276 999 4329 Antonino
1034 4280 1091 4329 et
1124 4276 1179 4329 L.
1213 4276 1455 4331 Aurelio
1478 4276 1818 4333 Commodo.
1858 4279 1959 4333 Est

314 4368 543 4423 etalius
563 4368 688 4439 ejus
715 4368 868 4423 liber
893 4374 1099 4424 contra
1121 4369 1478 4435 ethnicos,in
1505 4386 1619 4441 quo
1650 4371 1726 4425 De
1754 4378 1959 4427 natura

312 4457 617 4512 daemonum
649 4457 908 4525 disserit,
945 4463 1003 4512 et
1035 4463 1279 4529 quartus
1302 4458 1505 4514 itidem
1528 4462 1735 4514 contra
1756 4461 1954 4515 ethni-

312 4563 433 4613 cos,
469 4563 646 4617 quem
678 4547 983 4618 inscripsit
1036 4547 1354 4602 Elenchum.
1406 4549 1475 4602 Et
1522 4545 1673 4602 alius
1724 4550 1797 4604 De
1855 4551 1956 4605 Dei

310 4636 653 4690 monarchia.
690 4637 835 4690 Item
869 4635 1043 4703 alius,
1076 4652 1253 4707 quem
1286 4637 1555 4692 nominat
1607 4638 1848 4693 Psalten.
1884 4640 1955 4695 Et

311 4723 464 4780 alius
491 4725 563 4780 De
592 4724 801 4781 anima.
824 4726 971 4781 Item
995 4724 1259 4795 Dialogus
1290 4730 1494 4783 contra
1513 4725 1953 4800 Judaaos,quem

309 4815 514 4870 Contra
546 4817 908 4887 Tryphonem,
942 4815 1275 4871 Judmorum
1314 4815 1698 4886 Ephesiorum
1730 4818 1957 4888 princi-

308 4920 441 4974 pem
473 4906 846 4977 conscripsit.
880 4906 1033 4970 Quin
1061 4905 1236 4960 etiam
1274 4905 1471 4960 Contra
1498 4903 1830 4962 Marcionem
1861 4909 1955 4963 in-

308 4992 498 5066 signia
528 4995 749 5066 scripta
800 4994 1004 5049 edidit.
1061 4995 1202 5049 Item
1261 4994 1441 5049 alium
1487 4993 1707 5051 librum
1748 4998 1953 5053 Contra

305 5093 475 5140 sectas
504 5102 705 5154 omnes,
740 5086 909 5157 cujus
941 5086 1215 5140 meminit
1245 5084 1303 5136 in
1340 5084 1720 5153 Apologctico,
1776 5104 1952 5157 quem

307 5173 523 5229 obtulit
554 5174 852 5229 Antonino
885 5174 1009 5229 Pio.
1045 5174 1146 5229 Hic
1178 5186 1309 5228 cum
1341 5171 1538 5226 Romae
1562 5189 1954 5230 commorare-

310 5266 425 5329 tur,
487 5262 885 5329 Crescentem,
948 5262 1229 5334 Cynicum
1280 5257 1530 5329 fatuum,
1587 5262 1687 5332 qui
1746 5270 1954 5319 contra

302 5351 671 5408 Christianos
698 5351 1017 5407 maledicta
1045 5347 1459 5424 profundebat,
1494 5350 1689 5422 ipsum
1735 5369 1950 5410 vocans

374 5532 490 5606 (79)
524 5533 646 5606 Non
678 5531 755 5606 de
784 5532 1113 5606 Iustiniano
1140 5529 1228 5606 (_u_t
1256 5546 1389 5606 ms._
1415 5529 1675 5606 _K_u_steri)
1715 5530 1828 5606 sed
1877 5531 1949 5606 de

297 5600 533 5662 Iustino
548 5603 979 5675 (Seniore)hazc
1003 5606 1063 5657 in
1079 5600 1271 5675 Suldie
1283 5600 1947 5675 codd.Yaticanistradi,

296 5676 525 5755 notavit
553 5671 736 5755 etiam
786 5671 1093 5755 H._~ifioris.
1142 5671 1409 5755 Dissude
1460 5672 1774 5755 Synodoy,
1805 5671 1945 5755 c..2,

294 5765 429 5821 pag.
468 5750 551 5802 t0.
586 5749 759 5804 FABR.
783 5778 847 5789 -
868 5748 1032 5803 Idem
1054 5760 1174 5800 non
1196 5744 1388 5802 solum
1411 5744 1637 5802 notavit
1665 5746 1786 5803 Nic.
1806 5746 1947 5804 Ale-

2077 3298 2172 3353 nis
2200 3299 2440 3369 tardior,
2475 3304 2535 3353 at
2564 3299 2725 3353 vultu
2760 3300 2991 3355 liberali
3025 3305 3081 3355 et
3113 3301 3363 3356 honesto
3414 3304 3717 3374 praeditus,

2075 3393 2134 3441 et
2161 3388 2372 3442 virtute
2403 3389 2795 3459 philosophus
2818 3390 3013 3460 potius
3035 3406 3213 3459 quam
3242 3390 3720 3464 saphistaappel-

2073 3476 2311 3532 landus.
2346 3477 2446 3547 qui
2478 3477 2665 3531 visum
2698 3478 2983 3532 amissum
3031 3480 3422 3551 recuperavit,
3472 3482 3629 3551 quod
3660 3487 3720 3537 et

2074 3565 2296 3636 alioqui
2322 3566 2438 3619 Deo
2458 3565 2673 3620 charus
2705 3572 2878 3621 esset.
2910 3568 3125 3623 Confer
3152 3569 3326 3641 infra,
3359 3571 3718 3639 Superianus.

2146 3655 2425 3727 Lacydes,
2470 3655 2789 3711 Alexandri
2850 3658 3112 3729 Cyrenwi
3172 3660 3260 3725 F.,
3307 3659 3719 3731 philosophus,

2073 3745 2173 3816 qui
2201 3744 2312 3798 fuit
2341 3762 2504 3800 nova)
2537 3745 2855 3801 academim
2900 3752 3125 3803 auctor.
3182 3749 3427 3821 Scripsit
3465 3750 3720 3806 Philoso-

2063 3834 2258 3905 phica,
2292 3834 2433 3889 item
2474 3837 2549 3891 De
2577 3843 2799 3891 natura.

2100 3970 2105 3973 ς
2149 3948 2168 3972 α
2196 3925 2629 3996 Lamponjurat
2653 3942 2948 3995 anserem,
2966 3944 3101 3982 cum
3124 3928 3386 3999 aliquem
3412 3928 3632 4000 decipit
3663 3953 3711 3984 υ.

2073 4014 2331 4084 Lampon
2358 4020 2483 4069 erat
2510 4031 2761 4086 aruspex
2780 4019 2836 4069 et
2865 4021 3042 4081 vates,
3069 4034 3245 4087 quem
3271 4018 3545 4072 nonnulli
3571 4036 3719 4089 quo-

2071 4119 2182 4174 quo
2213 4103 2423 4158 ducem
2456 4103 2639 4158 fuisse
2671 4103 2840 4157 aiunt
2868 4104 3120 4159 coloniae
3152 4106 3224 4159 ab
3254 4106 3718 4161 Atheniensibus

2071 4190 2338 4263 Sybarim
2384 4192 2598 4246 missai.
2632 4190 2874 4246 Jurabat
2931 4198 3129 4248 autem
3174 4210 3280 4265 per
3323 4211 3618 4265 anserem,
3653 4200 3719 4249 ut

2068 4296 2257 4347 avem,
2290 4280 2592 4335 divinandi
2625 4281 2899 4351 peritam.
2934 4282 3141 4353 Supra,
3175 4286 3321 4354 χῆνα
3355 4281 3604 4354 ὀμνύναι.

2139 4369 2463 4440 Lamprias,
2496 4369 2798 4424 Plutarchi
2829 4370 3243 4426 Chaaronensis
3274 4373 3360 4438 F.,
3408 4374 3714 4427 contexuit

2068 4458 2333 4513 Iudicem
2366 4458 2643 4530 Operum,
2669 4475 2800 4530 quin
2824 4464 2992 4530 pater
3014 4459 3200 4531 ipsius
3223 4460 3295 4516 de
3327 4462 3489 4516 omni
3516 4463 3715 4518 Graeca

2069 4552 2126 4602 et
2156 4550 2419 4603 Romana
2448 4547 2702 4603 Historia
2741 4547 2997 4619 scripsit.

2138 4638 2339 4704 Lasus,
2373 4636 2647 4691 Charbini
2683 4638 2769 4701 F.,
2802 4653 2872 4691 ex
2931 4637 3264 4704 Hermione,
3314 4639 3534 4695 Achaie
3565 4641 3708 4696 civi-

2068 4731 2207 4793 tate,
2241 4727 2384 4781 vixit
2413 4726 2641 4797 Olymp.
2679 4726 2844 4781 LVIII
2875 4732 3159 4798 regnante
3185 4727 3375 4798 Dario,
3410 4729 3714 4801 Hystaspis

2062 4818 2120 4870 F.
2142 4815 2391 4881 Quidam
2412 4831 2547 4869 eum
2574 4815 2700 4869 loco
2719 4816 3029 4869 Periandri
3058 4816 3455 4872 adnumerant
3484 4825 3710 4889 septem

2062 4904 2453 4975 sapientibus.
2490 4903 2723 4958 Primus
2754 4904 2997 4975 scripsit
3028 4906 3097 4958 Di
3123 4906 3335 4961 musica
3366 4924 3383 4960 :
3418 4912 3475 4962 et
3514 4908 3713 4981 dithy-

2060 4993 2265 5047 rambo
2298 4996 2523 5047 certare
2550 4992 2809 5047 instituit
2830 4999 2888 5048 et
2906 4990 3034 5053 τοὺς
3057 4990 3360 5067 ἐριστικοὺς
3381 4992 3709 5071 εἰσηγήσατο

2061 5078 2282 5154 λόγους,
2316 5082 2754 5136 contentiosum
2788 5083 3023 5138 dicendi
3076 5100 3261 5155 genus
3308 5085 3369 5140 in
3399 5102 3573 5143 usum
3618 5089 3712 5146 in-

2062 5169 2348 5226 troduxit.

2132 5261 2317 5331 Λῆμα.
2350 5260 2776 5331 Alistophanes
2822 5260 2894 5316 de
2952 5262 3230 5333 Euripide
3289 5269 3346 5319 et
3389 5265 3702 5337 Eschylo:

2058 5353 2226 5420 Λῆμα
2256 5344 2301 5402 δ’
2330 5348 2431 5404 οὐκ
2460 5345 2701 5421 ἄτολμον
2735 5347 2968 5426 ἀμφοῖν,
3002 5356 3110 5407 etc.
3146 5353 3356 5424 (Ranis,
3389 5372 3518 5426 pag.
3555 5355 3657 5408 254
3689 5356 3704 5424 )

2060 5545 2316 5603 manuus
2348 5528 2725 5603 aanrocopii
2756 5529 2963 5603 histor.
3000 5547 3197 5587 arcan.
3224 5549 3350 5603 cap.
3378 5534 3430 5597 6,
3456 5548 3584 5603 pag.
3613 5535 3700 5603 t9,

2061 5602 2163 5655 sed
2197 5602 2374 5675 etiam
2424 5602 2727 5675 Kusmrus
2761 5602 2848 5675 in,
2882 5606 3023 5675 nota
3064 5602 3253 5674 longa
3294 5602 3380 5658 ’ad
3437 5602 3700 5675 Suidam,

2059 5688 2187 5743 pag.
2226 5672 2494 5748 128,-vol.
2529 5674 2597 5748 II3
2631 5673 2731 5743 qui
2775 5674 2956 5735 etiam
2986 5672 3281 5746 integrum
3312 5677 3583 5748 Procopii
3615 5672 3703 5733 loé

2059 5760 2197 5800 cum
2229 5743 2521 5814 ascripsit.
2555 5745 2730 5800 HAaL.
