4036 6212
341 343 492 408 1281
1655 335 1906 398 INDEX
1951 333 2448 398 SGPIPTORUM
3157 299 3160 303 ’
3597 340 3765 400 i288

411 478 708 550 Λήμματα,
743 475 1091 548 prophetiae,
1125 474 1214 530 vel
1247 474 1425 530 etiam
1458 473 1977 545 apophthegmata,
2009 472 2063 540 Α
2094 486 2241 539 esse,
2276 485 2496 541 easque
2527 469 2759 525 exedris
2789 485 2921 526 esse
2953 469 3201 526 similes.
3233 472 3445 544 Apollo
3493 474 3594 529 cui
3643 476 3751 529 di-

338 586 408 622 ex
439 569 679 640 proprio
713 583 894 623 sensu
925 565 1109 620 animi
1143 565 1328 620 nostri
1361 563 1613 635 prolata.
2093 564 2224 614 cata
2243 559 2427 614 fuisse
2448 559 2844 632 perhibentur
2869 561 3126 630 Leschaa,
3148 560 3289 616 inde
3311 561 3504 618 dictus
3529 569 3758 638 Λεσχη-

410 659 544 724 Leo,
579 658 788 711 Leonis
821 657 906 723 F.,
940 655 1268 726 Byzantius,
1303 653 1696 725 philosophus
1743 651 1980 723 peripa-
2094 646 2298 719 νόριος.
2362 648 2549 703 Etiam
2611 645 2810 722 λέσχαι
2867 649 3026 705 dicta
3083 655 3356 722 poemata
3411 652 3752 708 Heraclidis

339 748 550 802 teticus
617 752 676 800 et
731 746 1018 816 sophista,
1073 744 1358 814 Platonis,
1419 743 1531 810 vel,
1589 747 1655 796 ut
1711 741 1976 813 quidam,

337 835 674 890 Aristotelis
707 835 1055 906 discipulus.
1103 834 1350 904 Scripsit
1404 857 1422 882 ι
1461 835 1572 887 Res
1619 830 1978 902 Philippicas

342 929 459 978 «et
517 923 870 995 Byzantinas
931 922 1099 976 libris
1155 922 1314 988 Vill;
1389 919 1849 975 Teuthranicum
1897 919 1978 972 De

339 1034 366 1062 «
403 1015 640 1079 Besaeo;
676 1013 918 1067 Sacrum
950 1011 1210 1077 bellum;
1246 1011 1325 1065 De
1358 1009 1644 1076 statibus;
1681 1011 1792 1063 Res
1843 1023 1974 1078 ges-

337 1126 363 1154 ‹‹
399 1109 486 1158 tas
516 1103 921 1158 Alexandri».
977 1103 1101 1166 Hic,
1151 1101 1378 1173 legatus
1427 1099 1688 1154 Athenas
1733 1097 1974 1164 missus,

331 1210 467 1248 cum
497 1193 817 1248 admodum
848 1191 1062 1246 obesus
1095 1195 1270 1256 esset,
1303 1187 1768 1244 Atheniensibus
1788 1186 1977 1240 risum

330 1283 532 1338 movit.
565 1282 767 1352 Atqui,
802 1281 1018 1351 inquit,
1053 1287 1142 1336 est
1168 1280 1314 1334 mihi
1351 1295 1498 1333 uxor
1518 1277 1690 1349 longe
1719 1275 1973 1342 obesior,

331 1376 388 1425 et
418 1370 744 1426 concordes
776 1387 990 1441 parvus
1022 1369 1231 1436 lectus,
1273 1366 1580 1424 discordes
1614 1371 1735 1421 tota
1762 1365 1975 1420 domus

329 1477 452 1516 non
479 1459 649 1531 capit.
685 1462 834 1515 Eum
859 1459 1170 1530 Philippus
1201 1458 1294 1512 his
1325 1458 1540 1513 litteris
1585 1455 1971 1528 perstrinxit:

332 1570 360 1598 ι(
394 1549 450 1602 Si
485 1554 710 1603 tantam
742 1549 919 1602 Leoni
951 1548 1264 1618 pecuniam
1287 1547 1609 1615 dedissem,
1633 1550 1917 1616 quantam
1940 1560 1976 1600 a

334 1661 354 1687 α
391 1655 484 1692 me
541 1637 881 1708 postulavit,
943 1637 1143 1691 statim
1203 1637 1542 1707 Byzantium
1593 1637 1887 1707 cepissem
1924 1655 1971 1690 ν.

329 1728 562 1781 Veritus
595 1727 791 1799 igitur,
825 1743 898 1782 ne
929 1743 964 1781 a
995 1725 1218 1781 civibus
1251 1726 1606 1781 obrueretur
1654 1724 1973 1796 lapidibus,
2157 1721 2458 1791 Libanius,
2491 1724 2916 1793 Antiochenus,
2951 1726 3238 1798 sophista,
3273 1727 3470 1784 clarus
3511 1728 3745 1784 Iuliani

327 1813 514 1868 ἑαυτὸν
542 1814 690 1887 ἦγεε,
726 1832 787 1870 se
820 1814 1130 1886 suspendit
1159 1814 1360 1869 miser.
1395 1813 1562 1870 Conf.
1587 1813 1821 1868 Kusteri
1845 1817 1967 1868 not.
2004 1831 2050 1894 Β
2089 1814 2382 1882 Apostataa
2421 1813 2810 1884 temporibus,
2871 1814 2944 1870 ad
3002 1815 3396 1872 Theodosium
3447 1818 3744 1890 Majorem

327 1909 468 1958 tom.
502 1905 574 1972 II,
606 1920 735 1975 pag.
772 1906 861 1958 45.
2081 1916 2270 1970 usque
2295 1901 2456 1970 vixit,
2481 1901 2640 1957 ﬁlius
2665 1903 3004 1975 Phasganii,
3035 1905 3351 1976 Diophanti
3373 1905 3744 1978 discipulus,

399 1994 511 2047 Leo
541 1993 998 2061 Alabandensis,
1033 1999 1254 2063 orator,
1288 1993 1531 2064 scripsit
1570 2015 1596 2042 α
1633 1991 1972 2046 Caricorum
2080 1987 2326 2060 Scripsit
2347 1989 2602 2058 inﬁnita,
2629 1996 2688 2046 et
2716 1991 2872 2046 inter
2893 2009 2962 2048 ea
2989 2020 3016 2043 ιι
3043 1995 3370 2049 Constantii
3393 1995 3738 2067 imp.Enco-

331 2103 352 2132 ι
388 2081 573 2137 libros
605 2083 714 2150 IV;
751 2084 1131 2154 Lyciacorum
1163 2083 1348 2137 libros
1380 2084 1467 2150 ll;
1503 2084 1705 2137 Artem
1727 2080 1976 2135 rhetori—
2084 2096 2106 2125 ι
2141 2079 2327 2134 mium
2359 2085 2408 2135 et
2438 2081 2674 2136 alterum
2703 2082 2920 2138 Juliani
2957 2100 2970 2151 ;
3007 2084 3478 2141 Declamationes
3523 2087 3735 2142 rheto-

327 2190 560 2241 «cam;
617 2175 696 2228 De
746 2174 1000 2228 statibus
1049 2190 1405 2241 causarum;
1458 2172 1684 2228 Bellum
1737 2185 1972 2227 sacrum

2096 738 2345 804 Pontici,
2407 743 2596 793 metro
2651 739 2947 794 Phalmcio
3005 739 3094 793 vel
3152 740 3442 810 Sapphico
3499 743 3755 814 scripta.

2094 828 2352 897 Leschas,
2387 829 2557 884 sedes
2587 829 2855 900 velloca,
2887 830 2948 885 in
2982 848 3113 901 quae
3152 830 3428 886 homines
3458 833 3531 887 de
3567 833 3753 889 rebus

2091 920 2522 992 philosophicis
2536 921 2875 994 disputandi
2893 922 3080 994 gratia
3094 923 3409 977 convenire
3443 923 3748 980 solebant.

2091 1009 2184 1064 Sic
2216 1010 2493 1066 llerocles
2521 1011 2670 1066 libro
2701 1011 2890 1082 primo
2923 1011 3525 1084 Philosophumenon.

2162 1099 2497 1167 Leschides,
2525 1106 2703 1171 poeta
2730 1101 2954 1173 epicus,
2987 1101 3142 1174 regis
3160 1103 3441 1158 Eumenis
3471 1104 3532 1158 in
3565 1120 3746 1176 expe-

2090 1185 2416 1243 ditionibus
2447 1188 2680 1244 bellicis
2711 1206 2932 1255 comes,
2975 1195 3284 1262 poetarum
3343 1193 3743 1249 clarissimus.

2090 1276 2280 1348 Hujus
2310 1277 2744 1334 consuetudine
2776 1279 2952 1335 etiam
2984 1296 3127 1336 usus
3157 1280 3270 1336 fuit
3297 1283 3565 1354 Pythias,
3617 1284 3748 1338 his-

2091 1365 2334 1432 toricus,
2371 1373 2430 1421 et
2458 1367 2800 1436 Menander,
2833 1368 3124 1424 medicus.

2162 1455 2418 1519 Leucon,
2451 1455 2766 1528 Agnusius,
2799 1457 3323 1529 Peloponnesiacis
3365 1460 3742 1532 temporibus

2087 1540 2245 1598 vixit.
2279 1545 2360 1598 Ex
2405 1544 2594 1615 ipsius
2652 1544 3020 1602 dramatibus
3079 1551 3253 1603 sunt:
3305 1547 3480 1620 “Ovog,
3537 1549 3747 1604 Ἀσκο-

2089 1629 2275 1705 φόρος,
2312 1630 2610 1706 Φράτορες.

2081 2188 2109 2217 ι(
2140 2168 2294 2224 ricas
2330 2191 2358 2218 ››
2385 2187 2398 2236 ;
2432 2172 2730 2240 Epistolas.
2763 2171 2978 2227 Eadem
3011 2178 3277 2244 tempore
3311 2174 3553 2230 fuerunt
3579 2177 3746 2231 Basi-

329 2285 354 2310 α
391 2263 785 2318 Phocensium
818 2269 875 2318 et
903 2265 1240 2319 Bmotorum
1273 2285 1328 2320 ».

2113 2258 2194 2310 ius
2222 2262 2280 2311 et
2309 2258 2626 2330 Gregorius
2679 2260 2876 2332 (Naz.).
2923 2261 3194 2317 Julianus
3239 2280 3396 2332 vero,
3449 2264 3594 2320 licet
3647 2272 3739 2320 tot

397 2355 508 2409 Leo
541 2355 835 2423 Macelles,
869 2355 1013 2426 imp,
1049 2358 1474 2421 Romanorum,
1499 2351 1969 2425 Malchojudice,
2076 2347 2329 2418 negotiis
2349 2347 2696 2420 implicitus,
2722 2355 2921 2404 tamen
2943 2356 3003 2404 et
3024 2350 3237 2406 litteris
3259 2352 3464 2408 sedulo
3487 2371 3741 2425 operam

325 2443 511 2512 Πάσης
545 2442 731 2504 κακίας
766 2443 1134 2517 καταγώγιοξι,
1167 2445 1340 2498 omnis
1365 2443 1738 2513 improbitatis
1782 2444 1967 2497 (liver-

2115 2435 2271 2503 abat,
2311 2441 2369 2491 et
2398 2438 2460 2491 in
2492 2437 2612 2492 illis
2646 2439 2936 2495 excellere
2967 2441 3151 2496 videri
3192 2441 3440 2509 volebat,
3494 2447 3738 2515 sophis-

322 2534 779 2609 sorium,.qui_et
813 2534 1244 2604 Hyperechium
1275 2533 1730 2604 grammaticum
1761 2532 1821 2586 in
1868 2548 1968 2586 ex-
2075 2530 2316 2597 tamque
2358 2527 2817 2600 Antiochenam,
2871 2529 3204 2602 Libanium,
3255 2549 3432 2603 supra
3482 2533 3732 2589 modum

321 2623 521 2681 silium
554 2627 691 2697 egit.
723 2614 876 2681 Cum
901 2623 1260 2697 stipendium
1323 2621 1564 2694 Eulogio
1613 2621 1967 2696 philosopho
2075 2614 2906 2689 admirabatur,laudibusque
2937 2620 3207 2687 ornabat,
3230 2625 3408 2692 atque
3431 2628 3497 2676 ut
3513 2639 3734 2695 magno

321 2714 448 2770 dari
473 2715 777 2784 jussisset,
807 2720 866 2768 et
924 2715 1165 2785 quidam
1226 2731 1295 2768 ex
1348 2713 1640 2768 eunuchis
1698 2697 1966 2779 dixis‘s‘e—t,
2075 2707 2357 2778 scphistm
2391 2709 2708 2764 l’roaaresio
2741 2727 2893 2782 aegre
2923 2710 3166 2782 faceret,
3201 2711 3367 2767 illum
3400 2713 3538 2768 huic
3568 2732 3728 2784 pra:-

321 2805 476 2858 hanc
505 2804 906 2874 pecuniamin
933 2801 1965 2873 militesimpendendam:Utinam.
2073 2793 2320 2850 ferebat.
2355 2798 2605 2852 Aeacius
2655 2797 2854 2869 igitur,
2916 2800 3202 2870 sophista,
3260 2799 3494 2856 dicendi
3550 2803 3723 2858 valde

321 2894 530 2964 inquit,
567 2899 736 2948 astate
767 2910 901 2948 mea
931 2894 1252 2965 contingat,
1284 2899 1350 2946 ut
1381 2891 1678 2962 stipendia
1707 2891 1966 2946 militum
2071 2885 2320 2956 peritus,
2354 2890 2413 2940 et
2450 2887 2798 2953 Tuscianus,
2844 2889 3058 2960 Phryx,
3119 2888 3250 2944 ideo
3299 2907 3433 2944 eum
3484 2908 3728 2964 semper

316 2983 379 3036 in
418 2983 694 3038 doctores
750 2981 1184 3039 conferantur?
1238 2982 1381 3053 Ejus
1438 2980 1810 3052 temporibus
1853 2979 1967 3035 fuit
2073 2974 2416 3046 culpabant,
2454 2975 2700 3047 ejusque
2724 2977 3022 3048 judicium
3053 2979 3592 3050 raprehendebant.

316 3072 566 3128 Aeacius
599 3071 956 3143 patriarcha.
2144 3064 2344 3132 Linus,
2379 3064 2809 3133 Chalcidensis,
2852 3067 3137 3137 Apollinis
3193 3073 3253 3123 et
3299 3070 3724 3140 Terpsichores

309 3219 314 3222 _
391 3162 695 3232 Leogoras,
730 3165 896 3232 pater
926 3158 1268 3227 Andocidis,
1303 3158 1577 3214 oratoris.
2001 3171 2044 3238 ρ
2072 3153 2156 3222 F.,
2189 3153 2301 3222 vel,
2334 3159 2402 3208 ut
2431 3153 2554 3222 alii,
2588 3155 2953 3226 Amphimari
2988 3161 3044 3212 ct
3075 3158 3330 3224 Uraniae,
3363 3159 3451 3213 vel
3485 3160 3725 3215 Urania)

389 3252 636 3320 Leonas,
671 3250 954 3321 scphista,
988 3249 1229 3304 natione
1259 3250 1520 3316 Isauras,
1580 3247 1832 3302 celebris
1863 3247 1954 3302 in-
2073 3247 2130 3298 et
2159 3245 2452 3300 Mercurii.
2490 3244 2592 3300 llic
2633 3245 2860 3316 primus
2921 3264 2988 3301 ex
3029 3248 3331 3303 thnicia
3379 3247 3611 3305 litteras
3657 3252 3722 3306 in

317 3345 405 3394 ter
427 3339 693 3410 ejusdem
716 3339 861 3393 artis
883 3337 1248 3409 professores
1269 3336 1660 3403 Alexandriae,
1687 3337 1787 3408 qui
1811 3339 1955 3391 Pro-
2071 3334 2354 3389 Graeciam
2390 3334 2688 3402 intulisse,
2714 3336 3147 3408 Herculemque
3170 3337 3396 3394 litteras
3421 3339 3721 3409 docuisse,

315 3428 474 3483 clum
507 3443 625 3482 non
659 3426 853 3481 solum
888 3426 1242 3481 eruditionis
1275 3442 1394 3481 suae
1419 3426 1773 3498 participem
1793 3425 1956 3494 fecit,
2071 3428 2128 3477 et
2157 3424 2440 3478 carminis
2471 3423 2642 3496 lyrici
2673 3425 2905 3496 primus
2937 3431 3143 3482 auctor
3171 3427 3354 3483 fuisse
3384 3427 3592 3484 fertur.

315 3517 416 3572 sed
448 3523 506 3571 et
533 3516 1026 3572 contubernalem
1083 3517 1310 3584 ascivit,
1363 3522 1423 3572 et
1469 3533 1607 3571 cum
1656 3532 1837 3571 uxore
1879 3515 1955 3570 li-
2142 3513 2318 3568 Linus
2343 3514 2515 3582 alter,
2547 3514 2883 3584 Thebanus,
2907 3516 3136 3588 junior,
3170 3517 3583 3590 philosophus.

312 3607 590 3678 berisque
621 3608 744 3663 suis
777 3613 894 3662 tam
928 3607 1304 3662 familiariter
1333 3607 1528 3662 vivere
1569 3607 1774 3678 jussit,
1806 3623 1874 3662 ac
1905 3607 1954 3662 si

308 3712 627 3766 germanus
651 3697 837 3766 ipsius
869 3696 1026 3751 ﬁlius
1061 3701 1234 3751 esset.
1270 3696 1433 3750 Idem
1457 3696 1674 3760 effecit,
1708 3696 1957 3767 utprin-

311 3783 544 3854 cipibus
577 3784 637 3837 in
668 3786 908 3856 Egypto
941 3785 1082 3838 viris
1115 3785 1536 3839 innotesceret.

383 3873 684 3942 Leontius,
743 3873 996 3944 Tripolis
1055 3873 1248 3945 Lydia)
1310 3879 1573 3945 tempore
1625 3873 1953 3929 Constantii

311 3962 645 4034 episcopus,
690 3978 868 4033 quem
926 3961 1354 4034 Philostorgius
1411 3961 1614 4016 laudat
1670 3967 1954 4033 tanquam

307 4053 765 4124 approbatorem
788 4052 1020 4107 Arianae
1048 4069 1169 4108 suae
1195 4051 1470 4107 vesaniae.
1493 4050 1704 4104 Κανόνα
1725 4047 1771 4103 δ’
1793 4048 1950 4104 αὐτὸν

305 4130 534 4187 ἐκάλουν
594 4137 693 4202 τῆς
749 4129 1105 4202 Ἐκκλησίας,
1163 4133 1322 4187 hunc
1377 4132 1636 4188 Ecclesia
1691 4132 1954 4201 Regulam

307 4223 618 4294 vocabant,
650 4228 762 4278 etc.

2141 3603 2338 3672 Linus,
2371 3621 2558 3677 genus
2589 3606 2820 3678 hymni,
2852 3612 2918 3662 ut
2947 3625 3142 3680 paaan.
3183 3610 3349 3664 Conf.
3383 3611 3623 3667 Kuster.
3652 3613 3696 3666 H
3716 3656 3737 3685 ,

2067 3709 2203 3765 pag.
2245 3695 2369 3761 449,
2400 3701 2523 3750 not.
2557 3697 2610 3752 3.

2146 3783 2454 3854 Lityerses,
2489 3801 2676 3856 genus
2706 3787 3002 3842 cantionis
3035 3788 3361 3857 messoria),
3389 3805 3422 3843 a
3453 3791 3720 3860 Lityerso

2069 3871 2234 3926 Midae
2269 3873 2349 3939 F.,
2383 3890 2560 3943 quem
2593 3876 2874 3933 Hercules
2903 3877 3161 3934 sustulit.
3194 3878 3359 3934 Conf.
3415 3878 3609 3934 Schol.
3647 3880 3724 3936 ad

2067 3961 2362 4016 Theocrit.
2397 3964 2470 4030 Χ,
2502 3966 2590 4019 41.

2141 4048 2318 4124 Λόγια
2375 4053 2636 4123 oracula,
2689 4071 2820 4126 quae
2878 4057 3145 4112 oratione
3207 4063 3498 4130 concepta
3556 4065 3718 4127 sunt,

2067 4139 2342 4214 χρησμοὶ,
2369 4143 2659 4199 versibus.

2140 4228 2516 4307 Λογογράφος,
2549 4247 2864 4289 causarum
2891 4235 2982 4290 vel
3011 4237 3350 4292 orationum
3381 4237 3711 4294 forensium

379 4313 677 4381 Leontius,
713 4310 1635 4383 Antiochenusepisc.,seipsum
1669 4311 1950 4382 exsecuit,
2067 4317 2340 4389 scriptor.
2395 4321 2702 4390 Λογοποιός
2757 4340 2863 4395 pro
2920 4324 3201 4382 historico
3258 4331 3581 4398 usurpatur
3635 4327 3708 4382 ab

306 4401 394 4454 vir
432 4407 644 4459 caetera
677 4419 912 4474 quoque
943 4401 1259 4473 profanus:
1295 4405 1360 4455 ut
1386 4406 1444 4455 et
1473 4401 1698 4468 Aetius,
1759 4402 1952 4456 Euno-
2066 4406 2324 4461 Isocrate
2358 4413 2416 4463 et
2447 4409 2758 4467 Herodoto.
2791 4413 2883 4468 Sic
2915 4414 3092 4469 etiam
3145 4419 3392 4471 vocatur
3440 4417 3712 4472 inventor

305 4490 408 4544 mii
441 4492 741 4564 magister,
771 4492 872 4562 qui
897 4491 1018 4546 Arii
1050 4490 1483 4562 blasphemiam
1526 4489 1650 4545 suis
1709 4491 1952 4562 argutiis
1981 4533 2028 4600 Β
2065 4495 2403 4552 fabularum
2439 4503 2497 4554 et
2525 4499 2926 4573 apologorum.

305 4577 570 4634 adauxit.
1981 4577 2028 4600 "
2133 4585 2458 4655 Lollianus,
2516 4589 2826 4661 Ephesius,
2908 4593 3198 4665 sophista,
3275 4596 3404 4650 Isaei
3480 4595 3708 4666 Assyrii

379 4667 680 4722 Leontius.
709 4671 779 4723 Et
799 4670 896 4724 hic
924 4669 1258 4726 Antiochiae
1281 4669 1954 4736 fuithzereticus,contra
2061 4675 2410 4746 discipulus,
2453 4678 2695 4734 Adriani
2762 4679 3008 4738 Caasaris
3067 4685 3437 4757 temporibus
3493 4685 3602 4739 fuit
3649 4689 3713 4739 et

303 4773 481 4826 quem
511 4757 756 4812 Photius
785 4759 1127 4828 patriarcha
1157 4759 1417 4830 scripsit.
1453 4759 1556 4813 Hic
1597 4758 1668 4813 de
1703 4759 1953 4814 homou-
2059 4764 2250 4820 multa
2281 4766 2538 4837 scripsit.

301 4846 392 4937 sio
405 4845 740 4937 disputavit
770 4863 904 4937 cum
935 4848 1232 4918 Flaviano,
1256 4847 1504 4904 audacia
1525 4854 1583 4903 et
1603 4847 1951 4920 blasphema
2132 4855 2428 4928 Longinus
2446 4856 3435 4936 Cassius,philosophus,Porphyrii
3454 4863 3713 4937 philoso-

301 4931 696 4990 deliramenta
720 4935 1049 5007 proferens.
2058 4945 2158 5015 phi
2188 4945 2492 5018 magister,
2528 4948 2620 5002 vir
2659 4964 2870 5022 magna
2907 4931 3181 5007 doctrina
3211 4931 3706 5027 acrique—judicio

373 5023 671 5090 Leontius,
707 5025 1056 5092 monachus,
1093 5025 1200 5079 sub
1230 5027 1464 5081 Zenone
1493 5025 1652 5081 vixit.
1683 5027 1786 5082 Hic
1812 5043 1947 5082 cum
2058 5034 2363 5106 praeditus.
2399 5035 2554 5090 Vixit
2574 5038 2683 5092 sub
2700 5038 3011 5096 Aureliano
3036 5041 3180 5114 imp.
3216 5048 3274 5098 et
3296 5023 3372 5098 ab
3395 5061 3463 5098 eo
3477 5023 3708 5099 occisus

300 5111 647 5206 prophetica
676 5113 866 5206 gratia
893 5112 1174 5206 obscuros
1203 5113 1524 5206 Scriptura:
1555 5114 1719 5206 locos
1749 5115 1946 5206 decla-
2061 5129 2172 5190 est,
2200 5124 2359 5196 quod
2399 5142 2532 5181 cum
2554 5127 2809 5184 Zenobia
2833 5129 3083 5187 Odenati
3107 5111 3288 5187 uxore
3314 5135 3704 5206 conspiraret.

300 5206 479 5270 raret,
513 5201 735 5256 multos
766 5203 920 5258 viros
965 5201 1154 5258 bonos
1203 5201 1431 5268 habuit,
1483 5203 1584 5272 qui
1634 5204 1707 5258 ad
1752 5205 1946 5276 ipsum
2059 5213 2747 5284 Scripsituneoratione
2767 5201 3704 5286 contraPhidiam‘;Dubitationes

297 5290 644 5362 frequenter
676 5291 1056 5358 accedebant,
1093 5297 1204 5349 etc.
2057 5323 2084 5352 «
2110 5302 2480 5372 Homericas;
2508 5306 2588 5359 An
2613 5305 2896 5364 Homerus
2916 5307 3702 5381 fueritphilosophus?Pro-

372 5381 700 5450 Lesbonax,
757 5381 1148 5454 Mytilenaeus,
1197 5381 1615 5454 philosophus,
1657 5383 1756 5452 qui
1806 5383 1948 5439 vixit
2057 5413 2084 5442 «
2111 5391 2370 5448 blemata
2426 5393 2739 5450 Homerica
2780 5403 2841 5453 et
2867 5395 3200 5454 Solutiones
3231 5398 3401 5454 libris
3427 5399 3701 5468 duobus;

297 5472 545 5561 Augusti
577 5472 968 5545 temporibus,
997 5477 1167 5544 pater
1188 5472 1551 5540 Polamonis,
1579 5469 1944 5543 philosophi.
2056 5481 2381 5546 «Quaenam
2403 5487 2611 5538 contra
2633 5483 2814 5540 ﬁdem
2839 5487 3099 5542 historiae
3122 5488 3701 5561 tanquamhistorica

298 5559 548 5650 Scripsit
578 5563 868 5635 plurimos
898 5561 1084 5617 libros
1117 5561 1586 5632 philosophicas.
2055 5573 2869 5643 «enarrentgrammatici;De
2887 5559 3701 5650 vocabuli,s,apudHomerum

371 5645 598 5720 Λίσχαι.
632 5653 946 5710 Cleanthes
975 5651 1137 5721 dicit,
1165 5651 1415 5708 Leschas
1436 5650 1696 5724 Apollini
1717 5651 1944 5711 dicatas
2057 5679 2078 5708 ι
2097 5658 2316 5716 multas
2331 5645 3468 5734 significationeshabentibuslibroslv;
3486 5667 3704 5724 Attico-
