4070 6196
299 397 458 458 {289

1615 405 1719 464 DE
1762 404 2050 475 QUIBUS
2097 404 2382 467 SUIDAS

3565 418 3589 477 Ι
3602 419 3720 481 290

304 574 475 613 crum
507 557 926 613 vocabulorum
977 559 1270 616 editiones
1303 560 1470 631 duas,
1506 563 1831 619 secundum
1863 580 1957 618 or-
1987 566 2040 631 Α
2142 566 2507 638 Lycophron,
2533 568 2938 625 Chalcidensis
2955 587 3026 625 ex
3046 571 3284 638 Eubaa,
3318 572 3476 630 filius
3510 576 3715 647 Soclis,

297 671 325 698 «
352 647 553 703 dinem
586 646 920 703 litterarum
951 648 1248 721 digestas;
1281 652 1487 707 vocula
1532 652 1870 708 Antimachi
1903 657 1961 707 et

299 760 327 788 «
357 736 761 801 Heracleonis,
798 759 825 785 »
858 743 917 791 et
943 738 1060 793 alia
1089 739 1299 795 multa.

372 829 574 885 Lucas.
609 826 987 898 evangelista,
1027 828 1229 883 titulos
1260 829 1442 885 habet
1471 830 1960 902 LXXXIII,capita

298 917 675 970 CCCXLVIII.

369 1005 1141 1074 Lucianus,Samosatensis,
1159 1007 1496 1079 Blasphemi
1528 1008 1617 1063 vel
1640 1009 1958 1080 Dysphemi

294 1110 623 1166 cognomen
658 1094 812 1160 tulit,
846 1094 940 1149 vel
970 1096 1143 1150 Athei
1174 1097 1391 1167 potius,
1418 1097 1575 1167 quod
1607 1098 1669 1151 in
1700 1098 1959 1170 Dialogis

296 1184 418 1239 suis
449 1200 519 1239 ea
549 1200 681 1254 qua
711 1183 784 1238 de
816 1183 931 1238 diis
960 1184 1258 1252 dicuntur,
1295 1190 1360 1239 ut
1388 1184 1641 1240 ridicula
1681 1186 1953 1257 exagitat.

294 1274 503 1327 Fertur
533 1272 640 1326 sub
672 1273 923 1344 Trajano
952 1274 1094 1344 imp.
1130 1278 1188 1328 et
1245 1279 1381 1328 ante
1416 1274 1647 1329 vixisse.
1692 1275 1958 1329 Primum

296 1363 628 1417 Antiochia
660 1363 720 1417 in
754 1363 922 1435 Syria
951 1363 1306 1430 causidicus,
1344 1369 1403 1418 et
1432 1380 1566 1418 cum
1610 1364 1722 1420 hoc
1753 1365 1804 1418 ei
1836 1380 1957 1419 non

293 1452 445 1507 bene
477 1453 734 1519 cederet,
767 1452 841 1508 ad
868 1452 1253 1508 scribendum
1278 1469 1340 1507 se
1362 1453 1617 1508 contulit
1638 1459 1696 1507 et
1725 1454 1959 1508 infinita

295 1543 612 1614 scripsit.A
643 1542 889 1597 canibus
921 1542 1279 1598 dilaceratus
1303 1542 1491 1597 fertur
1519 1543 1954 1614 homoimpius.

296 1633 397 1704 qui
433 1633 648 1706 lingua
681 1650 802 1687 sua
836 1633 996 1687 rabie
1042 1633 1231 1704 ipsam
1272 1633 1577 1687 veritatem
1635 1633 1957 1688 insectatus

292 1722 424 1778 fuit.
462 1724 605 1777 Nam
664 1722 726 1775 in
788 1722 1090 1793 Peregrini
1122 1722 1252 1777 Vita
1304 1721 1699 1777 Christianam
1722 1722 1954 1794 religio-

293 1828 432 1867 nem
457 1810 822 1883 perstringit,
859 1817 917 1865 et
972 1811 1084 1881 ipsi
1135 1811 1365 1866 Christo
1426 1810 1730 1866 maledicit
1779 1812 1954 1865 homo

295 1901 805 1956 sceleratissimus.
841 1900 1236 1965 Quamobrem
1269 1905 1328 1954 et
1356 1900 1418 1954 in
1466 1900 1577 1955 hac
1607 1901 1723 1955 vita
1745 1901 1942 1972 justas
1984 1920 2032 1985 Β

293 1991 513 2046 furoris
538 1990 628 2045 sui
660 2006 864 2062 panas
914 1990 1097 2055 dedit,
1129 1995 1188 2045 et
1214 1990 1276 2045 in
1328 1988 1527 2044 futura
1558 1989 1711 2061 ignis
1742 1990 1949 2045 aterni

294 2097 429 2137 cum
452 2080 669 2135 Satana
699 2080 890 2135 hares
924 2080 1056 2134 erit.

366 2169 679 2235 Lucianus,
714 2174 957 2241 martyr,
994 2170 1081 2222 vir
1130 2168 1369 2238 nobilis,
1400 2172 1592 2242 prima
1623 2175 1793 2225 atate
1830 2172 1950 2225 Ma-

289 2260 769 2326 carii,sacrorum
801 2258 1108 2313 Librorum
1140 2258 1951 2329 interpretis,consuetudine

288 2348 524 2402 Edessa
556 2364 719 2413 usus,
753 2346 969 2402 deinde
1000 2347 1071 2402 ad
1100 2347 1277 2402 vitam
1317 2348 1644 2403 solitariam
1675 2348 1944 2402 animum

290 2437 530 2508 adjecit.
567 2436 654 2491 Ad
678 2436 1073 2491 sacerdotium
1099 2437 1237 2492 hinc
1259 2437 1953 2508 processit,etpresbyter

289 2526 617 2580 Antiochia
648 2525 837 2580 factus
869 2541 1144 2595 magnam
1176 2525 1444 2581 scholam
1502 2526 1628 2581 illic
1658 2527 1938 2581 instituit.

294 2617 397 2671 Hic
430 2632 564 2670 cum
595 2615 1132 2682 animadvertisset,
1166 2616 1226 2669 in
1287 2632 1488 2671 sacros
1546 2615 1731 2670 libros
1763 2615 1951 2671 multa

289 2704 627 2760 adulterina
647 2704 979 2775 irrepsisse,
1004 2709 1130 2758 tum
1160 2704 1334 2775 longo
1366 2710 1632 2776 tempore
1663 2709 1722 2759 et
1742 2705 1952 2760 crebra

290 2794 771 2865 transcriptione,
808 2799 932 2848 tum
957 2792 1117 2864 quod
1142 2794 1374 2865 profani
1409 2794 1651 2865 quidam
1674 2795 1949 2848 homines

296 2889 629 2955 pervertere
662 2882 953 2938 nonnulla
1010 2882 1137 2937 ausi
1198 2889 1418 2951 essent,
1469 2884 1593 2955 ipse
1646 2899 1855 2938 omnes
1879 2900 1949 2938 ex

287 2975 493 3045 lingua
520 2972 824 3040 Hebraica,
859 2988 1036 3042 quam
1062 2977 1334 3029 accurate
1375 2972 1649 3039 callebat,
1682 2974 1744 3027 in
1794 2973 1950 3027 inte-

286 3079 454 3135 grum
486 3062 766 3127 restituit,
799 3061 1243 3132 plurimumque
1285 3061 1550 3117 laborem
1612 3062 1672 3116 in
1730 3077 1938 3116 eorum

288 3151 768 3207 emendationem
800 3149 1196 3218 contulit,etc.
1220 3150 1511 3221 Epistolas
1544 3151 1723 3205 etiam
1740 3149 1945 3216 edidit,

289 3240 495 3310 utique
524 3238 1065 3309 prastantissimas,
1101 3255 1170 3293 ex
1225 3239 1439 3309 quibus
1487 3239 1659 3293 facile
1694 3244 1944 3305 constat,

293 3328 485 3400 qualis
514 3327 692 3382 fuerit
720 3327 828 3381 viri
861 3327 1038 3397 hujus
1069 3327 1139 3381 de
1172 3327 1349 3382 rebus
1380 3327 1593 3382 divinis
1625 3329 1939 3382 sententia.

287 3417 631 3487 Martyrium
660 3415 805 3470 obiit
828 3415 1181 3470 Nicomedia
1212 3416 1274 3471 in
1313 3416 1589 3487 Bithynia
1620 3416 1728 3470 sub
1760 3417 1940 3472 Maxi-

289 3506 512 3561 miano.

360 3594 570 3648 Lucius
598 3592 852 3647 Catilina
887 3593 1255 3648 teterrimum
1313 3593 1544 3648 facinus
1589 3610 1789 3662 ausus,
1823 3598 1933 3647 etc.

285 3683 399 3738 Sed
421 3683 641 3748 Cicero,
695 3682 782 3735 vir
833 3681 1116 3754 singulari
1168 3682 1510 3753 eloquentia
1541 3688 1599 3737 et
1653 3684 1715 3737 in
1746 3683 1948 3751 depre-

290 3772 624 3827 hendendis
650 3771 1050 3827 consiliisnon
1072 3772 1356 3826 mediocri
1387 3771 1943 3843 solertiapraditus,

291 3868 576 3933 praterea
606 3860 667 3914 in
698 3861 875 3915 rebus
896 3861 1085 3915 multo
1113 3866 1249 3916 ante
1276 3861 1709 3932 prospiciendis
1728 3860 1942 3915 acutis-

290 3951 476 4005 simus
508 3966 643 4005 cum
693 3950 823 4021 ejus
880 3951 1355 4021 conjurationem
1405 3952 1796 4021 patefecisset,
1834 3950 1943 4004 ho-

292 4045 561 4110 stemque
591 4039 677 4110 (in
708 4040 936 4108 senatu)
986 4039 1183 4110 ipsum
1239 4039 1621 4108 declarasset,
1654 4038 1804 4095 Urbe
1838 4056 1939 4094 ex-

286 4128 461 4201 pulit.

362 4218 684 4288 Lupercus,
718 4218 1009 4289 Berytius,
1031 4218 1581 4290 grammaticus,qui
1605 4216 1779 4288 paulo
1811 4223 1948 4273 ante

296 4311 571 4377 tempora
601 4305 827 4360 Claudii
862 4306 1107 4361 secundi
1130 4307 1273 4377 imp.
1326 4307 1482 4361 vixit.
1538 4304 1779 4375 Scripsit
1812 4330 1832 4355 α
1869 4308 1947 4362 De

287 4418 315 4445 ι(
338 4394 633 4467 particula
646 4392 705 4446 ἂν
723 4395 906 4449 libros
922 4396 1106 4461 IlI,De
1128 4412 1384 4467 pavone;
1414 4397 1489 4451 De
1509 4394 1945 4465 squilla,pisce;

289 4485 414 4539 «De
438 4482 593 4553 gallo
625 4482 783 4554 apud
811 4484 1139 4539 Platonem.
1174 4483 1388 4552 Κτίσιν,
1418 4488 1527 4541 sive
1549 4483 1820 4555 Origines
1842 4486 1951 4539 Ar-

290 4595 320 4624 «
343 4573 557 4627 sinoeti
588 4574 650 4627 in
674 4575 914 4645 ngypto
932 4590 945 4639 ;
964 4573 1259 4628 Vocabula
1289 4574 1509 4636 Attica;
1546 4573 1739 4627 Artem
1756 4589 1946 4644 gram-

2066 653 2379 726 adoptatus
2401 674 2435 711 a
2466 658 2633 729 Lyco,
2666 660 2949 731 Rhegino,
3006 663 3448 732 grammaticus,
3484 670 3541 719 et
3590 672 3717 723 tra-

2066 745 2231 816 gicus
2262 763 2415 801 unus
2438 748 2508 802 de
2532 748 2781 819 pleiade.
2807 752 2946 822 Ejus
2980 753 3274 824 tragadia
3294 759 3462 808 sunt:
3487 752 3713 826 Αῗολος,

2069 830 2417 906 ’Δνδρομέδα,
2472 836 2747 907 Ἀλήτης,
2809 836 3099 909 Αἰολίδης,
3160 841 3499 917 Ἐλεφήνωρ,
3550 845 3714 918 Ἠρα-

2064 920 2229 993 κλης,
2331 924 2544 992 Ἰκέται,
2622 925 2969 996 Ἱππόλυτος,
3050 928 3435 1001 Κασσανδρεῖς,
3525 932 3718 1004 Λάϊος,

2066 1012 2439 1085 Μαραθώνιοι,
2516 1013 2818 1084 Ναύπλιος,
2852 1014 3116 1078 Οἰδίπους
3174 1019 3240 1088 α’,
3430 1021 3717 1097 Ὀρφανὸς,

2066 1098 2317 1167 Πενθεὺς,
2365 1100 2685 1171 Πελοπίδαι,
2721 1106 3044 1180 Σύμμαχοι,
3073 1104 3411 1181 Τηλέγονος,
3467 1110 3720 1181 Χρύσιπ-

2066 1209 2187 1250 πος.
2228 1192 2308 1245 Ex
2367 1193 2459 1247 his
2516 1194 2814 1264 Nauplium
2866 1197 3246 1253 emendatum
3307 1200 3567 1255 secunda
3596 1203 3718 1256 vice

2066 1278 2281 1333 iterum
2306 1281 2366 1335 in
2400 1298 2576 1337 scena
2606 1283 2890 1340 exhibuit.
2925 1286 3171 1357 Scripsit
3214 1293 3271 1342 et
3311 1289 3716 1358 Alexandrum,

2065 1384 2279 1438 poema
2309 1369 2647 1426 obscurum.

2139 1457 2454 1530 Lycurgus,
2488 1460 2831 1530 Spartanus,
2864 1478 2899 1516 a
2928 1463 3195 1517 Patrocle
3235 1480 3420 1535 genus
3471 1466 3715 1522 ducens.

2065 1545 2385 1618 legislator,
2448 1565 2624 1619 quem
2683 1551 2850 1604 aiunt
2895 1567 2929 1604 a
2985 1552 3173 1615 Creta,
3208 1553 3297 1607 vel
3337 1553 3408 1607 ab
3443 1555 3568 1623 ipso
3602 1556 3718 1609 Deo

2066 1634 2382 1705 (Apolline)
2415 1636 2573 1708 leges
2605 1653 2741 1693 suas
2771 1640 3090 1709 accepisse.
3128 1640 3229 1695 llic
3261 1658 3295 1695 a
3325 1640 3535 1711 Pythia
3564 1643 3718 1697 Deus

2067 1724 2399 1794 appellatus
2430 1731 2537 1794 est,
2572 1732 2683 1779 etc.
2720 1729 2898 1781 Natus
2929 1727 3039 1781 fuit
3088 1735 3289 1783 octavo
3337 1734 3471 1799 post
3519 1730 3718 1800 Troja-

2067 1828 2209 1865 num
2245 1812 2466 1867 bellum
2490 1820 2921 1884 anno,patruus
2954 1816 3511 1887 Charilai,Spartani
3533 1819 3715 1889 regis:

2067 1901 2315 1954 Eunomi
2372 1901 2569 1957 frater.
2630 1903 2934 1973 Spartanis
2974 1904 3285 1975 imperavit
3332 1921 3521 1959 annos
3547 1906 3717 1972 XLII,

2067 2005 2182 2059 quo
2215 1988 2393 2043 etiam
2425 1994 2687 2061 tempore
2728 1991 2885 2062 leges
2940 1992 3096 2060 tulit,
3157 2009 3290 2046 cum
3352 1998 3513 2047 tutor
3561 1999 3719 2048 esset

2063 2078 2261 2132 fratris
2294 2078 2421 2141 filii,
2459 2080 2558 2149 qui
2584 2080 2708 2150 ipse
2741 2097 2978 2151 quoque
3004 2082 3269 2153 regnavit
3298 2098 3488 2137 annos
3520 2084 3714 2151 XVIII,

2062 2171 2118 2220 et
2140 2172 2270 2237 post
2293 2184 2429 2222 eum
2455 2168 2747 2223 Nicander
2767 2185 2955 2223 annos
2978 2168 3213 2225 XLVIII.
3247 2170 3493 2241 Scripsit
3533 2171 3714 2243 leges.

2136 2255 2428 2325 Lycurgus
2474 2257 2876 2328 Lycophronis
2924 2259 3009 2325 F.,
3069 2259 3473 2327 Atheniensis,
3501 2275 3718 2331 genere

2062 2344 2474 2415 Eleobutades,
2504 2362 2657 2401 unus
2715 2363 2785 2401 ex
2841 2347 3048 2402 decem
3110 2349 3469 2414 oratoribus,
3502 2349 3719 2420 quibus

2061 2432 2490 2488 Demosthenes
2522 2435 2701 2489 etiam
2722 2442 3093 2491 accensetur.
3128 2437 3252 2502 Hic,
3288 2437 3402 2491 vita
3435 2438 3563 2492 sine
3598 2439 3717 2491 cri-

2061 2521 2220 2575 mine
2281 2528 2598 2589 transacta,
2655 2524 2860 2577 morbo
2922 2524 3195 2589 decessit,
3265 2525 3489 2579 relictis
3553 2526 3717 2606 filiis,
3770 2566 3807 2569 κ-

2061 2627 2209 2681 quos
2242 2612 2688 2679 Demosthenes,
2718 2617 2921 2681 orator
2962 2612 3163 2681 exsul,
3193 2606 3717 2675 calumniis‘vexa-

2060 2700 2461 2756 tmratione
2512 2700 2809 2759 defendit.
2872 2706 3154 2760 Genuina
3209 2708 3509 2762 orationes
3562 2708 3714 2779 ejus,

2060 2807 2191 2860 qua
2223 2791 2414 2845 adhuc
2438 2794 2953 2863 exstant(80),sunt
2973 2795 3098 2849 ista
3124 2812 3137 2848 :
3160 2820 3177 2843 -
3198 2796 3414 2850 Contra
3431 2798 3715 2870 Aristogi-

2063 2899 2090 2927 ‹‹
2123 2884 2321 2933 tonem
2348 2896 2362 2945 ;
2396 2880 2614 2937 Contra
2647 2884 2996 2954 Autolycum
3026 2885 3281 2950 ;Contra
3328 2886 3669 2941 Leocratem
3699 2905 3713 2953 ;

2063 2969 2310 3023 cContra
2326 2969 2770 3041 Lycophronem
2794 2972 2960 3040 dua;
2984 2973 3201 3028 Contra
3215 2975 3501 3029 Pasicleu;
3528 2992 3542 3042 ;
3567 2977 3715 3031 Con-

2058 3077 2086 3103 ‹‹
2124 3061 2213 3110 tra
2240 3058 2702 3125 Menachmum;
2756 3061 2973 3115 Contra
3031 3061 3394 3127 Demadem;
3427 3063 3717 3135 Apologia

2060 3164 2085 3196 ι
2118 3145 2396 3201 adversus
2428 3148 2702 3202 eumdem
2736 3148 2807 3202 de
2829 3148 3077 3203 redditis
3106 3166 3139 3204 a
3172 3166 3232 3203 se
3257 3151 3589 3205 rationibus
3610 3152 3716 3206 ad-

2054 3255 2081 3282 ‹‹
2118 3235 2468 3290 ministrata
2502 3237 2648 3307 reip.
2683 3254 2695 3303 ;
2730 3236 3021 3291 Adversus
3062 3238 3425 3308 Ischyriam;
3454 3236 3597 3307 Πρὸς
3619 3239 3714 3301 τὰς

2057 3344 2083 3371 ‹‹
2114 3320 2388 3391 μαντείας,
2423 3323 2715 3378 Adversus
2747 3324 3141 3380 divinationes
3168 3346 3181 3391 ;
3216 3327 3295 3379 De
3327 3325 3711 3381 administra-

2057 3432 2081 3462 α
2112 3412 2271 3466 tione
2289 3412 2435 3483 reip.
2465 3430 2478 3478 ;
2510 3414 2587 3467 De
2615 3414 2917 3468 sacerdote
2940 3414 3203 3480 femina;
3240 3416 3317 3469 De
3351 3414 3711 3483 sacerdotio;

2055 3500 2375 3572 «Epistola
2411 3524 2431 3548 ι
2469 3506 2528 3555 et
2556 3502 2675 3557 alia
2705 3501 2998 3573 quadam.

2128 3590 2334 3660 Lycus,
2368 3590 2468 3661 qui
2515 3596 2572 3646 et
2625 3592 2909 3647 Butheras
2962 3592 3154 3648 dictus
3212 3597 3321 3659 est,
3382 3594 3706 3666 Rheginus,

2056 3678 2396 3746 historicus,
2426 3685 2592 3750 pater
2611 3681 2974 3751 (adoptione)
3035 3681 3435 3752 Lycophronis
3485 3683 3711 3755 tragici.

2060 3768 2213 3822 Vixit
2238 3768 2345 3822 sub
2378 3769 2697 3824 Alexandri
2760 3772 2827 3825 M.
2881 3771 3345 3839 successoribus,
3399 3776 3455 3827 et
3505 3788 3539 3826 a
3603 3774 3714 3827 De-

2057 3858 2267 3912 metrio
2302 3858 2585 3913 Phalereo
2630 3858 2864 3914 insidiis
2917 3861 3215 3931 appetitus
3272 3861 3402 3916 fuit.
3461 3861 3712 3933 Scripsit

2060 3948 2374 4002 Historiam
2411 3948 2603 4020 Libya
2636 3954 2694 4003 et
2731 3948 2966 4002 Sicilia.

2132 4032 2295 4089 Λυδοὶ
2330 4034 2642 4109 Μάγνητος,
2675 4038 2882 4092 drama
2937 4038 3240 4109 Magnetis,
3274 4038 3507 4105 comici,
3536 4041 3706 4107 Lydi,

2060 4125 2132 4180 ab
2192 4143 2261 4181 eo
2309 4126 2689 4182 emendatum
2767 4127 2961 4181 denuo
3028 4127 3089 4182 in
3148 4143 3327 4182 scena
3383 4128 3711 4181 exhibitum

2057 4215 2190 4270 fuit.

2132 4305 2415 4375 Lynceus,
2488 4303 2740 4371 Samius,
2826 4304 3267 4375 grammaticus,
3324 4302 3713 4374 Theophrasti

2061 4393 2409 4466 discipulus,
2464 4393 2646 4447 frater
2691 4393 2924 4448 Duridis
2982 4391 3272 4455 historici,
3307 4392 3407 4461 qui
3459 4396 3517 4446 et
3553 4391 3711 4445 Sami

2061 4492 2347 4556 tyrannus
2376 4483 2507 4548 fuit,
2554 4482 2855 4537 Menandri
2888 4481 3097 4536 comici
3139 4480 3405 4550 aqualis,
3442 4497 3617 4551 quem
3648 4481 3710 4535 in

2063 4573 2576 4629 commissionibus
2615 4571 2951 4626 dramatum
3005 4570 3160 4624 vicit.
3223 4571 3287 4623 V.
3349 4571 3580 4639 Kuster,
3637 4571 3709 4639 II,

292 4683 320 4710 «
342 4662 617 4716 maticam
648 4679 660 4728 ;
700 4662 779 4716 De
807 4661 1123 4733 generibus
1181 4659 1548 4728 masculinis,
1596 4660 1837 4715 feminis
1884 4667 1945 4716 et
1974 4648 2021 4711 D
2052 4680 2181 4735 pag.
2208 4664 2332 4717 465.

291 4772 320 4799 ‹‹
339 4751 565 4805 neutris
589 4750 771 4805 libros
788 4750 935 4819 XIII,
957 4772 984 4798 ›ε
1010 4751 1070 4805 in
1092 4752 1306 4821 quibus
1330 4748 1515 4807 multa
1534 4750 1753 4805 rectius
1767 4750 1948 4806 tradit

293 4855 472 4910 quam
506 4840 895 4894 Herodianus.

2130 4753 2348 4823 Lysias,
2384 4749 2623 4822 Cephali
2656 4749 2835 4818 ﬁlius,
2897 4750 3322 4819 Syracusanus,
3380 4748 3707 4819 discipulus

2054 4842 2223 4896 Tisia
2255 4847 2314 4896 et
2343 4840 2535 4905 Nisia,
2569 4854 2724 4892 unus
2756 4837 3043 4891 exdecem
3067 4837 3712 4893 oratoribus.Natusest

364 4930 548 4999 Lycis,
583 4930 685 4999 qui
719 4934 777 4982 et
803 4930 1008 4999 Lycus.
1066 4928 1138 4983 ab
1187 4927 1596 4997 Aristophane,
1648 4935 1715 4982 ut
1768 4934 1944 4999 poeta
2052 4931 2319 4995 Athenis,
2364 4944 2478 4999 quo
2545 4934 2711 4998 pater
2766 4926 3134 4998 migraverat,
3194 4926 3473 4997 idemQue
3552 4943 3708 4981 anno

289 5018 558 5091 frigidus,
592 5017 1031 5090 perstringitur.
1066 5017 1455 5091 Phrynichus,
1490 5018 1655 5088 Lycis
1689 5023 1747 5071 et
1774 5019 1936 5072 Ami-

290 5106 447 5178 psias
481 5112 602 5160 tres
625 5105 835 5160 comici
854 5105 1225 5162 habebantur
1255 5103 1936 5175 subfrigidi.Phrynichus

290 5201 351 5255 in
384 5193 693 5252 comadiis
716 5195 1015 5249 auditores
1044 5196 1392 5267 plerumque
1424 5195 1598 5250 tadio
1623 5195 1938 5251 afficiebat.

288 5285 453 5340 Idem
486 5301 520 5339 a
552 5283 793 5338 comicis
824 5284 1003 5339 etiam
1026 5283 1554 5357 perstringebatur,
1587 5290 1651 5339 ut
1673 5286 1940 5356 peregri-

290 5394 403 5433 nus
431 5376 505 5431 ob
543 5373 696 5428 mala
721 5381 995 5446 poemata
1051 5383 1110 5432 et
1156 5373 1254 5443 qui
1313 5391 1348 5429 a
1403 5375 1705 5446 proposito
1741 5374 1940 5429 aliena

290 5466 615 5529 diceret,et
638 5463 868 5518 insuavi
900 5472 1087 5520 metro
1119 5466 1176 5517 in
1211 5463 1574 5518 carminibus
1606 5463 1936 5520 scribendis

288 5558 578 5612 uteretur.
614 5553 876 5607 Fuerunt
903 5559 961 5609 et
978 5554 1078 5610 alii
1102 5557 1219 5605 tres
1238 5552 1583 5624 Phrynichi'

358 5732 475 5810 (80)
507 5732 587 5788 De
621 5688 816 5788 Suida
845 5730 1209 5805 temporibus
1237 5730 1521 5805 intelligo.

624 5849 886 5914 ΡΑΤιιοι.
936 5855 1048 5911 Gn.
1096 5850 1327 5913 CXVII.

2052 5021 2241 5075 atatis
2263 5018 2492 5072 decimo
2526 5017 2733 5087 quinto
2766 5033 2899 5071 cum
2932 5016 3162 5070 duobus
3223 5015 3505 5071 fratribus
3558 5018 3705 5071 Thu-

2051 5110 2171 5163 rios
2204 5108 2263 5161 in
2296 5107 2594 5161 coloniam
2642 5106 2943 5176 profectus
2977 5110 3085 5159 est.
3124 5106 3333 5159 Postea
3380 5122 3538 5169 vero,
3572 5122 3709 5159 cum

2051 5197 2318 5269 partibus
2346 5197 2799 5251 Atheniensium
2825 5195 3007 5249 nimis
3041 5195 3481 5260 studeret,inde
3502 5195 3708 5266 pulsus

2051 5286 2311 5341 Athenas
2341 5285 2519 5340 rediit
2538 5302 2693 5339 anno
2726 5285 2917 5339 atatis
2965 5283 3177 5339 XLVII.
3240 5288 3526 5341 Orationes
3577 5284 3707 5354 ejus

2050 5374 2325 5446 genuina
2356 5374 2747 5444 perhibentur
2796 5389 2924 5427 esse
2984 5369 3140 5426 ultra
3195 5373 3341 5437 CCC,
3389 5378 3447 5427 et
3495 5375 3708 5440 prater

2051 5479 2149 5519 eas
2175 5463 2326 5531 alia,
2355 5463 2426 5516 de
2457 5461 2671 5532 quibus
2702 5462 3042 5533 ambigitur.
3086 5461 3370 5515 Dictionis
3421 5460 3547 5529 ejus
3595 5475 3705 5527 pu-

2047 5552 2285 5608 ritatem
2309 5567 2488 5605 nemo
2512 5550 2777 5605 imitatus
2808 5555 2899 5604 est
2928 5555 3145 5620 prater
3175 5553 3514 5604 Isocratem.
3550 5545 3701 5599 Scri-

3300 5845 3374 5907 41
