4070 6196
418 387 569 448 1201

1738 378 1976 442 INDEX
2021 377 2523 445 SCRIPTORUM

3663 385 3808 447 1392

411 523 532 595 psit
560 522 738 579 etiam
765 521 956 576 Artem
988 520 1292 574 oratoriam
1340 523 1399 574 et
1451 513 1786 590 Δημγορίας,
1819 515 2047 572 Concio-

2172 515 2476 588 Magnetis,
2507 509 2880 589 Βαρϐατιστὰς
2934 520 2993 572 et
3046 515 3322 589 Ὀρνιθας.
3371 516 3618 589 Scripsit
3639 521 3802 578 etiam

411 628 524 680 nes,
582 611 845 681 itemque
901 611 1168 664 Encomia
1223 612 1282 661 et
1359 607 1652 663 Orationes
1703 604 1961 679 funebres
2006 607 2065 657 et

410 701 693 771 Epistolas
732 700 852 763 V11,
904 713 1082 752 unam
1140 696 1586 768 pragmaticam,
1619 694 1882 765 reliquas
1926 709 2060 747 vero

411 790 749 859 amatorias,
802 802 1052 858 quarum
1106 786 1370 857 quinque
1421 790 1560 840 sunt
1605 784 1678 840 ad
1718 783 2061 838 adolescen-

411 879 586 934 tulos.

481 967 886 1040 Lysimachus,
939 965 1110 1036 cujus
1186 964 1462 1019 meminit
1520 963 1946 1018 Demosthenes
1996 962 2060 1017 in

409 1057 687 1114 Oratione
719 1055 791 1110 de
841 1054 1344 1119 immunitatibus,
1402 1058 1528 1108 erat
1586 1051 1861 1108 Aristidis
1913 1051 2060 1106 Iusti

408 1146 608 1212 filius;
641 1151 701 1201 at
738 1144 1140 1216 Lysimachus,
1195 1143 1366 1214 cujus
1423 1143 1698 1198 meminit
1743 1143 2058 1212 Lycurgus,

406 1240 534 1290 erat
562 1235 694 1289 vilis
723 1239 897 1306 poeta
926 1232 1195 1287 melicus.

479 1324 787 1395 Lysippus.
824 1338 892 1375 ex
922 1321 1091 1390 cujus
1131 1319 1496 1375 dramatibus
1555 1324 1692 1374 sunt
1732 1318 1963 1392 Βάκχαι,
1996 1323 2064 1372 ut

405 1411 680 1467 meminit
709 1409 1028 1463 Athenaeus
1059 1407 1136 1461 III
1195 1413 1254 1463 et
1283 1409 1404 1462 VIII
1437 1407 1878 1479 Dipnosophist.
1911 1407 2063 1461 Sunt

404 1507 462 1555 et
489 1499 620 1556 aliae
647 1500 776 1570 ejus
806 1495 1131 1563 commdiee,
1166 1502 1232 1551 ut
1261 1495 1630 1569 Θυρσοκόμος.

1201 1587 1252 1639 Μ

473 1675 708 1730 Macarii
748 1674 863 1729 duo
897 1672 1062 1728 fuere
1093 1673 1360 1729 celebres
1388 1672 1460 1727 ob
1493 1673 1917 1728 abstinentiam
1937 1689 2061 1727 mo-

404 1779 624 1833 resque
649 1770 703 1818 et
734 1762 808 1816 ob
834 1761 1144 1816 miracula.
1181 1761 1347 1816 Alter
1375 1768 1503 1816 erat
1529 1762 1852 1834 Egyptius,
1884 1761 2054 1827 alter,

2169 600 2376 665 Λυδοὺς
2409 607 2620 677 (Supra
2649 606 2811 678 Lydi)
2846 611 2905 662 et
2940 607 3129 670 Ψῆνας
3163 611 3221 660 et
3262 606 3600 681 Βατράχους.
3629 610 3802 668 Genus

2168 699 2368 749 autem
2400 696 2616 752 coloris
2647 703 2735 752 est
2763 696 3095 770 Βατράχιον,
3130 713 3245 767 quo
3277 697 3799 756 histrionesfaciem

2167 783 2502 852 illinebant,
2562 791 2884 858 antequam
2960 786 3253 842 larvarum
3331 804 3473 843 usus
3553 795 3798 861 repertus

2167 878 2342 928 esset.

2238 965 2499 1035 Magnus,
2533 965 2618 1018 vir
2661 965 3019 1035 Smyrnaaus,
3080 965 3245 1036 poesi
3305 971 3362 1021 et
3416 966 3640 1022 musica
3690 974 3797 1023 arte

2167 1051 2438 1124 insignis,
2469 1053 2747 1125 idemque
2797 1055 2988 1110 forma
3029 1055 3281 1127 egregia,
3312 1055 3493 1110 urbes
3539 1056 3798 1111 circuibat

2167 1147 2225 1196 et
2254 1143 2520 1198 carmina
2572 1161 2679 1199 sua
2728 1144 2965 1216 publice
3015 1145 3322 1201 recitabat.
3379 1147 3568 1217 Hujus
3618 1164 3793 1203 amore

2166 1235 2290 1285 tum
2323 1232 2422 1286 alii
2450 1233 2648 1300 multi,
2678 1239 2803 1288 tum
2833 1237 3017 1306 Gyges
3048 1235 3306 1290 maxime
3337 1235 3602 1300 ardebat,
3633 1245 3730 1293 etc.

2255 1320 2438 1376 Malor
2484 1320 2746 1396 (Μαίωρ),
2794 1323 3065 1390 Arabius,
3115 1324 3412 1395 Sophiste,
3465 1327 3692 1396 scripsit
3731 1329 3792 1381 De

2163 1413 2395 1468 statibus
2475 1429 2764 1469 causarum
2830 1414 2998 1470 libros
3073 1415 3224 1470 XIII.
3325 1415 3490 1471 Idem
3573 1418 3790 1488 aequalis

2163 1502 2403 1574 Apsinaa
2434 1507 2492 1558 et
2519 1505 2815 1576 Nicagoraa
2847 1504 2958 1560 sub
2989 1505 3286 1576 Philippo,
3347 1507 3714 1578 imperatore,
3743 1512 3793 1563 et

2163 1598 2321 1650 ante.

2235 1683 2523 1752 Malcbus,
2557 1685 2886 1756 Byzantius,
2921 1685 3214 1757 Sophista.
3249 1686 3499 1758 Scripsit
3517 1690 3788 1742 Historiam

2162 1771 2236 1826 ab
2268 1773 2521 1844 imperio
2555 1775 2925 1830 Constantini
2958 1791 3145 1845 usque
3175 1775 3250 1830 ad
3280 1776 3669 1844 Anastasium,
3736 1777 3786 1831 in

401 1850 867 1917 Alexandrinus;
889 1849 950 1903 in
979 1849 1089 1903 hoc
1120 1865 1239 1903 uno
1272 1849 1646 1921 discrepabat
1675 1849 1747 1904 ab
1768 1849 2047 1921 Egyptio,

2172 1878 2282 1932 qua
2296 1879 2391 1918 res
2426 1870 2620 1936 gestas
2640 1864 2892 1918 Zenonis
2924 1870 2982 1919 et
3011 1863 3278 1920 Basilisci
3324 1870 3386 1919 et
3413 1865 3788 1936 conﬂagratio-

401 1938 558 2010 quod
591 1938 836 1992 hilarior
865 1941 1040 2004 esset,
1075 1942 1134 1991 et
1167 1938 1442 1992 comitate
1492 1937 1746 2008 quadam
1783 1936 2056 2008 juniores

399 2026 474 2081 ad
497 2025 878 2098 disciplinam
913 2025 1306 2080 monasticam
1337 2025 1850 2080 alliceretJlorum
1875 2025 2053 2080 disci-

398 2115 576 2187 pulus
601 2115 903 2187 Evagrius,
933 2115 1033 2184 qui
1093 2115 1354 2185 primum
1389 2131 1424 2168 a
1455 2115 1728 2187 Gregorio
1759 2114 2054 2186 Theologo

397 2206 569 2262 CPoli
601 2205 885 2260 diaconus
915 2203 1630 2275 ordinatus,postmodum
1662 2221 1782 2260 una
1803 2204 2053 2260 cumillo

400 2292 461 2345 in
501 2294 807 2363 Egyptum
866 2290 940 2345 ad
999 2290 1134 2346 illos
1193 2290 1494 2362 profectus
1553 2296 1661 2346 est.
1717 2291 1819 2346 Hic
1872 2290 2055 2345 libros

401 2381 640 2452 scripsit
663 2381 830 2435 valde
863 2380 1062 2447 utiles,
1096 2396 1350 2450 quorum
1399 2397 1557 2434 unus
1608 2381 1905 2435 Monachus
1957 2381 2052 2435 in-

115 2537 120 2541 ι
400 2471 681 2524 scribitur
694 2487 798 2525 seu
827 2470 899 2524 de
923 2469 1132 2524 virtute
1146 2470 1333 2524 activa
1357 2469 1536 2523 :alter
1565 2469 2052 2534 Gnostious,velde

977 2558 1267 2638 gonsequi
1299 2563 1668 2621 meruerunt,
1700 2558 1762 2612 in
1810 2563 2052 2612 centum

399 2653 1108 2726 (quinquaginta)divisus
1136 2643 1349 2721 capita.
1373 2646 2052 2712 TertiusoAntirrheticus

382 2749 592 2798 contra
619 2747 945 2794 tentatores
977 2739 1301 2801 daamones,
1333 2737 1626 2808 capitibus
1670 2743 1800 2791 octo
1835 2753 2047 2791 secun-

383 2831 526 2884 dum
560 2843 879 2883 numerum
911 2832 1043 2882 octo
1078 2825 1521 2898 cogitationum.
1544 2825 2049 2896 Scripsitpraster—

383 2934 456 2972 ea
479 2918 853 2987 Prognostica
879 2914 1235 2986 problemata
1263 2920 1541 2970 sexcenta.
1601 2914 1869 2984 Denique
1928 2933 2046 2967 στι-

392 3005 546 3082 χηρᾶ
580 3006 646 3080 β’,
679 3009 821 3061 duos
854 3004 1032 3060 libros
1055 3006 1095 3060 Α
1101 3005 1538 3075 phorismorum,
1555 3003 1809 3058 alterum
1827 3002 1901 3058 ad
1917 3020 2043 3057 mo-

385 3097 634 3162 nachos,
669 3095 771 3167 qui
803 3095 866 3150 in
899 3093 1184 3150 caanobiis
1217 3093 1457 3165 degunt,
1492 3092 1746 3147 alterum
1778 3091 1852 3147 ad
1870 3091 2044 3164 virgi-

385 3203 548 3255 nem,
570 3191 684 3242 etc.

457 3250 835 3332 Macedonius
893 3273 1246 3330 Novatianos
1302 3270 1593 3343 quosdam
1633 3270 1707 3327 ad
1754 3271 2040 3326 Arianum
2071 3250 2116 3318 C

383 3367 598 3438 dogma
627 3363 935 3437 impellere
957 3368 1206 3419 conatus
1235 3366 1344 3430 est,
1361 3365 1420 3417 et
1448 3361 1733 3432 reliquias
1756 3362 2040 3416 Constan-

385 3456 495 3510 tini
528 3456 590 3511 in
621 3455 807 3510 alium
836 3453 1035 3509 locum
1065 3451 1393 3519 transtulit,
1426 3450 1684 3522 denique
1715 3449 2038 3522 depositus,

383 3551 496 3601 etc.
529 3561 600 3600 ex
634 3543 910 3610 Socratis,
942 3542 1015 3612 II,
1038 3544 1127 3598 38.

455 3632 833 3688 Macedonius
863 3631 1156 3701 alius,qui
1189 3630 1296 3686 sub
1325 3629 1558 3687 Iuliano
1580 3633 1849 3700 apostata
1863 3629 2041 3685 vitam

384 3721 669 3792 martyrio
693 3720 868 3774 ﬁniit.

458 3810 1003 3875 Machaon,nomen
1035 3808 1347 3875 medici,ut
1367 3812 1426 3862 et
1455 3807 2038 3871 Chiron,centaurus.

460 3897 798 3964 Maaonides,
853 3898 1160 3952 Homerus.
1225 3898 1404 3952 Vetus
1445 3896 1844 3967 epigramma:
1897 3894 1961 3950 Et
1994 3892 2042 3949 δ’

385 3985 589 4054 ἑάλως,
615 3982 1109 4059 συγγνωστὸν,ἒπεί
1142 3983 1232 4038 καὶ
1253 3981 1504 4057 κοίρανος
1524 3981 1704 4054 ὕμνων
1739 3980 2039 4047 Μαιονίδας

384 4077 599 4154 γρίφων
624 4068 944 4148 ἰχθυϐόλων
975 4067 1148 4137 ἔθανε.
1183 4096 1212 4124 α
1245 4073 1302 4128 Si
1352 4078 1558 4145 captus
1592 4077 1700 4139 est,
1733 4074 1904 4129 venia
1934 4072 2040 4129 tibi

387 4189 415 4219 ι(
445 4165 641 4222 danda
674 4171 781 4222 est.
819 4165 1103 4234 quoniam
1135 4167 1193 4217 et
1225 4163 1479 4233 principi
1513 4162 1891 4233 hymnorum,
1925 4163 2036 4217 Ho-

390 4277 419 4307 α
448 4271 636 4320 mero,
677 4252 926 4324 aenigma
949 4252 1308 4322 piscatorum
1352 4255 1603 4305 mortem
1635 4251 1849 4305 attulit.
1869 4272 1897 4301 ››

457 4343 666 4416 Magia,
699 4340 990 4396 invocatio
1049 4340 1388 4394 daemonum
1442 4338 1868 4407 beneficorum,
1894 4340 2036 4396 boni

386 4431 639 4502 alicujus
671 4427 971 4485 efﬁciendi
1002 4444 1200 4493 causa,
1224 4431 1360 4490 etc.,
1394 4443 1573 4498 supra
1603 4427 1662 4480 in
1713 4427 1962 4496 Γοητεια.

455 4518 698 4591 Μαγική.
734 4519 897 4572 Hanc
925 4515 1074 4571 Medi
1106 4521 1165 4570 et
1187 4517 1382 4570 Persaa
1414 4515 1792 4570 invenerunt.

455 4607 598 4676 Magi
628 4607 782 4676 apud
805 4608 1016 4660 Persas
1045 4609 1329 4660 vocantur
1359 4603 1696 4675 philosoppi
1754 4611 1813 4659 et
1843 4606 2033 4676 philo-
2070 4609 2114 4673 D

386 4696 528 4760 thei,
555 4711 806 4766 quorum
828 4695 1106 4766 princeps
1138 4694 1248 4748 fuit
1275 4694 1612 4747 Zoroastres
1643 4699 1700 4747 et
1739 4700 1874 4764 post
1903 4711 2037 4749 eum

386 4787 620 4840 Ostanes
655 4789 712 4838 et
737 4784 1202 4855 Astrampsychi.

459 4875 692 4946 Magnes
715 4889 784 4926 ex
819 4871 1026 4935 Icario,
1077 4873 1222 4927 urbe
1280 4873 1509 4940 Atticm,
1569 4872 1852 4940 comicus,
1912 4873 2035 4944 qui,

385 4959 736 5016 adolescens
765 4961 1184 5032 Epicharmum
1218 4975 1422 5015 senem
1453 4959 1664 5032 attigit.
1699 4959 1908 5015 Docuit
1937 4961 2036 5015 Co-

383 5051 633 5108 moedias
662 5050 1039 5118 novem,vicit
1061 5049 1152 5104 bis
1177 5065 1190 5115 ;
1225 5049 1485 5120 antiquae
1515 5049 1818 5104 commdizn
1840 5056 2034 5121 poeta.

384 5139 813 5212 Aristophanes
867 5139 952 5208 (in
1009 5137 1364 5209 Equitibus),
1422 5137 1637 5192 alludit
1701 5137 1776 5194 ad
1831 5139 2037 5196 drama

459 5403 569 5480 (8__i_)
600 5402 813 5480 Kuster
842 5398 905 5480 in
927 5402 1088 5464 nota,
1120 5400 1173 5464 5,
1207 5401 1349 5480 tum.
1384 5398 1744 5480 II,“pag..490
1765 5397 2035 5480 animad-

387 5467 562 5541 vertit
585 5471 1072 5541 antiquissimum
1128 5467 1393 5541 codicem
1451 5467 1700 5523 P’arisin.
1755 5468 2033 5541 exhibere

385 5534 933 5610 Ἀλωπικοννῆσιος,
1015 5539 1154 5593 κατὰ
1233 5534 1291 5592 δέ
1358 5557 1505 5598 τινας
1585 5539 2030 5608 Προικοννήσιος⁶

382 5630 636 5685 vereque
659 5611 1273 5685 judicat,_posteriora
1300 5610 1477 5685 verba
1513 5626 1556 5685 Aa
1610 5611 2032 5685 festinantibus

383 5679 644 5739 librariis
660 5679 894 5738 'omissa
917 5679 1100 5738 fuisse
1123 5687 1365 5754 propter
1393 5681 1648 5737 similem
1680 5679 2028 5742 νοο.Ἀλωπ,

2163 1969 2298 2008 nem
2338 1954 2591 2025 publica:
2622 1955 2998 2010 bibliotheca:
3023 1961 3082 2010 et
3099 1960 3432 2010 statuarum
3455 1956 3782 2028 Augustalis,

2161 2047 2218 2095 et
2244 2041 2362 2100 alia
2382 2043 2652 2113 quasdam
2693 2050 3144 2109 commemorat,
3200 2044 3357 2116 stylo
3408 2050 3580 2102 utens
3625 2045 3783 2116 gravi,

2161 2137 2220 2188 et
2250 2133 2454 2203 tragici
2487 2135 2675 2190 instar
2697 2151 2767 2190 ea
2797 2151 2928 2205 qum
2961 2134 3308 2190 acciderunt
3329 2151 3689 2210 exaggerans.

2230 2219 2456 2276 Μᾶλλον
2516 2223 2544 2277 ὁ
2602 2221 2768 2297 Φρύξ.
2820 2226 3055 2296 Septem
3115 2225 3418 2296 sapientes
3477 2227 3713 2293 Graeciaa,
3753 2241 3780 2280 a

2159 2311 2355 2367 Croeso
2373 2313 2738 2385 interrogati,
2757 2315 2891 2384 quis
2922 2315 3192 2370 omnium
3217 2314 3781 2372 essetbeatissimus?

2159 2401 2260 2455 alii
2291 2401 2747 2472 responderunt.
2781 2403 2938 2458 feras
2965 2403 3326 2471 animantes,
3363 2421 3462 2460 eas
3519 2406 3665 2460 enim
3694 2419 3777 2475 pro

2159 2489 2431 2546 libertate
2459 2492 2607 2546 mori
2633 2511 2647 2559 ;
2673 2491 2774 2546 alii
2807 2493 3120 2560 circonias,
3154 2508 3254 2548 eas
3277 2494 3499 2566 quippe
3519 2495 3634 2549 sine
3655 2493 3778 2565 lege,

2158 2580 2307 2636 duce
2337 2587 2572 2648 natura,
2598 2582 2896 2654 justitiam
2916 2583 3111 2638 colere
3135 2601 3149 2648 ;
3172 2583 3354 2638 Solon
3379 2601 3512 2640 vero
3533 2585 3667 2639 dixit
3690 2600 3774 2638 ne-

2157 2669 2378 2725 minem
2409 2675 2545 2725 ante
2575 2670 2812 2727 obitum.
2871 2673 3032 2727 Tunc
3079 2677 3279 2727 astans
3341 2675 3602 2745 Esopus,
3637 2671 3774 2726 fabu-

2155 2760 2346 2815 lator:
2379 2762 2650 2829 Tantum,
2683 2761 2897 2831 inquit,
2931 2766 3176 2817 caateros
3225 2779 3496 2834 superas,
3524 2768 3766 2834 quantum

2158 2866 2320 2904 mare
2352 2850 2600 2918 fluvios;
2651 2850 2884 2906 Crassus
2913 2857 3134 2918 autem,
3193 2851 3308 2906 hoc
3361 2851 3580 2920 audito,
3615 2850 3768 2905 dixit:

2153 2941 2332 3009 Magis
2364 2943 2478 3010 ipse
2504 2941 2718 3010 Phryx.

2225 3029 2646 3096 Manmchmus,
2675 3029 3186 3101 Alopeconnesius
3231 3032 3374 3102 (8i),
3425 3029 3769 3103 phi1050phus

2153 3117 2514 3183 Platonicus,
2551 3119 2791 3190 scripsit
2824 3140 2845 3170 ι
2882 3119 3400 3190 Philosopbica,et
3427 3121 3486 3176 in
3508 3121 3769 3175 Platonem

2155 3229 2182 3257 «
2216 3207 2296 3261 De
2329 3224 2452 3278 rep.
2488 3206 2672 3262 libros
2703 3209 2801 3265 III.
2823 3230 2843 3257 ι

2225 3294 2644 3359 Manmchmus,
2668 3294 2999 3367 Sicyonius,
3043 3295 3204 3350 ﬁlius
3252 3296 3471 3352 Alcibii
3518 3294 3598 3350 vel
3641 3291 3770 3348 Alci-

2151 3380 2363 3448 biadis,
2395 3382 2736 3451 historicus,
2791 3383 2892 3454 qui
2941 3382 3049 3438 sub
3109 3383 3434 3440 Alexandri
3479 3386 3548 3440 M.
3577 3397 3766 3438 succes-

2153 3471 2388 3526 soribus
2435 3471 2594 3527 vixit.
2655 3471 2903 3544 Scripsit
2951 3471 3268 3529 Historiam
3324 3471 3621 3531 Aledandri
3668 3473 3766 3526 Ma-

2159 3559 2396 3616 cedonis.

2223 3650 2566 3720 Manmthos,
2598 3649 2954 3718 Mendesius,
2989 3651 3269 3709 sacerdos
3318 3652 3626 3726 Egyptius,
3654 3646 3764 3704 scri-

2155 3739 2276 3811 psit
2305 3739 2376 3795 De
2406 3739 2806 3811 compositione
2833 3739 2948 3811 (82)
2976 3738 3207 3816 κυφίων.

2221 3827 2560 3892 Mantethos,
2621 3828 3082 3900 Diospolitanus,
3127 3831 3433 3903 Egyptius
3471 3829 3552 3886 vel
3573 3827 3759 3884 Seben-

2152 3919 2327 3972 nites.
2356 3918 2601 3989 Scripsit
2625 3919 3015 3989 Phystologica
3045 3920 3514 3990 apotelesmatica
3535 3916 3760 3973 versibus

2150 4006 2530 4073 hexametris,
2560 4013 2620 4060 et
2639 4006 2756 4061 alia
2778 4007 3051 4077 quaedam
3080 4010 3478 4065 astronomica.

2223 4097 2488 4151 Maneros
2544 4101 2602 4149 et
2632 4096 2996 4166 Perimanos,
3025 4099 3274 4154 nomina
3312 4097 3612 4155 cantionis.
3665 4095 3756 4148 Eu-

2148 4183 2323 4239 bulus
2353 4183 2753 4256 Campylione.

2221 4275 2438 4330 Manes.
2489 4273 2588 4329 Hic
2638 4274 3020 4330 exsecrabilis
3069 4276 3250 4331 homo
3312 4276 3421 4332 sub
3480 4273 3756 4331 Aureliano

2147 4363 2290 4435 imp.
2323 4363 2585 4430 exstitit;
2633 4379 2695 4418 se
2727 4363 3027 4420 Christum
3076 4371 3135 4422 et
3191 4366 3474 4438 Spiritum
3530 4369 3754 4420 sanctum

2147 4468 2277 4507 esse
2311 4453 2788 4519 comminiscens,
2824 4460 2883 4509 et
2910 4454 3006 4510 XII
3062 4454 3390 4527 discipulos
3419 4462 3485 4511 ut
3535 4454 3754 4509 Christus

2147 4557 2348 4595 secum
2378 4540 2628 4608 habens,
2658 4541 2756 4611 qui
2813 4559 2948 4598 cum
3015 4560 3084 4598 ex
3143 4545 3424 4600 omnibus
3473 4540 3752 4599 haaresibus

2147 4647 2276 4699 qua:
2309 4630 2370 4684 in
2403 4630 2476 4684 iis
2503 4631 2661 4686 mala
2687 4637 2875 4694 erant,
2905 4633 3262 4706 collegisset,
3295 4651 3363 4689 ex
3414 4632 3632 4690 Perside
3669 4625 3748 4682 Dei

2147 4719 2442 4787 permissu
2483 4719 2546 4773 in
2595 4720 2878 4774 ditionem
2927 4723 3253 4778 Romanam
3288 4724 3466 4778 venit.
3515 4723 3622 4788 Hic,
3667 4713 3747 4786 qui

2147 4813 2202 4862 et
2245 4811 2440 4863 Manes
2500 4815 2559 4863 et
2625 4810 2978 4881 Scythianus
3029 4812 3370 4881 vocabatur,
3427 4813 3537 4868 fuit
3575 4819 3750 4883 genere

2147 4897 2516 4964 Brachmam,
2549 4904 3093 4972 praaceptoremque
3123 4902 3334 4957 habuit
3376 4901 3637 4964 Buddam,
3665 4895 3748 4948 Te-

2144 4985 2484 5041 rebinthum
2517 4994 2655 5042 ante
2686 4994 2976 5054 vocatum.
3037 4991 3138 5062 qui
3198 4992 3532 5046 Graecorum
3573 4981 3748 5042 litteris

2145 5076 2474 5142 institutus,
2493 5077 2866 5148 Empedoclis
2895 5086 3118 5137 sectam
3147 5081 3459 5148 adamavit,
3490 5081 3594 5135 duo
3613 5073 3747 5147 prin-

2143 5165 2316 5236 cipia,
2344 5165 2500 5220 inter
2529 5183 2594 5222 se
2623 5169 2936 5236 contraria,
2967 5171 3303 5239 statuentis,
3339 5169 3502 5226 litem
3534 5173 3584 5224 et
3620 5160 3742 5219 ami-

2143 5405 2202 5456 et
2232 5404 2515 5472 Προικονν.
2549 5387 3046 5461 terminationem.
3083 5406 3254 5462 HABL.

2215 5474 2320 5542 (82)
2353 5473 2760 5549 Koutmistura
2791 5478 3082 5549 sexdecim
3129 5477 3454 5549 specierum
3509 5475 3576 5549 in
3600 5476 3736 5549 usuri}

2142 5535 2374 5619 saerata
2406 5535 2760 5619 abhibenda.
2790 5548 2929 5604 Vide
2963 5535 3354 5619 Plutarchum,
3388 5548 3461 5602 De
3506 5542 3646 5599 Iside
3671 5535 3738 5589 est

2141 5613 2390 5680 Osiride,
2419 5633 2548 5689 pag.
2574 5617 2675 5672 383
2708 5634 2831 5689 seq.

3944 5165 3947 5266 ι
