  <div class='ocr_page' id='page_1' title='image "/cluster/home/n/w/nwhite01/storage/ocr_20150623/117/hvd.32044073502239/652.png"; bbox 0 0 4070 6196; ppageno 0'>
   <div class='ocr_carea' id='block_1_1' title="bbox 272 404 1927 478">
    <p class='ocr_par' dir='ltr' id='par_1_1' title="bbox 272 406 1921 477">
     <span class='ocr_line' id='line_1_1' title="bbox 272 406 1921 477; baseline -0.002 -1"><span class='ocrx_word' id='word_1_1' title='bbox 272 413 437 476; x_wconf 71' lang='grc'>1293</span> <span class='ocrx_word' id='word_1_2' title='bbox 1592 409 1697 469; x_wconf 89' lang='lat' dir='ltr'>DE</span> <span class='ocrx_word' id='word_1_3' title='bbox 1735 406 1921 477; x_wconf 82' lang='lat' dir='ltr'>QUIB</span> 
     </span>
    </p>
   </div>
   <div class='ocr_carea' id='block_1_2' title="bbox 2048 404 3698 478">
    <p class='ocr_par' dir='ltr' id='par_1_2' title="bbox 2070 405 3698 478">
     <span class='ocr_line' id='line_1_2' title="bbox 2070 405 3698 478; baseline 0.006 -10"><span class='ocrx_word' id='word_1_4' title='bbox 2070 405 2382 473; x_wconf 88' lang='lat' dir='ltr'>SUIDAS.</span> <span class='ocrx_word' id='word_1_5' title='bbox 3540 417 3698 478; x_wconf 74' lang='grc'>1294</span> 
     </span>
    </p>
   </div>
   <div class='ocr_carea' id='block_1_3' title="bbox 274 541 3700 620">
    <p class='ocr_par' dir='ltr' id='par_1_3' title="bbox 274 541 3700 620">
     <span class='ocr_line' id='line_1_3' title="bbox 274 541 3700 620; baseline 0.001 -15"><span class='ocrx_word' id='word_1_6' title='bbox 274 550 495 613; x_wconf 87' lang='lat' dir='ltr'>citiam.</span> <span class='ocrx_word' id='word_1_7' title='bbox 528 549 595 619; x_wconf 87' lang='lat' dir='ltr'>In</span> <span class='ocrx_word' id='word_1_8' title='bbox 625 545 932 603; x_wconf 84' lang='lat' dir='ltr'>Persidem</span> <span class='ocrx_word' id='word_1_9' title='bbox 963 549 1161 600; x_wconf 84' lang='lat' dir='ltr'>autem</span> <span class='ocrx_word' id='word_1_10' title='bbox 1192 543 1498 617; x_wconf 89' lang='lat' dir='ltr'>ingressus</span> <span class='ocrx_word' id='word_1_11' title='bbox 1525 560 1595 599; x_wconf 85' lang='lat' dir='ltr'>ex</span> <span class='ocrx_word' id='word_1_12' title='bbox 1614 542 1834 615; x_wconf 77' lang='lat' dir='ltr'>virgine</span> <span class='ocrx_word' id='word_1_13' title='bbox 1863 557 1925 596; x_wconf 91' lang='lat' dir='ltr'>se</span> <span class='ocrx_word' id='word_1_14' title='bbox 1954 541 2007 609; x_wconf 78' lang='grc' dir='ltr'><strong>Α</strong></span> <span class='ocrx_word' id='word_1_15' title='bbox 2110 543 2337 600; x_wconf 91' lang='lat' dir='ltr'>Marcus</span> <span class='ocrx_word' id='word_1_16' title='bbox 2354 547 2712 602; x_wconf 80' lang='lat' dir='ltr'>Antoninus.</span> <span class='ocrx_word' id='word_1_17' title='bbox 2732 549 3132 603; x_wconf 80' lang='lat' dir='ltr'>Romanorum</span> <span class='ocrx_word' id='word_1_18' title='bbox 3158 548 3300 620; x_wconf 89' lang='lat' dir='ltr'>imp.</span> <span class='ocrx_word' id='word_1_19' title='bbox 3326 549 3489 604; x_wconf 91' lang='lat' dir='ltr'>omni</span> <span class='ocrx_word' id='word_1_20' title='bbox 3512 551 3700 608; x_wconf 85' lang='lat' dir='ltr'>laude</span> 
     </span>
    </p>
   </div>
   <div class='ocr_carea' id='block_1_4' title="bbox 270 632 1927 695">
    <p class='ocr_par' dir='ltr' id='par_1_4' title="bbox 270 632 1927 695">
     <span class='ocr_line' id='line_1_4' title="bbox 270 632 1927 695; baseline -0.005 0"><span class='ocrx_word' id='word_1_21' title='bbox 270 647 479 695; x_wconf 92' lang='lat' dir='ltr'>natum</span> <span class='ocrx_word' id='word_1_22' title='bbox 513 656 642 695; x_wconf 89' lang='lat' dir='ltr'>esse</span> <span class='ocrx_word' id='word_1_23' title='bbox 694 637 929 695; x_wconf 89' lang='lat' dir='ltr'>dicebat</span> <span class='ocrx_word' id='word_1_24' title='bbox 986 640 1042 692; x_wconf 87' lang='lat' dir='ltr'>et</span> <span class='ocrx_word' id='word_1_25' title='bbox 1100 635 1162 690; x_wconf 93' lang='lat' dir='ltr'>in</span> <span class='ocrx_word' id='word_1_26' title='bbox 1222 634 1526 690; x_wconf 74' lang='lat' dir='ltr'>montibus</span> <span class='ocrx_word' id='word_1_27' title='bbox 1588 632 1927 689; x_wconf 89' lang='lat' dir='ltr'>educatum.</span> 
     </span>
    </p>
   </div>
   <div class='ocr_carea' id='block_1_5' title="bbox 266 723 1930 798">
    <p class='ocr_par' dir='ltr' id='par_1_5' title="bbox 266 723 1930 798">
     <span class='ocr_line' id='line_1_5' title="bbox 266 723 1930 798; baseline -0.007 -12"><span class='ocrx_word' id='word_1_28' title='bbox 266 730 608 797; x_wconf 77' lang='lat' dir='ltr'>Quinetiam</span> <span class='ocrx_word' id='word_1_29' title='bbox 650 725 1002 798; x_wconf 82' lang='lat' dir='ltr'>conscriptis</span> <span class='ocrx_word' id='word_1_30' title='bbox 1052 729 1310 796; x_wconf 83' lang='lat' dir='ltr'>quatuor</span> <span class='ocrx_word' id='word_1_31' title='bbox 1360 723 1529 778; x_wconf 85' lang='lat' dir='ltr'>libris</span> <span class='ocrx_word' id='word_1_32' title='bbox 1580 724 1693 795; x_wconf 90' lang='lat'>(83)</span> <span class='ocrx_word' id='word_1_33' title='bbox 1743 737 1930 777; x_wconf 91' lang='lat' dir='ltr'>unum</span> 
     </span>
    </p>
   </div>
   <div class='ocr_carea' id='block_1_6' title="bbox 270 812 1926 885">
    <p class='ocr_par' dir='ltr' id='par_1_6' title="bbox 270 812 1926 885">
     <span class='ocr_line' id='line_1_6' title="bbox 270 812 1926 885; baseline -0.007 -9"><span class='ocrx_word' id='word_1_34' title='bbox 270 836 476 877; x_wconf 90' lang='lat' dir='ltr'>eorum</span> <span class='ocrx_word' id='word_1_35' title='bbox 500 818 723 873; x_wconf 90' lang='lat' dir='ltr'>vocavit</span> <span class='ocrx_word' id='word_1_36' title='bbox 744 818 1147 885; x_wconf 81' lang='lat' dir='ltr'>Mysteriorum,</span> <span class='ocrx_word' id='word_1_37' title='bbox 1182 813 1513 869; x_wconf 79' lang='lat' dir='ltr'>secundum</span> <span class='ocrx_word' id='word_1_38' title='bbox 1545 812 1926 881; x_wconf 83' lang='lat' dir='ltr'>Evangelium,</span> 
     </span>
    </p>
   </div>
   <div class='ocr_carea' id='block_1_7' title="bbox 273 904 1927 975">
    <p class='ocr_par' dir='ltr' id='par_1_7' title="bbox 273 904 1927 975">
     <span class='ocr_line' id='line_1_7' title="bbox 273 904 1927 975; baseline -0.007 -9"><span class='ocrx_word' id='word_1_39' title='bbox 273 910 514 965; x_wconf 88' lang='lat' dir='ltr'>tertium</span> <span class='ocrx_word' id='word_1_40' title='bbox 548 908 883 963; x_wconf 83' lang='lat' dir='ltr'>Thesaurum</span> <span class='ocrx_word' id='word_1_41' title='bbox 922 906 1057 973; x_wconf 80' lang='grc'>(84),</span> <span class='ocrx_word' id='word_1_42' title='bbox 1092 909 1371 975; x_wconf 89' lang='lat' dir='ltr'>quartum</span> <span class='ocrx_word' id='word_1_43' title='bbox 1406 904 1681 973; x_wconf 87' lang='lat' dir='ltr'>Capitum.</span> <span class='ocrx_word' id='word_1_44' title='bbox 1738 904 1927 971; x_wconf 83' lang='lat' dir='ltr'>Atque</span> 
     </span>
    </p>
   </div>
   <div class='ocr_carea' id='block_1_8' title="bbox 274 990 1925 1068">
    <p class='ocr_par' dir='ltr' id='par_1_8' title="bbox 274 990 1925 1068">
     <span class='ocr_line' id='line_1_8' title="bbox 274 990 1925 1068; baseline -0.006 -15"><span class='ocrx_word' id='word_1_45' title='bbox 274 997 507 1053; x_wconf 86' lang='lat' dir='ltr'>Buddas</span> <span class='ocrx_word' id='word_1_46' title='bbox 540 996 782 1068; x_wconf 88' lang='lat' dir='ltr'>quidem</span> <span class='ocrx_word' id='word_1_47' title='bbox 814 994 947 1062; x_wconf 90' lang='lat' dir='ltr'>iste,</span> <span class='ocrx_word' id='word_1_48' title='bbox 981 994 1052 1049; x_wconf 90' lang='lat' dir='ltr'>ab</span> <span class='ocrx_word' id='word_1_49' title='bbox 1080 994 1314 1065; x_wconf 90' lang='lat' dir='ltr'>impuro</span> <span class='ocrx_word' id='word_1_50' title='bbox 1349 992 1562 1064; x_wconf 87' lang='lat' dir='ltr'>spiritu</span> <span class='ocrx_word' id='word_1_51' title='bbox 1610 990 1925 1059; x_wconf 89' lang='lat' dir='ltr'>contritus,</span> 
     </span>
    </p>
   </div>
   <div class='ocr_carea' id='block_1_9' title="bbox 272 1078 1929 1156">
    <p class='ocr_par' dir='ltr' id='par_1_9' title="bbox 272 1078 1929 1156">
     <span class='ocr_line' id='line_1_9' title="bbox 272 1078 1929 1156; baseline -0.007 -13"><span class='ocrx_word' id='word_1_52' title='bbox 272 1088 521 1143; x_wconf 83' lang='lat' dir='ltr'>interiit.</span> <span class='ocrx_word' id='word_1_53' title='bbox 558 1086 764 1141; x_wconf 85' lang='lat' dir='ltr'>Mulier</span> <span class='ocrx_word' id='word_1_54' title='bbox 793 1102 932 1140; x_wconf 88' lang='lat' dir='ltr'>vero</span> <span class='ocrx_word' id='word_1_55' title='bbox 961 1084 1116 1156; x_wconf 92' lang='lat' dir='ltr'>apud</span> <span class='ocrx_word' id='word_1_56' title='bbox 1144 1100 1322 1154; x_wconf 88' lang='lat' dir='ltr'>quam</span> <span class='ocrx_word' id='word_1_57' title='bbox 1343 1081 1747 1138; x_wconf 88' lang='lat' dir='ltr'>diversabatur</span> <span class='ocrx_word' id='word_1_58' title='bbox 1771 1078 1929 1133; x_wconf 86' lang='lat' dir='ltr'>bona</span> 
     </span>
    </p>
   </div>
   <div class='ocr_carea' id='block_1_10' title="bbox 273 1168 1928 1252">
    <p class='ocr_par' dir='ltr' id='par_1_10' title="bbox 273 1168 1928 1252">
     <span class='ocr_line' id='line_1_10' title="bbox 273 1168 1928 1252; baseline -0.007 -17"><span class='ocrx_word' id='word_1_59' title='bbox 273 1182 403 1252; x_wconf 88' lang='lat' dir='ltr'>ejus</span> <span class='ocrx_word' id='word_1_60' title='bbox 433 1184 491 1233; x_wconf 93' lang='lat' dir='ltr'>et</span> <span class='ocrx_word' id='word_1_61' title='bbox 518 1177 797 1249; x_wconf 84' lang='lat' dir='ltr'>profanos</span> <span class='ocrx_word' id='word_1_62' title='bbox 850 1175 1034 1229; x_wconf 88' lang='lat' dir='ltr'>libros</span> <span class='ocrx_word' id='word_1_63' title='bbox 1084 1191 1189 1245; x_wconf 88' lang='lat' dir='ltr'>per</span> <span class='ocrx_word' id='word_1_64' title='bbox 1242 1172 1651 1228; x_wconf 65' lang='lat' dir='ltr'>haereditatem</span> <span class='ocrx_word' id='word_1_65' title='bbox 1713 1168 1928 1241; x_wconf 87' lang='lat' dir='ltr'>adepta</span> 
     </span>
    </p>
   </div>
   <div class='ocr_carea' id='block_1_11' title="bbox 272 1259 1926 1341">
    <p class='ocr_par' dir='ltr' id='par_1_11' title="bbox 272 1259 1926 1341">
     <span class='ocr_line' id='line_1_11' title="bbox 272 1259 1926 1341; baseline -0.007 -18"><span class='ocrx_word' id='word_1_66' title='bbox 272 1285 522 1341; x_wconf 89' lang='lat' dir='ltr'>puerum</span> <span class='ocrx_word' id='word_1_67' title='bbox 556 1273 903 1337; x_wconf 89' lang='lat' dir='ltr'>septenncm</span> <span class='ocrx_word' id='word_1_68' title='bbox 932 1264 1077 1318; x_wconf 87' lang='lat' dir='ltr'>emit</span> <span class='ocrx_word' id='word_1_69' title='bbox 1106 1261 1347 1317; x_wconf 88' lang='lat' dir='ltr'>nomine</span> <span class='ocrx_word' id='word_1_70' title='bbox 1377 1259 1713 1326; x_wconf 90' lang='lat' dir='ltr'>Cubricum,</span> <span class='ocrx_word' id='word_1_71' title='bbox 1749 1274 1926 1329; x_wconf 88' lang='lat' dir='ltr'>quem</span> 
     </span>
    </p>
   </div>
   <div class='ocr_carea' id='block_1_12' title="bbox 269 1348 1921 1421">
    <p class='ocr_par' dir='ltr' id='par_1_12' title="bbox 269 1348 1921 1421">
     <span class='ocr_line' id='line_1_12' title="bbox 269 1348 1921 1421; baseline -0.005 -9"><span class='ocrx_word' id='word_1_72' title='bbox 269 1358 497 1412; x_wconf 83' lang='lat' dir='ltr'>litteras</span> <span class='ocrx_word' id='word_1_73' title='bbox 521 1356 724 1411; x_wconf 91' lang='lat' dir='ltr'>docuit</span> <span class='ocrx_word' id='word_1_74' title='bbox 753 1360 812 1411; x_wconf 88' lang='lat' dir='ltr'>et</span> <span class='ocrx_word' id='word_1_75' title='bbox 832 1352 1180 1409; x_wconf 83' lang='lat' dir='ltr'>manumisit</span> <span class='ocrx_word' id='word_1_76' title='bbox 1202 1350 1620 1421; x_wconf 72' lang='lat' dir='ltr'>hmredemque</span> <span class='ocrx_word' id='word_1_77' title='bbox 1644 1348 1921 1403; x_wconf 88' lang='lat' dir='ltr'>instituit.</span> 
     </span>
    </p>
   </div>
   <div class='ocr_carea' id='block_1_13' title="bbox 275 1438 1924 1507">
    <p class='ocr_par' dir='ltr' id='par_1_13' title="bbox 275 1438 1924 1507">
     <span class='ocr_line' id='line_1_13' title="bbox 275 1438 1924 1507; baseline -0.005 -6"><span class='ocrx_word' id='word_1_78' title='bbox 275 1447 379 1502; x_wconf 81' lang='lat' dir='ltr'>Hic</span> <span class='ocrx_word' id='word_1_79' title='bbox 405 1447 467 1501; x_wconf 92' lang='lat' dir='ltr'>in</span> <span class='ocrx_word' id='word_1_80' title='bbox 494 1444 735 1501; x_wconf 86' lang='lat' dir='ltr'>Perside</span> <span class='ocrx_word' id='word_1_81' title='bbox 767 1445 996 1498; x_wconf 88' lang='lat' dir='ltr'>Manem</span> <span class='ocrx_word' id='word_1_82' title='bbox 1023 1458 1085 1497; x_wconf 88' lang='lat' dir='ltr'>se</span> <span class='ocrx_word' id='word_1_83' title='bbox 1117 1441 1363 1507; x_wconf 89' lang='lat' dir='ltr'>vocavit,</span> <span class='ocrx_word' id='word_1_84' title='bbox 1398 1445 1454 1495; x_wconf 89' lang='lat' dir='ltr'>et</span> <span class='ocrx_word' id='word_1_85' title='bbox 1494 1439 1709 1494; x_wconf 70' lang='lat' dir='ltr'>Buddaa</span> <span class='ocrx_word' id='word_1_86' title='bbox 1740 1438 1924 1493; x_wconf 90' lang='lat' dir='ltr'>libros</span> 
     </span>
    </p>
   </div>
   <div class='ocr_carea' id='block_1_14' title="bbox 271 1528 1922 1606">
    <p class='ocr_par' dir='ltr' id='par_1_14' title="bbox 271 1528 1922 1606">
     <span class='ocr_line' id='line_1_14' title="bbox 271 1528 1922 1606; baseline -0.004 -17"><span class='ocrx_word' id='word_1_87' title='bbox 271 1536 594 1591; x_wconf 83' lang='lat' dir='ltr'>venditavit</span> <span class='ocrx_word' id='word_1_88' title='bbox 624 1552 729 1606; x_wconf 92' lang='lat' dir='ltr'>pro</span> <span class='ocrx_word' id='word_1_89' title='bbox 752 1534 895 1588; x_wconf 90' lang='lat' dir='ltr'>suis.</span> <span class='ocrx_word' id='word_1_90' title='bbox 923 1534 1069 1586; x_wconf 89' lang='lat' dir='ltr'>Eum</span> <span class='ocrx_word' id='word_1_91' title='bbox 1094 1548 1195 1585; x_wconf 85' lang='lat' dir='ltr'>rex</span> <span class='ocrx_word' id='word_1_92' title='bbox 1229 1533 1542 1585; x_wconf 85' lang='lat' dir='ltr'>Persarum</span> <span class='ocrx_word' id='word_1_93' title='bbox 1580 1528 1775 1583; x_wconf 88' lang='lat' dir='ltr'>vivum</span> <span class='ocrx_word' id='word_1_94' title='bbox 1825 1545 1922 1583; x_wconf 89' lang='lat' dir='ltr'>ex-</span> 
     </span>
    </p>
   </div>
   <div class='ocr_carea' id='block_1_15' title="bbox 275 1618 1922 1694">
    <p class='ocr_par' dir='ltr' id='par_1_15' title="bbox 275 1618 1922 1694">
     <span class='ocr_line' id='line_1_15' title="bbox 275 1618 1922 1694; baseline -0.005 -13"><span class='ocrx_word' id='word_1_95' title='bbox 275 1626 539 1685; x_wconf 82' lang='lat' dir='ltr'>coriavit,</span> <span class='ocrx_word' id='word_1_96' title='bbox 571 1624 729 1694; x_wconf 92' lang='lat' dir='ltr'>quod</span> <span class='ocrx_word' id='word_1_97' title='bbox 761 1623 886 1677; x_wconf 84' lang='lat' dir='ltr'>ﬁlio</span> <span class='ocrx_word' id='word_1_98' title='bbox 918 1622 1105 1693; x_wconf 85' lang='lat' dir='ltr'>ipsius</span> <span class='ocrx_word' id='word_1_99' title='bbox 1138 1636 1317 1675; x_wconf 89' lang='lat' dir='ltr'>causa</span> <span class='ocrx_word' id='word_1_100' title='bbox 1337 1618 1545 1673; x_wconf 89' lang='lat' dir='ltr'>mortis</span> <span class='ocrx_word' id='word_1_101' title='bbox 1577 1618 1922 1685; x_wconf 81' lang='lat' dir='ltr'>exstitisset,</span> 
     </span>
    </p>
   </div>
   <div class='ocr_carea' id='block_1_16' title="bbox 272 1707 1920 1782">
    <p class='ocr_par' dir='ltr' id='par_1_16' title="bbox 272 1707 1920 1782">
     <span class='ocr_line' id='line_1_16' title="bbox 272 1707 1920 1782; baseline -0.005 -13"><span class='ocrx_word' id='word_1_102' title='bbox 272 1715 377 1769; x_wconf 76' lang='lat' dir='ltr'>llic</span> <span class='ocrx_word' id='word_1_103' title='bbox 410 1716 609 1770; x_wconf 89' lang='lat' dir='ltr'>Manes</span> <span class='ocrx_word' id='word_1_104' title='bbox 641 1716 818 1769; x_wconf 89' lang='lat' dir='ltr'>Vetus</span> <span class='ocrx_word' id='word_1_105' title='bbox 847 1714 1000 1767; x_wconf 90' lang='lat' dir='ltr'>Test.</span> <span class='ocrx_word' id='word_1_106' title='bbox 1034 1711 1263 1782; x_wconf 88' lang='lat' dir='ltr'>rejecit,</span> <span class='ocrx_word' id='word_1_107' title='bbox 1297 1710 1518 1764; x_wconf 89' lang='lat' dir='ltr'>Novum</span> <span class='ocrx_word' id='word_1_108' title='bbox 1548 1714 1615 1763; x_wconf 90' lang='lat' dir='ltr'>ut</span> <span class='ocrx_word' id='word_1_109' title='bbox 1644 1707 1785 1762; x_wconf 92' lang='lat' dir='ltr'>boni</span> <span class='ocrx_word' id='word_1_110' title='bbox 1818 1707 1920 1762; x_wconf 88' lang='lat' dir='ltr'>Dei</span> 
     </span>
    </p>
   </div>
   <div class='ocr_carea' id='block_1_17' title="bbox 275 1796 1920 1871">
    <p class='ocr_par' dir='ltr' id='par_1_17' title="bbox 275 1796 1920 1871">
     <span class='ocr_line' id='line_1_17' title="bbox 275 1796 1920 1871; baseline -0.005 -12"><span class='ocrx_word' id='word_1_111' title='bbox 275 1803 537 1868; x_wconf 84' lang='lat' dir='ltr'>admisit,</span> <span class='ocrx_word' id='word_1_112' title='bbox 573 1808 683 1858; x_wconf 91' lang='lat' dir='ltr'>etc.</span> <span class='ocrx_word' id='word_1_113' title='bbox 752 1800 970 1856; x_wconf 87' lang='lat' dir='ltr'>Paulus</span> <span class='ocrx_word' id='word_1_114' title='bbox 1025 1799 1290 1871; x_wconf 89' lang='lat' dir='ltr'>quidam,</span> <span class='ocrx_word' id='word_1_115' title='bbox 1348 1797 1593 1852; x_wconf 90' lang='lat' dir='ltr'>Manetis</span> <span class='ocrx_word' id='word_1_116' title='bbox 1651 1796 1920 1867; x_wconf 74' lang='lat' dir='ltr'>aaqualis,</span> 
     </span>
    </p>
   </div>
   <div class='ocr_carea' id='block_1_18' title="bbox 2045 630 3695 710">
    <p class='ocr_par' dir='ltr' id='par_1_18' title="bbox 2045 630 3695 710">
     <span class='ocr_line' id='line_1_18' title="bbox 2045 630 3695 710; baseline 0.006 -25"><span class='ocrx_word' id='word_1_117' title='bbox 2045 630 2259 705; x_wconf 87' lang='lat' dir='ltr'>dignus</span> <span class='ocrx_word' id='word_1_118' title='bbox 2290 635 2699 707; x_wconf 89' lang='lat' dir='ltr'>philosophus,</span> <span class='ocrx_word' id='word_1_119' title='bbox 2734 636 2833 707; x_wconf 91' lang='lat' dir='ltr'>qui</span> <span class='ocrx_word' id='word_1_120' title='bbox 2869 640 2994 691; x_wconf 91' lang='lat' dir='ltr'>tum</span> <span class='ocrx_word' id='word_1_121' title='bbox 3025 638 3196 703; x_wconf 90' lang='lat' dir='ltr'>alios,</span> <span class='ocrx_word' id='word_1_122' title='bbox 3232 643 3355 692; x_wconf 91' lang='lat' dir='ltr'>tum</span> <span class='ocrx_word' id='word_1_123' title='bbox 3388 644 3695 710; x_wconf 90' lang='lat' dir='ltr'>postremo</span> 
     </span>
    </p>
   </div>
   <div class='ocr_carea' id='block_1_19' title="bbox 2046 722 3696 796">
    <p class='ocr_par' dir='ltr' id='par_1_19' title="bbox 2046 722 3696 796">
     <span class='ocr_line' id='line_1_19' title="bbox 2046 722 3696 796; baseline 0.007 -21"><span class='ocrx_word' id='word_1_124' title='bbox 2046 722 2306 792; x_wconf 87' lang='lat' dir='ltr'>Sextum,</span> <span class='ocrx_word' id='word_1_125' title='bbox 2339 725 2783 796; x_wconf 87' lang='lat' dir='ltr'>philosophum,</span> <span class='ocrx_word' id='word_1_126' title='bbox 2816 743 2846 781; x_wconf 92' lang='lat' dir='ltr'>e</span> <span class='ocrx_word' id='word_1_127' title='bbox 2884 728 3104 782; x_wconf 65' lang='lat' dir='ltr'>Boeotia</span> <span class='ocrx_word' id='word_1_128' title='bbox 3134 728 3473 795; x_wconf 90' lang='lat' dir='ltr'>oriundum,</span> <span class='ocrx_word' id='word_1_129' title='bbox 3495 732 3696 786; x_wconf 72' lang='lat' dir='ltr'>Romaa</span> 
     </span>
    </p>
   </div>
   <div class='ocr_carea' id='block_1_20' title="bbox 2046 811 3695 889">
    <p class='ocr_par' dir='ltr' id='par_1_20' title="bbox 2046 811 3695 889">
     <span class='ocr_line' id='line_1_20' title="bbox 2046 811 3695 889; baseline 0.007 -25"><span class='ocrx_word' id='word_1_130' title='bbox 2046 811 2285 880; x_wconf 84' lang='lat' dir='ltr'>audivit,</span> <span class='ocrx_word' id='word_1_131' title='bbox 2318 814 2525 868; x_wconf 90' lang='lat' dir='ltr'>crebro</span> <span class='ocrx_word' id='word_1_132' title='bbox 2558 815 2631 869; x_wconf 91' lang='lat' dir='ltr'>ad</span> <span class='ocrx_word' id='word_1_133' title='bbox 2686 832 2821 870; x_wconf 91' lang='lat' dir='ltr'>eum</span> <span class='ocrx_word' id='word_1_134' title='bbox 2872 816 3187 883; x_wconf 83' lang='lat' dir='ltr'>ventitans,</span> <span class='ocrx_word' id='word_1_135' title='bbox 3239 817 3517 889; x_wconf 68' lang='lat' dir='ltr'>aedesque</span> <span class='ocrx_word' id='word_1_136' title='bbox 3564 820 3695 889; x_wconf 87' lang='lat' dir='ltr'>ejus</span> 
     </span>
    </p>
   </div>
   <div class='ocr_carea' id='block_1_21' title="bbox 2045 900 3694 976">
    <p class='ocr_par' dir='ltr' id='par_1_21' title="bbox 2045 900 3694 976">
     <span class='ocr_line' id='line_1_21' title="bbox 2045 900 3694 976; baseline 0.006 -23"><span class='ocrx_word' id='word_1_137' title='bbox 2045 900 2450 971; x_wconf 88' lang='lat' dir='ltr'>frequentans.</span> <span class='ocrx_word' id='word_1_138' title='bbox 2485 906 2631 958; x_wconf 89' lang='lat' dir='ltr'>Eum</span> <span class='ocrx_word' id='word_1_139' title='bbox 2663 905 2841 976; x_wconf 83' lang='lat' dir='ltr'>igitur</span> <span class='ocrx_word' id='word_1_140' title='bbox 2896 906 3107 960; x_wconf 89' lang='lat' dir='ltr'>Lucius</span> <span class='ocrx_word' id='word_1_141' title='bbox 3156 905 3419 976; x_wconf 89' lang='lat' dir='ltr'>quidam,</span> <span class='ocrx_word' id='word_1_142' title='bbox 3468 908 3694 975; x_wconf 88' lang='lat' dir='ltr'>rhetor,</span> 
     </span>
    </p>
   </div>
   <div class='ocr_carea' id='block_1_22' title="bbox 2046 992 3696 1066">
    <p class='ocr_par' dir='ltr' id='par_1_22' title="bbox 2046 992 3696 1066">
     <span class='ocr_line' id='line_1_22' title="bbox 2046 992 3696 1066; baseline 0.005 -22"><span class='ocrx_word' id='word_1_143' title='bbox 2046 992 2313 1053; x_wconf 86' lang='lat' dir='ltr'>Herodis,</span> <span class='ocrx_word' id='word_1_144' title='bbox 2346 993 2599 1047; x_wconf 88' lang='lat' dir='ltr'>rhetoris</span> <span class='ocrx_word' id='word_1_145' title='bbox 2622 994 3023 1060; x_wconf 75' lang='lat' dir='ltr'>Atheniensis,</span> <span class='ocrx_word' id='word_1_146' title='bbox 3049 995 3696 1066; x_wconf 89' lang='lat' dir='ltr'>discipulus,prodeun—</span> 
     </span>
    </p>
   </div>
   <div class='ocr_carea' id='block_1_23' title="bbox 2043 1085 3693 1161">
    <p class='ocr_par' dir='ltr' id='par_1_23' title="bbox 2043 1085 3693 1161">
     <span class='ocr_line' id='line_1_23' title="bbox 2043 1085 3693 1161; baseline 0.005 -26"><span class='ocrx_word' id='word_1_147' title='bbox 2043 1087 2159 1136; x_wconf 86' lang='lat' dir='ltr'>tem</span> <span class='ocrx_word' id='word_1_148' title='bbox 2194 1085 2593 1154; x_wconf 75' lang='lat' dir='ltr'>interrogavit,</span> <span class='ocrx_word' id='word_1_149' title='bbox 2635 1103 2894 1157; x_wconf 88' lang='lat' dir='ltr'>quonam</span> <span class='ocrx_word' id='word_1_150' title='bbox 2954 1087 3085 1153; x_wconf 89' lang='lat' dir='ltr'>iret,</span> <span class='ocrx_word' id='word_1_151' title='bbox 3141 1093 3199 1142; x_wconf 93' lang='lat' dir='ltr'>et</span> <span class='ocrx_word' id='word_1_152' title='bbox 3244 1089 3413 1159; x_wconf 85' lang='lat' dir='ltr'>cujus</span> <span class='ocrx_word' id='word_1_153' title='bbox 3472 1089 3693 1161; x_wconf 80' lang='lat' dir='ltr'>negotii</span> 
     </span>
    </p>
   </div>
   <div class='ocr_carea' id='block_1_24' title="bbox 2043 1174 3692 1247">
    <p class='ocr_par' dir='ltr' id='par_1_24' title="bbox 2043 1174 3692 1247">
     <span class='ocr_line' id='line_1_24' title="bbox 2043 1174 3692 1247; baseline 0.005 -22"><span class='ocrx_word' id='word_1_154' title='bbox 2043 1187 2261 1239; x_wconf 91' lang='lat' dir='ltr'>causa;</span> <span class='ocrx_word' id='word_1_155' title='bbox 2296 1174 2388 1227; x_wconf 90' lang='lat' dir='ltr'>cui</span> <span class='ocrx_word' id='word_1_156' title='bbox 2422 1176 2683 1242; x_wconf 88' lang='lat' dir='ltr'>Marcus;</span> <span class='ocrx_word' id='word_1_157' title='bbox 2736 1176 2921 1230; x_wconf 88' lang='lat' dir='ltr'>Etiam</span> <span class='ocrx_word' id='word_1_158' title='bbox 2976 1179 3112 1239; x_wconf 88' lang='lat' dir='ltr'>seni,</span> <span class='ocrx_word' id='word_1_159' title='bbox 3171 1178 3383 1247; x_wconf 88' lang='lat' dir='ltr'>inquit,</span> <span class='ocrx_word' id='word_1_160' title='bbox 3435 1178 3692 1233; x_wconf 86' lang='lat' dir='ltr'>decorum</span> 
     </span>
    </p>
   </div>
   <div class='ocr_carea' id='block_1_25' title="bbox 2042 1262 3694 1336">
    <p class='ocr_par' dir='ltr' id='par_1_25' title="bbox 2042 1262 3694 1336">
     <span class='ocr_line' id='line_1_25' title="bbox 2042 1262 3694 1336; baseline 0.004 -21"><span class='ocrx_word' id='word_1_161' title='bbox 2042 1262 2343 1317; x_wconf 76' lang='lat' dir='ltr'>estdicere.</span> <span class='ocrx_word' id='word_1_162' title='bbox 2378 1268 2452 1319; x_wconf 84' lang='lat' dir='ltr'>Eo</span> <span class='ocrx_word' id='word_1_163' title='bbox 2500 1266 2674 1333; x_wconf 80' lang='lat' dir='ltr'>igitur</span> <span class='ocrx_word' id='word_1_164' title='bbox 2720 1265 2797 1319; x_wconf 88' lang='lat' dir='ltr'>ad</span> <span class='ocrx_word' id='word_1_165' title='bbox 2856 1266 3105 1332; x_wconf 69' lang='lat' dir='ltr'>Sextum,</span> <span class='ocrx_word' id='word_1_166' title='bbox 3165 1266 3574 1336; x_wconf 74' lang='lat' dir='ltr'>philos‘Ophum,</span> <span class='ocrx_word' id='word_1_167' title='bbox 3632 1273 3694 1322; x_wconf 89' lang='lat' dir='ltr'>ut</span> 
     </span>
    </p>
   </div>
   <div class='ocr_carea' id='block_1_26' title="bbox 2041 1351 3694 1421">
    <p class='ocr_par' dir='ltr' id='par_1_26' title="bbox 2041 1351 3694 1421">
     <span class='ocr_line' id='line_1_26' title="bbox 2041 1351 3694 1421; baseline 0.004 -17"><span class='ocrx_word' id='word_1_168' title='bbox 2041 1351 2241 1405; x_wconf 82' lang='lat' dir='ltr'>discam</span> <span class='ocrx_word' id='word_1_169' title='bbox 2277 1368 2340 1405; x_wconf 89' lang='lat' dir='ltr'>ea</span> <span class='ocrx_word' id='word_1_170' title='bbox 2370 1369 2499 1421; x_wconf 91' lang='lat' dir='ltr'>qum</span> <span class='ocrx_word' id='word_1_171' title='bbox 2529 1353 2774 1407; x_wconf 87' lang='lat' dir='ltr'>nondum</span> <span class='ocrx_word' id='word_1_172' title='bbox 2802 1355 2931 1408; x_wconf 86' lang='lat' dir='ltr'>scio.</span> <span class='ocrx_word' id='word_1_173' title='bbox 2977 1355 3119 1407; x_wconf 90' lang='lat' dir='ltr'>Tum</span> <span class='ocrx_word' id='word_1_174' title='bbox 3156 1354 3386 1419; x_wconf 90' lang='lat' dir='ltr'>Lucius,</span> <span class='ocrx_word' id='word_1_175' title='bbox 3418 1372 3599 1411; x_wconf 88' lang='lat' dir='ltr'>manu</span> <span class='ocrx_word' id='word_1_176' title='bbox 3632 1357 3694 1411; x_wconf 92' lang='lat' dir='ltr'>in</span> 
     </span>
    </p>
   </div>
   <div class='ocr_carea' id='block_1_27' title="bbox 2041 1441 3692 1515">
    <p class='ocr_par' dir='ltr' id='par_1_27' title="bbox 2041 1441 3692 1515">
     <span class='ocr_line' id='line_1_27' title="bbox 2041 1441 3692 1515; baseline 0.003 -21"><span class='ocrx_word' id='word_1_177' title='bbox 2041 1441 2254 1495; x_wconf 66' lang='lat' dir='ltr'>caalum</span> <span class='ocrx_word' id='word_1_178' title='bbox 2286 1441 2554 1495; x_wconf 85' lang='lat' dir='ltr'>sublata:</span> <span class='ocrx_word' id='word_1_179' title='bbox 2595 1442 2639 1496; x_wconf 90' lang='grc' dir='ltr'>Ο</span> <span class='ocrx_word' id='word_1_180' title='bbox 2694 1442 2793 1507; x_wconf 88' lang='lat' dir='ltr'>sol,</span> <span class='ocrx_word' id='word_1_181' title='bbox 2854 1442 3070 1512; x_wconf 86' lang='lat' dir='ltr'>inquit,</span> <span class='ocrx_word' id='word_1_182' title='bbox 3134 1444 3499 1497; x_wconf 83' lang='lat' dir='ltr'>Romanorum</span> <span class='ocrx_word' id='word_1_183' title='bbox 3555 1448 3692 1515; x_wconf 83' lang='lat' dir='ltr'>imp.</span> 
     </span>
    </p>
   </div>
   <div class='ocr_carea' id='block_1_28' title="bbox 2032 1531 3696 1600">
    <p class='ocr_par' dir='ltr' id='par_1_28' title="bbox 2032 1531 3696 1600">
     <span class='ocr_line' id='line_1_28' title="bbox 2032 1531 3696 1600; baseline 0.002 -16"><span class='ocrx_word' id='word_1_184' title='bbox 2032 1531 2157 1599; x_wconf 84' lang='lat' dir='ltr'>jam</span> <span class='ocrx_word' id='word_1_185' title='bbox 2202 1546 2388 1596; x_wconf 75' lang='lat' dir='ltr'>senex,</span> <span class='ocrx_word' id='word_1_186' title='bbox 2445 1536 2664 1600; x_wconf 84' lang='lat' dir='ltr'>sumpta</span> <span class='ocrx_word' id='word_1_187' title='bbox 2724 1531 2951 1600; x_wconf 88' lang='lat' dir='ltr'>tabella,</span> <span class='ocrx_word' id='word_1_188' title='bbox 3012 1531 3249 1585; x_wconf 87' lang='lat' dir='ltr'>doctoris</span> <span class='ocrx_word' id='word_1_189' title='bbox 3308 1531 3529 1585; x_wconf 87' lang='lat' dir='ltr'>domum</span> <span class='ocrx_word' id='word_1_190' title='bbox 3576 1537 3696 1599; x_wconf 87' lang='lat' dir='ltr'>fre-</span> 
     </span>
    </p>
   </div>
   <div class='ocr_carea' id='block_1_29' title="bbox 2040 1619 3694 1691">
    <p class='ocr_par' dir='ltr' id='par_1_29' title="bbox 2040 1619 3694 1691">
     <span class='ocr_line' id='line_1_29' title="bbox 2040 1619 3694 1691; baseline 0.001 -18"><span class='ocrx_word' id='word_1_191' title='bbox 2040 1626 2307 1691; x_wconf 86' lang='lat' dir='ltr'>quentat;</span> <span class='ocrx_word' id='word_1_192' title='bbox 2355 1636 2455 1674; x_wconf 74' lang='lat' dir='ltr'>rear:</span> <span class='ocrx_word' id='word_1_193' title='bbox 2510 1636 2638 1674; x_wconf 83' lang='lat' dir='ltr'>vero</span> <span class='ocrx_word' id='word_1_194' title='bbox 2695 1636 2864 1683; x_wconf 85' lang='lat' dir='ltr'>meus,</span> <span class='ocrx_word' id='word_1_195' title='bbox 2924 1619 3257 1685; x_wconf 69' lang='lat' dir='ltr'>Alexander,</span> <span class='ocrx_word' id='word_1_196' title='bbox 3317 1635 3465 1673; x_wconf 88' lang='lat' dir='ltr'>anno</span> <span class='ocrx_word' id='word_1_197' title='bbox 3511 1624 3694 1676; x_wconf 61' lang='lat' dir='ltr'>aetatis</span> 
     </span>
    </p>
   </div>
   <div class='ocr_carea' id='block_1_30' title="bbox 2036 1704 3692 1782">
    <p class='ocr_par' dir='ltr' id='par_1_30' title="bbox 2036 1704 3692 1782">
     <span class='ocr_line' id='line_1_30' title="bbox 2036 1704 3692 1782; baseline -0.002 -17"><span class='ocrx_word' id='word_1_198' title='bbox 2036 1711 2233 1765; x_wconf 82' lang='lat' dir='ltr'><strong><em>XXXII</em></strong></span> <span class='ocrx_word' id='word_1_199' title='bbox 2263 1710 2417 1764; x_wconf 85' lang='lat' dir='ltr'>obiit.</span> <span class='ocrx_word' id='word_1_200' title='bbox 2454 1709 2700 1779; x_wconf 91' lang='lat' dir='ltr'>Scripsit</span> <span class='ocrx_word' id='word_1_201' title='bbox 2733 1711 2808 1762; x_wconf 88' lang='lat' dir='ltr'>De</span> <span class='ocrx_word' id='word_1_202' title='bbox 2861 1712 2979 1764; x_wconf 83' lang='lat' dir='ltr'>vita</span> <span class='ocrx_word' id='word_1_203' title='bbox 3034 1724 3154 1775; x_wconf 89' lang='lat' dir='ltr'>sua,</span> <span class='ocrx_word' id='word_1_204' title='bbox 3204 1709 3319 1762; x_wconf 83' lang='grc' dir='ltr'>Τοῦ</span> <span class='ocrx_word' id='word_1_205' title='bbox 3370 1704 3512 1760; x_wconf 76' lang='grc' dir='ltr'>ῒδίου</span> <span class='ocrx_word' id='word_1_206' title='bbox 3569 1707 3692 1782; x_wconf 83' lang='grc' dir='ltr'>βίου</span> 
     </span>
    </p>
   </div>
   <div class='ocr_carea' id='block_1_31' title="bbox 2040 1796 3687 1872">
    <p class='ocr_par' dir='ltr' id='par_1_31' title="bbox 2040 1796 3687 1872">
     <span class='ocr_line' id='line_1_31' title="bbox 2040 1796 3687 1872; baseline -0.001 -19"><span class='ocrx_word' id='word_1_207' title='bbox 2040 1796 2345 1872; x_wconf 74' lang='grc' dir='ltr'>διαγωγὴν,</span> <span class='ocrx_word' id='word_1_208' title='bbox 2380 1800 2543 1853; x_wconf 84' lang='lat' dir='ltr'>libros</span> <span class='ocrx_word' id='word_1_209' title='bbox 2570 1799 2788 1853; x_wconf 81' lang='lat' dir='ltr'>XXXII.</span> <span class='ocrx_word' id='word_1_210' title='bbox 2824 1799 2969 1852; x_wconf 87' lang='lat' dir='ltr'>Eum</span> <span class='ocrx_word' id='word_1_211' title='bbox 3000 1797 3235 1852; x_wconf 85' lang='lat' dir='ltr'>facilius</span> <span class='ocrx_word' id='word_1_212' title='bbox 3263 1803 3352 1851; x_wconf 91' lang='lat' dir='ltr'>est</span> <span class='ocrx_word' id='word_1_213' title='bbox 3382 1797 3687 1866; x_wconf 89' lang='lat' dir='ltr'>admirari,</span> 
     </span>
    </p>
   </div>
   <div class='ocr_carea' id='block_1_32' title="bbox 274 1886 3689 1965">
    <p class='ocr_par' dir='ltr' id='par_1_32' title="bbox 274 1886 3689 1965">
     <span class='ocr_line' id='line_1_32' title="bbox 274 1886 3689 1965; baseline -0.002 -16"><span class='ocrx_word' id='word_1_214' title='bbox 274 1893 607 1949; x_wconf 81' lang='lat' dir='ltr'>Antiochiae</span> <span class='ocrx_word' id='word_1_215' title='bbox 639 1908 871 1965; x_wconf 65' lang='lat' dir='ltr'>magnai</span> <span class='ocrx_word' id='word_1_216' title='bbox 921 1891 1256 1962; x_wconf 90' lang='lat' dir='ltr'>episcopus,</span> <span class='ocrx_word' id='word_1_217' title='bbox 1316 1887 1636 1943; x_wconf 89' lang='lat' dir='ltr'>Dominum</span> <span class='ocrx_word' id='word_1_218' title='bbox 1694 1886 1922 1941; x_wconf 90' lang='lat' dir='ltr'>nudum</span> <span class='ocrx_word' id='word_1_219' title='bbox 1951 1895 1999 1961; x_wconf 85' lang='grc' dir='ltr'><strong>Β</strong></span> <span class='ocrx_word' id='word_1_220' title='bbox 2033 1905 2213 1962; x_wconf 87' lang='lat' dir='ltr'>quam</span> <span class='ocrx_word' id='word_1_221' title='bbox 2240 1887 2505 1956; x_wconf 89' lang='lat' dir='ltr'>laudare,</span> <span class='ocrx_word' id='word_1_222' title='bbox 2537 1887 2693 1958; x_wconf 90' lang='lat' dir='ltr'>quod</span> <span class='ocrx_word' id='word_1_223' title='bbox 2728 1888 2917 1943; x_wconf 87' lang='lat' dir='ltr'>oratio</span> <span class='ocrx_word' id='word_1_224' title='bbox 2950 1886 3120 1941; x_wconf 91' lang='lat' dir='ltr'>nulla</span> <span class='ocrx_word' id='word_1_225' title='bbox 3152 1887 3331 1958; x_wconf 84' lang='lat' dir='ltr'>hujus</span> <span class='ocrx_word' id='word_1_226' title='bbox 3364 1887 3470 1941; x_wconf 90' lang='lat' dir='ltr'>viri</span> <span class='ocrx_word' id='word_1_227' title='bbox 3500 1888 3689 1942; x_wconf 87' lang='lat' dir='ltr'>virtu-</span> 
     </span>
    </p>
   </div>
   <div class='ocr_carea' id='block_1_33' title="bbox 269 1974 1921 2048">
    <p class='ocr_par' dir='ltr' id='par_1_33' title="bbox 269 1974 1921 2048">
     <span class='ocr_line' id='line_1_33' title="bbox 269 1974 1921 2048; baseline -0.005 -10"><span class='ocrx_word' id='word_1_228' title='bbox 269 1984 579 2038; x_wconf 90' lang='lat' dir='ltr'>hominem</span> <span class='ocrx_word' id='word_1_229' title='bbox 609 1998 739 2039; x_wconf 87' lang='lat' dir='ltr'>esse</span> <span class='ocrx_word' id='word_1_230' title='bbox 780 1980 948 2047; x_wconf 80' lang='lat' dir='ltr'>dixit,</span> <span class='ocrx_word' id='word_1_231' title='bbox 1000 1985 1067 2034; x_wconf 90' lang='lat' dir='ltr'>ut</span> <span class='ocrx_word' id='word_1_232' title='bbox 1113 1994 1301 2034; x_wconf 90' lang='lat' dir='ltr'>unum</span> <span class='ocrx_word' id='word_1_233' title='bbox 1351 1976 1423 2031; x_wconf 90' lang='lat' dir='ltr'>de</span> <span class='ocrx_word' id='word_1_234' title='bbox 1468 1976 1792 2048; x_wconf 91' lang='lat' dir='ltr'>prophetis.</span> <span class='ocrx_word' id='word_1_235' title='bbox 1838 1974 1921 2030; x_wconf 91' lang='lat' dir='ltr'>Ab</span> 
     </span>
    </p>
   </div>
   <div class='ocr_carea' id='block_1_34' title="bbox 272 2071 715 2128">
    <p class='ocr_par' dir='ltr' id='par_1_34' title="bbox 272 2071 715 2128">
     <span class='ocr_line' id='line_1_34' title="bbox 272 2071 715 2128; baseline -0.007 0"><span class='ocrx_word' id='word_1_236' title='bbox 272 2073 387 2128; x_wconf 93' lang='lat' dir='ltr'>hoc</span> <span class='ocrx_word' id='word_1_237' title='bbox 418 2071 715 2127; x_wconf 85' lang='lat' dir='ltr'>Pauliani.</span> 
     </span>
    </p>
   </div>
   <div class='ocr_carea' id='block_1_35' title="bbox 339 2154 1923 2230">
    <p class='ocr_par' dir='ltr' id='par_1_35' title="bbox 339 2154 1923 2230">
     <span class='ocr_line' id='line_1_35' title="bbox 339 2154 1923 2230; baseline -0.005 -13"><span class='ocrx_word' id='word_1_238' title='bbox 339 2160 737 2229; x_wconf 76' lang='lat' dir='ltr'>Marcellinus,</span> <span class='ocrx_word' id='word_1_239' title='bbox 797 2159 898 2230; x_wconf 85' lang='lat' dir='ltr'>qui</span> <span class='ocrx_word' id='word_1_240' title='bbox 955 2158 1357 2229; x_wconf 87' lang='lat' dir='ltr'>principatum</span> <span class='ocrx_word' id='word_1_241' title='bbox 1420 2155 1611 2210; x_wconf 90' lang='lat' dir='ltr'>tenuit</span> <span class='ocrx_word' id='word_1_242' title='bbox 1670 2154 1923 2210; x_wconf 90' lang='lat' dir='ltr'>liberum</span> 
     </span>
    </p>
   </div>
   <div class='ocr_carea' id='block_1_36' title="bbox 265 2245 1924 2321">
    <p class='ocr_par' dir='ltr' id='par_1_36' title="bbox 265 2245 1924 2321">
     <span class='ocr_line' id='line_1_36' title="bbox 265 2245 1924 2321; baseline -0.007 -13"><span class='ocrx_word' id='word_1_243' title='bbox 265 2252 573 2308; x_wconf 59' lang='lat' dir='ltr'>Dalmatia:</span> <span class='ocrx_word' id='word_1_244' title='bbox 604 2256 662 2306; x_wconf 91' lang='lat' dir='ltr'>et</span> <span class='ocrx_word' id='word_1_245' title='bbox 690 2249 1051 2321; x_wconf 88' lang='lat' dir='ltr'>Illyriorum,</span> <span class='ocrx_word' id='word_1_246' title='bbox 1086 2247 1147 2301; x_wconf 93' lang='lat' dir='ltr'>in</span> <span class='ocrx_word' id='word_1_247' title='bbox 1180 2246 1351 2317; x_wconf 88' lang='lat' dir='ltr'>Epiro</span> <span class='ocrx_word' id='word_1_248' title='bbox 1378 2245 1798 2311; x_wconf 86' lang='lat' dir='ltr'>habitantium,</span> <span class='ocrx_word' id='word_1_249' title='bbox 1820 2246 1924 2298; x_wconf 84' lang='lat' dir='ltr'>Ro-</span> 
     </span>
    </p>
   </div>
   <div class='ocr_carea' id='block_1_37' title="bbox 262 2333 1924 2411">
    <p class='ocr_par' dir='ltr' id='par_1_37' title="bbox 262 2333 1924 2411">
     <span class='ocr_line' id='line_1_37' title="bbox 262 2333 1924 2411; baseline -0.006 -14"><span class='ocrx_word' id='word_1_250' title='bbox 262 2342 458 2397; x_wconf 88' lang='lat' dir='ltr'>manis</span> <span class='ocrx_word' id='word_1_251' title='bbox 484 2338 820 2411; x_wconf 88' lang='lat' dir='ltr'>disciplinis</span> <span class='ocrx_word' id='word_1_252' title='bbox 843 2337 1150 2391; x_wconf 90' lang='lat' dir='ltr'>institutus</span> <span class='ocrx_word' id='word_1_253' title='bbox 1168 2334 1668 2405; x_wconf 88' lang='lat' dir='ltr'>divinationisque</span> <span class='ocrx_word' id='word_1_254' title='bbox 1694 2333 1924 2405; x_wconf 87' lang='lat' dir='ltr'>peritis-</span> 
     </span>
    </p>
   </div>
   <div class='ocr_carea' id='block_1_38' title="bbox 265 2422 1925 2485">
    <p class='ocr_par' dir='ltr' id='par_1_38' title="bbox 265 2422 1925 2485">
     <span class='ocr_line' id='line_1_38' title="bbox 265 2422 1925 2485; baseline -0.004 -1"><span class='ocrx_word' id='word_1_255' title='bbox 265 2432 453 2485; x_wconf 90' lang='lat' dir='ltr'>simus</span> <span class='ocrx_word' id='word_1_256' title='bbox 486 2435 545 2485; x_wconf 91' lang='lat' dir='ltr'>et</span> <span class='ocrx_word' id='word_1_257' title='bbox 570 2427 923 2485; x_wconf 87' lang='lat' dir='ltr'>eruditionis</span> <span class='ocrx_word' id='word_1_258' title='bbox 954 2425 1423 2481; x_wconf 89' lang='lat' dir='ltr'>amantissimus.</span> <span class='ocrx_word' id='word_1_259' title='bbox 1451 2423 1595 2478; x_wconf 83' lang='lat' dir='ltr'>Huic</span> <span class='ocrx_word' id='word_1_260' title='bbox 1613 2422 1925 2477; x_wconf 87' lang='lat' dir='ltr'>familiaris</span> 
     </span>
    </p>
   </div>
   <div class='ocr_carea' id='block_1_39' title="bbox 264 2516 1166 2588">
    <p class='ocr_par' dir='ltr' id='par_1_39' title="bbox 264 2516 1166 2588">
     <span class='ocr_line' id='line_1_39' title="bbox 264 2516 1166 2588; baseline -0.007 -13"><span class='ocrx_word' id='word_1_261' title='bbox 264 2521 379 2575; x_wconf 88' lang='lat' dir='ltr'>fuit</span> <span class='ocrx_word' id='word_1_262' title='bbox 409 2518 722 2585; x_wconf 89' lang='lat' dir='ltr'>Salustius,</span> <span class='ocrx_word' id='word_1_263' title='bbox 752 2516 1166 2588; x_wconf 89' lang='lat' dir='ltr'>philosophus.</span> 
     </span>
    </p>
   </div>
   <div class='ocr_carea' id='block_1_40' title="bbox 344 2601 1922 2677">
    <p class='ocr_par' dir='ltr' id='par_1_40' title="bbox 344 2601 1922 2677">
     <span class='ocr_line' id='line_1_40' title="bbox 344 2601 1922 2677; baseline -0.006 -13"><span class='ocrx_word' id='word_1_264' title='bbox 344 2608 673 2676; x_wconf 88' lang='lat' dir='ltr'>Marcellus,</span> <span class='ocrx_word' id='word_1_265' title='bbox 706 2606 988 2677; x_wconf 73' lang='lat' dir='ltr'>magister</span> <span class='ocrx_word' id='word_1_266' title='bbox 1026 2603 1264 2660; x_wconf 86' lang='lat' dir='ltr'>Arcadii</span> <span class='ocrx_word' id='word_1_267' title='bbox 1294 2603 1437 2675; x_wconf 89' lang='lat' dir='ltr'>imp.</span> <span class='ocrx_word' id='word_1_268' title='bbox 1483 2601 1759 2657; x_wconf 91' lang='lat' dir='ltr'>omnibus</span> <span class='ocrx_word' id='word_1_269' title='bbox 1808 2601 1922 2655; x_wconf 84' lang='lat' dir='ltr'>vir—</span> 
     </span>
    </p>
   </div>
   <div class='ocr_carea' id='block_1_41' title="bbox 275 2684 1923 2766">
    <p class='ocr_par' dir='ltr' id='par_1_41' title="bbox 275 2684 1923 2766">
     <span class='ocr_line' id='line_1_41' title="bbox 275 2684 1923 2766; baseline -0.005 -13"><span class='ocrx_word' id='word_1_270' title='bbox 275 2699 498 2753; x_wconf 90' lang='lat' dir='ltr'>tutibus</span> <span class='ocrx_word' id='word_1_271' title='bbox 530 2703 777 2752; x_wconf 90' lang='lat' dir='ltr'>ornatus</span> <span class='ocrx_word' id='word_1_272' title='bbox 810 2695 901 2750; x_wconf 89' lang='lat' dir='ltr'>vel</span> <span class='ocrx_word' id='word_1_273' title='bbox 930 2694 1128 2766; x_wconf 90' lang='lat' dir='ltr'>potius</span> <span class='ocrx_word' id='word_1_274' title='bbox 1160 2692 1325 2766; x_wconf 81' lang='grc' dir='ltr'>ὸιρετή</span> <span class='ocrx_word' id='word_1_275' title='bbox 1356 2711 1439 2752; x_wconf 86' lang='grc' dir='ltr'>τις</span> <span class='ocrx_word' id='word_1_276' title='bbox 1486 2684 1762 2764; x_wconf 79' lang='grc' dir='ltr'>ἔμψυχος,</span> <span class='ocrx_word' id='word_1_277' title='bbox 1807 2690 1923 2745; x_wconf 84' lang='lat' dir='ltr'>vir-</span> 
     </span>
    </p>
   </div>
   <div class='ocr_carea' id='block_1_42' title="bbox 278 2786 950 2859">
    <p class='ocr_par' dir='ltr' id='par_1_42' title="bbox 278 2786 950 2859">
     <span class='ocr_line' id='line_1_42' title="bbox 278 2786 950 2859; baseline -0.007 -16"><span class='ocrx_word' id='word_1_278' title='bbox 278 2795 365 2843; x_wconf 87' lang='lat' dir='ltr'>tus</span> <span class='ocrx_word' id='word_1_279' title='bbox 398 2787 647 2859; x_wconf 72' lang='lat' dir='ltr'>quaedam</span> <span class='ocrx_word' id='word_1_280' title='bbox 677 2786 950 2840; x_wconf 83' lang='lat' dir='ltr'>animata.</span> 
     </span>
    </p>
   </div>
   <div class='ocr_carea' id='block_1_43' title="bbox 350 2868 1926 2945">
    <p class='ocr_par' dir='ltr' id='par_1_43' title="bbox 350 2868 1926 2945">
     <span class='ocr_line' id='line_1_43' title="bbox 350 2868 1926 2945; baseline -0.005 -13"><span class='ocrx_word' id='word_1_281' title='bbox 350 2875 680 2943; x_wconf 88' lang='lat' dir='ltr'>Marcellus,</span> <span class='ocrx_word' id='word_1_282' title='bbox 715 2876 1136 2945; x_wconf 77' lang='lat' dir='ltr'>Pergamenus,</span> <span class='ocrx_word' id='word_1_283' title='bbox 1169 2875 1386 2941; x_wconf 88' lang='lat' dir='ltr'>orator,</span> <span class='ocrx_word' id='word_1_284' title='bbox 1420 2870 1656 2941; x_wconf 88' lang='lat' dir='ltr'>scripsit</span> <span class='ocrx_word' id='word_1_285' title='bbox 1685 2868 1926 2936; x_wconf 89' lang='lat' dir='ltr'>librum,</span> 
     </span>
    </p>
   </div>
   <div class='ocr_carea' id='block_1_44' title="bbox 278 2965 1062 3034">
    <p class='ocr_par' dir='ltr' id='par_1_44' title="bbox 278 2965 1062 3034">
     <span class='ocr_line' id='line_1_44' title="bbox 278 2965 1062 3034; baseline -0.008 -12"><span class='ocrx_word' id='word_1_286' title='bbox 278 2966 586 3034; x_wconf 83' lang='lat' dir='ltr'>Adrianus,</span> <span class='ocrx_word' id='word_1_287' title='bbox 621 2965 740 3020; x_wconf 91' lang='lat' dir='ltr'>sive</span> <span class='ocrx_word' id='word_1_288' title='bbox 768 2966 842 3018; x_wconf 87' lang='lat' dir='ltr'>De</span> <span class='ocrx_word' id='word_1_289' title='bbox 872 2978 1062 3033; x_wconf 87' lang='lat' dir='ltr'>regno.</span> 
     </span>
    </p>
   </div>
   <div class='ocr_carea' id='block_1_45' title="bbox 347 3049 1924 3122">
    <p class='ocr_par' dir='ltr' id='par_1_45' title="bbox 347 3049 1924 3122">
     <span class='ocr_line' id='line_1_45' title="bbox 347 3049 1924 3122; baseline -0.006 -10"><span class='ocrx_word' id='word_1_290' title='bbox 347 3056 682 3120; x_wconf 89' lang='lat' dir='ltr'>Marcellus,</span> <span class='ocrx_word' id='word_1_291' title='bbox 716 3055 968 3122; x_wconf 90' lang='lat' dir='ltr'>Sidetes,</span> <span class='ocrx_word' id='word_1_292' title='bbox 1003 3050 1303 3121; x_wconf 85' lang='lat' dir='ltr'>medicus,</span> <span class='ocrx_word' id='word_1_293' title='bbox 1340 3050 1447 3106; x_wconf 92' lang='lat' dir='ltr'>sub</span> <span class='ocrx_word' id='word_1_294' title='bbox 1500 3051 1568 3104; x_wconf 91' lang='lat' dir='ltr'>M.</span> <span class='ocrx_word' id='word_1_295' title='bbox 1626 3049 1924 3104; x_wconf 82' lang='lat' dir='ltr'>Antonino</span> 
     </span>
    </p>
   </div>
   <div class='ocr_carea' id='block_1_46' title="bbox 269 3139 1927 3218">
    <p class='ocr_par' dir='ltr' id='par_1_46' title="bbox 269 3139 1927 3218">
     <span class='ocr_line' id='line_1_46' title="bbox 269 3139 1927 3218; baseline -0.005 -15"><span class='ocrx_word' id='word_1_296' title='bbox 269 3149 379 3203; x_wconf 82' lang='lat' dir='ltr'>Hic</span> <span class='ocrx_word' id='word_1_297' title='bbox 411 3146 650 3218; x_wconf 88' lang='lat' dir='ltr'>scripsit</span> <span class='ocrx_word' id='word_1_298' title='bbox 680 3144 945 3199; x_wconf 85' lang='lat' dir='ltr'>versibus</span> <span class='ocrx_word' id='word_1_299' title='bbox 979 3141 1240 3196; x_wconf 89' lang='lat' dir='ltr'>heroicis</span> <span class='ocrx_word' id='word_1_300' title='bbox 1281 3142 1357 3195; x_wconf 89' lang='lat' dir='ltr'>De</span> <span class='ocrx_word' id='word_1_301' title='bbox 1400 3157 1457 3195; x_wconf 89' lang='lat' dir='ltr'>re</span> <span class='ocrx_word' id='word_1_302' title='bbox 1506 3140 1715 3194; x_wconf 83' lang='lat' dir='ltr'>medica</span> <span class='ocrx_word' id='word_1_303' title='bbox 1762 3139 1927 3195; x_wconf 86' lang='lat' dir='ltr'>libros</span> 
     </span>
    </p>
   </div>
   <div class='ocr_carea' id='block_1_47' title="bbox 2035 1976 2837 2048">
    <p class='ocr_par' dir='ltr' id='par_1_47' title="bbox 2035 1976 2837 2048">
     <span class='ocr_line' id='line_1_47' title="bbox 2035 1976 2837 2048; baseline -0.002 -15"><span class='ocrx_word' id='word_1_304' title='bbox 2035 1979 2194 2034; x_wconf 86' lang='lat' dir='ltr'>tibus</span> <span class='ocrx_word' id='word_1_305' title='bbox 2226 1977 2449 2048; x_wconf 61' lang='lat' dir='ltr'>aquari</span> <span class='ocrx_word' id='word_1_306' title='bbox 2480 1976 2690 2048; x_wconf 88' lang='lat' dir='ltr'>possit,</span> <span class='ocrx_word' id='word_1_307' title='bbox 2724 1982 2837 2031; x_wconf 88' lang='lat' dir='ltr'>etc.</span> 
     </span>
    </p>
   </div>
   <div class='ocr_carea' id='block_1_48' title="bbox 2106 2066 3689 2140">
    <p class='ocr_par' dir='ltr' id='par_1_48' title="bbox 2106 2066 3689 2140">
     <span class='ocr_line' id='line_1_48' title="bbox 2106 2066 3689 2140; baseline 0.001 -18"><span class='ocrx_word' id='word_1_308' title='bbox 2106 2071 2310 2134; x_wconf 87' lang='lat' dir='ltr'>Mares,</span> <span class='ocrx_word' id='word_1_309' title='bbox 2342 2067 2730 2124; x_wconf 89' lang='lat' dir='ltr'>Chalcedonis</span> <span class='ocrx_word' id='word_1_310' title='bbox 2760 2068 2822 2121; x_wconf 91' lang='lat' dir='ltr'>in</span> <span class='ocrx_word' id='word_1_311' title='bbox 2876 2067 3152 2140; x_wconf 85' lang='lat' dir='ltr'>Bithynia</span> <span class='ocrx_word' id='word_1_312' title='bbox 3199 2066 3536 2138; x_wconf 86' lang='lat' dir='ltr'>episcopus,</span> <span class='ocrx_word' id='word_1_313' title='bbox 3586 2069 3689 2123; x_wconf 87' lang='lat' dir='ltr'>Ju-</span> 
     </span>
    </p>
   </div>
   <div class='ocr_carea' id='block_1_49' title="bbox 2035 2156 3686 2228">
    <p class='ocr_par' dir='ltr' id='par_1_49' title="bbox 2035 2156 3686 2228">
     <span class='ocr_line' id='line_1_49' title="bbox 2035 2156 3686 2228; baseline -0.001 -15"><span class='ocrx_word' id='word_1_314' title='bbox 2035 2159 2285 2223; x_wconf 86' lang='lat' dir='ltr'>lianum,</span> <span class='ocrx_word' id='word_1_315' title='bbox 2318 2156 2681 2228; x_wconf 86' lang='lat' dir='ltr'>parabatem,</span> <span class='ocrx_word' id='word_1_316' title='bbox 2715 2158 2988 2211; x_wconf 71' lang='lat' dir='ltr'>Fortunas</span> <span class='ocrx_word' id='word_1_317' title='bbox 3036 2156 3449 2211; x_wconf 86' lang='lat' dir='ltr'>immolantem</span> <span class='ocrx_word' id='word_1_318' title='bbox 3492 2157 3686 2226; x_wconf 91' lang='lat' dir='ltr'>CPoli,</span> 
     </span>
    </p>
   </div>
   <div class='ocr_carea' id='block_1_50' title="bbox 2035 2248 3686 2318">
    <p class='ocr_par' dir='ltr' id='par_1_50' title="bbox 2035 2248 3686 2318">
     <span class='ocr_line' id='line_1_50' title="bbox 2035 2248 3686 2318; baseline -0.001 -15"><span class='ocrx_word' id='word_1_319' title='bbox 2035 2250 2378 2313; x_wconf 86' lang='lat' dir='ltr'>insectatus,</span> <span class='ocrx_word' id='word_1_320' title='bbox 2412 2248 2637 2303; x_wconf 90' lang='lat' dir='ltr'>vocavit</span> <span class='ocrx_word' id='word_1_321' title='bbox 2693 2249 2963 2317; x_wconf 91' lang='lat' dir='ltr'>impium,</span> <span class='ocrx_word' id='word_1_322' title='bbox 3023 2252 3378 2318; x_wconf 87' lang='lat' dir='ltr'>apostatam,</span> <span class='ocrx_word' id='word_1_323' title='bbox 3423 2248 3686 2302; x_wconf 88' lang='lat' dir='ltr'>atheum.</span> 
     </span>
    </p>
   </div>
   <div class='ocr_carea' id='block_1_51' title="bbox 2034 2337 3693 2403">
    <p class='ocr_par' dir='ltr' id='par_1_51' title="bbox 2034 2337 3693 2403">
     <span class='ocr_line' id='line_1_51' title="bbox 2034 2337 3693 2403; baseline -0.001 -8"><span class='ocrx_word' id='word_1_324' title='bbox 2034 2341 2140 2395; x_wconf 87' lang='lat' dir='ltr'>Ille</span> <span class='ocrx_word' id='word_1_325' title='bbox 2172 2340 2245 2395; x_wconf 88' lang='lat' dir='ltr'>ad</span> <span class='ocrx_word' id='word_1_326' title='bbox 2278 2342 2518 2403; x_wconf 90' lang='lat' dir='ltr'>Marem,</span> <span class='ocrx_word' id='word_1_327' title='bbox 2588 2338 2897 2393; x_wconf 91' lang='lat' dir='ltr'>oculorum</span> <span class='ocrx_word' id='word_1_328' title='bbox 2954 2337 3264 2392; x_wconf 81' lang='lat' dir='ltr'>sufﬁsione</span> <span class='ocrx_word' id='word_1_329' title='bbox 3322 2337 3693 2393; x_wconf 89' lang='lat' dir='ltr'>laborantem</span> 
     </span>
    </p>
   </div>
   <div class='ocr_carea' id='block_1_52' title="bbox 2036 2427 3696 2502">
    <p class='ocr_par' dir='ltr' id='par_1_52' title="bbox 2036 2427 3696 2502">
     <span class='ocr_line' id='line_1_52' title="bbox 2036 2427 3696 2502; baseline -0.001 -18"><span class='ocrx_word' id='word_1_330' title='bbox 2036 2447 2155 2502; x_wconf 73' lang='lat' dir='ltr'>praa</span> <span class='ocrx_word' id='word_1_331' title='bbox 2188 2430 2355 2484; x_wconf 90' lang='lat' dir='ltr'>senio</span> <span class='ocrx_word' id='word_1_332' title='bbox 2386 2444 2397 2482; x_wconf 93' lang='lat'>:</span> <span class='ocrx_word' id='word_1_333' title='bbox 2433 2432 2616 2498; x_wconf 86' lang='lat' dir='ltr'>Neque</span> <span class='ocrx_word' id='word_1_334' title='bbox 2647 2435 2773 2481; x_wconf 87' lang='lat' dir='ltr'>tuus</span> <span class='ocrx_word' id='word_1_335' title='bbox 2800 2427 2895 2481; x_wconf 85' lang='lat' dir='ltr'>ille</span> <span class='ocrx_word' id='word_1_336' title='bbox 2927 2429 3068 2482; x_wconf 88' lang='lat' dir='ltr'>Deus</span> <span class='ocrx_word' id='word_1_337' title='bbox 3100 2428 3367 2483; x_wconf 64' lang='lat' dir='ltr'>Galilwus</span> <span class='ocrx_word' id='word_1_338' title='bbox 3401 2435 3451 2481; x_wconf 87' lang='lat' dir='ltr'>te</span> <span class='ocrx_word' id='word_1_339' title='bbox 3497 2444 3696 2483; x_wconf 85' lang='lat' dir='ltr'>sanare</span> 
     </span>
    </p>
   </div>
   <div class='ocr_carea' id='block_1_53' title="bbox 2028 2515 4070 2593">
    <p class='ocr_par' dir='ltr' id='par_1_53' title="bbox 2028 2515 4070 2593">
     <span class='ocr_line' id='line_1_53' title="bbox 2028 2515 4070 2593; baseline -0.005 -17"><span class='ocrx_word' id='word_1_340' title='bbox 2028 2521 2224 2591; x_wconf 85' lang='lat' dir='ltr'>possit.</span> <span class='ocrx_word' id='word_1_341' title='bbox 2258 2518 2361 2573; x_wconf 90' lang='lat' dir='ltr'>Cui</span> <span class='ocrx_word' id='word_1_342' title='bbox 2394 2520 2612 2572; x_wconf 90' lang='lat' dir='ltr'>Mares:</span> <span class='ocrx_word' id='word_1_343' title='bbox 2656 2518 2877 2572; x_wconf 86' lang='lat' dir='ltr'>Gratias</span> <span class='ocrx_word' id='word_1_344' title='bbox 2932 2532 3036 2584; x_wconf 85' lang='lat' dir='ltr'>ago</span> <span class='ocrx_word' id='word_1_345' title='bbox 3087 2517 3213 2581; x_wconf 90' lang='lat' dir='ltr'>Deo,</span> <span class='ocrx_word' id='word_1_346' title='bbox 3251 2515 3352 2585; x_wconf 87' lang='lat' dir='ltr'>qui</span> <span class='ocrx_word' id='word_1_347' title='bbox 3393 2532 3477 2570; x_wconf 80' lang='lat' dir='ltr'>me</span> <span class='ocrx_word' id='word_1_348' title='bbox 3506 2517 3693 2593; x_wconf 7' lang='lat' dir='ltr'>ptumi:</span> <span class='ocrx_word' id='word_1_349' title='bbox 3722 2527 4070 2574; x_wconf 49' lang='lat' dir='ltr'>Im</span> 
     </span>
    </p>
   </div>
   <div class='ocr_carea' id='block_1_54' title="bbox 2035 2590 3693 2685">
    <p class='ocr_par' dir='ltr' id='par_1_54' title="bbox 2035 2590 3693 2685">
     <span class='ocr_line' id='line_1_54' title="bbox 2035 2590 3693 2685; baseline 0.002 -21"><span class='ocrx_word' id='word_1_350' title='bbox 2035 2590 2194 2664; x_wconf 78' lang='lat' dir='ltr'>nibus</span> <span class='ocrx_word' id='word_1_351' title='bbox 2224 2608 2458 2671; x_wconf 79' lang='lat' dir='ltr'>orbavit,</span> <span class='ocrx_word' id='word_1_352' title='bbox 2507 2623 2574 2659; x_wconf 88' lang='lat' dir='ltr'>ne</span> <span class='ocrx_word' id='word_1_353' title='bbox 2619 2612 2772 2660; x_wconf 83' lang='lat' dir='ltr'>tuum</span> <span class='ocrx_word' id='word_1_354' title='bbox 2820 2590 3587 2685; x_wconf 33' lang='lat' dir='ltr'>vult/um,videam;“qﬁi/sic</span> <span class='ocrx_word' id='word_1_355' title='bbox 3634 2616 3693 2668; x_wconf 83' lang='lat' dir='ltr'>in</span> 
     </span>
    </p>
   </div>
   <div class='ocr_carea' id='block_1_55' title="bbox 2036 2694 3689 2773">
    <p class='ocr_par' dir='ltr' id='par_1_55' title="bbox 2036 2694 3689 2773">
     <span class='ocr_line' id='line_1_55' title="bbox 2036 2694 3689 2773; baseline 0.001 -18"><span class='ocrx_word' id='word_1_356' title='bbox 2036 2700 2379 2769; x_wconf 74' lang='lat' dir='ltr'>impietatem</span> <span class='ocrx_word' id='word_1_357' title='bbox 2401 2696 2696 2768; x_wconf 68' lang='lat' dir='ltr'>prolapsus</span> <span class='ocrx_word' id='word_1_358' title='bbox 2752 2694 2824 2753; x_wconf 87' lang='lat' dir='ltr'>es.</span> <span class='ocrx_word' id='word_1_359' title='bbox 2879 2699 3149 2754; x_wconf 85' lang='lat' dir='ltr'>Julianus</span> <span class='ocrx_word' id='word_1_360' title='bbox 3201 2700 3366 2769; x_wconf 90' lang='lat' dir='ltr'>inde,</span> <span class='ocrx_word' id='word_1_361' title='bbox 3420 2703 3689 2773; x_wconf 83' lang='lat' dir='ltr'>martyrii</span> 
     </span>
    </p>
   </div>
   <div class='ocr_carea' id='block_1_56' title="bbox 2035 2788 3690 2864">
    <p class='ocr_par' dir='ltr' id='par_1_56' title="bbox 2035 2788 3690 2864">
     <span class='ocr_line' id='line_1_56' title="bbox 2035 2788 3690 2864; baseline 0.003 -20"><span class='ocrx_word' id='word_1_362' title='bbox 2035 2791 2324 2845; x_wconf 83' lang='lat' dir='ltr'>honorem</span> <span class='ocrx_word' id='word_1_363' title='bbox 2346 2788 2696 2843; x_wconf 88' lang='lat' dir='ltr'>Christianis</span> <span class='ocrx_word' id='word_1_364' title='bbox 2718 2789 3052 2855; x_wconf 89' lang='lat' dir='ltr'>invidens,a</span> <span class='ocrx_word' id='word_1_365' title='bbox 3074 2790 3425 2846; x_wconf 87' lang='lat' dir='ltr'>Diocletiani</span> <span class='ocrx_word' id='word_1_366' title='bbox 3448 2793 3690 2864; x_wconf 87' lang='lat' dir='ltr'>quidem</span> 
     </span>
    </p>
   </div>
   <div class='ocr_carea' id='block_1_57' title="bbox 2038 2875 3687 2949">
    <p class='ocr_par' dir='ltr' id='par_1_57' title="bbox 2038 2875 3687 2949">
     <span class='ocr_line' id='line_1_57' title="bbox 2038 2875 3687 2949; baseline 0.002 -17"><span class='ocrx_word' id='word_1_367' title='bbox 2038 2877 2390 2932; x_wconf 89' lang='lat' dir='ltr'>crudelitate</span> <span class='ocrx_word' id='word_1_368' title='bbox 2413 2875 2735 2943; x_wconf 87' lang='lat' dir='ltr'>abstinuit;</span> <span class='ocrx_word' id='word_1_369' title='bbox 2760 2882 2821 2931; x_wconf 90' lang='lat' dir='ltr'>at</span> <span class='ocrx_word' id='word_1_370' title='bbox 2840 2877 2969 2949; x_wconf 90' lang='lat' dir='ltr'>lege</span> <span class='ocrx_word' id='word_1_371' title='bbox 2996 2877 3114 2933; x_wconf 92' lang='lat' dir='ltr'>lata</span> <span class='ocrx_word' id='word_1_372' title='bbox 3130 2878 3479 2935; x_wconf 90' lang='lat' dir='ltr'>Christianis</span> <span class='ocrx_word' id='word_1_373' title='bbox 3502 2882 3687 2936; x_wconf 87' lang='lat' dir='ltr'>inter-</span> 
     </span>
    </p>
   </div>
   <div class='ocr_carea' id='block_1_58' title="bbox 2038 2965 3689 3039">
    <p class='ocr_par' dir='ltr' id='par_1_58' title="bbox 2038 2965 3689 3039">
     <span class='ocr_line' id='line_1_58' title="bbox 2038 2965 3689 3039; baseline 0.003 -19"><span class='ocrx_word' id='word_1_374' title='bbox 2038 2966 2207 3030; x_wconf 84' lang='lat' dir='ltr'>dixit,</span> <span class='ocrx_word' id='word_1_375' title='bbox 2240 2982 2313 3020; x_wconf 93' lang='lat' dir='ltr'>ne</span> <span class='ocrx_word' id='word_1_376' title='bbox 2344 2965 2798 3021; x_wconf 90' lang='lat' dir='ltr'>bumanioribus</span> <span class='ocrx_word' id='word_1_377' title='bbox 2827 2966 3161 3037; x_wconf 88' lang='lat' dir='ltr'>disciplinis</span> <span class='ocrx_word' id='word_1_378' title='bbox 3210 2968 3689 3039; x_wconf 90' lang='lat' dir='ltr'>instituerentur,</span> 
     </span>
    </p>
   </div>
   <div class='ocr_carea' id='block_1_59' title="bbox 2037 3053 3690 3129">
    <p class='ocr_par' dir='ltr' id='par_1_59' title="bbox 2037 3053 3690 3129">
     <span class='ocr_line' id='line_1_59' title="bbox 2037 3053 3690 3129; baseline 0.002 -18"><span class='ocrx_word' id='word_1_379' title='bbox 2037 3072 2133 3123; x_wconf 90' lang='lat' dir='ltr'>ne,</span> <span class='ocrx_word' id='word_1_380' title='bbox 2169 3055 2217 3109; x_wconf 89' lang='lat' dir='ltr'>si</span> <span class='ocrx_word' id='word_1_381' title='bbox 2261 3053 2551 3125; x_wconf 86' lang='lat' dir='ltr'>linguam,</span> <span class='ocrx_word' id='word_1_382' title='bbox 2603 3060 2668 3108; x_wconf 91' lang='lat' dir='ltr'>ut</span> <span class='ocrx_word' id='word_1_383' title='bbox 2725 3054 2943 3119; x_wconf 90' lang='lat' dir='ltr'>aiebat,</span> <span class='ocrx_word' id='word_1_384' title='bbox 3002 3056 3325 3121; x_wconf 91' lang='lat' dir='ltr'>acuissent,</span> <span class='ocrx_word' id='word_1_385' title='bbox 3379 3058 3690 3129; x_wconf 82' lang='lat' dir='ltr'>gentilium</span> 
     </span>
    </p>
   </div>
   <div class='ocr_carea' id='block_1_60' title="bbox 2038 3144 3690 3215">
    <p class='ocr_par' dir='ltr' id='par_1_60' title="bbox 2038 3144 3690 3215">
     <span class='ocr_line' id='line_1_60' title="bbox 2038 3144 3690 3215; baseline 0.001 -14"><span class='ocrx_word' id='word_1_386' title='bbox 2038 3146 2309 3201; x_wconf 91' lang='lat' dir='ltr'>dialectis</span> <span class='ocrx_word' id='word_1_387' title='bbox 2341 3144 2673 3215; x_wconf 84' lang='lat' dir='ltr'>expeditius</span> <span class='ocrx_word' id='word_1_388' title='bbox 2706 3144 3155 3215; x_wconf 88' lang='lat' dir='ltr'>responderent.</span> <span class='ocrx_word' id='word_1_389' title='bbox 3191 3148 3302 3199; x_wconf 92' lang='lat' dir='ltr'>Per</span> <span class='ocrx_word' id='word_1_390' title='bbox 3324 3148 3511 3202; x_wconf 86' lang='lat' dir='ltr'>varias</span> <span class='ocrx_word' id='word_1_391' title='bbox 3534 3155 3690 3203; x_wconf 87' lang='lat' dir='ltr'>artes</span> 
     </span>
    </p>
   </div>
   <div class='ocr_carea' id='block_1_61' title="bbox 264 3229 3691 3317">
    <p class='ocr_par' dir='ltr' id='par_1_61' title="bbox 264 3229 3691 3317">
     <span class='ocr_line' id='line_1_61' title="bbox 264 3229 3691 3317; baseline -0.001 -25"><span class='ocrx_word' id='word_1_392' title='bbox 264 3238 436 3304; x_wconf 77' lang='lat' dir='ltr'>XLII,</span> <span class='ocrx_word' id='word_1_393' title='bbox 499 3236 562 3290; x_wconf 92' lang='lat' dir='ltr'>in</span> <span class='ocrx_word' id='word_1_394' title='bbox 602 3233 818 3306; x_wconf 92' lang='lat' dir='ltr'>quibus</span> <span class='ocrx_word' id='word_1_395' title='bbox 874 3232 1053 3286; x_wconf 91' lang='lat' dir='ltr'>etiam</span> <span class='ocrx_word' id='word_1_396' title='bbox 1102 3229 1173 3285; x_wconf 90' lang='lat' dir='ltr'>de</span> <span class='ocrx_word' id='word_1_397' title='bbox 1216 3229 1421 3285; x_wconf 92' lang='lat' dir='ltr'>morbo</span> <span class='ocrx_word' id='word_1_398' title='bbox 1470 3229 1676 3300; x_wconf 91' lang='lat' dir='ltr'>lupino</span> <span class='ocrx_word' id='word_1_399' title='bbox 1722 3229 1915 3283; x_wconf 88' lang='lat' dir='ltr'>homi-</span> <span class='ocrx_word' id='word_1_400' title='bbox 1956 3251 1999 3317; x_wconf 70' lang='grc' dir='ltr'><strong>ρ</strong></span> <span class='ocrx_word' id='word_1_401' title='bbox 2038 3236 2215 3293; x_wconf 86' lang='lat' dir='ltr'>etiam</span> <span class='ocrx_word' id='word_1_402' title='bbox 2246 3233 2542 3305; x_wconf 89' lang='lat' dir='ltr'>persuasit</span> <span class='ocrx_word' id='word_1_403' title='bbox 2570 3233 2951 3303; x_wconf 87' lang='lat' dir='ltr'>quibusdam,</span> <span class='ocrx_word' id='word_1_404' title='bbox 2982 3233 3138 3288; x_wconf 90' lang='lat' dir='ltr'>inter</span> <span class='ocrx_word' id='word_1_405' title='bbox 3194 3233 3301 3288; x_wconf 92' lang='lat' dir='ltr'>hos</span> <span class='ocrx_word' id='word_1_406' title='bbox 3352 3235 3691 3305; x_wconf 87' lang='lat' dir='ltr'>Hecebolio,</span> 
     </span>
    </p>
   </div>
   <div class='ocr_carea' id='block_1_62' title="bbox 266 3318 1922 3395">
    <p class='ocr_par' dir='ltr' id='par_1_62' title="bbox 266 3318 1922 3395">
     <span class='ocr_line' id='line_1_62' title="bbox 266 3318 1922 3395; baseline -0.005 -14"><span class='ocrx_word' id='word_1_407' title='bbox 266 3342 418 3381; x_wconf 88' lang='lat' dir='ltr'>num</span> <span class='ocrx_word' id='word_1_408' title='bbox 450 3324 569 3379; x_wconf 89' lang='lat' dir='ltr'>sive</span> <span class='ocrx_word' id='word_1_409' title='bbox 613 3320 1045 3395; x_wconf 84' lang='lat' dir='ltr'>lycanthrOpia.</span> <span class='ocrx_word' id='word_1_410' title='bbox 1095 3319 1258 3374; x_wconf 86' lang='lat' dir='ltr'>Conf.</span> <span class='ocrx_word' id='word_1_411' title='bbox 1312 3318 1543 3373; x_wconf 89' lang='lat' dir='ltr'>Kusteri</span> <span class='ocrx_word' id='word_1_412' title='bbox 1590 3323 1713 3372; x_wconf 89' lang='lat' dir='ltr'>not.</span> <span class='ocrx_word' id='word_1_413' title='bbox 1765 3320 1922 3386; x_wconf 84' lang='lat'>8,11,</span> 
     </span>
    </p>
   </div>
   <div class='ocr_carea' id='block_1_63' title="bbox 262 3416 562 3488">
    <p class='ocr_par' dir='ltr' id='par_1_63' title="bbox 262 3416 562 3488">
     <span class='ocr_line' id='line_1_63' title="bbox 262 3416 562 3488; baseline 0.013 -22"><span class='ocrx_word' id='word_1_414' title='bbox 262 3432 402 3488; x_wconf 81' lang='lat' dir='ltr'>pag.</span> <span class='ocrx_word' id='word_1_415' title='bbox 438 3416 562 3470; x_wconf 73' lang='grc'>498.</span> 
     </span>
    </p>
   </div>
   <div class='ocr_carea' id='block_1_64' title="bbox 342 3495 1926 3569">
    <p class='ocr_par' dir='ltr' id='par_1_64' title="bbox 342 3495 1926 3569">
     <span class='ocr_line' id='line_1_64' title="bbox 342 3495 1926 3569; baseline -0.004 -12"><span class='ocrx_word' id='word_1_416' title='bbox 342 3500 672 3569; x_wconf 89' lang='lat' dir='ltr'>Marcellus,</span> <span class='ocrx_word' id='word_1_417' title='bbox 705 3500 825 3556; x_wconf 84' lang='lat' dir='ltr'>dux</span> <span class='ocrx_word' id='word_1_418' title='bbox 854 3499 1115 3557; x_wconf 89' lang='lat' dir='ltr'>militum</span> <span class='ocrx_word' id='word_1_419' title='bbox 1147 3497 1254 3554; x_wconf 92' lang='lat' dir='ltr'>sub</span> <span class='ocrx_word' id='word_1_420' title='bbox 1313 3495 1654 3563; x_wconf 84' lang='lat' dir='ltr'>Commodo,</span> <span class='ocrx_word' id='word_1_421' title='bbox 1704 3502 1771 3551; x_wconf 91' lang='lat' dir='ltr'>ut</span> <span class='ocrx_word' id='word_1_422' title='bbox 1821 3512 1926 3568; x_wconf 91' lang='lat' dir='ltr'>per</span> 
     </span>
    </p>
   </div>
   <div class='ocr_carea' id='block_1_65' title="bbox 260 3587 1924 3659">
    <p class='ocr_par' dir='ltr' id='par_1_65' title="bbox 260 3587 1924 3659">
     <span class='ocr_line' id='line_1_65' title="bbox 260 3587 1924 3659; baseline -0.004 -11"><span class='ocrx_word' id='word_1_423' title='bbox 260 3597 453 3648; x_wconf 82' lang='lat' dir='ltr'>tetam</span> <span class='ocrx_word' id='word_1_424' title='bbox 487 3596 723 3646; x_wconf 89' lang='lat' dir='ltr'>noctem</span> <span class='ocrx_word' id='word_1_425' title='bbox 753 3590 995 3659; x_wconf 84' lang='lat' dir='ltr'>vigilare</span> <span class='ocrx_word' id='word_1_426' title='bbox 1026 3588 1345 3654; x_wconf 87' lang='lat' dir='ltr'>videretur,</span> <span class='ocrx_word' id='word_1_427' title='bbox 1375 3587 1639 3657; x_wconf 90' lang='lat' dir='ltr'>quotidie</span> <span class='ocrx_word' id='word_1_428' title='bbox 1692 3587 1797 3641; x_wconf 91' lang='lat' dir='ltr'>sub</span> <span class='ocrx_word' id='word_1_429' title='bbox 1830 3602 1924 3641; x_wconf 85' lang='lat' dir='ltr'>ve-</span> 
     </span>
    </p>
   </div>
   <div class='ocr_carea' id='block_1_66' title="bbox 261 3671 1926 3753">
    <p class='ocr_par' dir='ltr' id='par_1_66' title="bbox 261 3671 1926 3753">
     <span class='ocr_line' id='line_1_66' title="bbox 261 3671 1926 3753; baseline -0.006 -17"><span class='ocrx_word' id='word_1_430' title='bbox 261 3697 506 3753; x_wconf 87' lang='lat' dir='ltr'>speram</span> <span class='ocrx_word' id='word_1_431' title='bbox 563 3678 986 3751; x_wconf 61' lang='lat' dir='ltr'>praescribebat</span> <span class='ocrx_word' id='word_1_432' title='bbox 1040 3676 1356 3732; x_wconf 91' lang='lat' dir='ltr'>duodecim</span> <span class='ocrx_word' id='word_1_433' title='bbox 1414 3676 1660 3731; x_wconf 85' lang='lat' dir='ltr'>tabellas</span> <span class='ocrx_word' id='word_1_434' title='bbox 1718 3671 1926 3728; x_wconf 79' lang='grc' dir='ltr'>δώδεκα</span> 
     </span>
    </p>
   </div>
   <div class='ocr_carea' id='block_1_67' title="bbox 257 3764 1924 3843">
    <p class='ocr_par' dir='ltr' id='par_1_67' title="bbox 257 3764 1924 3843">
     <span class='ocr_line' id='line_1_67' title="bbox 257 3764 1924 3843; baseline -0.002 -22"><span class='ocrx_word' id='word_1_435' title='bbox 257 3772 620 3843; x_wconf 76' lang='grc' dir='ltr'>γραμματεῖα</span> <span class='ocrx_word' id='word_1_436' title='bbox 670 3768 820 3842; x_wconf 73' lang='grc' dir='ltr'><strong>οῖάγε</strong></span> <span class='ocrx_word' id='word_1_437' title='bbox 878 3764 936 3820; x_wconf 84' lang='grc' dir='ltr'>ἐκ</span> <span class='ocrx_word' id='word_1_438' title='bbox 993 3764 1224 3843; x_wconf 77' lang='grc' dir='ltr'>φιλύρας</span> <span class='ocrx_word' id='word_1_439' title='bbox 1282 3769 1543 3832; x_wconf 81' lang='grc' dir='ltr'>ποιεῖται,</span> <span class='ocrx_word' id='word_1_440' title='bbox 1602 3780 1924 3836; x_wconf 89' lang='lat' dir='ltr'>earumque</span> 
     </span>
    </p>
   </div>
   <div class='ocr_carea' id='block_1_68' title="bbox 264 3855 1922 3927">
    <p class='ocr_par' dir='ltr' id='par_1_68' title="bbox 264 3855 1922 3927">
     <span class='ocr_line' id='line_1_68' title="bbox 264 3855 1922 3927; baseline -0.004 -13"><span class='ocrx_word' id='word_1_441' title='bbox 264 3857 425 3914; x_wconf 85' lang='lat' dir='ltr'>alias</span> <span class='ocrx_word' id='word_1_442' title='bbox 456 3858 590 3913; x_wconf 88' lang='lat' dir='ltr'>aliis</span> <span class='ocrx_word' id='word_1_443' title='bbox 622 3858 784 3912; x_wconf 90' lang='lat' dir='ltr'>horis</span> <span class='ocrx_word' id='word_1_444' title='bbox 818 3857 892 3912; x_wconf 90' lang='lat' dir='ltr'>ad</span> <span class='ocrx_word' id='word_1_445' title='bbox 920 3856 1182 3911; x_wconf 89' lang='lat' dir='ltr'>diversos</span> <span class='ocrx_word' id='word_1_446' title='bbox 1214 3856 1461 3927; x_wconf 87' lang='lat' dir='ltr'>perferri</span> <span class='ocrx_word' id='word_1_447' title='bbox 1498 3855 1761 3921; x_wconf 88' lang='lat' dir='ltr'>curabat,</span> <span class='ocrx_word' id='word_1_448' title='bbox 1813 3859 1922 3908; x_wconf 90' lang='lat' dir='ltr'>etc.</span> 
     </span>
    </p>
   </div>
   <div class='ocr_carea' id='block_1_69' title="bbox 352 3944 1928 4018">
    <p class='ocr_par' dir='ltr' id='par_1_69' title="bbox 352 3944 1928 4018">
     <span class='ocr_line' id='line_1_69' title="bbox 352 3944 1928 4018; baseline -0.003 -17"><span class='ocrx_word' id='word_1_449' title='bbox 352 3947 701 4013; x_wconf 86' lang='lat' dir='ltr'>Marcianus,</span> <span class='ocrx_word' id='word_1_450' title='bbox 738 3946 1000 4001; x_wconf 85' lang='lat' dir='ltr'>Valentis</span> <span class='ocrx_word' id='word_1_451' title='bbox 1050 3946 1217 4016; x_wconf 91' lang='lat' dir='ltr'>imp.,</span> <span class='ocrx_word' id='word_1_452' title='bbox 1274 3950 1333 4000; x_wconf 90' lang='lat' dir='ltr'>et</span> <span class='ocrx_word' id='word_1_453' title='bbox 1376 3944 1622 4018; x_wconf 87' lang='lat' dir='ltr'>Angelii,</span> <span class='ocrx_word' id='word_1_454' title='bbox 1670 3944 1928 4015; x_wconf 77' lang='lat' dir='ltr'>episcoPi</span> 
     </span>
    </p>
   </div>
   <div class='ocr_carea' id='block_1_70' title="bbox 272 4034 1928 4107">
    <p class='ocr_par' dir='ltr' id='par_1_70' title="bbox 272 4034 1928 4107">
     <span class='ocr_line' id='line_1_70' title="bbox 272 4034 1928 4107; baseline -0.003 -16"><span class='ocrx_word' id='word_1_455' title='bbox 272 4037 451 4091; x_wconf 91' lang='lat' dir='ltr'>CPol.</span> <span class='ocrx_word' id='word_1_456' title='bbox 482 4042 747 4107; x_wconf 87' lang='lat' dir='ltr'>tempore</span> <span class='ocrx_word' id='word_1_457' title='bbox 777 4036 940 4103; x_wconf 87' lang='lat' dir='ltr'>vixit,</span> <span class='ocrx_word' id='word_1_458' title='bbox 972 4036 1059 4089; x_wconf 89' lang='lat' dir='ltr'>vir</span> <span class='ocrx_word' id='word_1_459' title='bbox 1116 4034 1331 4100; x_wconf 89' lang='lat' dir='ltr'>clarus,</span> <span class='ocrx_word' id='word_1_460' title='bbox 1381 4034 1483 4105; x_wconf 91' lang='lat' dir='ltr'>qui</span> <span class='ocrx_word' id='word_1_461' title='bbox 1531 4034 1672 4089; x_wconf 88' lang='lat' dir='ltr'>olim</span> <span class='ocrx_word' id='word_1_462' title='bbox 1720 4034 1780 4087; x_wconf 89' lang='lat' dir='ltr'>in</span> <span class='ocrx_word' id='word_1_463' title='bbox 1829 4049 1928 4103; x_wconf 89' lang='lat' dir='ltr'>pa-</span> 
     </span>
    </p>
   </div>
   <div class='ocr_carea' id='block_1_71' title="bbox 270 4122 1929 4195">
    <p class='ocr_par' dir='ltr' id='par_1_71' title="bbox 270 4122 1929 4195">
     <span class='ocr_line' id='line_1_71' title="bbox 270 4122 1929 4195; baseline -0.002 -14"><span class='ocrx_word' id='word_1_464' title='bbox 270 4126 424 4181; x_wconf 87' lang='lat' dir='ltr'>latio</span> <span class='ocrx_word' id='word_1_465' title='bbox 460 4125 835 4190; x_wconf 90' lang='lat' dir='ltr'>militaverat,</span> <span class='ocrx_word' id='word_1_466' title='bbox 889 4130 1029 4179; x_wconf 90' lang='lat' dir='ltr'>tunc</span> <span class='ocrx_word' id='word_1_467' title='bbox 1078 4122 1387 4195; x_wconf 89' lang='lat' dir='ltr'>presbyter</span> <span class='ocrx_word' id='word_1_468' title='bbox 1431 4124 1693 4178; x_wconf 64' lang='lat' dir='ltr'>ecclesias</span> <span class='ocrx_word' id='word_1_469' title='bbox 1743 4124 1929 4177; x_wconf 83' lang='lat' dir='ltr'>Nova-</span> 
     </span>
    </p>
   </div>
   <div class='ocr_carea' id='block_1_72' title="bbox 273 4213 1932 4285">
    <p class='ocr_par' dir='ltr' id='par_1_72' title="bbox 273 4213 1932 4285">
     <span class='ocr_line' id='line_1_72' title="bbox 273 4213 1932 4285; baseline -0.002 -15"><span class='ocrx_word' id='word_1_470' title='bbox 273 4216 607 4281; x_wconf 81' lang='lat' dir='ltr'>tianorum,</span> <span class='ocrx_word' id='word_1_471' title='bbox 651 4214 1044 4281; x_wconf 89' lang='lat' dir='ltr'>Anastasiam,</span> <span class='ocrx_word' id='word_1_472' title='bbox 1079 4213 1455 4285; x_wconf 89' lang='lat' dir='ltr'>imperatoris</span> <span class='ocrx_word' id='word_1_473' title='bbox 1507 4214 1689 4269; x_wconf 81' lang='lat' dir='ltr'>filiam</span> <span class='ocrx_word' id='word_1_474' title='bbox 1739 4228 1932 4283; x_wconf 88' lang='lat' dir='ltr'>gram-</span> 
     </span>
    </p>
   </div>
   <div class='ocr_carea' id='block_1_73' title="bbox 279 4303 819 4361">
    <p class='ocr_par' dir='ltr' id='par_1_73' title="bbox 279 4303 819 4361">
     <span class='ocr_line' id='line_1_73' title="bbox 279 4303 819 4361; baseline -0.006 0"><span class='ocrx_word' id='word_1_475' title='bbox 279 4305 569 4361; x_wconf 87' lang='lat' dir='ltr'>maticam</span> <span class='ocrx_word' id='word_1_476' title='bbox 598 4303 819 4360; x_wconf 88' lang='lat' dir='ltr'>docuit.</span> 
     </span>
    </p>
   </div>
   <div class='ocr_carea' id='block_1_74' title="bbox 362 4391 1941 4463">
    <p class='ocr_par' dir='ltr' id='par_1_74' title="bbox 362 4391 1941 4463">
     <span class='ocr_line' id='line_1_74' title="bbox 362 4391 1941 4463; baseline -0.001 -16"><span class='ocrx_word' id='word_1_477' title='bbox 362 4394 713 4461; x_wconf 89' lang='lat' dir='ltr'>Marcianus,</span> <span class='ocrx_word' id='word_1_478' title='bbox 745 4393 1056 4449; x_wconf 88' lang='lat' dir='ltr'>familiaris</span> <span class='ocrx_word' id='word_1_479' title='bbox 1106 4392 1391 4460; x_wconf 84' lang='lat' dir='ltr'>Musonio,</span> <span class='ocrx_word' id='word_1_480' title='bbox 1436 4391 1805 4463; x_wconf 89' lang='lat' dir='ltr'>Pamphylio,</span> <span class='ocrx_word' id='word_1_481' title='bbox 1853 4393 1941 4447; x_wconf 91' lang='lat' dir='ltr'>vir</span> 
     </span>
    </p>
   </div>
   <div class='ocr_carea' id='block_1_75' title="bbox 281 4481 1940 4554">
    <p class='ocr_par' dir='ltr' id='par_1_75' title="bbox 281 4481 1940 4554">
     <span class='ocr_line' id='line_1_75' title="bbox 281 4481 1940 4554; baseline -0.001 -16"><span class='ocrx_word' id='word_1_482' title='bbox 281 4483 362 4539; x_wconf 83' lang='lat' dir='ltr'>ad</span> <span class='ocrx_word' id='word_1_483' title='bbox 397 4500 637 4538; x_wconf 90' lang='lat' dir='ltr'>omnem</span> <span class='ocrx_word' id='word_1_484' title='bbox 668 4484 943 4538; x_wconf 89' lang='lat' dir='ltr'>virtutem</span> <span class='ocrx_word' id='word_1_485' title='bbox 971 4483 1159 4537; x_wconf 88' lang='lat' dir='ltr'>instar</span> <span class='ocrx_word' id='word_1_486' title='bbox 1187 4481 1406 4554; x_wconf 63' lang='lat' dir='ltr'>regulas</span> <span class='ocrx_word' id='word_1_487' title='bbox 1464 4486 1720 4538; x_wconf 84' lang='lat' dir='ltr'>exactus.</span> <span class='ocrx_word' id='word_1_488' title='bbox 1772 4482 1940 4536; x_wconf 87' lang='lat' dir='ltr'>Viros</span> 
     </span>
    </p>
   </div>
   <div class='ocr_carea' id='block_1_76' title="bbox 2039 3324 3081 3398">
    <p class='ocr_par' dir='ltr' id='par_1_76' title="bbox 2039 3324 3081 3398">
     <span class='ocr_line' id='line_1_76' title="bbox 2039 3324 3081 3398; baseline -0.004 -17"><span class='ocrx_word' id='word_1_489' title='bbox 2039 3327 2340 3398; x_wconf 75' lang='lat' dir='ltr'>sophistae,</span> <span class='ocrx_word' id='word_1_490' title='bbox 2374 3330 2443 3379; x_wconf 87' lang='lat' dir='ltr'>ut</span> <span class='ocrx_word' id='word_1_491' title='bbox 2469 3324 2647 3378; x_wconf 90' lang='lat' dir='ltr'>idolis</span> <span class='ocrx_word' id='word_1_492' title='bbox 2679 3324 3081 3379; x_wconf 90' lang='lat' dir='ltr'>immolarent.</span> 
     </span>
    </p>
   </div>
   <div class='ocr_carea' id='block_1_77' title="bbox 2102 3415 3686 3490">
    <p class='ocr_par' dir='ltr' id='par_1_77' title="bbox 2102 3415 3686 3490">
     <span class='ocr_line' id='line_1_77' title="bbox 2102 3415 3686 3490; baseline 0.001 -18"><span class='ocrx_word' id='word_1_493' title='bbox 2102 3417 2396 3490; x_wconf 88' lang='lat' dir='ltr'>Margites,</span> <span class='ocrx_word' id='word_1_494' title='bbox 2430 3416 2530 3486; x_wconf 93' lang='lat' dir='ltr'>qui</span> <span class='ocrx_word' id='word_1_495' title='bbox 2564 3431 2599 3470; x_wconf 87' lang='lat' dir='ltr'>a</span> <span class='ocrx_word' id='word_1_496' title='bbox 2626 3415 2870 3469; x_wconf 89' lang='lat' dir='ltr'>comicis</span> <span class='ocrx_word' id='word_1_497' title='bbox 2902 3416 2973 3469; x_wconf 93' lang='lat' dir='ltr'>ob</span> <span class='ocrx_word' id='word_1_498' title='bbox 3006 3415 3321 3471; x_wconf 89' lang='lat' dir='ltr'>stultitiam</span> <span class='ocrx_word' id='word_1_499' title='bbox 3364 3417 3686 3475; x_wconf 90' lang='lat' dir='ltr'>deridetur.</span> 
     </span>
    </p>
   </div>
   <div class='ocr_carea' id='block_1_78' title="bbox 2032 3505 3691 3579">
    <p class='ocr_par' dir='ltr' id='par_1_78' title="bbox 2032 3505 3691 3579">
     <span class='ocr_line' id='line_1_78' title="bbox 2032 3505 3691 3579; baseline 0 -16"><span class='ocrx_word' id='word_1_500' title='bbox 2032 3508 2232 3573; x_wconf 86' lang='lat' dir='ltr'>Aiunt,</span> <span class='ocrx_word' id='word_1_501' title='bbox 2296 3522 2433 3561; x_wconf 89' lang='lat' dir='ltr'>eum</span> <span class='ocrx_word' id='word_1_502' title='bbox 2488 3505 2644 3561; x_wconf 88' lang='lat' dir='ltr'>ultra</span> <span class='ocrx_word' id='word_1_503' title='bbox 2701 3506 2965 3577; x_wconf 89' lang='lat' dir='ltr'>quinque</span> <span class='ocrx_word' id='word_1_504' title='bbox 3025 3522 3339 3561; x_wconf 90' lang='lat' dir='ltr'>numerare</span> <span class='ocrx_word' id='word_1_505' title='bbox 3407 3524 3529 3562; x_wconf 91' lang='lat' dir='ltr'>non</span> <span class='ocrx_word' id='word_1_506' title='bbox 3583 3525 3691 3579; x_wconf 88' lang='lat' dir='ltr'>po-</span> 
     </span>
    </p>
   </div>
   <div class='ocr_carea' id='block_1_79' title="bbox 2033 3597 2381 3661">
    <p class='ocr_par' dir='ltr' id='par_1_79' title="bbox 2033 3597 2381 3661">
     <span class='ocr_line' id='line_1_79' title="bbox 2033 3597 2381 3661; baseline -0.011 -9"><span class='ocrx_word' id='word_1_507' title='bbox 2033 3597 2239 3661; x_wconf 89' lang='lat' dir='ltr'>tuisse,</span> <span class='ocrx_word' id='word_1_508' title='bbox 2269 3598 2381 3649; x_wconf 90' lang='lat' dir='ltr'>etc.</span> 
     </span>
    </p>
   </div>
   <div class='ocr_carea' id='block_1_80' title="bbox 2104 3683 3685 3754">
    <p class='ocr_par' dir='ltr' id='par_1_80' title="bbox 2104 3683 3685 3754">
     <span class='ocr_line' id='line_1_80' title="bbox 2104 3683 3685 3754; baseline 0 -13"><span class='ocrx_word' id='word_1_509' title='bbox 2104 3686 2421 3749; x_wconf 88' lang='lat' dir='ltr'>Marianus,</span> <span class='ocrx_word' id='word_1_510' title='bbox 2456 3684 2651 3750; x_wconf 85' lang='lat' dir='ltr'>Marsi,</span> <span class='ocrx_word' id='word_1_511' title='bbox 2693 3683 2997 3745; x_wconf 86' lang='lat' dir='ltr'>causidici,</span> <span class='ocrx_word' id='word_1_512' title='bbox 3032 3684 3132 3754; x_wconf 91' lang='lat' dir='ltr'>qui</span> <span class='ocrx_word' id='word_1_513' title='bbox 3172 3686 3358 3740; x_wconf 80' lang='lat' dir='ltr'>Roma</span> <span class='ocrx_word' id='word_1_514' title='bbox 3403 3685 3685 3741; x_wconf 87' lang='lat' dir='ltr'>Eleuthe-</span> 
     </span>
    </p>
   </div>
   <div class='ocr_carea' id='block_1_81' title="bbox 2035 3773 3681 3847">
    <p class='ocr_par' dir='ltr' id='par_1_81' title="bbox 2035 3773 3681 3847">
     <span class='ocr_line' id='line_1_81' title="bbox 2035 3773 3681 3847; baseline 0 -17"><span class='ocrx_word' id='word_1_515' title='bbox 2035 3775 2265 3847; x_wconf 91' lang='lat' dir='ltr'>ropolin</span> <span class='ocrx_word' id='word_1_516' title='bbox 2291 3774 2620 3829; x_wconf 70' lang='lat' dir='ltr'>Palaestinae</span> <span class='ocrx_word' id='word_1_517' title='bbox 2644 3773 2848 3844; x_wconf 65' lang='lat' dir='ltr'>prima)</span> <span class='ocrx_word' id='word_1_518' title='bbox 2873 3773 3155 3844; x_wconf 91' lang='lat' dir='ltr'>oppidum</span> <span class='ocrx_word' id='word_1_519' title='bbox 3182 3774 3471 3845; x_wconf 84' lang='lat' dir='ltr'>migravit,</span> <span class='ocrx_word' id='word_1_520' title='bbox 3496 3774 3681 3843; x_wconf 82' lang='lat' dir='ltr'>ﬁlius,</span> 
     </span>
    </p>
   </div>
   <div class='ocr_carea' id='block_1_82' title="bbox 2035 3862 3680 3935">
    <p class='ocr_par' dir='ltr' id='par_1_82' title="bbox 2035 3862 3680 3935">
     <span class='ocr_line' id='line_1_82' title="bbox 2035 3862 3680 3935; baseline -0.001 -15"><span class='ocrx_word' id='word_1_521' title='bbox 2035 3865 2347 3935; x_wconf 81' lang='lat' dir='ltr'>praefectus</span> <span class='ocrx_word' id='word_1_522' title='bbox 2378 3863 2541 3917; x_wconf 90' lang='lat' dir='ltr'>urbis</span> <span class='ocrx_word' id='word_1_523' title='bbox 2564 3864 2784 3929; x_wconf 78' lang='lat' dir='ltr'>Romae,</span> <span class='ocrx_word' id='word_1_524' title='bbox 2816 3862 3171 3929; x_wconf 87' lang='lat' dir='ltr'>consularis,</span> <span class='ocrx_word' id='word_1_525' title='bbox 3203 3869 3279 3928; x_wconf 92' lang='lat' dir='ltr'>et,</span> <span class='ocrx_word' id='word_1_526' title='bbox 3322 3864 3477 3935; x_wconf 92' lang='lat' dir='ltr'>quod</span> <span class='ocrx_word' id='word_1_527' title='bbox 3510 3864 3680 3919; x_wconf 91' lang='lat' dir='ltr'>illus-</span> 
     </span>
    </p>
   </div>
   <div class='ocr_carea' id='block_1_83' title="bbox 2038 3953 3687 4025">
    <p class='ocr_par' dir='ltr' id='par_1_83' title="bbox 2038 3953 3687 4025">
     <span class='ocr_line' id='line_1_83' title="bbox 2038 3953 3687 4025; baseline -0.001 -16"><span class='ocrx_word' id='word_1_528' title='bbox 2038 3956 2185 4009; x_wconf 91' lang='lat' dir='ltr'>trius</span> <span class='ocrx_word' id='word_1_529' title='bbox 2208 3959 2316 4020; x_wconf 88' lang='lat' dir='ltr'>est,</span> <span class='ocrx_word' id='word_1_530' title='bbox 2339 3953 2622 4024; x_wconf 88' lang='lat' dir='ltr'>patricius</span> <span class='ocrx_word' id='word_1_531' title='bbox 2647 3958 2910 4023; x_wconf 88' lang='lat' dir='ltr'>tempore</span> <span class='ocrx_word' id='word_1_532' title='bbox 2935 3953 3229 4007; x_wconf 86' lang='lat' dir='ltr'>Anastasii</span> <span class='ocrx_word' id='word_1_533' title='bbox 3254 3953 3422 4024; x_wconf 91' lang='lat' dir='ltr'>imp.,</span> <span class='ocrx_word' id='word_1_534' title='bbox 3448 3954 3687 4025; x_wconf 82' lang='lat' dir='ltr'>scripsit</span> 
     </span>
    </p>
   </div>
   <div class='ocr_carea' id='block_1_84' title="bbox 2036 4041 3686 4113">
    <p class='ocr_par' dir='ltr' id='par_1_84' title="bbox 2036 4041 3686 4113">
     <span class='ocr_line' id='line_1_84' title="bbox 2036 4041 3686 4113; baseline -0.001 -14"><span class='ocrx_word' id='word_1_535' title='bbox 2036 4042 2416 4113; x_wconf 77' lang='lat' dir='ltr'>Metaphrasin</span> <span class='ocrx_word' id='word_1_536' title='bbox 2445 4041 2735 4105; x_wconf 85' lang='lat' dir='ltr'>Theocriti,</span> <span class='ocrx_word' id='word_1_537' title='bbox 2772 4041 2984 4095; x_wconf 86' lang='lat' dir='ltr'>iambis</span> <span class='ocrx_word' id='word_1_538' title='bbox 3032 4044 3211 4107; x_wconf 77' lang='lat'>3150;</span> <span class='ocrx_word' id='word_1_539' title='bbox 3258 4043 3547 4111; x_wconf 82' lang='lat' dir='ltr'>Apollonii</span> <span class='ocrx_word' id='word_1_540' title='bbox 3587 4046 3686 4098; x_wconf 82' lang='lat' dir='ltr'>Ar-</span> 
     </span>
    </p>
   </div>
   <div class='ocr_carea' id='block_1_85' title="bbox 2040 4130 3687 4202">
    <p class='ocr_par' dir='ltr' id='par_1_85' title="bbox 2040 4130 3687 4202">
     <span class='ocr_line' id='line_1_85' title="bbox 2040 4130 3687 4202; baseline -0.001 -15"><span class='ocrx_word' id='word_1_541' title='bbox 2040 4134 2474 4202; x_wconf 84' lang='lat' dir='ltr'>gonauticorum,</span> <span class='ocrx_word' id='word_1_542' title='bbox 2535 4130 2748 4184; x_wconf 91' lang='lat' dir='ltr'>iambis</span> <span class='ocrx_word' id='word_1_543' title='bbox 2807 4131 2984 4195; x_wconf 71' lang='lat'>5608;</span> <span class='ocrx_word' id='word_1_544' title='bbox 3060 4131 3382 4184; x_wconf 85' lang='lat' dir='ltr'>Callimachi</span> <span class='ocrx_word' id='word_1_545' title='bbox 3439 4133 3687 4200; x_wconf 83' lang='lat' dir='ltr'>Hecales,</span> 
     </span>
    </p>
   </div>
   <div class='ocr_carea' id='block_1_86' title="bbox 2041 4219 3690 4291">
    <p class='ocr_par' dir='ltr' id='par_1_86' title="bbox 2041 4219 3690 4291">
     <span class='ocr_line' id='line_1_86' title="bbox 2041 4219 3690 4291; baseline -0.002 -14"><span class='ocrx_word' id='word_1_546' title='bbox 2041 4224 2400 4291; x_wconf 86' lang='lat' dir='ltr'>Hymnorum,</span> <span class='ocrx_word' id='word_1_547' title='bbox 2460 4219 2760 4275; x_wconf 85' lang='lat' dir='ltr'>Causarum</span> <span class='ocrx_word' id='word_1_548' title='bbox 2815 4224 2865 4271; x_wconf 89' lang='lat' dir='ltr'>et</span> <span class='ocrx_word' id='word_1_549' title='bbox 2924 4220 3416 4287; x_wconf 84' lang='lat' dir='ltr'>Epigrammatum,</span> <span class='ocrx_word' id='word_1_550' title='bbox 3478 4219 3690 4274; x_wconf 90' lang='lat' dir='ltr'>iambis</span> 
     </span>
    </p>
   </div>
   <div class='ocr_carea' id='block_1_87' title="bbox 2045 4306 3685 4377">
    <p class='ocr_par' dir='ltr' id='par_1_87' title="bbox 2045 4306 3685 4377">
     <span class='ocr_line' id='line_1_87' title="bbox 2045 4306 3685 4377; baseline -0.001 -12"><span class='ocrx_word' id='word_1_551' title='bbox 2045 4313 2182 4366; x_wconf 85' lang='grc'>6810</span> <span class='ocrx_word' id='word_1_552' title='bbox 2212 4327 2227 4374; x_wconf 84' lang='lat'><strong>;</strong></span> <span class='ocrx_word' id='word_1_553' title='bbox 2258 4310 2446 4374; x_wconf 85' lang='lat' dir='ltr'>Arati,</span> <span class='ocrx_word' id='word_1_554' title='bbox 2476 4306 2687 4361; x_wconf 91' lang='lat' dir='ltr'>iambis</span> <span class='ocrx_word' id='word_1_555' title='bbox 2730 4308 2867 4360; x_wconf 82' lang='grc'><strong>1140</strong></span> <span class='ocrx_word' id='word_1_556' title='bbox 2898 4324 2911 4373; x_wconf 87' lang='grc'>;</span> <span class='ocrx_word' id='word_1_557' title='bbox 2948 4309 3212 4361; x_wconf 85' lang='lat' dir='ltr'>Nicandri</span> <span class='ocrx_word' id='word_1_558' title='bbox 3269 4310 3685 4377; x_wconf 85' lang='lat' dir='ltr'>Theriacorum,</span> 
     </span>
    </p>
   </div>
   <div class='ocr_carea' id='block_1_88' title="bbox 2045 4405 3428 4477">
    <p class='ocr_par' dir='ltr' id='par_1_88' title="bbox 2045 4405 3428 4477">
     <span class='ocr_line' id='line_1_88' title="bbox 2045 4405 3428 4477; baseline -0.002 -12"><span class='ocrx_word' id='word_1_559' title='bbox 2045 4408 2259 4465; x_wconf 87' lang='lat' dir='ltr'>iambis</span> <span class='ocrx_word' id='word_1_560' title='bbox 2293 4409 2448 4476; x_wconf 80' lang='grc'>1370,</span> <span class='ocrx_word' id='word_1_561' title='bbox 2483 4412 2541 4461; x_wconf 91' lang='lat' dir='ltr'>et</span> <span class='ocrx_word' id='word_1_562' title='bbox 2569 4405 2716 4460; x_wconf 90' lang='lat' dir='ltr'>alias</span> <span class='ocrx_word' id='word_1_563' title='bbox 2748 4405 2967 4460; x_wconf 90' lang='lat' dir='ltr'>multas</span> <span class='ocrx_word' id='word_1_564' title='bbox 2999 4407 3428 4477; x_wconf 88' lang='lat' dir='ltr'>metaphrases.</span> 
     </span>
    </p>
   </div>
   <div class='ocr_carea' id='block_1_89' title="bbox 2120 4494 3690 4567">
    <p class='ocr_par' dir='ltr' id='par_1_89' title="bbox 2120 4494 3690 4567">
     <span class='ocr_line' id='line_1_89' title="bbox 2120 4494 3690 4567; baseline -0.001 -15"><span class='ocrx_word' id='word_1_565' title='bbox 2120 4498 2396 4565; x_wconf 88' lang='lat' dir='ltr'>Marinus,</span> <span class='ocrx_word' id='word_1_566' title='bbox 2424 4501 2701 4567; x_wconf 90' lang='lat' dir='ltr'>suscepta</span> <span class='ocrx_word' id='word_1_567' title='bbox 2733 4494 2925 4549; x_wconf 88' lang='lat' dir='ltr'>Procli</span> <span class='ocrx_word' id='word_1_568' title='bbox 2957 4495 3183 4559; x_wconf 89' lang='lat' dir='ltr'>schola,</span> <span class='ocrx_word' id='word_1_569' title='bbox 3206 4513 3339 4551; x_wconf 89' lang='lat' dir='ltr'>cum</span> <span class='ocrx_word' id='word_1_570' title='bbox 3374 4496 3690 4566; x_wconf 90' lang='lat' dir='ltr'>Isidorum,</span> 
     </span>
    </p>
   </div>
   <div class='ocr_carea' id='block_1_90' title="bbox 282 4570 3695 4683">
    <p class='ocr_par' dir='ltr' id='par_1_90' title="bbox 282 4570 3695 4683">
     <span class='ocr_line' id='line_1_90' title="bbox 282 4570 3695 4683; baseline -0.001 -40"><span class='ocrx_word' id='word_1_571' title='bbox 282 4572 451 4683; x_wconf 61' lang='lat' dir='ltr'>Enim</span> <span class='ocrx_word' id='word_1_572' title='bbox 483 4571 700 4683; x_wconf 54' lang='lat' dir='ltr'>PWPOS</span> <span class='ocrx_word' id='word_1_573' title='bbox 722 4571 889 4683; x_wconf 41' lang='lat' dir='ltr'>Pd.”</span> <span class='ocrx_word' id='word_1_574' title='bbox 911 4570 1213 4683; x_wconf 53' lang='grc' dir='ltr'>δξιίοίθδξξί</span> <span class='ocrx_word' id='word_1_575' title='bbox 1234 4572 1552 4683; x_wconf 52' lang='grc' dir='ltr'>δξυδςξιίαδν</span> <span class='ocrx_word' id='word_1_576' title='bbox 1585 4575 1651 4624; x_wconf 70' lang='grc' dir='ltr'>ιη</span> <span class='ocrx_word' id='word_1_577' title='bbox 1698 4587 1941 4683; x_wconf 57' lang='grc' dir='ltr'>ωδὲξῗθδ</span> <span class='ocrx_word' id='word_1_578' title='bbox 1964 4620 2007 4683; x_wconf 72' lang='lat' dir='ltr'><strong>D</strong></span> <span class='ocrx_word' id='word_1_579' title='bbox 2037 4586 2477 4663; x_wconf 89' lang='lat' dir='ltr'>philosophum,</span> <span class='ocrx_word' id='word_1_580' title='bbox 2514 4584 2873 4639; x_wconf 88' lang='lat' dir='ltr'>instituisset</span> <span class='ocrx_word' id='word_1_581' title='bbox 2902 4584 3277 4639; x_wconf 88' lang='lat' dir='ltr'>Aristotelica</span> <span class='ocrx_word' id='word_1_582' title='bbox 3308 4586 3598 4654; x_wconf 87' lang='lat' dir='ltr'>doctrina,</span> <span class='ocrx_word' id='word_1_583' title='bbox 3634 4592 3695 4642; x_wconf 90' lang='lat' dir='ltr'>et</span> 
     </span>
    </p>
   </div>
   <div class='ocr_carea' id='block_1_91' title="bbox 278 4658 1932 4732">
    <p class='ocr_par' dir='ltr' id='par_1_91' title="bbox 278 4658 1932 4732">
     <span class='ocr_line' id='line_1_91' title="bbox 278 4658 1932 4732; baseline -0.001 -16"><span class='ocrx_word' id='word_1_584' title='bbox 278 4661 532 4727; x_wconf 86' lang='lat' dir='ltr'>ferrum,</span> <span class='ocrx_word' id='word_1_585' title='bbox 566 4662 647 4716; x_wconf 88' lang='lat' dir='ltr'>ita</span> <span class='ocrx_word' id='word_1_586' title='bbox 677 4665 743 4716; x_wconf 91' lang='lat' dir='ltr'>ut</span> <span class='ocrx_word' id='word_1_587' title='bbox 774 4661 821 4716; x_wconf 92' lang='lat' dir='ltr'>si</span> <span class='ocrx_word' id='word_1_588' title='bbox 870 4660 1002 4732; x_wconf 91' lang='lat' dir='ltr'>quis</span> <span class='ocrx_word' id='word_1_589' title='bbox 1053 4658 1285 4716; x_wconf 89' lang='lat' dir='ltr'>audiret</span> <span class='ocrx_word' id='word_1_590' title='bbox 1330 4661 1590 4730; x_wconf 90' lang='lat' dir='ltr'>aliquem</span> <span class='ocrx_word' id='word_1_591' title='bbox 1640 4676 1769 4715; x_wconf 89' lang='lat' dir='ltr'>esse</span> <span class='ocrx_word' id='word_1_592' title='bbox 1816 4662 1932 4715; x_wconf 89' lang='lat' dir='ltr'>Mu-</span> 
     </span>
    </p>
   </div>
   <div class='ocr_carea' id='block_1_92' title="bbox 284 4749 1939 4821">
    <p class='ocr_par' dir='ltr' id='par_1_92' title="bbox 284 4749 1939 4821">
     <span class='ocr_line' id='line_1_92' title="bbox 284 4749 1939 4821; baseline -0.001 -15"><span class='ocrx_word' id='word_1_593' title='bbox 284 4751 442 4806; x_wconf 86' lang='lat' dir='ltr'>sonii</span> <span class='ocrx_word' id='word_1_594' title='bbox 475 4751 756 4821; x_wconf 89' lang='lat' dir='ltr'>amicum,</span> <span class='ocrx_word' id='word_1_595' title='bbox 788 4767 922 4805; x_wconf 90' lang='lat' dir='ltr'>eum</span> <span class='ocrx_word' id='word_1_596' title='bbox 950 4750 1171 4805; x_wconf 93' lang='lat' dir='ltr'>bonum</span> <span class='ocrx_word' id='word_1_597' title='bbox 1202 4749 1389 4805; x_wconf 89' lang='lat' dir='ltr'>virum</span> <span class='ocrx_word' id='word_1_598' title='bbox 1422 4763 1571 4816; x_wconf 89' lang='lat' dir='ltr'>esse,</span> <span class='ocrx_word' id='word_1_599' title='bbox 1603 4750 1755 4806; x_wconf 91' lang='lat' dir='ltr'>scire</span> <span class='ocrx_word' id='word_1_600' title='bbox 1794 4750 1939 4805; x_wconf 91' lang='lat' dir='ltr'>lice-</span> 
     </span>
    </p>
   </div>
   <div class='ocr_carea' id='block_1_93' title="bbox 284 4844 401 4895">
    <p class='ocr_par' dir='ltr' id='par_1_93' title="bbox 284 4844 401 4895">
     <span class='ocr_line' id='line_1_93' title="bbox 284 4844 401 4895; baseline -0.017 0"><span class='ocrx_word' id='word_1_601' title='bbox 284 4844 401 4895; x_wconf 86' lang='lat' dir='ltr'>ret.</span> 
     </span>
    </p>
   </div>
   <div class='ocr_carea' id='block_1_94' title="bbox 362 4925 1937 4999">
    <p class='ocr_par' dir='ltr' id='par_1_94' title="bbox 362 4925 1937 4999">
     <span class='ocr_line' id='line_1_94' title="bbox 362 4925 1937 4999; baseline -0.001 -16"><span class='ocrx_word' id='word_1_602' title='bbox 362 4929 692 4986; x_wconf 86' lang='lat' dir='ltr'>Marcianus</span> <span class='ocrx_word' id='word_1_603' title='bbox 724 4928 833 4983; x_wconf 89' lang='lat' dir='ltr'>sub</span> <span class='ocrx_word' id='word_1_604' title='bbox 872 4930 1103 4985; x_wconf 91' lang='lat' dir='ltr'>Zenone</span> <span class='ocrx_word' id='word_1_605' title='bbox 1134 4928 1351 4995; x_wconf 88' lang='lat' dir='ltr'>ﬂoruit,</span> <span class='ocrx_word' id='word_1_606' title='bbox 1387 4925 1694 4999; x_wconf 83' lang='lat' dir='ltr'>presbyter</span> <span class='ocrx_word' id='word_1_607' title='bbox 1718 4927 1780 4982; x_wconf 92' lang='lat' dir='ltr'>in</span> <span class='ocrx_word' id='word_1_608' title='bbox 1803 4944 1937 4982; x_wconf 89' lang='lat' dir='ltr'>ora-</span> 
     </span>
    </p>
   </div>
   <div class='ocr_carea' id='block_1_95' title="bbox 283 5016 1939 5089">
    <p class='ocr_par' dir='ltr' id='par_1_95' title="bbox 283 5016 1939 5089">
     <span class='ocr_line' id='line_1_95' title="bbox 283 5016 1939 5089; baseline -0.001 -16"><span class='ocrx_word' id='word_1_609' title='bbox 283 5019 439 5073; x_wconf 88' lang='lat' dir='ltr'>torio</span> <span class='ocrx_word' id='word_1_610' title='bbox 468 5018 740 5074; x_wconf 88' lang='lat' dir='ltr'>delectus</span> <span class='ocrx_word' id='word_1_611' title='bbox 774 5017 1100 5089; x_wconf 90' lang='lat' dir='ltr'>plurimum</span> <span class='ocrx_word' id='word_1_612' title='bbox 1129 5019 1310 5074; x_wconf 89' lang='lat' dir='ltr'>valuit</span> <span class='ocrx_word' id='word_1_613' title='bbox 1362 5016 1516 5086; x_wconf 86' lang='lat' dir='ltr'>apud</span> <span class='ocrx_word' id='word_1_614' title='bbox 1565 5016 1939 5086; x_wconf 84' lang='lat' dir='ltr'>(magistrum</span> 
     </span>
    </p>
   </div>
   <div class='ocr_carea' id='block_1_96' title="bbox 285 5105 1938 5178">
    <p class='ocr_par' dir='ltr' id='par_1_96' title="bbox 285 5105 1938 5178">
     <span class='ocr_line' id='line_1_96' title="bbox 285 5105 1938 5178; baseline -0.001 -16"><span class='ocrx_word' id='word_1_615' title='bbox 285 5106 624 5162; x_wconf 75' lang='lat' dir='ltr'>officiorum</span> <span class='ocrx_word' id='word_1_616' title='bbox 657 5108 948 5177; x_wconf 89' lang='lat' dir='ltr'>Zenonis).</span> <span class='ocrx_word' id='word_1_617' title='bbox 986 5107 1182 5171; x_wconf 91' lang='lat' dir='ltr'>Illum,</span> <span class='ocrx_word' id='word_1_618' title='bbox 1214 5106 1514 5177; x_wconf 88' lang='lat' dir='ltr'>Epicureis</span> <span class='ocrx_word' id='word_1_619' title='bbox 1536 5105 1771 5178; x_wconf 89' lang='lat' dir='ltr'>placitis</span> <span class='ocrx_word' id='word_1_620' title='bbox 1794 5123 1938 5176; x_wconf 88' lang='lat' dir='ltr'>quo-</span> 
     </span>
    </p>
   </div>
   <div class='ocr_carea' id='block_1_97' title="bbox 287 5193 1942 5266">
    <p class='ocr_par' dir='ltr' id='par_1_97' title="bbox 287 5193 1942 5266">
     <span class='ocr_line' id='line_1_97' title="bbox 287 5193 1942 5266; baseline 0 -16"><span class='ocrx_word' id='word_1_621' title='bbox 287 5195 436 5251; x_wconf 90' lang='lat' dir='ltr'>tidie</span> <span class='ocrx_word' id='word_1_622' title='bbox 470 5195 736 5265; x_wconf 88' lang='lat' dir='ltr'>seipsum</span> <span class='ocrx_word' id='word_1_623' title='bbox 776 5212 1185 5266; x_wconf 90' lang='lat' dir='ltr'>corrumpens,</span> <span class='ocrx_word' id='word_1_624' title='bbox 1236 5193 1524 5250; x_wconf 87' lang='lat' dir='ltr'>mundum</span> <span class='ocrx_word' id='word_1_625' title='bbox 1575 5211 1682 5250; x_wconf 86' lang='lat' dir='ltr'>sua</span> <span class='ocrx_word' id='word_1_626' title='bbox 1730 5200 1942 5266; x_wconf 88' lang='lat' dir='ltr'>sponte</span> 
     </span>
    </p>
   </div>
   <div class='ocr_carea' id='block_1_98' title="bbox 289 5282 1100 5350">
    <p class='ocr_par' dir='ltr' id='par_1_98' title="bbox 289 5282 1100 5350">
     <span class='ocr_line' id='line_1_98' title="bbox 289 5282 1100 5350; baseline 0.001 -11"><span class='ocrx_word' id='word_1_627' title='bbox 289 5289 508 5340; x_wconf 90' lang='lat' dir='ltr'>natum</span> <span class='ocrx_word' id='word_1_628' title='bbox 540 5298 670 5337; x_wconf 89' lang='lat' dir='ltr'>esse</span> <span class='ocrx_word' id='word_1_629' title='bbox 700 5282 956 5350; x_wconf 87' lang='lat' dir='ltr'>dicebat,</span> <span class='ocrx_word' id='word_1_630' title='bbox 989 5289 1100 5340; x_wconf 85' lang='lat' dir='ltr'>etc.</span> 
     </span>
    </p>
   </div>
   <div class='ocr_carea' id='block_1_99' title="bbox 370 5371 1099 5437">
    <p class='ocr_par' dir='ltr' id='par_1_99' title="bbox 370 5371 1099 5437">
     <span class='ocr_line' id='line_1_99' title="bbox 370 5371 1099 5437; baseline 0.003 -8"><span class='ocrx_word' id='word_1_631' title='bbox 370 5371 653 5437; x_wconf 86' lang='lat' dir='ltr'>Marcion,</span> <span class='ocrx_word' id='word_1_632' title='bbox 686 5371 1099 5431; x_wconf 60' lang='lat' dir='ltr'>haeresiarchas.</span> 
     </span>
    </p>
   </div>
   <div class='ocr_carea' id='block_1_100' title="bbox 370 5573 1946 5647">
    <p class='ocr_par' dir='ltr' id='par_1_100' title="bbox 370 5573 1946 5647">
     <span class='ocr_line' id='line_1_100' title="bbox 370 5573 1946 5647; baseline 0 -17"><span class='ocrx_word' id='word_1_633' title='bbox 370 5576 484 5643; x_wconf 84' lang='lat'>(83)</span> <span class='ocrx_word' id='word_1_634' title='bbox 531 5577 604 5628; x_wconf 88' lang='lat' dir='ltr'>At</span> <span class='ocrx_word' id='word_1_635' title='bbox 633 5574 1013 5647; x_wconf 87' lang='lat' dir='ltr'>Scythianum</span> <span class='ocrx_word' id='word_1_636' title='bbox 1068 5573 1372 5645; x_wconf 90' lang='lat' dir='ltr'>scripsisse</span> <span class='ocrx_word' id='word_1_637' title='bbox 1424 5575 1496 5629; x_wconf 89' lang='lat' dir='ltr'><strong>IV</strong></span> <span class='ocrx_word' id='word_1_638' title='bbox 1546 5574 1681 5647; x_wconf 80' lang='lat' dir='ltr'>illos</span> <span class='ocrx_word' id='word_1_639' title='bbox 1738 5573 1946 5647; x_wconf 85' lang='lat' dir='ltr'>libros,</span> 
     </span>
    </p>
   </div>
   <div class='ocr_carea' id='block_1_101' title="bbox 2048 4673 3693 4747">
    <p class='ocr_par' dir='ltr' id='par_1_101' title="bbox 2048 4673 3693 4747">
     <span class='ocr_line' id='line_1_101' title="bbox 2048 4673 3693 4747; baseline -0.002 -15"><span class='ocrx_word' id='word_1_640' title='bbox 2048 4679 2109 4732; x_wconf 92' lang='lat' dir='ltr'>in</span> <span class='ocrx_word' id='word_1_641' title='bbox 2143 4676 2402 4731; x_wconf 86' lang='lat' dir='ltr'>Athenas</span> <span class='ocrx_word' id='word_1_642' title='bbox 2433 4674 2649 4729; x_wconf 91' lang='lat' dir='ltr'>iterum</span> <span class='ocrx_word' id='word_1_643' title='bbox 2680 4673 2958 4740; x_wconf 85' lang='lat' dir='ltr'>venisset,</span> <span class='ocrx_word' id='word_1_644' title='bbox 2993 4676 3295 4729; x_wconf 89' lang='lat' dir='ltr'>communi</span> <span class='ocrx_word' id='word_1_645' title='bbox 3328 4682 3693 4747; x_wconf 64' lang='lat' dir='ltr'>praeceptore</span> 
     </span>
    </p>
   </div>
   <div class='ocr_carea' id='block_1_102' title="bbox 2048 4761 3695 4832">
    <p class='ocr_par' dir='ltr' id='par_1_102' title="bbox 2048 4761 3695 4832">
     <span class='ocr_line' id='line_1_102' title="bbox 2048 4761 3695 4832; baseline 0 -11"><span class='ocrx_word' id='word_1_646' title='bbox 2048 4766 2345 4830; x_wconf 82' lang='lat' dir='ltr'>defuncto,</span> <span class='ocrx_word' id='word_1_647' title='bbox 2371 4761 2632 4817; x_wconf 90' lang='lat' dir='ltr'>ostendit</span> <span class='ocrx_word' id='word_1_648' title='bbox 2662 4761 2713 4815; x_wconf 91' lang='lat' dir='ltr'>ei</span> <span class='ocrx_word' id='word_1_649' title='bbox 2736 4761 3033 4832; x_wconf 88' lang='lat' dir='ltr'>prolixum</span> <span class='ocrx_word' id='word_1_650' title='bbox 3057 4765 3612 4832; x_wconf 88' lang='lat' dir='ltr'>commentarium,a</span> <span class='ocrx_word' id='word_1_651' title='bbox 3634 4781 3695 4821; x_wconf 89' lang='lat' dir='ltr'>se</span> 
     </span>
    </p>
   </div>
   <div class='ocr_carea' id='block_1_103' title="bbox 2048 4850 3694 4925">
    <p class='ocr_par' dir='ltr' id='par_1_103' title="bbox 2048 4850 3694 4925">
     <span class='ocr_line' id='line_1_103' title="bbox 2048 4850 3694 4925; baseline -0.001 -14"><span class='ocrx_word' id='word_1_652' title='bbox 2048 4854 2451 4925; x_wconf 88' lang='lat' dir='ltr'>conscriptum</span> <span class='ocrx_word' id='word_1_653' title='bbox 2500 4852 2559 4903; x_wconf 88' lang='lat' dir='ltr'>in</span> <span class='ocrx_word' id='word_1_654' title='bbox 2592 4850 2839 4905; x_wconf 88' lang='lat' dir='ltr'>Platonis</span> <span class='ocrx_word' id='word_1_655' title='bbox 2881 4851 3210 4907; x_wconf 86' lang='lat' dir='ltr'>Philebum:</span> <span class='ocrx_word' id='word_1_656' title='bbox 3259 4854 3361 4909; x_wconf 87' lang='lat' dir='ltr'>sed</span> <span class='ocrx_word' id='word_1_657' title='bbox 3395 4854 3495 4908; x_wconf 89' lang='lat' dir='ltr'>ille</span> <span class='ocrx_word' id='word_1_658' title='bbox 3544 4854 3694 4909; x_wconf 88' lang='lat' dir='ltr'>dixit</span> 
     </span>
    </p>
   </div>
   <div class='ocr_carea' id='block_1_104' title="bbox 2046 4935 3693 5014">
    <p class='ocr_par' dir='ltr' id='par_1_104' title="bbox 2046 4935 3693 5014">
     <span class='ocr_line' id='line_1_104' title="bbox 2046 4935 3693 5014; baseline 0.004 -20"><span class='ocrx_word' id='word_1_659' title='bbox 2046 4943 2205 4998; x_wconf 71' lang='grc' dir='ltr'>ἱκανὰ</span> <span class='ocrx_word' id='word_1_660' title='bbox 2237 4938 2468 4995; x_wconf 76' lang='grc' dir='ltr'>εἶναιτὰ</span> <span class='ocrx_word' id='word_1_661' title='bbox 2520 4941 2618 4991; x_wconf 70' lang='grc' dir='ltr'>τοῦ</span> <span class='ocrx_word' id='word_1_662' title='bbox 2676 4935 3031 5009; x_wconf 73' lang='grc' dir='ltr'>διδασκάλου,</span> <span class='ocrx_word' id='word_1_663' title='bbox 3084 4946 3334 5011; x_wconf 79' lang='lat' dir='ltr'>sufﬁcere</span> <span class='ocrx_word' id='word_1_664' title='bbox 3390 4960 3513 5014; x_wconf 69' lang='lat' dir='ltr'>qua?</span> <span class='ocrx_word' id='word_1_665' title='bbox 3560 4947 3693 5000; x_wconf 83' lang='lat' dir='ltr'>Pro-</span> 
     </span>
    </p>
   </div>
   <div class='ocr_carea' id='block_1_105' title="bbox 2050 5028 3695 5105">
    <p class='ocr_par' dir='ltr' id='par_1_105' title="bbox 2050 5028 3695 5105">
     <span class='ocr_line' id='line_1_105' title="bbox 2050 5028 3695 5105; baseline -0.001 -16"><span class='ocrx_word' id='word_1_666' title='bbox 2050 5036 2162 5089; x_wconf 88' lang='lat' dir='ltr'>clus</span> <span class='ocrx_word' id='word_1_667' title='bbox 2190 5035 2245 5085; x_wconf 87' lang='lat' dir='ltr'>in</span> <span class='ocrx_word' id='word_1_668' title='bbox 2290 5030 2449 5084; x_wconf 85' lang='lat' dir='ltr'>illum</span> <span class='ocrx_word' id='word_1_669' title='bbox 2505 5028 2789 5097; x_wconf 86' lang='lat' dir='ltr'>dialogum</span> <span class='ocrx_word' id='word_1_670' title='bbox 2843 5032 3164 5100; x_wconf 68' lang='lat' dir='ltr'>scripsisset.</span> <span class='ocrx_word' id='word_1_671' title='bbox 3228 5032 3436 5087; x_wconf 87' lang='lat' dir='ltr'>Statim</span> <span class='ocrx_word' id='word_1_672' title='bbox 3496 5033 3695 5105; x_wconf 90' lang='lat' dir='ltr'>itaque</span> 
     </span>
    </p>
   </div>
   <div class='ocr_carea' id='block_1_106' title="bbox 2051 5117 3700 5190">
    <p class='ocr_par' dir='ltr' id='par_1_106' title="bbox 2051 5117 3700 5190">
     <span class='ocr_line' id='line_1_106' title="bbox 2051 5117 3700 5190; baseline -0.001 -12"><span class='ocrx_word' id='word_1_673' title='bbox 2051 5124 2221 5178; x_wconf 92' lang='lat' dir='ltr'>illum</span> <span class='ocrx_word' id='word_1_674' title='bbox 2253 5117 2510 5173; x_wconf 82' lang='lat' dir='ltr'>flammis</span> <span class='ocrx_word' id='word_1_675' title='bbox 2550 5117 2733 5173; x_wconf 90' lang='lat' dir='ltr'>dedit.</span> <span class='ocrx_word' id='word_1_676' title='bbox 2768 5118 2957 5173; x_wconf 86' lang='lat' dir='ltr'>Etiam</span> <span class='ocrx_word' id='word_1_677' title='bbox 2990 5135 3095 5190; x_wconf 91' lang='lat' dir='ltr'>per</span> <span class='ocrx_word' id='word_1_678' title='bbox 3126 5118 3355 5176; x_wconf 86' lang='lat' dir='ltr'>litteras</span> <span class='ocrx_word' id='word_1_679' title='bbox 3388 5123 3700 5178; x_wconf 85' lang='lat' dir='ltr'>exlsidoro</span> 
     </span>
    </p>
   </div>
   <div class='ocr_carea' id='block_1_107' title="bbox 2053 5206 3701 5283">
    <p class='ocr_par' dir='ltr' id='par_1_107' title="bbox 2053 5206 3701 5283">
     <span class='ocr_line' id='line_1_107' title="bbox 2053 5206 3701 5283; baseline -0.001 -16"><span class='ocrx_word' id='word_1_680' title='bbox 2053 5208 2321 5283; x_wconf 67' lang='lat' dir='ltr'>quaesivit</span> <span class='ocrx_word' id='word_1_681' title='bbox 2353 5212 2411 5262; x_wconf 89' lang='lat' dir='ltr'>et</span> <span class='ocrx_word' id='word_1_682' title='bbox 2438 5206 2511 5262; x_wconf 89' lang='lat' dir='ltr'>ad</span> <span class='ocrx_word' id='word_1_683' title='bbox 2542 5223 2678 5264; x_wconf 89' lang='lat' dir='ltr'>eum</span> <span class='ocrx_word' id='word_1_684' title='bbox 2710 5213 3058 5279; x_wconf 87' lang='lat' dir='ltr'>argumenta</span> <span class='ocrx_word' id='word_1_685' title='bbox 3088 5208 3269 5273; x_wconf 85' lang='lat' dir='ltr'>misit,</span> <span class='ocrx_word' id='word_1_686' title='bbox 3305 5211 3519 5282; x_wconf 88' lang='lat' dir='ltr'>quibus</span> <span class='ocrx_word' id='word_1_687' title='bbox 3563 5228 3701 5283; x_wconf 91' lang='lat' dir='ltr'>pro-</span> 
     </span>
    </p>
   </div>
   <div class='ocr_carea' id='block_1_108' title="bbox 2051 5295 3704 5367">
    <p class='ocr_par' dir='ltr' id='par_1_108' title="bbox 2051 5295 3704 5367">
     <span class='ocr_line' id='line_1_108' title="bbox 2051 5295 3704 5367; baseline 0.001 -11"><span class='ocrx_word' id='word_1_688' title='bbox 2051 5301 2241 5366; x_wconf 82' lang='lat' dir='ltr'>baret,</span> <span class='ocrx_word' id='word_1_689' title='bbox 2272 5296 2657 5352; x_wconf 87' lang='lat' dir='ltr'>Parmenidem</span> <span class='ocrx_word' id='word_1_690' title='bbox 2690 5295 2955 5352; x_wconf 86' lang='lat' dir='ltr'>Platonis</span> <span class='ocrx_word' id='word_1_691' title='bbox 2986 5314 3101 5352; x_wconf 89' lang='lat' dir='ltr'>non</span> <span class='ocrx_word' id='word_1_692' title='bbox 3139 5316 3267 5355; x_wconf 92' lang='lat' dir='ltr'>esse</span> <span class='ocrx_word' id='word_1_693' title='bbox 3296 5300 3367 5355; x_wconf 91' lang='lat' dir='ltr'>de</span> <span class='ocrx_word' id='word_1_694' title='bbox 3416 5302 3551 5367; x_wconf 90' lang='lat' dir='ltr'>diis,</span> <span class='ocrx_word' id='word_1_695' title='bbox 3600 5300 3704 5356; x_wconf 88' lang='lat' dir='ltr'>sed</span> 
     </span>
    </p>
   </div>
   <div class='ocr_carea' id='block_1_109' title="bbox 2054 5384 3702 5461">
    <p class='ocr_par' dir='ltr' id='par_1_109' title="bbox 2054 5384 3702 5461">
     <span class='ocr_line' id='line_1_109' title="bbox 2054 5384 3702 5461; baseline -0.002 -15"><span class='ocrx_word' id='word_1_696' title='bbox 2054 5391 2126 5446; x_wconf 89' lang='lat' dir='ltr'>de</span> <span class='ocrx_word' id='word_1_697' title='bbox 2154 5388 2379 5445; x_wconf 90' lang='lat' dir='ltr'>formis.</span> <span class='ocrx_word' id='word_1_698' title='bbox 2416 5386 2525 5442; x_wconf 91' lang='lat' dir='ltr'>Sed</span> <span class='ocrx_word' id='word_1_699' title='bbox 2566 5385 2692 5453; x_wconf 91' lang='lat' dir='ltr'>ille,</span> <span class='ocrx_word' id='word_1_700' title='bbox 2742 5384 3013 5456; x_wconf 91' lang='lat' dir='ltr'>pluribus</span> <span class='ocrx_word' id='word_1_701' title='bbox 3062 5391 3430 5461; x_wconf 89' lang='lat' dir='ltr'>argumentis</span> <span class='ocrx_word' id='word_1_702' title='bbox 3478 5391 3702 5445; x_wconf 88' lang='lat' dir='ltr'>Marino</span> 
     </span>
    </p>
   </div>
   <div class='ocr_carea' id='block_1_110' title="bbox 2127 5562 3712 5645">
    <p class='ocr_par' dir='ltr' id='par_1_110' title="bbox 2127 5562 3712 5645">
     <span class='ocr_line' id='line_1_110' title="bbox 2127 5562 3712 5645; baseline 0.004 -30"><span class='ocrx_word' id='word_1_703' title='bbox 2127 5578 2238 5645; x_wconf 72' lang='grc'>(84)</span> <span class='ocrx_word' id='word_1_704' title='bbox 2272 5564 2592 5645; x_wconf 57' lang='lat' dir='ltr'>enqaupc‘bv,</span> <span class='ocrx_word' id='word_1_705' title='bbox 2629 5562 3032 5645; x_wconf 62' lang='lat' dir='ltr'>Thesaurorurn</span> <span class='ocrx_word' id='word_1_706' title='bbox 3077 5582 3146 5645; x_wconf 81' lang='lat' dir='ltr'>ex</span> <span class='ocrx_word' id='word_1_707' title='bbox 3186 5565 3420 5645; x_wconf 54' lang='lat' dir='ltr'>Cyrillo,</span> <span class='ocrx_word' id='word_1_708' title='bbox 3454 5566 3712 5638; x_wconf 86' lang='lat' dir='ltr'>Epipha-</span> 
     </span>
    </p>
   </div>
   <div class='ocr_carea' id='block_1_111' title="bbox 295 5634 3423 5721">
    <p class='ocr_par' dir='ltr' id='par_1_111' title="bbox 295 5634 3423 5721">
     <span class='ocr_line' id='line_1_111' title="bbox 295 5634 3423 5721; baseline -0.004 -19"><span class='ocrx_word' id='word_1_709' title='bbox 295 5634 478 5721; x_wconf 36' lang='lat' dir='ltr'>do‘cet&#39;</span> <span class='ocrx_word' id='word_1_710' title='bbox 503 5634 739 5721; x_wconf 49' lang='lat' dir='ltr'>Kusteri</span> <span class='ocrx_word' id='word_1_711' title='bbox 767 5649 840 5711; x_wconf 83' lang='lat' dir='ltr'>II,</span> <span class='ocrx_word' id='word_1_712' title='bbox 872 5663 1000 5721; x_wconf 86' lang='lat' dir='ltr'>pag.</span> <span class='ocrx_word' id='word_1_713' title='bbox 1045 5634 1345 5713; x_wconf 47' lang='lat' dir='ltr'>491,‘not.</span> <span class='ocrx_word' id='word_1_714' title='bbox 1395 5648 1452 5713; x_wconf 74' lang='grc'>4,</span> <span class='ocrx_word' id='word_1_715' title='bbox 1502 5662 1574 5702; x_wconf 85' lang='lat' dir='ltr'>ex</span> <span class='ocrx_word' id='word_1_716' title='bbox 1623 5644 1841 5718; x_wconf 88' lang='lat' dir='ltr'>Cyrillo</span> <span class='ocrx_word' id='word_1_717' title='bbox 1892 5634 1952 5704; x_wconf 76' lang='lat' dir='ltr'>et</span> <span class='ocrx_word' id='word_1_718' title='bbox 2057 5634 2155 5707; x_wconf 83' lang='lat' dir='ltr'>nio</span> <span class='ocrx_word' id='word_1_719' title='bbox 2188 5634 2247 5701; x_wconf 76' lang='lat' dir='ltr'>et</span> <span class='ocrx_word' id='word_1_720' title='bbox 2275 5637 2539 5698; x_wconf 86' lang='lat' dir='ltr'>Cedreno</span> <span class='ocrx_word' id='word_1_721' title='bbox 2570 5634 2768 5708; x_wconf 86' lang='lat' dir='ltr'>legere</span> <span class='ocrx_word' id='word_1_722' title='bbox 2790 5635 2967 5709; x_wconf 91' lang='lat' dir='ltr'>jubet</span> <span class='ocrx_word' id='word_1_723' title='bbox 2992 5634 3423 5693; x_wconf 55' lang='lat' dir='ltr'>Kustenﬂsrt.</span> 
     </span>
    </p>
   </div>
   <div class='ocr_carea' id='block_1_112' title="bbox 294 5719 870 5793">
    <p class='ocr_par' dir='ltr' id='par_1_112' title="bbox 294 5719 870 5793">
     <span class='ocr_line' id='line_1_112' title="bbox 294 5719 870 5793; baseline 0 -18"><span class='ocrx_word' id='word_1_724' title='bbox 294 5719 661 5793; x_wconf 85' lang='lat' dir='ltr'>Epiphanio.</span> <span class='ocrx_word' id='word_1_725' title='bbox 696 5719 870 5775; x_wconf 74' lang='lat' dir='ltr'>HARL.</span> 
     </span>
    </p>
   </div>
   <div class='ocr_carea' id='block_1_113' title="bbox 4045 530 4066 1445">
    <p class='ocr_par' dir='ltr' id='par_1_113' title="bbox 4045 530 4065 1445">
     <span class='ocr_line' id='line_1_113' title="bbox 4045 530 4047 616; baseline 0 0"><span class='ocrx_word' id='word_1_726' title='bbox 4045 530 4047 616; x_wconf 61' lang='grc' dir='ltr'><strong><em>ἕ</em></strong></span> 
     </span>
     <span class='ocr_line' id='line_1_114' title="bbox 4045 626 4049 699; baseline 0 0"><span class='ocrx_word' id='word_1_727' title='bbox 4045 626 4049 699; x_wconf 64' lang='lat' dir='ltr'>l</span> 
     </span>
     <span class='ocr_line' id='line_1_115' title="bbox 4045 724 4051 799; baseline 0 -7"><span class='ocrx_word' id='word_1_728' title='bbox 4045 724 4051 799; x_wconf 49' lang='grc' dir='ltr'><em>ἐ</em></span> 
     </span>
     <span class='ocr_line' id='line_1_116' title="bbox 4045 810 4053 887; baseline 0 0"><span class='ocrx_word' id='word_1_729' title='bbox 4045 810 4053 887; x_wconf 69' lang='lat' dir='ltr'>l</span> 
     </span>
     <span class='ocr_line' id='line_1_117' title="bbox 4045 914 4055 981; baseline 0 -20"><span class='ocrx_word' id='word_1_730' title='bbox 4045 914 4055 981; x_wconf 52' lang='lat'>1</span> 
     </span>
     <span class='ocr_line' id='line_1_118' title="bbox 4045 1018 4057 1079; baseline 0 0"><span class='ocrx_word' id='word_1_731' title='bbox 4045 1018 4057 1079; x_wconf 39' lang='grc' dir='ltr'>φ</span> 
     </span>
     <span class='ocr_line' id='line_1_119' title="bbox 4056 1116 4061 1257; baseline 0 0"><span class='ocrx_word' id='word_1_732' title='bbox 4056 1116 4059 1169; x_wconf 56' lang='lat'><strong>‘</strong></span> 
     </span>
     <span class='ocr_line' id='line_1_120' title="bbox 4056 1274 4063 1405; baseline 0 0"><span class='ocrx_word' id='word_1_733' title='bbox 4056 1274 4063 1405; x_wconf 55' lang='grc' dir='ltr'>Ἰ</span> 
     </span>
     <span class='ocr_line' id='line_1_121' title="bbox 4060 1410 4065 1445; baseline 0 0"><span class='ocrx_word' id='word_1_734' title='bbox 4060 1410 4065 1445; x_wconf 65' lang='lat' dir='ltr'>‘l</span> 
     </span>
    </p>
   </div>
  </div>
