4070 6196
510 423 664 512 I295
1805 446 2053 506 INDEX
2105 399 2604 507 SCRIPTORUM
3739 448 3872 509 1296

503 586 896 658 respondens,
926 586 1296 641 verissimam
1319 599 1448 639 esse
1472 581 1742 654 probavit
1761 580 1977 652 dialogi
1991 579 2154 635 illius
2183 580 2240 646 Α
2268 579 2560 651 plurimos
2590 583 2649 635 et
2677 602 2705 631 «
2739 581 3020 636 Poemata
3049 597 3219 636 versu
3249 580 3487 636 heroico
3519 588 3566 637 et
3601 582 3870 656 Epigram-

505 675 576 732 de
607 676 722 730 diis
750 677 1205 748 expositionem.
1241 675 1432 738 Quare
1465 672 1580 727 nisi
1603 672 1731 742 jam
1763 669 1919 724 liber
1947 669 2162 724 fuisset
2265 690 2294 718 ‹‹
2328 675 2486 724 mata
2517 676 2567 724 et
2596 670 2824 742 Elegias
2857 692 2882 718 υ
2917 681 2975 725 et
3003 670 3120 725 alia
3150 671 3422 741 plurima.

506 765 722 830 editus,
759 765 936 819 etiam
969 765 1128 818 hunc
1159 762 1427 817 fortassis
1459 760 1828 815 abolevisset.
1885 760 2156 813 Fortasse
2335 757 2784 830 Melanippides,
2819 759 3071 814 senioris
3102 775 3171 814 ex
3230 759 3353 814 ﬁlia
3397 777 3599 831 nepos,
3646 761 3864 817 Critonis

505 854 684 909 etlam
736 853 965 907 obstitit
1017 852 1316 906 somnium
1345 869 1358 915 ;
1409 867 1548 904 nam
1604 847 1847 902 Proclus
1900 845 2046 901 dixit
2093 863 2154 900 se
2261 847 2346 916 F.,
2381 853 2439 902 et
2469 848 2594 918 ipse
2627 847 2886 918 lyricus:
2921 848 3020 918 qui
3051 847 3109 901 in
3135 849 3564 918 compositione
3585 848 3862 922 dithyram-

506 944 840 1000 somniasse
871 942 1137 997 futurum
1197 947 1261 995 ut
1311 940 1569 995 Marinus
1626 939 1688 992 in
1739 934 2153 992 Parmenidem
2259 935 2471 991 borum
2504 936 2760 1007 plurima
2790 936 3108 1003 innovavit,
3143 942 3202 990 et
3222 937 3377 1008 apud
3419 937 3740 993 Perdiceam
3784 958 3859 994 re-

505 1033 963 1089 commentarios
993 1031 1297 1086 scriberet.
1330 1031 1433 1098 (Ex
1465 1026 1816 1094 Damascio).
2256 1041 2388 1096 gem
2419 1025 2663 1095 degens,
2723 1024 2846 1079 illic
2892 1026 3068 1079 vitam
3128 1025 3303 1080 ﬁniit.
3365 1025 3608 1098 Scripsit
3655 1033 3708 1082 et
3755 1029 3856 1100 ipse

575 1123 877 1193 Marpsias,
911 1126 1110 1175 orator
1140 1118 1410 1192 garrulus
1440 1122 1498 1172 et
1529 1116 1928 1183 turbulentus,
1977 1113 2150 1184 cujus
2256 1139 2282 1166 ‹‹
2313 1117 2553 1172 Cantica
2586 1117 2771 1189 lyrica
2799 1125 2850 1171 et
2889 1117 3322 1188 Dithyrambos.

501 1213 776 1267 meminit
803 1212 1250 1283 Aristophanes.
2326 1207 2690 1278 Melanopus,
2723 1207 2922 1262 afﬁnis
2957 1207 3289 1278 Diophanti,
3324 1208 3593 1262 oratoris.

571 1304 849 1372 Marsyas,
868 1299 1175 1354 Periandri
1197 1300 1282 1362 F.,
1306 1297 1578 1365 Pellmus,
1601 1296 1951 1360 historicus;
1977 1293 2147 1348 initio
2326 1296 2725 1358 Melesermus,
2761 1296 3158 1365 Atheniensis,
3183 1297 3476 1367 Sophista.
3511 1297 3736 1368 Scripsit
3761 1301 3852 1353 Me-

495 1392 790 1447 litterator
843 1384 1537 1463 (γραμματοδιδάσκαλος),
1595 1386 1778 1441 frater
1845 1385 2098 1456 Antigon

2255 1405 2283 1434 α
2310 1385 2684 1440 retriciarum
2719 1386 3112 1456 Epistolarum
3145 1385 3330 1440 libros
3357 1387 3500 1453 XIV,
3525 1388 3848 1442 Rusticarum

493 1481 593 1551 qui
645 1484 850 1550 postea
899 1495 1000 1533 rex
1057 1478 1187 1544 fuit,
1247 1492 1368 1531 una
1423 1492 1558 1530 cum
1614 1491 1749 1546 rege
1811 1473 2143 1528 Alexandro
2253 1475 2919 1540 «unum;Culinarium
2951 1475 3348 1546 Epistolarum
3374 1478 3850 1542 unum;Conviva-

491 1567 795 1623 educatus.
855 1567 1104 1637 Scripsit
1157 1563 1511 1621 Macedonica
1564 1564 1720 1619 libris
1747 1566 1814 1632 Χ,
1871 1579 1905 1617 a
1951 1563 2143 1634 primo
2251 1584 2279 1612 «
2314 1563 2452 1618 lium
2479 1563 2695 1618 librum
2728 1581 2934 1618 unum.

487 1671 623 1725 rege
657 1653 1043 1710 Macedonum
1081 1652 1154 1708 ad
1189 1651 1509 1707 Alexandri
1541 1650 1792 1722 Philippi
1825 1651 1884 1704 F.
1907 1650 2143 1720 expedi-
2321 1652 2573 1720 Melitus,
2608 1653 2736 1707 Lari
2795 1653 2880 1718 F.,
2915 1653 3318 1720 Atheniensis,
3354 1659 3569 1724 orator,
3620 1656 3708 1726 qui
3738 1673 3845 1710 cum

488 1744 713 1798 tionem
744 1743 806 1796 in
867 1743 1096 1814 Syriam
1149 1747 1284 1813 post
1341 1740 1644 1795 conditam
1700 1739 2140 1794 Alexandriam.
2247 1742 2438 1812 Anyto
2473 1742 2772 1797 Socratem
2815 1743 3112 1798 accusavit
3141 1749 3199 1798 et
3245 1743 3577 1816 Tragoedias
3630 1745 3843 1816 scripsit.

488 1836 668 1888 Attica
699 1831 858 1887 libris
875 1833 980 1887 XII
1003 1851 1025 1897 ;
1052 1832 1312 1902 itemque
1347 1831 1650 1886 Alexandri
1673 1829 2068 1886 educationem.
2247 1831 2294 1884 A
2327 1832 2570 1885 comicis
2601 1837 2796 1886 autem
2831 1832 3271 1904 perstringitur,
3306 1839 3372 1887 ut
3430 1839 3597 1904 poeta
3636 1833 3842 1904 frigidus

561 1924 840 1992 Marsyas,
873 1920 1236 1992 Critophemi
1261 1921 1300 1974 F
1325 1960 1346 1988 ,
1370 1919 2135 1990 Philippensis,historicus,
2167 1955 2215 2020 B
2247 1925 2306 1973 et
2334 1920 2631 1975 malitioso
2681 1921 2916 1992 ingenio
2965 1922 3269 1992 praaditus.
3331 1923 3620 1994 Aristoph.
3672 1921 3842 1974 ΣκοΑιᾶ

481 2013 709 2084 junior.

2246 2005 2486 2062 Μελίτου
2519 2010 2770 2083 Καρικῶν
2802 2007 3160 2080 αὐλημάτων,
3195 2033 3223 2061 ‹‹
3259 2011 3582 2067 Scoliorum
3618 2010 3772 2066 Meliii
3796 2017 3839 2065 et

558 2104 838 2174 Marsyas,
896 2101 1068 2156 Marsi
1127 2102 1211 2164 F.,
1269 2099 1540 2154 Tabenus
1595 2098 1733 2171 (85),
1818 2098 2137 2154 historicus
2245 2119 2274 2147 «
2302 2099 2658 2167 carminum,
2691 2117 2822 2170 quas
2853 2101 3029 2156 Cares
3061 2100 3204 2156 tibia
3243 2107 3489 2157 cantant
3518 2125 3565 2155 ».
3612 2102 3840 2156 Carmina

485 2191 726 2262 scripsit
756 2186 1214 2263 Ἀρχαιολογίαν,
1266 2189 1386 2244 sive
1439 2209 1466 2238 «
1496 2187 1917 2258 Antiquitates,
1968 2186 2092 2241 libri

1524 2187 1917 2258 lntiqnitates,
1968 2186 2136 2241 libris
2243 2205 2376 2243 vero
2409 2190 2612 2244 Carica
2643 2195 2812 2245 erant
2839 2189 3131 2263 lugubria.

479 2281 616 2346 XII;
651 2277 882 2343 Μυθικᾶ,
916 2279 1226 2344 Fabulosa,
1259 2276 1428 2332 libris
1461 2278 1555 2330 VII
1590 2298 1639 2345 »,
1692 2281 1750 2330 et
1797 2275 1916 2330 alia
1961 2291 2131 2346 qum-
2313 2278 2542 2334 Melitus
2580 2279 2722 2334 vixit
2777 2281 3144 2351 temporibus
3201 2281 3478 2348 Zenonis,
3536 2281 3745 2344 Eleate,
3793 2283 3834 2332 et

477 2370 613 2425 dam
646 2369 717 2424 de
751 2368 943 2440 patria
971 2384 1097 2423 sua.
2241 2367 2633 2438 Empedoclis.
2670 2369 2915 2440 Scripsit
2945 2371 3016 2424 De
3045 2376 3186 2424 ente.
3221 2371 3289 2424 In
3330 2372 3474 2442 reip.
3507 2369 3828 2425 administra-

305 2518 403 2534 ,ἦκ’
547 2462 806 2530 Marsyas
856 2456 1222 2528 temporibus
1255 2454 1529 2527 judicum
1585 2454 1986 2516 Judaicorum,
2044 2453 2133 2507 vir
2239 2456 2397 2511 tione
2429 2457 2771 2512 adversatus
2797 2463 2887 2512 est
2917 2459 3149 2524 Pericli,
3177 2464 3397 2514 etcum
3420 2460 3720 2513 Samiorum
3738 2457 3828 2510 dux

393 2529 444 2546 κ
474 2535 914 2629 έάδίῐίῑςςθςιέξ
946 2546 1188 2629 musicen
1220 2546 1468 2618 peritus,
1529 2543 1630 2614 qui
1678 2543 1850 2598 tibias
1895 2543 2130 2597 arundi-
2239 2551 2414 2613 esset,
2449 2547 2643 2602 navali
2670 2547 2875 2618 prmlio
2918 2549 3197 2620 pugnavit
3241 2566 3381 2603 cum
3428 2548 3706 2619 Sophocle,
3736 2552 3827 2600 tra-

80 2499 286 2530 βάκ..

477 2628 619 2702 neas
645 2650 704 2700 et
731 2659 917 2698 aereas
945 2628 1202 2708 invenit,
1223 2641 1334 2694 etc.
1994 2707 2060 2716 Μ
2109 2705 2120 2716 ρ
2236 2634 2385 2706 gico,
2421 2635 2766 2706 Olympiade
2798 2635 3082 2690 LXXXIV.
3115 2636 3355 2706 [Suidas
3405 2637 3536 2691 huic
3582 2636 3733 2691 etiam
3772 2648 3824 2686 ea

547 2737 816 2796 Matreas,
852 2728 1190 2795 λαοπλάνος,
1218 2731 1502 2798 impostor,
1536 2724 1638 2796 qui
1667 2723 1916 2779 bestiam
1967 2711 2125 2778 alere
2235 2723 2462 2790 tribuit,
2497 2741 2627 2794 quas
2659 2725 2888 2779 dixerat
2917 2725 2986 2780 de
3020 2725 3378 2797 superiore.]

478 2839 540 2878 se
573 2819 826 2884 dicebat,
861 2834 992 2888 quae
1039 2817 1169 2888 ipsa
1222 2832 1350 2870 sese
1400 2812 1740 2868 comederet
1786 2812 1911 2880 (83).
1957 2811 2123 2875 Quaa-
2307 2814 2644 2882 Menander,
2678 2814 3082 2881 Atheniensis,
3115 2816 3381 2870 comicus
3412 2815 3684 2886 antiquus.

480 2913 650 2977 ritur,
686 2923 962 2980 quaenam
987 2906 1167 2961 fuerit
1196 2904 1302 2959 illa
1331 2905 1563 2957 Matrem
1591 2899 1810 2955 bellua.
1869 2900 2121 2970 Compo-
2305 2903 2625 2957 Menander
2654 2903 2827 2970 alius,
2859 2904 3262 2972 Atheniensis,
3299 2904 3580 2976 Di0pithis
3609 2909 3658 2958 et
3683 2902 3819 2971 Hege-

477 3003 596 3057 suit
626 3001 802 3055 etiam
837 2999 1169 3063 Questiones
1201 2994 1275 3049 ad
1306 2994 1494 3047 instar
1524 2990 1960 3062 problematum
1992 2989 2121 3043 Ari-
2233 2991 2500 3046 sistrates
2520 2993 2604 3060 F.,
2629 2993 2730 3063 qui
2754 2993 3023 3048 omnium
3046 3009 3326 3048 sermone
3344 2992 3815 3060 celebratur,Novaa

476 3091 728 3157 stotelis,
761 3105 833 3144 ex
863 3085 1080 3157 quibus
1111 3089 1239 3140 erat
1266 3083 1430 3137 haec:
1464 3082 1654 3146 Quare
1707 3079 1796 3133 sol
1845 3078 2122 3134 occidens
2231 3084 2533 3138 commdim
2563 3089 2757 3155 poeta,
2791 3083 2988 3139 strabo
3017 3083 3261 3155 quidem
3295 3085 3503 3149 oculis,
3552 3083 3642 3138 sed
3683 3085 3815 3135 acuto

475 3181 706 3237 dicatur
731 3174 927 3245 δύνειν,
959 3191 1081 3230 non
1107 3165 1430 3244 κωλυμὸᾇν.

2230 3171 2466 3244 ingenio
2498 3172 2782 3244 prazditus
2813 3179 2872 3227 et
2901 3174 2961 3227 in
2991 3173 3318 3230 mulierum
3350 3189 3598 3230 amorem
3620 3172 3810 3225 effusus.

544 3269 874 3334 Matthzeus,
933 3263 1312 3336 evangelista,
1371 3259 1549 3316 habet
1599 3257 1803 3313 titulos
1880 3257 2117 3323 LXVIII,
2150 3324 2186 3336 Α
2231 3261 2856 3332 Scripsit«Comedias
2879 3261 3338 3332 CVIIlzitemque
3361 3259 3815 3334 EpistolasadPto-

470 3361 667 3430 capita
695 3324 934 3413 CCCL'V.
1083 3324 1114 3336 "
1298 3324 1310 3332 ’
2145 3324 2188 3390 C
2227 3373 2253 3400 α
2287 3324 2563 3405 lemmum
2589 3367 2789 3423 regem
2817 3375 2867 3418 ι,
2891 3355 2946 3405 et
2969 3324 3442 3424 oratione-prosa
3464 3350 3689 3422 plurima
3705 3345 3810 3401 alia-

543 3446 877 3513 Mauricius,
905 3445 1308 3499 Romanorum
1356 3439 1478 3510 imp
1512 3480 1526 3505 ,
1565 3436 1754 3491 fertur
1808 3433 2121 3490 verborum
2297 3439 2636 3509 Menander,
2699 3439 3004 3508 Laodicea,
3035 3438 3111 3494 ad
3162 3441 3380 3511 Lycum
3421 3440 3662 3503 fluvium,
3711 3435 3807 3499 sita,

468 3535 974 3609 magniﬁcentiam
999 3531 1239 3604 plurimi
1259 3530 1468 3585 fecisse
1493 3524 2120 3583 eteruditosmaximis
2227 3527 2536 3596 oriundus,
2597 3528 2883 3598 sophista,
2943 3529 3182 3600 scripsit
3231 3551 3264 3580 «
3298 3526 3724 3584 Commentarios
3760 3523 3804 3575 in

470 3625 799 3680 honoribus
829 3622 1122 3687 affecisse,
1157 3624 1265 3675 etc.
1301 3618 1460 3673 Infra
1479 3617 1542 3673 in
1592 3615 1932 3683 Menandro,
1981 3630 2120 3684 pro-
2227 3638 2255 3666 ε(
2291 3617 2671 3690 Hermogenis
2702 3623 2889 3673 artem
2935 3624 2986 3672 ει
3016 3618 3338 3674 Minuciani
3387 3627 3804 3690 progymnasma-

467 3719 711 3769 teclore.
2222 3728 2250 3756 «
2285 3712 2345 3761 ta
2378 3730 2426 3774 ι,
2458 3713 2516 3763 et
2543 3707 2680 3763 alia.

545 3800 834 3855 Maximus
860 3798 1088 3869 Tyrius,
1148 3795 1560 3866 philosophus,
1606 3793 1708 3864 qui
1757 3795 1956 3848 Romaa
2007 3791 2116 3846 sub
2291 3797 2628 3866 Menander,
2662 3802 2980 3868 protector,
3012 3796 3358 3864 historicus,
3391 3798 3488 3868 qui
3532 3797 3608 3851 sic
3653 3792 3712 3847 de
3755 3805 3800 3843 se

463 3885 786 3942 Commodo
818 3885 976 3938 vixit.
1009 3882 1259 3953 Scripsit
1287 3904 1312 3930 ‹‹
1351 3882 1429 3935 De
1481 3881 1732 3934 Homero
1791 3883 1849 3933 et
1878 3895 2008 3948 quae
2039 3878 2117 3932 sit
2219 3882 2346 3954 ipso
2367 3883 2598 3938 scribit:
2625 3907 2652 3933 «
2678 3887 2851 3939 Pater
2867 3885 3013 3939 mihi
3045 3891 3172 3940 erat
3201 3887 3546 3958 Euphratas,
3577 3878 3798 3953 Byzantio

469 3999 491 4027 ι
527 3975 684 4046 apud
717 3990 851 4029 eum
885 3973 1133 4043 antiqua
1162 3969 1580 4042 philosophia:
1615 3970 1871 4024 Rectene
1906 3965 2114 4021 Socra-
2217 3972 2525 4040 oriundus,
2559 3973 2806 4028 minime
2829 3972 2930 4027 ille
2954 3973 3195 4044 quidem
3225 3975 3508 4030 eruditus.
3533 3968 3800 4027 Herodotus

465 4088 492 4116 «ι
526 4070 614 4120 tes
638 4063 866 4128 fecerit,
904 4060 1062 4133 quod
1121 4063 1432 4114 accusatus
1479 4074 1599 4112 non
1651 4055 2108 4128 responderit».
2213 4059 2398 4116 frater
2425 4078 2762 4134 germanus,
2797 4063 2920 4133 qui,
2955 4063 3150 4135 legum
3215 4064 3483 4119 doctrina
3532 4060 3796 4131 degustata.

459 4157 609 4210 Item
639 4153 786 4209 alias
813 4151 1099 4223 quasdam
1133 4148 1492 4220 quaestiones
1515 4146 1977 4218 philosophicas.
2213 4151 2411 4204 statim
2443 4151 2514 4206 ab
2545 4150 2753 4206 barum
2786 4151 2981 4206 studio
3015 4153 3283 4207 recessit.
3326 4155 3440 4225 Ego
3491 4166 3612 4205 vero
3659 4143 3795 4212 hujus

532 4243 838 4306 Maximus,
871 4240 1128 4311 Epirota,
1160 4237 1250 4292 vel
1294 4236 1646 4308 Byaantinus
1695 4234 2104 4306 philosophUS,
2213 4240 2391 4294 studii
2425 4241 2582 4312 quod
2608 4240 2831 4296 absolvi
2865 4241 3231 4312 professione
3258 4259 3374 4297 non
3413 4258 3538 4296 sum
3558 4253 3696 4296 usus.
3716 4229 3792 4286 sed

460 4332 678 4388 Iuliani
711 4329 977 4392 Cmsaris,
1010 4327 1306 4399 parabataa
1340 4325 1634 4397 magister.
1690 4323 1934 4394 Scripsit
1963 4345 1989 4370 ‹‹
2025 4323 2104 4376 De
2211 4328 2282 4382 ad
2315 4328 2694 4384 decursiones
2728 4335 3033 4400 equcstres
3064 4335 3122 4385 et
3172 4331 3511 4386 saltationes
3551 4319 3790 4400 pantomi-

460 4442 489 4470 «
524 4418 946 4475 insolubilibus
999 4414 1474 4486 objectionibus;
1512 4413 1587 4467 De
1639 4411 1988 4482 principiis;
2023 4411 2101 4464 De
2207 4433 2441 4471 morum
2473 4424 2530 4472 et
2559 4417 2890 4489 palmstram
2925 4435 3018 4472 me
3041 4420 3286 4474 contuli.
3313 4421 3671 4488 Posteaquam
3687 4422 3788 4462 vero

455 4531 483 4558 ‹‹
517 4509 822 4574 numeris;
856 4505 1358 4562 Commentarium
1417 4502 1478 4556 in
1532 4499 1910 4556 Aristotelem
1947 4522 1995 4567 »,
2046 4504 2104 4553 et
2207 4506 2521 4560 Mauricius
2552 4508 2866 4578 imperium
2927 4509 3258 4579 capessivit,
3308 4510 3589 4580 princeps,
3632 4500 3709 4573 qui
3745 4501 3788 4550 et

452 4595 570 4652 alia
600 4596 870 4667 quaedam
899 4595 973 4651 ad
996 4594 1270 4650 eumdem
1300 4591 1620 4646 lulianum.
2205 4595 2406 4665 populi
2440 4595 2690 4650 salutem
2721 4597 2964 4666 provide
2998 4597 3240 4652 curabat
3272 4604 3329 4652 et
3357 4599 3542 4650 Musas
3583 4587 3783 4649 amabat,

523 4683 847 4758 Meyaptoat,
907 4686 1262 4753 megarizare,
1322 4684 1438 4735 sive
1498 4678 1832 4751 philosophi
1906 4681 2094 4750 Mega-
2126 4683 2170 4747 D
2203 4684 2575 4754 poematibus
2607 4693 2666 4740 et
2693 4685 2956 4740 historiis
2985 4685 3297 4740 audiendis
3328 4701 3501 4756 quam
3522 4680 3781 4754 plurimum

447 4775 640 4829 rensis
718 4779 938 4828 sectam
998 4771 1186 4842 sequi.
1247 4770 1431 4841 Stilpo
1501 4785 1570 4822 ex
1628 4767 1891 4838 Megaris,
1947 4767 2093 4822 urbe
2205 4772 2626 4836 delectabatur,
2663 4779 2860 4845 utpote
2910 4776 3014 4844 qui
3064 4791 3336 4847 magnam
3387 4775 3567 4828 noctis
3604 4770 3779 4840 partem

447 4863 703 4926 Graaciaa,
738 4860 1026 4916 oriundus
1087 4865 1232 4927 erat,
1293 4858 1394 4929 qui
1448 4858 1619 4928 cepia
1673 4855 1986 4911 verborum
2037 4863 2092 4910 et
2205 4863 2264 4916 in
2299 4863 2512 4917 studiis
2543 4863 2670 4934 ipse
2702 4871 3096 4929 consumeret,
3157 4870 3214 4918 et
3261 4863 3495 4937 ingenia
3537 4854 3779 4916 hebetiora

445 4949 793 5005 dexteritate
829 4947 1161 5003 disserendi
1193 4953 1438 5002 caeteros
1487 4945 1632 5000 adeo
1680 4945 1993 5016 superavit,
2028 4950 2093 4999 ut
2201 4951 2613 5006 muniﬁcentia
2647 4969 2754 5007 sua
2793 4952 3076 5007 excitaret
3118 4959 3174 5008 et
3224 4958 3499 5016 acueret;
3547 4955 3661 5003 tunc
3698 4953 3776 5008 ego

441 5043 565 5094 tota
591 5038 1017 5110 propemodum
1049 5037 1289 5100 Graacia,
1319 5037 1512 5106 ipsum
1538 5041 1834 5106 spectans,
1869 5041 2089 5092 sectam
2197 5040 2408 5094 dolens
2441 5057 2672 5095 mecum
2716 5047 2984 5112 reputare
3039 5043 3207 5115 empi,
3259 5059 3378 5097 non
3425 5043 3663 5113 Oportere
3703 5042 3773 5083 me

437 5128 786 5200 Megaricam
820 5127 1301 5198 amplecteretur.
2198 5130 2375 5184 vitam
2407 5129 2553 5184 adeo
2584 5129 2840 5186 inertem
2870 5147 3062 5204 agere,
3097 5139 3155 5187 et
3195 5131 3268 5187 ad
3326 5131 3476 5184 hanc
3526 5119 3770 5182 historiam

505 5217 829 5286 Melampus,
889 5212 1272 5270 divinationis
1331 5210 1579 5282 peritus,
1634 5210 1791 5265 conf.
1852 5211 2086 5266 Kusteri
2196 5217 2571 5272 scribendam
2633 5235 2728 5274 me
2784 5219 3003 5292 appuli,
3065 5237 3241 5291 quam
3300 5225 3431 5290 post
3484 5212 3766 5272 defunctum

435 5313 557 5362 not.
593 5314 736 5362 tom.
771 5307 841 5373 II,
874 5321 1004 5377 pag.
1033 5305 1158 5359 521.
1353 5355 1362 5362 ,
2194 5305 2500 5378 Agathiam
2534 5322 2663 5361 sum
2697 5309 3052 5378 auspicatus.
3091 5332 3114 5360 ι

506 5395 952 5466 Melanippides,
986 5391 1241 5448 Critonis
1274 5391 1358 5456 F.,
1389 5389 1617 5455 Melius,
1660 5393 1836 5444 natus
1885 5389 2081 5460 Olym-
2265 5397 2646 5463 Menecrates,
2679 5397 2964 5453 comicus.
2996 5397 3209 5454 Drama
3233 5397 3356 5469 ejus
3379 5383 3762 5466 μανικτωρ,εῑνε

430 5485 604 5558 piade
638 5485 800 5540 LXV.
837 5481 1082 5554 Scripsit
1111 5479 1592 5550 Dithyramborum
1641 5477 1825 5532 libros
1871 5493 2081 5546 quam-
2191 5482 2528 5558 Ἑρμιονεύς,

641 5689 1486 5776 Ex‘Tabi,_Arabiaa_civitate._
1628 5763 1638 5774 .
1728 5764 1737 5774 I
1881 5767 1891 5776 ι
1928 5760 1943 5776 τ
2033 5761 2042 5772 ⁸
2189 5694 2477 5776 mirificus
2508 5694 2700 5776 Pipini
2724 5693 2885 5776 apud
2909 5696 3208 5776 Thuanum
3231 5695 3378 5750 libro
3408 5709 3478 5756 vr,
3509 5695 3564 5744 et
3581 5682 3754 5743 Morbo-

498 5760 610 5832 (86)
641 5763 887 5819 Videtur
916 5766 1147 5820 Matrem
1179 5761 1378 5817 bellua
1407 5760 1588 5816 fuisse
1618 5763 1784 5832 ignis,
1834 5767 1900 5816 ut
1927 5760 2080 5832 lapis
2187 5764 2354 5835 ﬂum,
2388 5765 2491 5820 lib-
2525 5781 2544 5821 ι
2575 5760 2859 5838 Polyhist.
2894 5782 3025 5838 cap.
3060 5769 3144 5826 I3.
