4070 6196
320 382 349 440 1
363 382 475 441 305

1624 383 1723 442 DE
1764 383 2051 451 QUIBUS
2097 382 2406 447 SUIDAS.

3581 384 3733 445 |306

328 509 624 577 diebatur,
667 508 801 564 ideo
858 528 968 566 nec
1020 517 1344 584 unguento,
1383 530 1495 569 nec
1538 513 1806 583 floribus,
1862 531 1971 570 nec
2005 517 2057 583 Α
2084 517 2283 572 minus
2316 518 2646 589 perspicax.
2679 521 2755 572 At
2778 515 3131 571 Plutarchus
3162 514 3414 583 censuit,
3465 514 3734 584 philoso-

327 605 511 661 veste,
545 599 660 653 nisi
688 600 806 667 alb,
838 602 922 654 uti
955 602 1075 656 illis
1105 601 1295 658 licuit.

394 689 745 754 Numenius,
774 692 1184 761 Apameensis,
1208 694 1406 765 Syrus,
1439 694 1829 765 philosophus
1860 696 1974 765 Py-

332 779 673 850 thagoreus,
706 780 806 850 qui
839 781 1146 837 Platonem
1192 784 1477 849 coarguit,
1527 784 1685 853 quod
1736 790 1977 839 senten-

326 868 469 923 tiam
503 884 671 922 suam
704 868 775 923 de
808 870 926 925 Deo
959 878 1018 925 et
1046 873 1346 927 creatione
1379 873 1586 927 mundi
1619 890 1688 928 ex
1708 874 1975 928 Mosaicis

331 957 567 1028 scriptis
610 959 934 1014 suiluratus
993 968 1167 1016 esset.
1228 962 1375 1015 Hinc
1432 962 1550 1016 ait;
1604 962 1671 1017 Τί
1714 960 1815 1035 γάρ
1863 959 1973 1015 ἐστι

332 1042 584 1115 Πλάτωκ,
616 1043 654 1114 ἤ
688 1052 926 1117 Μωτσῆς
956 1049 1312 1119 Ἀττικίζων;
1346 1052 1491 1117 Quid
1517 1057 1597 1107 est
1641 1054 1821 1119 Plato,
1867 1054 1977 1107 nisi

326 1138 494 1191 Moses
523 1139 833 1193 atticissans
860 1138 887 1193 ?

398 1227 745 1291 Numenius,
778 1228 1000 1297 rhetor,
1025 1230 1262 1301 scripsit
1284 1252 1311 1279 ‹‹
1341 1232 1420 1284 De
1442 1230 1647 1301 ﬁguris
1672 1229 1974 1296 dictionis,

324 1339 352 1364 «
386 1319 748 1389 Argumenta
776 1320 837 1373 in
868 1320 1351 1389 Demosthenem,
1383 1320 1693 1375 Chriarum
1750 1319 1971 1375 Collec-

322 1407 617 1473 «tionem,
643 1408 1119 1465 Cousolationem
1142 1410 1214 1465 ad
1248 1410 1608 1466 Hadrianum
1628 1411 1773 1481 imp.
1799 1425 1977 1481 super

327 1519 349 1544 ι
393 1503 583 1551 morte
611 1499 855 1553 Antinoi
890 1518 940 1556 ι.

397 1586 705 1657 Nymphis,
735 1590 1061 1660 Xenagoraa
1094 1592 1177 1659 F.,
1224 1591 1622 1657 Heracleotes,
1670 1593 1970 1658 Ponticus,

326 1674 665 1731 historicus.
693 1677 939 1750 Scripsit
958 1679 1030 1733 de
1048 1680 1384 1736 Alexandro
1409 1682 1656 1752 ejusque
1671 1699 1974 1737 successo-

324 1763 489 1819 ribus
522 1772 579 1819 et
611 1766 900 1838 epigonis,
931 1769 1051 1823 sive
1083 1786 1493 1825 successorum
1521 1771 1973 1842 posterislibros

2083 605 2269 676 phum
2303 623 2422 661 non
2453 607 2524 661 de
2566 605 2931 677 quibuslibet
2985 604 3162 659 rebus
3219 603 3730 673 interrogandum,

2083 709 2194 749 nec
2224 712 2360 749 eum
2394 696 2465 750 de
2496 697 2698 767 quavis
2730 711 2791 750 re
2824 712 2893 749 ex
2920 698 3187 765 tempore
3235 690 3596 761 respondere
3629 691 3734 745 de-

2083 784 2243 841 bere.
2277 787 2342 840 In
2374 787 2581 857 primis
2612 785 2854 841 difﬁcile
2886 790 2946 838 et
2972 788 3201 839 tantum
3224 798 3343 835 non
3366 781 3733 851 impossibile

2085 892 2236 943 esse,
2270 884 2335 931 ut
2361 878 2634 932 homines
2666 874 2976 947 (explorati
3009 880 3065 927 et
3095 872 3261 941 certi)
3283 870 3509 941 aliquid
3532 870 3736 924 dicant

2085 966 2415 1020 sentiantve
2448 967 2519 1021 de
2551 966 2686 1020 diis.

2155 1056 2509 1123 mnomaus,
2579 1055 2953 1121 Gadarensis,
3009 1051 3400 1123 philosophus
3467 1049 3732 1121 cynicus,

2084 1159 2203 1199 non
2234 1145 2422 1199 multo
2453 1145 2756 1215 antiquior
2802 1142 3150 1214 Porphyrio.
3200 1139 3444 1210 Scripsit
3493 1140 3565 1193 De
3593 1145 3737 1192 secta

2082 1237 2312 1302 cynica;
2346 1230 2631 1287 Πολιτείαν
2662 1234 2781 1288 sive
2812 1235 2889 1287 De
2916 1248 3061 1302 rep.,
3094 1232 3169 1283 De
3200 1230 3473 1282 homerica
3487 1226 3736 1297 philoso-

2075 1324 2255 1394 phia;
2287 1325 2359 1377 De
2388 1324 2625 1388 Cratete,
2663 1323 2898 1391 Diogene
2927 1325 2986 1376 et
3013 1318 3243 1373 caeteris
3271 1316 3568 1387 (Cynicis).

2152 1412 2556 1480 Ὀιωνιστικήν.
2616 1414 2817 1466 Artem
2849 1407 3176 1480 augurandi
3234 1405 3409 1476 primi
3464 1405 3739 1457 invenere

2082 1502 2361 1573 Phryges,
2389 1503 2636 1572 ejusque
2659 1500 2915 1571 species:
2943 1499 3017 1567 i.)
3040 1490 3510 1563 Ὀρνεοσκοπικὸν,
3534 1495 3739 1561 Auspi-

2081 1592 2247 1651 cium.
2281 1597 2347 1646 ut
2376 1607 2509 1645 cum
2551 1606 2653 1645 ave
2685 1590 2877 1643 fronte
2924 1586 3013 1640 vel
3058 1591 3218 1655 tergo
3273 1581 3509 1636 volante
3561 1586 3619 1633 et
3664 1578 3737 1633 ad

2083 1679 2352 1735 dextram
2383 1679 2473 1734 vel
2514 1679 2817 1737 sinistram
2865 1675 3227 1741 declinante,
3277 1669 3410 1741 quis
3458 1669 3625 1732 dicit,
3676 1666 3737 1720 id

2084 1769 2237 1824 hanc
2268 1769 2357 1823 vel
2380 1769 2543 1823 illam
2569 1784 2693 1822 rem
2718 1766 3071 1839 significare.
3096 1762 3358 1816 Primum
3384 1758 3453 1812 de
3480 1758 3588 1812 hac
3611 1762 3735 1811 arte

318 1852 511 1909 XXIV.
540 1856 619 1910 De
652 1856 934 1913 Heraclea
963 1858 1148 1913 libros
1179 1861 1331 1916 XIII.
1364 1861 1635 1915 Continet
1659 1866 1857 1915 autem
1879 1877 1973 1914 res
2008 1882 2052 1947 Β
2084 1859 2321 1929 scripsit
2346 1860 2666 1947 Telegonus.
2698 1849 3387 1947 2.)QIXOO’XOT.HX.(:JV,.CIHII
3413 1847 3735 1947 observan-

319 1949 515 2015 gestas
534 1951 667 2016 post
690 1947 994 2018 epigonos,
1024 1965 1212 2019 usque
1225 1948 1300 2003 ad
1323 1955 1711 2021 tyrannorum
1726 1951 1978 2004 eversio-

320 2048 461 2088 nem
495 2041 552 2088 et
580 2052 770 2106 usque
802 2036 877 2091 ad
909 2038 1150 2092 tertium
1184 2038 1592 2094 Ptolemaeum.
1626 2040 1789 2094 Conf.
1825 2041 1974 2094 Kus-

322 2123 435 2176 teri
468 2128 591 2179 not.
626 2126 681 2194 8,
716 2130 853 2180 tom.
889 2127 960 2190 II,
996 2143 1125 2197 pag.
1155 2128 1283 2183 639.

396 2214 505 2268 Νῦν
538 2211 846 2282 εὐπλόηκα,
881 2212 972 2267 ὅτε
1016 2235 1371 2289 νεναυτγηκα,
1417 2235 1561 2273 nunc
1603 2219 1839 2274 secunda
1882 2235 1979 2272 na-

321 2303 602 2370 vigatione
653 2319 780 2358 usus
831 2321 970 2372 sum,
1029 2323 1150 2360 cum
1200 2309 1563 2377 naufragium
1613 2306 1743 2376 feci.
1801 2309 1976 2376 Zeno,

324 2391 597 2459 Cittieus,
630 2393 788 2448 dicto
822 2395 934 2449 hoc
964 2412 1108 2451 usus
1130 2402 1240 2461 est,
1264 2403 1579 2467 postquam
1603 2398 1978 2470 naufragium

323 2481 582 2551 fecisset,
607 2488 692 2538 et:
711 2487 853 2539 Bene
872 2488 1012 2553 facit
1029 2489 1283 2554 fortuna,
1314 2488 1462 2556 quod
1489 2504 1601 2541 non
1630 2489 1705 2542 ad
1731 2488 1981 2558 philoso-

318 2571 519 2640 phiam
539 2573 848 2643 compellat.
876 2576 1082 2645 Itaqne
1109 2576 1333 2631 relictis
1350 2576 1648 2647 prioribus
1666 2583 1980 2648 praecepto-

327 2660 517 2723 ribus,
559 2661 807 2717 Cratetis
838 2663 1027 2717 factus
1058 2670 1149 2718 est
1195 2664 1544 2736 discipulus,
1594 2665 1979 2736 animumque

333 2749 408 2804 ad
438 2750 878 2822 philosophiam
909 2753 1159 2825 appulit.

402 2840 577 2909 Nysia
608 2840 844 2896 saltatio
878 2846 968 2896 est
998 2843 1205 2898 eadem
1229 2859 1297 2898 ac
1324 2844 1733 2915 Berecynthia,
1752 2844 1978 2898 Baccho

329 2944 518 2983 sacra.
554 2930 959 3001 Berecynthus
991 2931 1151 2986 enim
1183 2933 1243 2987 in
1275 2933 1452 3004 Nysia
1482 2934 1593 2987 sita
1620 2938 1727 2989 est.
1752 2934 1838 2988 Ita
1864 2932 1981 2988 alia

330 3015 549 3071 dicitur
594 3018 842 3084 Cretica,
892 3020 1010 3074 sive
1061 3020 1343 3088 Gnossia;
1392 3037 1531 3076 nam
1582 3022 1843 3076 Gnossus
1893 3026 1983 3075 est

328 3106 471 3161 urbs
501 3107 709 3178 Creta),
741 3113 852 3164 etc.

1134 3200 1178 3256 Ο

395 3279 722 3357 Ὠϐἑλισται,
754 3289 905 3343 obelo
941 3296 1194 3345 notatum
1242 3298 1341 3360 est,
1400 3292 1460 3347 id
1519 3297 1628 3357 est,
1686 3293 1974 3364 rejectum

325 3379 436 3441 est,
458 3375 806 3431 damnatum
830 3383 938 3432 est.
964 3378 1181 3435 Obelus
1204 3381 1387 3449 enim,
1412 3382 1530 3436 sive
1549 3398 1711 3451 veru,
1728 3383 1788 3437 in
1810 3382 1976 3436 libris

325 3467 415 3514 est
446 3461 676 3532 signum
706 3464 1072 3534 rejectionis.

397 3547 458 3601 Ὀ
489 3547 724 3613 κάτωθεν
753 3552 944 3623 νόμος,
981 3554 1094 3607 Lex
1124 3553 1387 3609 inferior.
1439 3556 1883 3621 Demosthenes,
1913 3556 1974 3610 in

326 3637 604 3694 Oratione
636 3647 844 3696 contra
872 3643 1285 3698 Aristocratem
1315 3644 1405 3698 vel
1434 3645 1714 3701 Heliwam
1753 3645 1837 3701 sic
1867 3662 1974 3700 vo-

327 3734 441 3795 cat,
477 3730 635 3800 quod
662 3731 1116 3787 dicasteriorum
1149 3734 1437 3805 (Athenis)
1481 3736 1599 3791 alia
1645 3738 1970 3807 superiora,

323 3816 441 3872 alia
470 3819 756 3875 inferiora
788 3821 1288 3889 nominarentur;
1322 3825 1412 3879 vel
1443 3824 1518 3880 ob
1549 3826 1797 3881 formam
1831 3826 1974 3880 scri-

324 3910 536 3977 pturas,
572 3924 689 3978 qua
719 3910 953 3964 Axones
987 3910 1189 3982 scripti
1221 3918 1392 3967 erant
1420 3931 1433 3981 ;
1484 3931 1553 3970 ea
1603 3919 1798 3970 autem
1838 3914 1975 3969 talis

328 3999 475 4059 erat,
507 3999 574 4048 ut
602 4011 777 4050 versu
810 3997 1001 4067 primo
1032 4014 1065 4052 a
1094 3997 1302 4053 dextra
1330 3998 1403 4055 ad
1437 4001 1734 4056 sinistram
1768 4017 1975 4072 proce-

327 4080 527 4149 dente,
558 4098 760 4137 versus
792 4085 1089 4139 secundus
1119 4102 1154 4140 a
1186 4088 1427 4143 sinistra
1447 4088 1517 4144 ad
1544 4089 1808 4144 dextram
1830 4091 1976 4145 scri-

329 4174 466 4240 ptus
496 4177 656 4225 esset
705 4169 1115 4247 βουστροφηδὸν
1176 4176 1475 4232 sulcorum
1525 4193 1724 4244 more;
1775 4178 1975 4250 itaque

326 4254 518 4326 legem
539 4271 691 4322 eam,
716 4274 847 4327 qum
869 4274 903 4313 a
924 4259 1165 4315 sinistra
1191 4262 1417 4333 incipit,
1440 4263 1780 4319 inferiorem
1811 4271 1979 4322 vocat

328 4343 779 4400 Demosthenes.
811 4350 1045 4402 Axones
1064 4349 1224 4403 enim
1247 4356 1303 4404 et
1323 4351 1538 4422 Cyrbes
1559 4367 1649 4419 eo,
1678 4370 1793 4423 quo
1825 4355 1974 4409 dixi-

333 4447 487 4497 mus,
522 4432 697 4487 modo
729 4434 980 4505 scriptos
1002 4452 1152 4505 esse,
1176 4440 1511 4510 Euphorion
1534 4441 1594 4495 in
1620 4442 1975 4513 Apollodoro

332 4518 553 4573 docuit.
590 4520 690 4576 Vel
708 4522 848 4591 quia
870 4523 1169 4593 Ephialtes
1188 4528 1420 4583 Axones
1446 4527 1732 4599 etCyrbes
1754 4548 1824 4585 ex
1847 4531 1974 4587 loco

2086 1952 2182 2000 tur
2212 1963 2279 2001 ea
2310 1964 2441 2017 qua)
2468 1946 2626 2000 domi
2660 1944 2956 2009 accidunt,
2988 1939 3167 1994 veluti
3201 1937 3249 1991 si
3284 1937 3346 1989 in
3372 1940 3522 1989 tecto
3555 1949 3734 2003 appa-

2085 2035 2273 2089 ruerit
2294 2035 2547 2090 mustela
2568 2034 2657 2088 vel
2681 2048 2957 2102 serpens;
2982 2033 3084 2083 aut
3103 2026 3300 2081 oleum
3326 2024 3577 2078 effusum
3610 2021 3739 2075 fue-
3780 2038 3791 2043 '

2087 2124 2181 2192 rit,
2217 2130 2320 2180 aut
2348 2124 2489 2193 mel,
2521 2128 2623 2178 aut
2651 2123 2874 2187 vinum,
2908 2124 3011 2174 aut
3039 2131 3217 2187 aqua,
3250 2118 3353 2168 aut
3398 2112 3587 2167 cinis:
3636 2115 3741 2164 aut

2085 2212 2310 2286 lignum
2343 2213 2658 2285 crepuerit,
2701 2216 2804 2267 aut
2841 2206 3067 2279 aliquid
3103 2203 3266 2261 aliud
3301 2200 3602 2265 acciderit,
3628 2200 3738 2252 hoc

2086 2303 2175 2357 vel
2207 2303 2355 2358 illud
2395 2303 2713 2375 significat.
2776 2302 2855 2354 De
2915 2299 3024 2353 hac
3083 2293 3446 2350 divinatione
3503 2288 3741 2385 scripsit

2084 2392 2429 2446 Xenocrates.
2464 2392 2538 2457 3.)
2573 2384 2835 2453 Ἐνόδιον,
2870 2402 3003 2441 cum
3030 2384 3454 2453 interpretatur
3484 2384 3615 2447 quis
3647 2392 3738 2444 ea,

2087 2499 2219 2553 quas
2243 2481 2302 2536 in
2324 2482 2416 2535 via
2432 2480 2603 2535 nobis
2632 2482 2974 2539 occurrunt,
2993 2481 3058 2528 ut
3077 2489 3213 2528 cum
3236 2470 3368 2541 quis
3400 2467 3504 2522 tibi
3534 2467 3739 2553 obvius

2085 2551 2277 2625 factus
2303 2569 2499 2638 fuerit,
2534 2570 2646 2623 hoc
2674 2568 2765 2622 vel
2797 2564 2945 2619 illud
2977 2567 3238 2635 gestans,
3272 2559 3383 2612 hoc
3424 2551 3857 2640 veLaHmiM"

2087 2659 2193 2712 tibi
2226 2659 2475 2713 eveniet.
2506 2660 2585 2713 De
2620 2657 2731 2725 hoc
2763 2646 3734 2730 δρῑὶβὸῧιςτὲὂυεῦἤΪΧειροσκοπι-

2060 2731 2585 2816 *ﬁiﬂnmanu
2615 2764 2907 2820 exspausa
2937 2748 3186 2817 ejusque
3240 2743 3399 2813 rugis
3452 2740 3737 2810 inspectis

2089 2839 2363 2907 dicimus,
2400 2840 2641 2896 Liberos
2667 2836 3023 2910 procreabit,
3056 2834 3147 2889 vel
3176 2833 3294 2887 tale
3326 2830 3489 2901 quid.
3524 2831 3602 2883 De
3626 2829 3737 2882 hoc

2089 2930 2327 3002 scripsit
2355 2931 2611 2986 Helenus.
2642 2930 2719 2997 5.)
2754 2924 3061 2998 Παλμικόν,
3092 2924 3187 2979 cui
3220 2921 3320 2992 qui
3375 2920 3633 2984 student,
3669 2934 3741 2971 ex

2088 3027 2344 3076 tremore
2364 3026 2422 3075 et
2444 3019 2833 3091 palpitatione
2857 3014 3261 3071 membrorum
3288 3009 3488 3064 futura
3518 3005 3738 3078 praedi-

2088 3116 2249 3179 cunt,
2282 3111 2463 3166 veluti
2491 3127 2630 3165 cum
2663 3107 2820 3163 saliit
2851 3105 3058 3162 oculus
3088 3104 3294 3158 dexter
3343 3099 3433 3153 vel
3478 3098 3739 3164 sinister,

2088 3200 2179 3254 vel
2210 3201 2495 3254 humerus
2523 3197 2613 3251 vel
2642 3196 2858 3260 femur,
2888 3194 2980 3249 vel
3010 3208 3145 3248 cum
3203 3206 3309 3261 pes
3357 3186 3605 3258 prurivit
3647 3184 3742 3238 vel

2089 3291 2250 3345 auris
2281 3290 2503 3357 tinniit,
2531 3289 2640 3342 hoc
2670 3287 2761 3342 vel
2791 3284 2942 3340 illud
2974 3282 3221 3339 eveniet.
3256 3280 3335 3333 De
3364 3278 3476 3332 hoc
3515 3276 3743 3330 divina-

2089 3379 2269 3434 tionis
2303 3395 2517 3451 genere
2549 3375 2788 3448 scripsit
2817 3371 3187 3428 Posidonius.

2161 3468 2328 3535 Olen,
2354 3464 2742 3538 Dymaaus,vel
2763 3465 3197 3534 Hyperporeus,
3220 3457 3310 3512 vel
3332 3455 3742 3527 Lycius,poeta

2090 3557 2312 3629 epicus.
2348 3556 2459 3611 Sed
2480 3555 2678 3626 potius
2714 3559 2805 3608 est
2823 3551 3031 3623 Lycius
3062 3566 3091 3603 e
3116 3547 3369 3612 Xantho,
3392 3551 3458 3599 ut
3480 3543 3746 3598 (Lallima—
3806 3560 3809 3563 '

2091 3647 2240 3702 chus
2268 3645 2550 3712 declarat,
2585 3649 2644 3698 et
2673 3638 3049 3714 (Alexander)
3083 3636 3423 3708 Polyhistor
3454 3634 3516 3688 in
3550 3633 3745 3687 Histo-

2091 3736 2180 3791 ria
2213 3735 2417 3807 Lyciae.

2162 3823 2502 3895 OIOphyxis,
2535 3823 2739 3878 civitas
2769 3819 3029 3875 Thraciae
3053 3817 3225 3889 juxta
3254 3819 3518 3870 montem
3544 3811 3738 3865 Athon

2090 3913 2260 3983 cujus
2291 3913 2430 3967 civis
2460 3912 2570 3966 fuit
2600 3910 2930 3967 Herodotus
2955 3907 3243 3977 Olophyx,
3286 3903 3385 3974 qui
3438 3903 3510 3956 De
3560 3904 3735 3969 Nym-

2082 4002 2215 4072 phis
2242 4009 2295 4057 et
2323 4004 2625 4072 sacriﬁciis,
2660 4006 2726 4054 ut
2754 4000 2943 4062 aiunt,
2976 3995 3233 4067 scripsit.

2163 4091 2484 4162 Olympias,
2517 4095 2838 4153 certamen,
2873 4091 3084 4157 quarto
3107 4098 3341 4153 quoque
3358 4096 3515 4134 anno
3540 4077 3741 4149 peragi

2091 4181 2353 4247 solitum,
2386 4181 2460 4235 ob
2492 4180 2671 4245 diem,
2715 4179 2816 4249 qui
2848 4182 3058 4247 quarto
3092 4187 3327 4244 quoque
3361 4186 3517 4225 anno
3543 4186 3611 4221 ex
3638 4183 3741 4220 sex

2091 4269 2252 4325 horis
2285 4269 2603 4340 colligitur.
2637 4268 2836 4323 Prima
2862 4271 3061 4321 autem
3092 4260 3392 4333 Olympias
3436 4257 3651 4311 incidit
3679 4256 3742 4309 in

2090 4365 2325 4415 aetatem
2356 4358 2707 4422 Salomonis,
2743 4373 2859 4427 quo
2893 4361 3155 4424 tempore
3185 4349 3339 4405 lovis
3370 4348 3587 4402 festum
3618 4362 3738 4416 pu-

2088 4448 2245 4503 blica
2275 4447 2651 4502 solemnitate
2680 4445 3045 4501 celebratum
3073 4445 3182 4495 est.

2160 4526 3470 4610 Olympiodorus,philosophusAlexandrinus
3483 4522 3739 4579 celeber-

335 4610 664 4678 superiore,
697 4610 756 4664 id
789 4618 880 4666 est
906 4629 1060 4682 arce,
1094 4615 1155 4669 in
1187 4618 1410 4673 curiam
1450 4622 1509 4672 et
1544 4618 1737 4676 forum
1785 4627 1979 4678 trans-
2009 4606 2057 4670 Π
2088 4606 2276 4685 rimus
2302 4606 2390 4684 Ad
2416 4629 2574 4683 hunc
2603 4625 2966 4682 audiendum
3007 4622 3271 4687 Proclus,
3326 4618 3553 4690 Lycius,
3604 4615 3733 4670 Ari-

333 4697 485 4753 tulit.

399 4787 614 4853 Ochus,
646 4789 820 4861 Ὦχος
864 4791 1018 4859 (aliis
1078 4792 1324 4869 Μῶχος),
1384 4795 1773 4869 philosophus
1823 4801 1981 4872 apud

329 4876 661 4945 Phoenices,
694 4883 759 4931 ut
784 4880 1075 4937 Zamolxis
1106 4884 1259 4954 apud
1285 4883 1536 4940 Thraces
1559 4893 1618 4942 et
1639 4888 1803 4944 Atlas
1823 4890 1980 4961 apud

335 4965 527 5020 Afros.

408 5056 604 5110 Ochus
637 5058 974 5126 (Persarum
1006 5062 1152 5132 rex),
1180 5061 1277 5130 qui
1313 5078 1447 5118 cum
1480 5067 1633 5137 Apin
1665 5070 1978 5141 (Egyptio-

334 5147 488 5215 rum)
522 5146 935 5216 interfecisset,
971 5165 1103 5207 eum
1134 5151 1338 5220 coquis
1380 5156 1611 5212 tradere
1665 5158 1867 5226 voluit,
1917 5165 1983 5215 ut

335 5250 469 5290 eum
504 5236 563 5292 in
594 5236 782 5294 frusta
812 5239 1174 5297 dissecarent
1203 5247 1261 5295 et
1288 5244 1362 5299 ad
1407 5262 1635 5303 caenam
1684 5265 1834 5319 prter
1848 5266 1978 5306 ara-

330 5331 484 5379 rent.

400 5415 781 5481 Odaanathus,
816 5418 1012 5489 Syrus,
1047 5419 1367 5493 Plutarchi,
1401 5426 1737 5499 phi1030phi
1780 5430 1978 5499 (Athe-

335 5502 607 5591 niensis),
638 5506 894 5574 auditor,
953 5509 1310 5579 quaastioues
1366 5515 1642 5572 difﬁciles
1701 5519 1977 5591 magistro

333 5590 658 5661 disputanti
683 5593 1006 5652 identidem
1027 5602 1416 5670 proponebat,
1434 5610 1492 5659 et
1511 5590 1815 5663 dicentem
1832 5626 1977 5666 sem-

331 5694 441 5749 per
468 5681 901 5755 iutcrpcllabat,
936 5683 1009 5740 ad
1042 5688 1348 5747 veritatem
1379 5696 1812 5766 assequendam
1852 5701 1977 5774 ipse

2091 4719 2373 4775 stotelicm
2396 4719 2678 4774 doctrinm
2700 4715 2998 4772 discendae
3016 4729 3195 4769 causa
3214 4728 3275 4766 se
3297 4708 3567 4766 contulit.
3591 4706 3737 4759 Cum

2090 4814 2289 4864 autem
2320 4807 2806 4880 Olympiodorum
2836 4804 3089 4867 audiret,
3111 4803 3299 4857 virum
3332 4798 3733 4868 eloquentem,

2091 4907 2149 4956 et
2177 4902 2277 4971 qui
2309 4905 2550 4971 propter
2587 4898 2804 4969 lingua:
2830 4895 3258 4951 volubilitatem
3288 4895 3346 4944 et
3365 4888 3729 4943 celeritatem

2090 4990 2151 5043 in
2183 4988 2431 5043 dicendo
2462 5004 2496 5042 a
2526 4986 2730 5057 paucis
2760 4983 3129 5041 auditoribus
3153 4976 3611 5049 intelligebatur,
3645 4974 3730 5027 sic

2090 5077 2163 5132 ab
2193 5094 2262 5131 eo
2291 5077 2406 5131 fuit
2433 5075 2813 5147 approbatus,
2845 5079 2911 5129 ut
2942 5071 3209 5134 filiolam,
3243 5073 3303 5123 et
3331 5067 3521 5138 ipsam
3543 5063 3734 5137 philo-

2091 5167 2332 5237 sophice
2363 5167 2715 5234 institutam,
2750 5165 2863 5236 ipsi
2897 5162 3267 5235 despondere
3287 5163 3555 5217 voluerit.
3577 5159 3735 5216 conf.

2090 5256 2322 5311 Kusteri
2354 5261 2475 5311 not.
2513 5258 2565 5322 3,
2601 5262 2739 5309 tom.
2774 5255 2845 5321 II,
2876 5270 3003 5324 pag.
3041 5254 3164 5307 683.

2160 5345 2466 5418 Olympus,
2491 5346 2801 5399 Generosa:
2820 5340 3117 5413 (Γενερώση
3128 5342 3169 5409 ς)
3194 5339 3500 5410 frater,qui
3517 5354 3586 5391 ex
3598 5334 3736 5390 Cili-

2089 5435 2178 5490 cia
2209 5432 2629 5489 Alexandriam
2659 5431 2819 5486 venit
2867 5430 2940 5486 ad
2994 5429 3312 5486 colendum
3370 5424 3732 5495 Serapidem-

2087 5526 2173 5581 vir
2201 5524 2439 5596 ingenio
2469 5522 2828 5590 admirabili,
2860 5536 3104 5592 corpore
3133 5534 3346 5590 magno
3377 5522 3437 5571 et
3462 5529 3733 5585 procero,

2086 5615 2235 5671 facie
2268 5615 2518 5669 honesta
2547 5617 2606 5668 et
2633 5611 2887 5679 liberali,
2923 5610 3107 5666 suada
3134 5604 3491 5663 incredibili.
3542 5604 3733 5667 Quare

2088 5704 2448 5762 constitutus
2468 5697 3249 5777 ispoSiSdcxaloc,sacrorum
3268 5691 3734 5766 magister,apud
