4036 6212
0 2505 214 2533 κὴ-

389 373 548 433 1307

1688 373 1938 436 INDEX
1977 373 2498 441 SCRIP'I‘ORUM

3662 379 3856 440 £308

394 503 852 570 Alexandrinos,
871 501 1160 572 qui-tunc
1191 507 1454 559 torrente
1483 504 1654 577 quasi
1685 506 1922 578 reip..in
1951 506 2069 564 de-x

2193 509 2410 582 loripsit
2435 507 2582 584 Ηρὸς
2631 509 2756 572 τοὺς
2797 509 3139 584 ἀποροῦντας
3203 512 3310 565 τῶν
3372 506 3606 583 lupino,
3671 530 3714 558 ἀ
3755 511 3856 566 Ad

395 594 582 650 terius
611 592 1014 663 rapiebantur.
1047 591 1176 662 Ille,
1216 609 1366 663 quos
1422 596 1633 666 potuit,
1680 613 2044 669 congregans

396 683 642 752 antiqua
672 681 944 736 instituta
977 698 1078 736 eos
1105 681 1410 748 edocebat,
1434 689 1492 738 et
1511 685 1895 740 comitantem
1912 685 2044 748 hos.

392 773 492 843 qui
530 788 600 826 ea
620 770 1022 835 observarent,
1047 771 2046 832 demonstrabatfelicitatem.Ami-

393 862 477 916 cis
509 860 948 931 veroapraadixit
979 859 1320 931 Serapidem
1350 861 1702 918 relicturum
1733 880 1863 918 esse
1895 869 2042 919 tem-

393 950 580 1022 plum,
618 949 779 1019 quod
809 954 867 1003 et
895 948 1115 1004 factum
1149 955 1257 1006 est.

467 1039 796 1111 Olympius,
825 1039 1064 1093 Mmonis
1099 1040 1183 1106 F.,
1217 1041 1430 1111 Mysus,
1460 1040 1701 1104 tibicen,
1729 1047 1904 1113 poeta
1925 1059 2050 1098 me-

396 1129 639 1184 lious-et
669 1127 984 1199 elegiacus,
1016 1134 1224 1183 auctor
1251 1129 1516 1194 musica,
1549 1147 1682 1201 qua;
1714 1131 2048 1202 pulsatione

397 1218 721 1290 peragitur.
744 1216 1008 1287 itemque
1040 1217 1190 1288 ejus,
1225 1235 1356 1288 qum
1387 1225 1568 1274 cantu
1597 1219 1877 1276 tibiarum
1908 1237 2050 1276 con-

399 1315 511 1364 stat
539 1326 551 1364 :
584 1307 912 1378 discipulus
935 1313 993 1362 et
1017 1309 1270 1364 amatius
1295 1311 1560 1382 Marsyas,
1581 1311 1681 1380 qui
1703 1327 1918 1383 genere
1940 1311 2052 1366 fuit

404 1400 664 1469 Satyrus,
697 1395 933 1452 auditor
973 1413 1110 1452 vero
1170 1403 1228 1452 et
1283 1398 1442 1454 filius
1498 1400 1839 1472 Hyagnidis.
1902 1401 2056 1456 Vixit

402 1487 686 1557 Olympus
710 1491 851 1540 ante
881 1484 1106 1540 bellum
1133 1486 1476 1558 Trojanum,
1511 1504 1546 1543 a
1573 1505 1689 1559 quo
1722 1494 1780 1544 et
1799 1505 1970 1545 mons
1991 1490 2053 1544 in

411 1575 596 1647 Mysia
620 1591 839 1630 nomen
873 1575 1117 1646 accepit.

479 1663 816 1730 Onesimus,
849 1664 1094 1734 Cyprius
1123 1664 1213 1720 vel
1253 1665 1596 1736 Spartanus,
1648 1666 1966 1723 historicus
1997 1672 2055 1720 et

413 1753 678 1824 sophista
737 1753 1107 1823 temporibus
1161 1756 1534 1810 Constantini
1593 1756 1734 1826 imp.
1809 1756 2054 1827 Scripsit

406 1867 432 1894 ‹‹
471 1848 730 1897 statuum
761 1842 1132 1900 Divisiones:
1166 1848 1361 1898 Artem
1386 1845 1738 1916 judicialem
1779 1845 1852 1901 ad
1884 1845 2048 1917 Apsi-

410 1947 432 1974 ι
467 1945 644 1995 nem;
679 1929 758 1983 De
785 1934 909 1983 arte
966 1929 1448 1997 contradicendi;
1507 1933 2056 2004 Progymnasmata,

407 2039 435 2070 «
471 2019 964 2086 Declamationes,
999 2019 1272 2074 encomia
1304 2041 1331 2067 ››
1365 2025 1423 2075 et
1451 2020 1569 2076 alia
1597 2021 1876 2092 plurima.

479 2107 866 2172 Onesicritus,
901 2108 1291 2180 Xenophonte
1325 2115 1487 2165 tanto
1536 2109 1784 2166 inferior
1828 2110 2058 2166 haben-

411 2198 542 2267 dus,
575 2209 798 2269 quanto
829 2197 1168 2268 exemplum
1193 2198 1532 2270 archetypo.

482 2287 944 2349 Onetor;Contra
962 2287 1120 2342 hunc
1139 2288 1567 2345 Demosthenes
1583 2289 2057 2361 scripsitOratio-

411 2393 518 2432 nes
549 2376 622 2431 de
643 2375 894 2447 judicio,
919 2373 1171 2447 ἐξούλης,
1204 2377 1322 2432 sive
1343 2378 1410 2432 de
1428 2380 1503 2435 vi.
1527 2379 1660 2434 Fuit
1679 2384 1877 2435 autem
1903 2395 2061 2434 unur

413 2483 483 2521 ex
511 2466 804 2538 choragis,
837 2467 1010 2537 cujus
1041 2466 1220 2522 etiam
1251 2467 1541 2524 Isocrates
1571 2468 1633 2524 in
1681 2469 1956 2526 Oratione
1986 2468 2058 2523 de

405 2579 436 2619 ιο
537 2557 546 2567 ”
641 2535 800 2611 tione
831 2535 1195 2611 mentionem
1225 2557 1383 2612 facit.

227 2535 1383 2724 mpii

476 2647 1280 2724 Onosanderﬁﬁi'l'osophus
1297 2647 1665 2720 Plotonicus,
1686 2650 2061 2741 scpipygTa-

412 2755 576 2818 ctica,
611 2752 732 2806 sive
765 2753 843 2805 De
876 2750 1002 2805 acie
1033 2750 1427 2814 instruenda;
1467 2771 1486 2796 α
1525 2727 2062 2821 De’strW-

411 2864 438 2892 «
455 2842 598 2905 bus;
621 2839 1090 2895 Commentarios
1112 2840 1174 2893 in
1192 2839 1376 2894 libros
1387 2839 1652 2894 Platonis
1667 2857 1680 2906 ;
1697 2840 1776 2894 De
1790 2837 2060 2910 republ.»

485 2930 756 3002 Ophelio,
791 2929 1073 2999 comisus,
1126 2946 1194 2984 ex
1242 2929 1412 3000 cujus
1457 2929 1678 2984 fabulis
1726 2934 1865 2984 sunt
1915 2933 2064 2984 teste

413 3023 718 3086 Athenaeo,
753 3015 1084 3084 Δευκαλίων,
1121 3016 1530 3093 Καλλαίσχρος,
1581 3019 1903 3091 Κένταυρος,
1953 3019 2062 3071 Σᾶ-

410 3130 590 3183 τυροι,
629 3111 864 3175 Μοῦσαι,
927 3106 1305 3181 Μονότροποι.
1368 3108 1630 3164 Meminit
1692 3108 1856 3164 illius
1911 3107 2064 3163 libro

415 3201 676 3258 secundo
701 3199 1147 3272 Dipnosophist.

485 3296 550 3345 Ὠ
579 3289 678 3367 ﬁeri
691 3245 838 3364 usprs,
867 3307 899 3344 ο
931 3245 1106 3345 bit-vavi}
1131 3292 1237 3346 aevi
1265 3291 1444 3346 homo.
1495 3291 1582 3345 Ita
1611 3290 1878 3345 Socrates
1907 3263 2074 3360 apud:
2093 3245 2138 3312 θ

423 3385 721 3456 Aristoph.
755 3384 817 3438 in
846 3383 1086 3438 Nubibus
1143 3381 1217 3436 ad
1259 3380 1682 3454 Strepsiadem.
1735 3380 1900 3446 Quod
1945 3382 2072 3451 ipse

422 3477 691 3531 animum
722 3473 794 3528 ad
824 3491 922 3528 res
949 3473 1180 3529 divinas
1212 3473 1508 3528 intentum
1530 3470 1794 3537 haberet,
1819 3470 1912 3525 vel
1934 3470 2076 3541 quia

424 3566 692 3620 Socrates
711 3563 910 3618 Sileno
937 3561 1152 3617 similis
1176 3577 1304 3617 esse
1327 3560 1661 3628 dicebatur;
1695 3560 1883 3615 simus
1913 3559 2075 3615 enim

424 3660 483 3708 et
514 3653 710 3708 calvus
734 3656 899 3717 erat;
933 3651 1090 3722 apud
1120 3649 1443 3706 Pindarum
1470 3649 1688 3721 quippe
1737 3649 1974 3704 Silenus
2002 3647 2076 3702 ad

423 3742 773 3810 Olympum:
804 3743 869 3791 Ὢ
897 3736 1089 3806 τάλας,
1123 3735 1390 3814 ἐφήμερε,
1448 3739 1634 3806 νήπιε,
1697 3737 1883 3811 βάζεις
1931 3735 2078 3809 χρή-

427 3830 570 3902 ματά
603 3847 694 3899 μοι
723 3823 1147 3897 διακομπβῦωνε
1183 3849 1210 3876 ‹‹
1246 3827 1289 3882 Ο
1321 3827 1522 3893 miser,
1557 3825 2076 3892 mortalis,-stulte,

432 3941 456 3971 α
491 3917 683 3972 verbis
714 3916 1050 3989 magniﬁcis
1083 3921 1389 3986 opestuas
1419 3915 1563 3970 mihi
1589 3918 1801 3986 jactas.

499 4008 823 4078 Oppianus,
857 4003 1006 4059 Cilix
1037 4022 1106 4060 ex
1137 4006 1358 4076 Coryco
1393 4004 2080 4076 civitate,grammaticus

429 4102 490 4154 et
519 4101 694 4169 poeta
726 4095 948 4167 epicus,
984 4095 1086 4165 qui
1117 4095 1261 4149 vixit
1291 4093 1398 4149 sub
1431 4096 1501 4149 Μ.
1536 4093 1837 4148 Antonino
1885 4093 2082 4164 (Cara-

430 4186 603 4256 calla)
635 4185 779 4256 imp.
812 4183 1059 4255 Scripsit
1107 4183 1418 4237 Halieutica
1461 4182 1560 4254 (de
1609 4182 1962 4254 piscatione)
2011 4182 2083 4236 li-

431 4277 569 4330 hros
604 4277 645 4328 V
673 4292 686 4342 ;
724 4274 1046 4344 Cynegetica
1071 4271 1164 4336 (de
1194 4271 1529 4342 venatione)
1553 4270 1738 4326 libros
1754 4271 1855 4339 IV;
1877 4273 2084 4326 Iweuti-

431 4381 495 4419 ca
529 4365 621 4430 (de
655 4361 927 4432 aucupio)
987 4359 1174 4416 libros
1229 4361 1298 4416 II.
1331 4360 1500 4416 Cum
1549 4363 1748 4415 autem
1806 4361 2087 4415 Poemata

435 4455 566 4524 ejus
593 4451 750 4524 apud
781 4452 927 4522 imp.
961 4450 1116 4506 lecta
1144 4450 1417 4515 fuissent,
1450 4450 1501 4504 is
1530 4467 1636 4521 pro
1665 4450 1916 4523 singulis
1957 4465 2087 4505 ver-

435 4542 598 4598 sibus
629 4555 876 4597 aureum
908 4545 1186 4596 staterem
1222 4540 1346 4596 sive
1367 4539 1664 4595 nomisma
1689 4539 1801 4611 ipsi
1823 4540 2082 4600 donavit.

2154 621 2181 648 ‹‹
2215 599 2478 654 medicos
2493 599 2857 666 dubitantes,
2877 600 3064 656 libros
3087 601 3196 667 IX;
3219 599 3308 655 Ad
3325 600 3644 656 lulianum
3676 600 3827 671 Imp

2155 707 2184 738 κ
2213 687 2396 742 libros
2428 689 2657 757 LXXII;
2691 690 2996 760 Epitomea
3028 705 3259 756 eorum,
3317 690 3504 745 libros
3556 691 3636 744 IX
3663 707 3684 756 ;
3755 690 3856 744 Ad

2159 796 2186 826 ‹‹
2210 777 2604 840 Eustathium,
2639 778 2852 834 ﬁlium.
2883 781 3019 834 Item
3047 779 3128 834 De
3155 794 3334 850 regno
3367 786 3419 833 et
3460 778 3534 834 de
3583 778 3854 834 affecti-

2156 885 2186 914 «
2216 864 2349 920 bus.
2383 886 2412 914 η

2231 971 2532 1044 Origenes,
2565 973 2667 1044 qui
2698 979 2756 1028 et
2787 972 3191 1042 Adamantius,
3222 973 3312 1028 vir
3351 973 3750 1029 clarissimus
3789 981 3854 1030 et

2157 1062 2436 1118 subactus
2468 1064 2528 1118 in
2559 1064 2721 1119 omni
2747 1080 2963 1136 genere
2995 1063 3350 1137 disciplinas,
3381 1063 3629 1120 auditor
3681 1067 3852 1120 Am-

2156 1152 2342 1207 monii
2373 1157 2589 1220 Saccas,
2620 1153 2977 1224 philosophi,
3009 1153 3081 1208 de
3113 1155 3285 1226 cujus
3312 1153 3430 1208 vita
3460 1159 3519 1208 et
3573 1154 3844 1226 scriptis

2157 1241 2331 1314 plura
2359 1244 2532 1299 affert
2559 1243 2767 1298 Suidas
2795 1260 2866 1299 ex
2894 1243 3134 1299 Eusebii
3166 1244 3318 1298 libro
3351 1245 3440 1311 VI,
3473 1243 3840 1314 SOphronio

2159 1337 2219 1387 et
2245 1331 2511 1387 Cedreno
2537 1349 2549 1386 :
2578 1338 2898 1404 narratque
2927 1333 3086 1389 inter
3115 1333 3252 1400 alia,
3313 1331 3614 1388 Ambrosii
3648 1332 3840 1386 Alex.

2155 1420 2432 1492 precibus
2445 1421 2875 1492 Scripturaram
2887 1437 3118 1477 sacram
3133 1421 3454 1493 explicasse
3467 1422 3633 1477 intra
3645 1423 3698 1476 Χ
3707 1423 3843 1476 VIII

2159 1527 2350 1565 annos
2377 1516 2435 1564 et
2465 1509 2752 1565 librorum
2785 1512 3091 1583 scripsisse
3122 1510 3196 1566 ad
3227 1528 3327 1566 sex
3369 1511 3582 1578 millia,
3639 1518 3840 1582 atque

2159 1598 2232 1652 ob
2265 1614 2470 1654 eorum
2501 1598 2971 1667 multitudinem,
3003 1600 3223 1654 dictum
3269 1598 3663 1666 Συντακτικὸν,
3713 1605 3842 1654 etc.

2231 1687 2430 1754 Orion,
2463 1687 2797 1754 Thebanus,
2829 1689 3154 1760 Egyptius,
3181 1688 3840 1760 scripsitCollectionem

2162 1775 2593 1840 Sententiarum,
2627 1792 2754 1844 seu,
2797 1773 3173 1850 Ἀνθολὸγιον,
3206 1777 3588 1846 Florilegium,
3614 1777 3692 1832 ad
3717 1779 3839 1832 Eu-

2085 1885 2132 1948 B
2161 1864 2416 1930 dociam,
2449 1864 2591 1936 imp.
2623 1865 2937 1920 Theodosii
2957 1866 3219 1921 Junioris
3242 1865 3693 1928 uxoremJibris
3723 1867 3826 1922 III.

2241 1956 2441 2023 Orion,
2471 1956 2929 2018 Alexandrinus.
2960 1957 3401 2030 grammaticus,
3423 1958 3670 2029 scripsit
3699 1963 3842 2011 Ἀν-

2169 2042 2444 2117 θολόγιον.
2481 2067 2509 2094 ››
2540 2046 2866 2101 Atticorum
2895 2045 3314 2102 vocabulorum
3355 2047 3798 2102 Collectionem
3825 2066 3842 2111 ;

2172 2155 2199 2182 «
2235 2134 2315 2188 De
2345 2133 2713 2206 Etymologia
2741 2152 2753 2202 ;
2786 2135 3134 2190 Encomium
3164 2133 3433 2202 Adriani,
3465 2137 3756 2192 Casaris.

2243 2222 2511 2292 Orpheus
2541 2239 2611 2278 ex
2641 2223 2945 2278 Lebethris
2975 2225 3234 2280 Thracias
3283 2224 3576 2280 oriundus
3635 2225 3842 2290 (Lebeo

2173 2311 2307 2366 thra
2337 2311 2540 2366 civitas
2567 2313 2777 2367 Pierias
2808 2313 3042 2382 vicina),
3074 2313 3280 2386 (Ἐδεῐί
3309 2319 3367 2368 et
3413 2314 3720 2385 Calliopes
3773 2315 3837 2369 Ρ.

2173 2400 2396 2472 OEager
2419 2416 2578 2467 vero,
2611 2401 2856 2471 quintus
2886 2401 2958 2456 ab
2990 2401 3248 2464 Atlante,
3288 2419 3358 2457 ex
3387 2403 3683 2474 Alcyone,
3715 2418 3842 2457 una

2174 2489 2431 2545 ﬁliarum
2463 2490 2614 2561 ejus.
2650 2489 2804 2544 Vixit
2831 2489 3110 2546 undecim
3139 2490 3413 2545 mtatibus
3441 2497 3583 2546 ante
3606 2491 3844 2546 bellum

2172 2579 2513 2650 Trojanum,
2546 2579 2862 2650 ipsumque
2885 2579 3011 2634 Lini
3033 2579 3394 2651 discipulum
3411 2579 3598 2635 fuisse
3629 2580 3846 2636 dicunt

2174 2672 2234 2722 et
2263 2684 2474 2722 novem
2524 2672 2729 2723 estates
2753 2669 2989 2723 vixisse.
3044 2667 3157 2723 Alii
3215 2668 3519 2724 undecim.
3579 2668 3847 2740 Scripsit

2173 2758 2508 2829 Τριαγμους,
2541 2757 2641 2827 qui
2668 2757 2741 2811 ab
2773 2757 2906 2812 aliis
2962 2757 3120 2812 Ionis
3171 2758 3374 2829 tragici
3439 2774 3571 2813 esse
3611 2757 3840 2814 dicuno

2175 2847 2370 2901 tur.In
2397 2845 2488 2900 his
2509 2845 2686 2901 etiam
2713 2845 2956 2901 fuerunt
2971 2845 3077 2902 illa
3101 2862 3233 2916 quas
3261 2846 3544 2902 dicuntur
3563 2847 3848 2921 Ἰεροστο-

2174 2931 2321 2989 λικά.
2367 2931 2590 2994 Κλίσεις
2647 2935 2747 3005 (an
2799 2933 3077 3006 κλήσεις.)
3132 2935 3415 3006 κοσμικαί·
3475 2935 3840 2990 Νεοτευτιιά.

2175 3020 2377 3096 Ἰεροὺς
2409 3019 2629 3095 λόγους,
2687 3024 2886 3080 Sacros
2941 3025 3226 3080 Sermones
3278 3024 3446 3079 libris
3505 3024 3709 3080 XXIV.
3765 3026 3835 3080 Hi

2173 3129 2309 3167 vero
2337 3113 2790 3169 dicuntur‘esse
2853 3114 3167 3184 Theogneti,
3208 3114 3509 3181 Thessali;
3568 3115 3673 3170 alii
3735 3131 3842 3170 eos

2176 3201 2416 3271 Cerwpi,
2450 3201 2838 3273 Pythagoreo,
2897 3202 3203 3256 tribuunt:
3261 3203 3517 3268 Oracula,
3581 3219 3722 3272 quia
3762 3203 3838 3258 ad

2177 3289 2586 3345 Onomaeritum
2617 3289 2989 3358 referuntur;
3022 3286 3284 3356 Τελετὰς,
3313 3292 3506 3354 Initia,
3541 3308 3679 3362 qua
3737 3293 3840 3345 iti-

2179 3378 2310 3434 dem
2329 3379 2689 3434 Onomacriti
2712 3395 2843 3435 esse
2864 3380 3160 3435 dicuntur.
3179 3381 3246 3434 In
3268 3381 3362 3435 his
3383 3381 3566 3436 etiam
3579 3381 3840 3435 estliber

2180 3471 2255 3524 De
2284 3468 2534 3538 lapidum
2560 3468 2844 3538 sculptura
2875 3469 2976 3540 qui
3026 3463 3564 3542 Ὀγδοηκοντάλιθος
3613 3469 3836 3524 inscri-

2178 3558 2356 3614 bitur.
2388 3558 2666 3630 Σωτήρια.
2697 3559 2830 3614 Ηωο
2857 3559 3156 3628 Timoclis,
3191 3560 3565 3631 Syracusani,
3601 3566 3660 3614 et
3694 3561 3835 3614 Per-

2181 3648 2326 3721 gini,
2351 3647 2583 3716 Milesii,
2613 3665 2745 3704 esse
2789 3649 3087 3705 dicuntur.
3140 3654 3445 3724 Κρατῆρας,
3502 3650 3566 3704 hi
3605 3651 3832 3722 Zopyro

2185 3737 2545 3793 tribuuntur.
2577 3736 2916 3811 Θρονισμοὺς
2969 3738 3282 3812 μητρῴους,
3335 3739 3668 3794 thronismos
3720 3756 3839 3793 ma-

2185 3843 2306 3896 gnae
2333 3829 2525 3882 matris
2553 3827 2778 3883 deorum
2809 3834 2868 3883 et
2894 3828 3183 3892 Bacchica,
3216 3845 3348 3900 quas
3380 3829 3555 3884 Nicias
3609 3828 3833 3883 Eleatis

2186 3933 2317 3972 esse
2348 3915 2644 3971 dicuntur.
2678 3918 3000 3980 Descensum
3047 3917 3121 3972 ad
3175 3920 3404 3987 inferos,
3461 3917 3622 3989 quod
3677 3934 3832 3989 Opus

2188 4004 2460 4060 Herodici
2489 4005 2777 4060 Perinthii
2799 4021 2929 4060 esse
2953 4004 3140 4061 fertur
3163 4023 3176 4071 ;
3205 4008 3432 4077 Peplum
3455 4008 3682 4062 etRete.
3709 4007 3842 4060 Haec

2189 4095 2366 4149 etiam
2399 4095 2617 4164 Zopyro
2653 4093 3014 4161 tribuuntur,
3047 4094 3119 4150 ab
3151 4094 3284 4150 aliis
3314 4095 3624 4150 Brontino.
3679 4093 3832 4150 Ὀνο-

2193 4181 2474 4254 μαστικὸν,
2527 4182 2800 4238 versibus
2853 4183 3108 4239 heroicis
3163 4185 3340 4251 MCC;
3398 4187 3840 4246 Astronomiam;

2189 4269 2548 4344 Ἀμοκοπίαν,
2579 4272 2930 4339 ΘυηποΛικὸν
2977 4274 3098 4329 sive
3145 4273 3370 4329 Librum
3417 4275 3486 4329 de
3531 4275 3838 4342 sacriﬁciis,

2191 4359 2476 4416 Ὠσθυτικὰ
2515 4360 2566 4429 ἢ
2619 4355 2954 4428 comma,
3030 4363 3102 4416 De
3182 4363 3524 4418 divinatione
3580 4378 3648 4417 ex
3702 4363 3844 4416 ovis:

2191 4451 2458 4506 versibus
2487 4449 2772 4517 heroicis;
2835 4449 3269 4521 Καταζωστικόν,
3321 4453 3614 4522 Hymnos;
3664 4451 3835 4520 Cory-

2195 4542 2474 4620 banticum
2505 4547 2556 4594 et
2587 4539 2837 4609 Physica,
2869 4558 3000 4612 quae
3028 4543 3295 4597 Brontini
3327 4558 3457 4598 esse
3499 4541 3724 4598 dicunt.

435 4632 518 4688 isa
547 4636 614 4686 ut
643 4639 748 4702 pro
781 4629 1058 4686 omnibus
1095 4630 1362 4686 versibus
1417 4629 1618 4702 viginti
1665 4629 1856 4685 millia
1891 4631 2081 4685 nomi-
2120 4616 2163 4681 Ι)
2265 4616 2555 4700 Orpheus,
2582 4630 2886 4699 Ciconeus,
2917 4631 3008 4686 vel
3031 4633 3210 4687 Arcas
3241 4648 3312 4686 ex
3369 4630 3614 4686 Bisaltia
3657 4629 3838 4684 Thra-

439 4728 695 4779 smatum
725 4722 1040 4793 acciperet.

504 4810 897 4887 Ὀψαρτυτική,
930 4826 1026 4866 ars
1043 4809 1805 4877 culinaria.'Artemidorus,
1830 4809 2079 4881 pseudo-

439 4901 919 4974 Aristophanius,
951 4914 1124 4956 voces
1141 4901 1225 4956 ad
1255 4905 1444 4956 artem
1481 4900 1841 4956 culinariam
1899 4900 2084 4971 perti-

439 4995 655 5046 nentes
685 4987 944 5062 collegit.

506 5078 733 5152 Ὀργᾷν.
781 5076 1147 5144 ‘Herodotus,
1223 5076 1602 5147 conspicatus
1681 5075 2088 5149 Thucydidem

443 5168 611 5240 quasi
672 5167 964 5222 instinctu
1020 5164 1279 5236 quodam
1335 5165 1605 5220 Numinis
1643 5164 2090 5238 lacrymantem

441 5260 600 5332 (cum
633 5256 995 5312 Herodotum
1025 5255 1306 5310 historias
1339 5269 1477 5310 suas
1527 5253 1842 5326 legentem,
1890 5254 2093 5311 audis-

427 5353 574 5417 set),
609 5347 683 5404 ad
736 5353 966 5419 patrem
1023 5343 1382 5416 Thucydidis
1437 5343 1622 5399 dixit:
1669 5345 1988 5399 «Beatum
2035 5349 2091 5398 te

251 5479 258 5482 η
305 5493 340 5496 Α,
443 5439 838 5508 duco,‘Olore,
871 5435 1109 5508 Optimae
1143 5434 1327 5505 prolis
1349 5430 1761 5489 causaJFilius
1783 5433 1941 5487 enim
1959 5439 2094 5489 tuus

341 5553 344 5556 θ
373 5528 390 5562 ’-
419 5529 714 5585 ·θ.ιιὶωιιιιι
737 5527 939 5594 habet,
969 5521 1810 5596 disciplinarumcupidum.»

439 5675 442 5680 _
469 5605 480 5647 ί
495 5614 1226 5688 “-Οι·ἰί)ἃείιι8,’“8ῠ.ι⁴άὶδ,ῐιιιε,”
1249 5609 1563 5669 familiaris
1587 5613 1828 5669 amicus
1861 5610 2096 5669 :lullani

433 5706 770 5777 Putabam,
795 5715 980 5780 ~a-‘qu‘o
1011 5705 1526 5776 .GPol-is'quastOr
1576 5709 1668 5760 est
1713 5703 2092 5760 constitutus.

2195 4719 2340 4786 cica,
2374 4723 2546 4790 poeta
2576 4719 2793 4790 epicus.
2818 4719 2950 4773 Fuit
2967 4725 3025 4774 et
3040 4719 3136 4774 hic
3155 4725 3294 4775 ante
3324 4721 3663 4781 Homerum,
3689 4718 3838 4774 dua-

2194 4807 2306 4864 bus
2337 4807 2614 4863 aatatibus
2641 4807 2890 4879 Trojano
2922 4807 3081 4864 bello
3112 4809 3434 4881 antiquior.
3469 4807 3840 4880 ScripsitFa-

2197 4897 2371 4965 bulas,
2402 4899 2852 4968 Epigrammata,
2867 4897 3127 4965 Hymnos.

2269 4988 2557 5060 Orpheus,
2590 4987 2893 5058 Odrysius,
2922 4993 3098 5058 poeta
3143 4989 3368 5059 epicus,
3419 5004 3596 5059 quem
3645 4991 3840 5042 tamen

2199 5077 2513 5149 Dionysius
2537 5093 2614 5132 ne
2645 5078 2937 5132 exstitisse
2967 5077 3212 5148 quidem
3242 5076 3405 5134 dicit.
3439 5077 3836 5132 Nihilominus

2199 5171 2475 5238 poemata
2506 5165 2780 5237 quasdam
2813 5166 2866 5222 ei
2897 5164 3254 5222 tribuuntur.

2271 5254 2676 5326 Orpheus,Cro
2685 5256 3136 5326 toniates,poeta
3150 5256 3374 5329 epicus.
3392 5273 3569 5327 quem
3584 5254 3845 5310 Pisistra-

2201 5350 2260 5400 to
2306 5349 2556 5415 tyranno
2615 5343 2972 5400 familiarem
3021 5343 3206 5402 fuisse
3264 5344 3648 5417 Asclepiades
3693 5344 3839 5399 libro

2205 5434 2733 5490 Grammaticorum
2765 5438 2932 5517 sexto
2964 5431 3439 5506 tradit.-Scripsit
3471 5430 3844 5506 Δεκαπηρίαν,

2202 5523 2572 5595 Argonautica
2600 5528 2659 5578 et
2685 5522 3127 5594 aliaquaadam.

2275 5615 2565 5686 Orpheus,
2595 5611 3020 5680 Camarinaeus,
3041 5619 3221 5686 :poeta
3243 5613 3469 5687 epicus.
3503 5615 3684 5686 cujus
3727 5629 3839 5670 esse

2190 5701 2412 5759 dicunt
2437 5705 2761 5760 Descenswm
2789 5701 2860 5757 ad
2895 5704 3128 5773 Inferos.
