4064 6214
428 333 580 393 1311

1717 329 1973 399 INDEX
2013 327 2522 391 SCRIPTORUM

3702 320 3876 380 1312

424 467 776 538 ponderum.
809 465 1089 520 Poemata
1117 463 1248 534 ejus
1268 463 1729 536 Agamemnonis
1751 463 1972 534 posteri
2005 479 2075 518 ex
2101 465 2148 532 Λ
2186 462 2410 518 Deinde
2463 459 2670 527 invidi,
2729 457 3155 530 persuadentes
3198 454 3418 511 Zenoni
3477 469 3548 509 ac
3603 453 3863 507 Ver-ina

424 555 648 610 invidia
679 553 1088 616 aboleverunt,
1129 553 1419 608 Existimo
1473 557 1533 608 et
1573 558 1808 624 poetam
1863 553 2072 606 Home-

425 659 580 705 rum,
613 641 771 712 quod
812 641 1020 696 eadem
1073 639 1298 695 invidia
1328 639 1645 702 laboraret,
1679 639 1912 694 nullam
1945 639 2076 710 ejus

428 730 792 784 mentionem
814 729 1048 784 fecisse.
1072 728 1345 783 Carmina
1374 727 1700 784 Palamedis
1723 732 1964 799 propter
1985 727 2078 781 in-

427 819 642 873 vidiam
675 817 746 872 ab
776 819 1027 872 Homero
1059 816 1279 872 abolita
1301 823 1460 882 sunt,
1493 819 1605 872 etc.

497 906 818 969 Palladius,
836 904 1133 960 Palamedi
1158 906 1242 970 F.,
1259 905 1641 972 Methonaeus,
1665 904 1950 975 sOphista,
1976 902 2077 972 qui

424 997 568 1052 vixit
597 995 704 1051 sub
739 996 1124 1050 Constantino
1153 995 1292 1066 imp.
1331 993 1577 1066 Scripsit
1604 1017 1632 1044 «
1667 996 1746 1049 De
1773 996 2074 1049 Romano-

424 1108 452 1136 «
489 1103 621 1140 rum
651 1085 840 1148 festis,
874 1084 1350 1156 Disputationes;
1383 1083 1692 1138 Orationes
1725 1081 1984 1147 diversas,
2017 1086 2078 1134 ut

425 1197 452 1224 ‹‹
487 1173 913 1245 Olympiacam,
947 1173 1390 1244 Panegyricam,
1421 1170 1760 1227 Judiciales.

500 1263 825 1334 Pamphile,
873 1261 1211 1332 Epidauria,
1265 1261 1522 1331 sapiens,
1581 1260 1703 1315 filia
1760 1256 2064 1322 Soteridis,

429 1352 600 1422 cujus
632 1369 760 1406 esse
809 1351 1089 1406 dicuntur
1143 1349 1579 1416 commentarii,
1611 1349 1712 1419 qui
1753 1346 2076 1418 Pamphilas

429 1441 673 1496 nomine
704 1441 976 1494 feruntur
999 1444 1303 1502 (utauctor
1329 1445 1418 1493 est
1439 1437 1756 1509 Dionysius
1781 1437 1934 1490 libro
1967 1453 2077 1489 xxx

431 1530 702 1583 Historias
724 1529 1007 1597 musica),
1032 1528 1120 1582 vel
1147 1527 1486 1594 Socratidis,
1515 1526 1712 1582 mariti
1735 1527 1885 1597 ejus.
1922 1525 2074 1578 Scri-

427 1618 546 1688 psit
595 1639 623 1666 «
684 1617 1155 1671 Commentarios
1212 1616 1526 1670 historicos
1582 1615 1750 1669 libris
1802 1613 2076 1677 XXXIII;

423 1728 449 1754 ‹‹
484 1705 793 1776 Epitomen
823 1705 1028 1760 Clesiai
1053 1705 1222 1760 libris
1257 1706 1330 1759 Ill
1359 1722 1374 1770 ;
1436 1704 1736 1774 Epitomas
1793 1702 2071 1756 historia-

2185 551 2345 622 quod
2377 567 2512 606 cum
2545 548 2696 604 Hillo
2729 548 3152 602 vaticinaretur
3182 545 3461 600 adversus
3513 543 3874 614 imperato-

2185 657 2332 707 rem,
2365 641 2691 694 effecerunt
2720 644 2786 692 ut
2831 637 3214 708 relegaretur.
3271 635 3416 688 Hinc
3473 634 3866 704 Pergamum

2186 731 2382 802 Mysiae
2413 730 2590 796 venit,
2623 745 2759 784 mox
2787 727 2860 782 ad
2889 727 3110 782 Hillum
3161 724 3223 779 in
3273 723 3564 778 Isauriam
3599 739 3872 778 revoca-

2185 829 2300 888 tur,
2343 826 2454 877 etc.
2491 821 2678 876 Hillus
2731 820 2842 874 iste
2873 835 3009 874 cum
3039 822 3198 872 esset
3235 815 3574 870 litterarum
3607 829 3866 880 amans,

2183 910 2683 966 volebatvirorum
2695 907 3062 964 eruditorum
3075 905 3149 961 de
3163 905 3350 960 anima
3371 903 3576 974 discep
3587 904 3873 957 tationes

2185 1000 2391 1056 audire
2421 1017 2434 1055 :
2468 1014 2723 1070 cumque
2755 1013 2826 1052 ex
2863 995 3190 1051 multorum
3221 993 3322 1064 qui
3354 991 3630 1060 aderant,
3666 991 3870 1046 variis

2185 1087 2692 1160 disputationibus
2711 1092 2769 1141 et
2789 1084 3065 1141 dissensu
3077 1083 3410 1139 orationem
3424 1081 3538 1136 sibi
3561 1097 3694 1136 non
3721 1097 3868 1135 con-

2185 1181 2342 1232 stare
2375 1180 2708 1247 appareret,
2737 1176 2981 1243 Marsus,
3013 1170 3422 1246 grammatista
3453 1169 3580 1224 sive
3612 1169 3865 1223 littera-

2185 1271 2298 1330 tor,
2324 1281 2392 1320 ex
2414 1266 2573 1319 Pane
2596 1264 2822 1336 Egypti
2855 1262 3166 1328 oriundus,
3191 1260 3524 1315 orationem
3547 1258 3627 1312 de
3651 1259 3866 1313 anima

2184 1354 2285 1409 diu
2345 1354 2692 1409 meditatam
2752 1353 3055 1424 eleganter
3100 1349 3408 1414 recitavit,
3441 1353 3503 1403 et
3550 1349 3860 1418 quoniam

2187 1444 2432 1516 ignarus
2465 1443 2622 1496 inter
2654 1442 2911 1514 ignaros,
2944 1445 3011 1495 ut
3040 1440 3204 1495 Plato
3237 1438 3405 1507 dixit,
3436 1437 3688 1492 facilius
3713 1454 3860 1508 per-

2186 1533 2434 1589 suadere
2463 1538 2657 1604 potest
2694 1548 2870 1602 quam
2905 1529 3133 1596 doctus,
3167 1529 3338 1584 Marsi
3386 1527 3726 1582 artiﬁciosa
3761 1528 3850 1581 lo-

2185 1623 2482 1694 quacitate
2495 1621 2778 1692 deceptus
2793 1619 2984 1674 Hillus
3007 1635 3140 1674 eum
3155 1616 3541 1674 eruditiorem
3554 1615 3857 1671 omnibus

2183 1711 2436 1767 CPoleos
2475 1710 2817 1766 doctoribus
2847 1725 2976 1764 esse
3007 1707 3381 1774 existimavit,
3416 1711 3475 1761 et
3518 1705 3721 1760 multa
3761 1721 3862 1777 pe-

427 1814 456 1843 ε(
491 1809 642 1885 rum‘,
676 1793 1051 1863 aliorumque
1082 1793 1372 1848 librorum
1405 1792 1915 1863 quamplurimas;
1949 1793 2075 1862 Περὶ
2111 1821 2154 1885 Β
2184 1801 2360 1856 cuuis,
2387 1817 2457 1855 ex
2501 1799 2738 1871 publico
2799 1799 2912 1870 ipsi
2971 1797 3212 1866 tributa,
3259 1793 3386 1855 τοὺς
3445 1797 3770 1854 oet-cantu
3807 1792 3862 1854 ἐς

429 1875 915 1957 ἀμφισϐητήσεων,
955 1884 1032 1936 De
1069 1884 1458 1949 controversis;
1490 1883 1565 1936 De
1591 1897 1651 1936 re
1707 1882 1950 1935 Venerea
1980 1897 1998 1939 .'
2024 1883 2083 1932 et

428 1970 566 2024 aliis
597 1969 822 2026 multis.

503 2061 866 2132 Pamphilus,
887 2061 1312 2132 Amphipolita,
1335 2061 1426 2116 vel
1447 2061 1778 2132 Sicyonius,
1802 2059 1892 2114 vel
1913 2059 2079 2114 Nico-

429 2151 634 2221 polita.
694 2150 1082 2221 philosophus
1136 2156 1528 2223 cognomento
1589 2147 2077 2222 Φιλοπράγματος.

427 2239 676 2310 Scripsit
699 2241 972 2308 Imagines
1003 2238 1348 2310 [herbarum
1380 2238 1521 2310 (h5)]
1553 2237 1764 2293 ordine
1794 2234 2078 2307 alphabe—

427 2329 540 2383 tico
569 2353 582 2395 ;
624 2330 855 2382 «Artem
901 2329 1379 2399 grammaticam;
1424 2329 1504 2382 De
1535 2327 1766 2398 pictura
1797 2330 1856 2380 et
1885 2325 2074 2396 picto-

425 2439 455 2466 «
488 2416 655 2472 ribus
685 2416 1060 2484 illustribus;
1097 2417 1178 2472 De
1210 2434 1272 2471 re
1304 2416 1526 2471 rustica
1555 2415 1738 2470 libros
1768 2414 1864 2470 III.

499 2505 870 2577 Pamphilus,
899 2506 1343 2578 grammaticus,
1376 2505 1807 2571 Aristarcheus,
1842 2500 2081 2573 scripsit

425 2596 656 2648 Pratum
681 2595 800 2648 sive
829 2595 1124 2649 variarum
1155 2611 1356 2649 rerum
1385 2594 1795 2661 Collectanea;
1833 2593 1904 2646 De
1933 2591 2076 2660 glos-

425 2684 499 2736 sis
519 2684 630 2736 sive
658 2682 936 2737 vocabulis
962 2682 1126 2737 libros
1155 2685 1321 2750 XCV,
1353 2699 1387 2738 a
1408 2683 1606 2738 littera
1631 2683 1888 2754 Ejusque
1916 2679 1990 2735 ad
2011 2684 2074 2733 Ω.

426 2771 570 2824 Nam
601 2769 673 2824 ab
707 2770 752 2823 A
782 2786 970 2840 usque
1014 2769 1088 2824 ad
1119 2776 1155 2822 Δ
1185 2771 1476 2841 Zopyrion
1529 2774 1980 2841 composuerat;
2011 2769 2076 2821 1n

427 2859 695 2913 Nicandri
715 2858 834 2913 loca
858 2860 926 2913 ab
957 2859 1082 2914 aliis
1122 2861 1419 2929 explicata,
1480 2865 1538 2914 et
1596 2876 1726 2930 quia
1786 2863 2076 2913 vocantur

427 2943 658 3021 Ὀφιάκὰ
688 2948 792 3016 (96)
827 2947 947 3001 sive
977 2949 1054 3001 De
1081 2948 1460 3018 serpentibus;
1503 2949 1693 3003 Artem
1741 2949 1992 3002 criticam
2019 2951 2078 3000 et

427 3035 546 3090 alia
575 3034 748 3106 plura
776 3035 1182 3108 grammatica.

499 3125 879 3197 Pamphylus,
910 3125 1012 3196 qui
1041 3126 1105 3180 in
1160 3127 1442 3182 conviviis
1480 3143 1684 3182 versus
1713 3141 1948 3197 semper
1977 3124 2070 3180 lo-

423 3212 735 3284 quebatur,
760 3219 825 3269 ut
852 3214 1032 3270 refert
1061 3215 1379 3272 Athedaaus
1402 3216 1465 3271 in
1497 3215 1861 3288 Dipnosoph.
1893 3215 1996 3269 lib.
2030 3231 2067 3284 ι,

426 3319 558 3375 pag.
585 3305 641 3358 4.

496 3392 863 3464 Pamphilus,
896 3393 1254 3468 demagogus
1283 3395 1552 3465 Athenis,
1587 3399 1698 3450 etc.

497 3481 829 3553 Pamprius,
862 3484 963 3553 qui
1010 3484 1169 3555 apud
1222 3487 1517 3540 Zenonem
1572 3483 1767 3556 (imp.)
1816 3482 2071 3538 multum

422 3571 638 3641 potuit,
678 3577 853 3626 natus
909 3573 1144 3638 Thebis,
1204 3573 1348 3630 urbe
1404 3576 1652 3646 Egypti,
1702 3573 1939 3645 ingenio
1997 3571 2072 3627 ad

425 3659 628 3714 omnia
656 3665 792 3729 apto
851 3661 1156 3730 praeditus,
1199 3669 1372 3732 poeta
1401 3670 1459 3717 et
1487 3663 1561 3718 ad
1591 3663 1820 3732 poesim
1877 3667 2072 3732 aptus,

427 3763 566 3800 cum
600 3747 852 3802 Athenas
870 3749 1148 3818 venisset,
1171 3767 1205 3805 a
1235 3751 1466 3806 civitate
1483 3751 1747 3805 delectus
1775 3767 2074 3823 gramma-

426 3835 598 3901 ticus,
643 3835 864 3891 multos
895 3837 974 3890 ibi
1007 3837 1208 3893 docuit
1236 3855 1444 3895 annos.
1478 3839 1781 3909 Simulque
1808 3838 1914 3892 sub
1948 3854 2074 3893 ma-

429 3939 543 3992 gno
574 3923 781 3978 Proclo
814 3924 1080 3981 eruditus
1111 3932 1199 3981 est
1227 3926 1288 3981 in
1321 3927 1596 3982 omnibus
1625 3926 1948 3982 recondita)
1983 3943 2076 3982 sa-

430 4011 670 4083 pientiaa
687 4013 974 4083 partibus.
996 4015 1143 4070 Hinc
1173 4015 1323 4070 nulli
1347 4014 1642 4071 secundus
1662 4015 1844 4070 videri
1868 4015 2074 4070 volens

431 4117 568 4155 cum
591 4101 868 4157 omnibus
890 4103 1282 4175 philosophis,
1302 4110 1544 4176 excepto
1563 4104 1787 4170 Proclo,
1823 4110 2074 4160 conten-

431 4190 626 4256 debat,
663 4191 1040 4248 Plutarchum
1071 4194 1269 4258 etiam,
1305 4195 1486 4264 Hiegrii
1508 4197 1590 4262 F.,
1624 4196 2074 4263 Atheniensem,

430 4284 489 4334 et
523 4281 844 4351 Hermiam,
894 4282 1384 4351 Alexandrinum,
1415 4285 1735 4353 rhetorem,
1791 4284 2075 4340 doctrinm

428 4369 618 4442 gloria
647 4387 927 4442 superare
957 4372 1250 4429 studebat.
1284 4374 1427 4427 Cum
1457 4380 1657 4428 autem
1683 4390 1718 4428 a
1745 4374 2078 4428 calumnia-

431 4459 659 4514 toribus
681 4460 838 4532 apud
853 4461 1422 4534 Theagenem,illius
1443 4461 1557 4517 loci
1588 4463 1795 4532 civem,
1821 4461 2075 4529 delatus,

2194 1892 2440 1961 μουσεῖα,
2471 1888 2586 1942 κατ’
2639 1886 2876 1962 ἐκλογήν
2935 1883 3182 1945 ἒκὲλευςε
3236 1880 3532 1950 παιδεύειν,
3564 1900 3696 1947 eos,
3756 1885 3864 1955 qui

2191 1981 2425 2037 scholas
2445 1980 2916 2050 frequentarent,
2949 1993 3086 2032 cum
3117 1975 3351 2031 delectu
3381 1973 3600 2029 docere
3640 1974 3858 2044 jussit.

2261 2070 2392 2125 Πάν.
2415 2071 2498 2124 Ex
2528 2068 2748 2140 Esopi,
2781 2071 3144 2140 anagnostae,
3176 2064 3328 2120 libro
3358 2063 3430 2118 de
3464 2062 3717 2130 llelena,
3753 2079 3860 2116 su-

2189 2177 2298 2232 pra
2326 2160 2388 2214 in
2421 2157 2624 2231 Ἰχθῦς.

2260 2267 2575 2332 Pana-tius,
2601 2263 2885 2330 Rhodius,
2912 2261 3140 2328 Senior,
3160 2260 3554 2332 philosophus
3585 2259 3861 2315 celeber-

2187 2357 2397 2424 rimus,
2429 2355 2598 2426 cujus
2628 2353 2871 2426 plurimi
2904 2350 3041 2406 libri
3072 2349 3466 2422 philosophici
3521 2348 3857 2403 circumfe-

2188 2451 2422 2501 runtur.

2259 2553 2578 2618 Panaetius,
2631 2552 2858 2617 Iunior,
2891 2550 3174 2620 Nicagora
3207 2549 3292 2613 F.,
3326 2545 3617 2612 Rhodius,
3654 2546 3852 2616 philo-

2187 2646 2410 2719 SOphus
2449 2644 2699 2707 Stoicus,
2735 2640 3011 2713 Diogenis
3057 2636 3386 2709 discipulus
3418 2641 3476 2690 et
3505 2641 3853 2706 praeceptor

2185 2735 2480 2806 Scipionis
2516 2730 2794 2796 Africani,
2847 2733 2984 2800 post
3032 2726 3366 2798 Polybium,
3398 2724 3846 2796 Megapolitam.

2185 2825 2343 2880 Obiit
2378 2823 2648 2879 Athenis.

2255 2929 2624 2996 Pancratius,
2657 2927 2945 2999 sophista,
2976 2926 3214 2998 scripsit
3243 2924 3750 2982 commentarium
3785 2923 3850 2978 in

2185 3019 2502 3076 Minuciani
2533 3024 2722 3074 artem
2748 3018 3127 3074 rhetoricam.

2255 3109 2622 3165 Pancratius.
2653 3107 2837 3179 Hujus
2853 3107 3127 3162 feruntur
3145 3104 3516 3178 Opsartytica
3532 3105 3596 3159 in
3617 3104 3844 3176 quibus

2182 3199 2375 3254 varios
2405 3197 2549 3253 artis
2580 3197 2885 3253 culinaria
2934 3196 3140 3252 modos
3171 3195 3369 3250 tradit.
3419 3195 3653 3249 Floruit
3687 3199 3848 3249 tem-

2174 3304 2317 3360 pore
2348 3286 2558 3342 Leonis
2589 3285 2876 3349 Senioris,
2907 3301 3098 3356 usque
3127 3283 3201 3338 ad
3231 3285 3550 3338 Zenonem.

2250 3370 2666 3434 Πανδελετείους
2723 3373 2977 3446 γνώμας.
3033 3370 3391 3427 Pandeletus
3461 3370 3840 3442 sycophanta

2172 3465 2306 3530 fuit,
2337 3464 2533 3518 litium
2565 3479 2794 3527 amans,
2829 3461 3106 3533 idemque
3139 3460 3506 3532 sophismata
3537 3459 3839 3515 scribebat

2176 3560 2236 3610 et
2263 3569 2419 3608 unus
2450 3557 2577 3608 erat
2606 3569 2676 3606 ex
2707 3551 2850 3616 illis,
2885 3551 2985 3622 qui
3017 3551 3176 3606 circa
3198 3549 3426 3620 judicia
3457 3549 3670 3604 crebro
3703 3565 3832 3602 ver-

2177 3643 2478 3698 sabantur.
2515 3641 2781 3696 Meminit
2803 3640 2932 3711 ejus
2957 3640 3243 3696 .Cratinus
3284 3639 3346 3692 in
3378 3637 3764 3692 Chironibus.

2247 3729 2586 3797 Panolbius,
2610 3735 2803 3801 poeta.
2829 3727 3076 3799 Scripsit
3104 3727 3369 3782 diversa:
3393 3726 3556 3781 velut
3583 3741 3832 3782 carmen

2175 3822 2257 3876 Ad
2283 3821 2606 3886 Etherium,
2642 3818 2847 3874 morbo
2898 3817 3242 3872 defunctum
3271 3834 3286 3882 ;
3320 3817 3412 3872 Ad
3451 3815 3822 3884 Erythrium;

2173 3911 2266 3964 Ad
2292 3909 2646 3974 Dorotheum,
2705 3906 3020 3978 prassidem
3066 3910 3125 3960 et
3152 3904 3452 3969 comitem,
3485 3907 3542 3958 in
3580 3903 3834 3973 Aphtho-

2174 4001 2353 4064 nium,
2411 3997 2726 4064 comitem;
2784 3995 3144 4066 Epitaphium
3201 3995 3460 4064 Hypatiz
3489 4034 3502 4060 ,
3561 3991 3830 4062 Erythrii

2177 4087 2340 4143 filim.

2178 4198 2357 4248 Πάντα
2387 4191 2552 4248 ὀκτώ.
2598 4193 2797 4248 Aiunt.
2832 4190 3192 4246 Stesicorum
3222 4189 3460 4244 Catanes
3523 4186 3838 4258 splendide

2179 4285 2477 4356 sepultum
2507 4284 2690 4338 fuisse
2722 4281 2797 4337 ad
2827 4286 3048 4353 portas,
3083 4297 3215 4350 quae
3240 4279 3313 4334 ab
3345 4295 3413 4333 eo
3445 4277 3836 4333 Stesichoreze

2176 4380 2479 4444 vocantur,
2502 4375 2627 4446 ipso
2647 4376 3037 4427 monumento
3057 4374 3186 4424 octo
3218 4368 3527 4424 columnas
3550 4366 3834 4422 habente.

2180 4471 2310 4523 octo
2343 4467 2487 4521 item
2543 4464 2761 4537 gradus
2792 4467 2850 4517 et
2899 4460 3149 4533 angulos
3181 4465 3335 4514 octo.
3395 4458 3511 4513 Alii
3565 4457 3833 4524 tradunt,

430 4553 489 4602 et
515 4549 748 4618 gravius
805 4566 982 4620 quam
1041 4551 1388 4624 magistrum
1438 4551 1695 4621 deceret,
1749 4551 2076 4624 exagitatus
2105 4536 2152 4601 Ι)
2185 4557 2434 4622 Aletem,
2466 4536 2601 4610 cum
2632 4555 2966 4610 Corinthios
3015 4554 3077 4608 in
3126 4569 3310 4610 unam
3351 4552 3654 4608 civitatem
3704 4568 3834 4607 ora-

425 4637 654 4702 fuisset,
691 4639 1028 4710 Byzantium
1047 4640 1208 4695 venit
1231 4656 1244 4696 :
1263 4639 1365 4694 ubi
1391 4639 1453 4695 in
1471 4640 1614 4695 urbe
1639 4641 1700 4694 in
1715 4657 1833 4711 qua
1861 4655 2071 4695 omnes

423 4725 740 4782 Christiani
768 4734 985 4792 essent,
1019 4729 1218 4784 Grasca
1255 4745 1362 4784 sua
1405 4729 1714 4802 religione,
1743 4746 1920 4800 quam
1951 4746 2072 4784 non

425 4813 782 4884 dissimulat,
814 4817 1156 4888 opinionem
1213 4817 1413 4873 attulit
1465 4817 1830 4888 nominibus,
1865 4835 1927 4873 se
1957 4818 2074 4873 alia

428 4921 663 4974 quoque
695 4921 914 4962 arcana
945 4907 1215 4978 (magica)
1264 4907 1535 4963 doctrina
1565 4924 1692 4963 esse
1733 4908 2069 4979 praeditum.

429 4993 632 5061 Itaque
662 4991 828 5048 Illius
869 5010 1004 5048 eum
1070 5011 1282 5065 poema
1339 4995 1637 5066 quoddam
1695 4997 2070 5065 recitantem,

430 5097 564 5136 cum
593 5083 874 5147 audisset,
899 5085 1384 5140 commendatum
1406 5085 1517 5140 sibi
1544 5085 1752 5140 habuit
1773 5092 1830 5140 et
1855 5087 2075 5158 stipen-

427 5169 592 5226 dium
623 5171 738 5244 ipsi
767 5172 932 5228 dedit
961 5174 1178 5245 partim
1203 5174 1274 5230 de
1305 5189 1434 5242 suo,
1466 5175 1683 5246 partim
1715 5174 1785 5231 de
1810 5176 2069 5248 publico.

497 5350 606 5418 (95)
633 5351 769 5406 Voc.
787 5350 1081 5404 herbarum
1106 5349 1373 5404 additum
1397 5353 1484 5403 est
1513 5349 1584 5404 de
1615 5349 1910 5405 Lambecii
1934 5367 2074 5405 con-

418 5420 674 5492 jectura,
709 5426 770 5477 at
797 5421 1015 5484 fallaci,
1033 5421 1261 5492 utijam
1294 5437 1474 5492 supra
1491 5423 1778 5476 adnotare
1802 5421 2070 5476 memini.

426 5495 618 5564 Atque
649 5495 934 5549 Kusterus
967 5493 1028 5548 in
1058 5498 1184 5547 not.
1217 5496 1247 5546 7
1279 5497 1336 5546 et
1363 5493 1570 5564 8,7tom
1615 5494 1712 5560 III,
1743 5510 1800 5564 p.
1837 5495 1919 5560 14,
1939 5508 2071 5563 pro-

425 5563 726 5635 babilibus
740 5565 1060 5626 existimat,
1075 5579 1221 5635 opus
1243 5563 1534 5634 Pamphili
1555 5565 1626 5619 De
1650 5563 1896 5619 iconibus
1912 5565 2074 5635 ejus-

422 5634 559 5690 dem
608 5636 794 5694 fuisse
851 5634 1204 5710 argumenti,
1263 5635 1332 5690 de
1360 5652 1477 5708 quo
1509 5635 1712 5708 scripti
1770 5641 1911 5691 sunt
1949 5634 2071 5690 duo

2180 4646 2313 4702 culo
2335 4646 2541 4716 jussus
2589 4643 2899 4716 coegisset,
2933 4643 3088 4698 cives
3119 4643 3182 4698 in
3214 4647 3346 4698 octo
3398 4640 3611 4708 tribus,
3643 4647 3704 4695 et
3733 4659 3833 4697 ur-

2179 4735 2314 4791 bem
2345 4735 2405 4789 in
2436 4739 2568 4789 octo
2600 4738 2797 4805 partes
2827 4731 3222 4788 distribuisse.

2253 4823 2554 4896 Panyasis,
2576 4822 2887 4895 Polyarchi
2905 4823 2992 4888 F.,
3013 4821 3520 4888 Halicarnasseus,
3537 4819 3836 4893 prodigio-

2180 4930 2312 4968 rum
2341 4913 2634 4984 interpres
2660 4918 2719 4967 et
2763 4916 2938 4984 poeta
2963 4911 3194 4982 epicus,
3231 4910 3335 4980 qui
3364 4910 3574 4981 poesin
3608 4911 3835 4965 exstin-

2181 5007 2335 5058 ctam
2358 5001 2420 5055 in
2451 5017 2624 5056 usum
2653 5000 2967 5056 revocavit-
3001 4998 3176 5054 Duris
3209 4997 3470 5054 Samium
3497 4997 3684 5053 fuisse
3713 5005 3834 5054 tra-

2183 5090 2310 5157 dit,
2370 5089 2587 5144 Dioclis
2642 5088 2872 5155 filium;
2930 5087 3260 5142 Herodotus
3318 5093 3547 5158 patrem
3609 5087 3834 5145 habuit.

2179 5179 2297 5236 Alii
2319 5194 2437 5233 non
2471 5178 2711 5250 Lyxum,
2740 5177 3056 5233 Aerododti
3080 5181 3351 5249 patrum;
3375 5176 3480 5231 sed
3510 5176 3833 5248 Dryonem,

2183 5345 2522 5402 Philostrati
2557 5343 2686 5418 Περὶ
2713 5341 2940 5398 εἰκόνων
2977 5343 3137 5412 libri,
3171 5344 3347 5400 hodie
3377 5343 3573 5400 adhuc
3605 5351 3837 5401 exstan-

2184 5419 2586 5560 telbgg‘i‘c‘ex
2615 5485 3318 5564 emendationeKusteri,
3352 5493 3495 5546 tom.
3521 5490 3621 5558 III,
3653 5508 3713 5564 p.
3753 5493 3838 5560 15,

2183 5565 2307 5616 not.
2338 5558 2388 5630 l,
2421 5577 2528 5632 pro
2557 5558 2790 5632 vulgata
2822 5559 2958 5615 lect.
2992 5562 3216 5616 "0mm.
3259 5560 3433 5614 Hum.
