4070 6196
380 397 537 463 1313

1713 402 1815 462 DE
1858 401 2143 474 OUIBUS
2186 403 2493 465 SUIDAS.

3639 412 3796 473 1314

384 534 663 591 Herodoti
696 536 1322 609 matrem,Panyasidis
1343 535 1511 592 aiunt
1541 553 1804 592 sororem
1833 536 2035 593 fuisse.
2069 539 2120 605 Α
2152 540 2366 609 Elegias
2408 540 2466 593 in
2522 542 2779 596 Venerem
2802 558 2819 595 .·
2878 542 3089 608 Aretes,
3164 546 3375 608 uxoris,
3433 548 3739 616 epicedium
3768 566 3789 612 ;

381 625 667 697 Panyasis
697 630 872 680 natus
904 631 994 680 est
1018 626 1365 697 Olympiade
1387 627 1674 682 LXXVIII.
1700 626 2037 681 Secundum

376 712 529 769 alios
560 715 863 786 antiquior
908 714 1017 770 fuit
1058 721 1115 770 et
1146 722 1413 787 tempore
1446 715 1588 770 belli
1620 716 1842 771 Persici
1873 716 2034 783 vixit,

381 804 615 859 occisus
645 821 678 860 a
711 804 1087 876 Lygdamide,
1119 806 1293 861 tertio
1336 806 1733 861 Halicarnassi
1760 810 2032 876 tyranno.

376 896 537 949 Inter
567 899 770 965 poetas
794 895 943 949 alter
958 895 1007 949 ei
1028 901 1162 967 post
1187 897 1505 951 Homerum
1537 896 1703 950 locus
1735 895 2032 949 tribuitur:

380 984 708 1039 secundum
737 984 886 1039 alios
917 1002 1055 1039 vero
1087 990 1221 1057 post
1251 985 1568 1040 Hesiodum
1587 984 1765 1039 etiam
1800 983 2031 1038 etAnti-

374 1073 673 1128 machum.
735 1074 985 1145 Scripsit
1032 1069 1419 1146 ’Πρακλειάδα.
1482 1076 1559 1127 De
1630 1074 1790 1127 rebus
1868 1075 2033 1141 gestis

379 1162 626 1218 Herculis
649 1163 815 1218 libros
844 1166 996 1231 XIV,
1024 1163 1291 1219 versibus
1338 1163 1576 1217 circiter
1603 1163 1762 1216 9000.
1798 1160 2027 1231 Ἰωνικὰ,

373 1255 451 1308 De
482 1253 655 1308 Codro
681 1259 732 1308 et
760 1255 944 1321 Nelea,
970 1255 1316 1322 coloniisque
1345 1254 1567 1317 Ionicis,
1590 1252 1852 1307 carmine
1883 1267 2027 1322 pen-

371 1347 642 1409 tametro,
673 1343 942 1398 versibus
960 1343 1196 1397 circiter
1225 1343 1384 1397 7000.

441 1432 831 1503 Paphnutius,
866 1432 1033 1488 urbis
1077 1432 1384 1503 cujusdam
1439 1431 1500 1486 in
1558 1430 1849 1501 superiori
1878 1431 2028 1485 The—

369 1521 546 1577 baide
577 1524 1005 1596 episcopus,vir
1034 1526 1150 1579 Deo
1182 1526 1482 1589 charus,et
1500 1523 1804 1578 miraculis
1834 1522 2023 1594 incly-

373 1616 486 1667 tus.
510 1612 652 1666 Huic
666 1613 1099 1683 persecutionis
1124 1618 1386 1683 tempore
1400 1611 1606 1667 oculus
1628 1612 1878 1666 effossus
1889 1611 2021 1679 fuit,

373 1716 549 1769 quem
574 1701 1375 1772 imperator(Constantinus)
1406 1701 2025 1772 frequenterarcesse-

366 1788 485 1858 bat,
522 1790 883 1862 oculumque
944 1792 1071 1864 ejus
1119 1791 1593 1847 deosculabatur.
1638 1792 1781 1847 Cum
1821 1796 2019 1846 autem

2149 633 2341 685 Aretes
2372 632 2675 685 encomium
2707 631 2881 685 tribus
2913 633 3085 699 libris,
3120 637 3179 688 et
3233 634 3351 689 alia
3413 636 3620 693 multa.
3653 638 3789 694 Vide

2148 720 2379 773 Kusteri
2408 726 2611 774 notam
2645 722 2698 786 3,
2728 726 2871 777 tom.
2932 722 3029 788 III,
3081 739 3211 795 pag.
3275 727 3363 788 52,
3422 726 3523 779 ubi
3569 727 3639 781 de
3671 728 3788 782 alio

2146 808 2401 878 quodam
2427 809 2748 876 Parthenio,
2774 810 3140 875 Phocmensi,
3176 813 3447 882 quaedam
3499 816 3714 871 attulit.

2214 896 2587 965 Parthenius,
2617 898 2815 965 Chius,
2843 905 3016 969 poeta
3038 900 3261 971 epicus,
3289 903 3445 957 filius
3464 904 3785 974 Thestoris,

2143 984 2243 1052 qui
2277 986 2728 1056 cognominatus
2757 988 2869 1042 fuit
2927 989 3142 1057 Chaos.,
3176 990 3262 1045 Ab
3318 992 3567 1047 Homero
3599 1011 3783 1065 genus

2142 1071 2326 1127 duxit.
2369 1075 2618 1146 Scripsit
2663 1078 2738 1130 De
2771 1078 3043 1147 Thestore,
3072 1084 3238 1149 patre
3270 1097 3395 1148 suo,
3444 1082 3586 1137 item
3616 1087 3785 1139 Meta-

2138 1163 2464 1229 morphoses.

2209 1252 2408 1313 Pases.
2439 1253 2673 1325 ingenio
2705 1255 2871 1309 molli
2900 1261 2957 1311 et
2996 1257 3357 1326 effeminato,
3391 1259 3493 1313 sed
3525 1261 3623 1331 qui
3656 1268 3779 1317 arte

2138 1340 2366 1412 magica
2396 1359 2604 1397 omnes
2633 1345 2946 1415 superavit,
2991 1344 3138 1400 adeo
3168 1351 3235 1399 ut
3274 1346 3779 1406 incantationibus

2137 1429 2258 1484 suis
2283 1430 2564 1499 efficeret,
2598 1437 2664 1485 ut
2693 1449 2872 1487 coenas
2896 1438 3257 1503 sumptuosa)
3290 1437 3778 1506 conspicerentur

2135 1520 2195 1570 et
2224 1519 2925 1590 prmtereanonnulliqui
2958 1520 3030 1574 ad
3059 1536 3325 1574 mensam
3343 1522 3776 1594 ministrarent,

2134 1604 2461 1676 eademque
2494 1607 2695 1661 omnia
2734 1623 2941 1661 rursus
2999 1615 3439 1665 evanescerent.
3473 1611 3690 1667 Habuit
3718 1621 3777 1669 et

2133 1694 2548 1761 semiobolum,
2579 1712 2648 1750 ex
2678 1696 2841 1750 mina
2871 1693 2930 1748 ὲκ
2976 1700 3110 1767 μνᾶς
3144 1698 3376 1766 (Portus
3405 1694 3466 1751 ἐκ
3526 1700 3771 1773 μαγεία,)

2130 1780 2204 1834 ab
2236 1781 2363 1853 ipso
2394 1782 2745 1855 factum,qui
2778 1800 2911 1839 cum
2939 1784 3011 1838 ab
3070 1786 3197 1856 ipso
3229 1786 3400 1841 datus
3450 1794 3607 1843 esset
3631 1806 3769 1844 ven-

369 1878 661 1950 episcopis
692 1881 754 1935 in
785 1882 1009 1952 synodo
1042 1882 1324 1952 (Nicaana)
1352 1882 1543 1936 visum
1575 1885 1749 1946 esset,
1782 1884 1867 1946 ut,
1887 1880 2019 1951 qui-
2047 1901 2095 1966 Β
2130 1868 2427 1969 flentibus.
2453 1889 2487 1927 ἃ
2519 1872 2736 1969 quibus
2774 1873 3015 1969 aliquid
3071 1888 3291 1969 e_mel_‘e-
3314 1874 3566 1945 νοιθδᾶῐ,
3615 1879 3772 1948 δριιά

357 1984 592 2039 cunque
623 1970 683 2025 in
716 1987 950 2026 sacrum
982 1971 1256 2026 ordinem
1280 1970 1479 2026 allecti
1503 1969 2014 2041 essent,episcopi,

360 2058 956 2129 presbyteri,diaconi
988 2061 1405 2117 etsubdiaconi
1438 2059 2014 2115 abstinerentacon-

360 2146 565 2201 cubitu
596 2165 867 2215 uxorum,
898 2167 1044 2222 quas
1075 2167 1210 2205 cum
1254 2150 1389 2205 laici
1423 2154 1624 2204 essent
1649 2148 2013 2203 matrimonii

353 2233 493 2305 jure
519 2236 905 2305 sociaverant,
941 2255 1187 2311 surgens
1209 2237 1563 2293 vociferatus
1595 2242 1701 2306 est,
1734 2253 1855 2291 non
1886 2254 2016 2292 esse

357 2323 793 2394 imponendum
825 2343 999 2399 grave
1030 2329 1140 2382 hoc
1154 2329 1363 2399 jugum
1393 2326 1624 2382 clericis
1655 2331 1713 2380 et
1741 2325 2016 2380 sacerdo-

346 2410 429 2463 tib
453 2428 544 2479 us,
578 2414 956 2470 honorabiles
987 2432 1117 2470 esse
1148 2416 1410 2487 nuptias,
1459 2421 1570 2469 etc.
1604 2416 1704 2484 (Ex
1734 2414 2010 2482 Socratis,

360 2499 465 2553 lib.
492 2518 530 2570 ι,
564 2520 690 2575 cap.
733 2505 813 2567 ll,
847 2505 991 2559 Hist.
1028 2504 1264 2574 eccles.)

421 2601 676 2668 Pappus,
706 2593 1162 2659 Alexandrinus,
1193 2592 1710 2665 philosophus,qui
1733 2591 1840 2646 sub
1862 2592 2005 2663 imp.

357 2684 683 2739 Theodosio
715 2683 950 2737 seniore
980 2683 1138 2749 vixit,
1168 2699 1282 2753 quo
1316 2687 1580 2753 tempore
1612 2682 1788 2736 etiam
1808 2681 2012 2735 floruit

356 2774 575 2839 Theon,
609 2770 1020 2842 philosophus,
1054 2771 1153 2841 qui
1188 2769 1489 2824 Ptolemaei
1533 2770 1834 2824 Canonem
1864 2769 2005 2823 scri-

351 2858 650 2932 psit.Lihri
683 2858 810 2930 ejus
842 2864 981 2912 sunt
1000 2856 1361 2933 Χωρογραφία
1392 2855 1774 2928 οἰκουμενικὴ,
1808 2880 1835 2905 ‹‹
1860 2858 2005 2911 Cho-

348 2971 376 2998 ‹‹
411 2947 725 3020 rographia
756 2948 934 3002 totius
966 2946 1124 3001 orbis
1148 2946 1653 3014 ;Commentarius
1674 2946 1734 3000 in
1754 2951 2008 3017 quatuor

358 3057 380 3085 ι
406 3038 590 3093 libros
622 3053 849 3109 magnas
874 3037 1144 3109 Syntaxis
1176 3035 1507 3101 Ptolemmi;
1540 3035 1865 3105 Descriptio
1883 3034 2004 3089 flu-

354 3150 382 3177 4.
424 3128 675 3192 viorum,
732 3126 833 3197 qui
892 3130 1029 3181 sunt
1085 3125 1148 3180 in
1200 3124 1423 3197 Libya;
1478 3124 2006 3196 Interpretationes

355 3239 382 3265 «
420 3216 807 3271 somniorum.
845 3237 872 3263 »

2126 1962 2323 2030 ipsum
2354 1978 2562 2016 rursus
2590 1962 3019 2030 inveniebatur,
3060 1963 3108 2016 si
3138 1962 3441 2018 voluisset.
3502 1967 3771 2021 Meminit

2124 2048 2253 2119 ejus
2276 2055 2336 2104 et
2365 2052 2571 2121 Apion,
2605 2052 3049 2123 grammaticus,
3083 2047 3134 2103 ἐν
3164 2054 3244 2121 τῷ
3277 2050 3408 2125 Περὶ
3470 2053 3659 2127 Μάγου
3701 2056 3763 2110 in

2122 2134 2274 2190 libro
2306 2138 2385 2192 De
2417 2141 2599 2211 Mago.

2192 2227 2480 2282 Patricius
2503 2228 2704 2283 ﬂoruit
2734 2227 2841 2283 sub
2869 2228 3527 2302 Jovianoimp.,fuitque
3550 2232 3763 2304 Lydus,

2120 2315 2219 2383 qui
2252 2317 2781 2386 phaenomenorum
2814 2318 3138 2373 caelestium
3156 2325 3215 2373 et
3243 2320 3548 2390 signorum
3562 2338 3761 2378 occur-

2117 2405 2375 2459 rentium
2409 2407 2712 2478 conjector
2742 2412 2869 2461 erat
2897 2408 3301 2465 acutissimus.

2188 2496 2529 2563 Pattaacion,
2563 2496 2650 2549 vir
2678 2497 2778 2567 qui
2810 2503 3055 2567 questus
3087 2503 3214 2553 erat
3261 2498 3577 2555 calumniis
3607 2502 3756 2558 alios

2115 2599 2343 2652 vexare,
2377 2591 2436 2639 et
2456 2586 2866 2641 adolescentes
2897 2586 3139 2658 integras
3169 2587 3341 2642 fames
3373 2595 3431 2643 et
3460 2590 3759 2647 existima-

2118 2674 2295 2728 tionis
2327 2675 2637 2731 lacessere.
2662 2676 2824 2731 Idem
2857 2693 2890 2731 a
2920 2676 3161 2731 comicis
3224 2679 3660 2751 perstringitur,
3695 2687 3763 2736 ut

2113 2760 2211 2816 fur
2240 2768 2296 2817 et
2327 2765 2621 2834 parietum
2655 2764 2975 2835 perfossor,
3009 2770 3122 2820 etc.

2185 2852 2423 2921 Paulus,
2458 2855 2740 2927 Egineta,
2774 2854 3062 2922 medicus,
3082 2855 3183 2926 qui
3214 2857 3292 2910 De
3317 2873 3379 2910 re
3406 2858 3756 2928 medicaplu-

2112 2958 2198 2997 res
2228 2942 2393 2999 libros
2418 2944 2673 3015 scripsit.

2184 3032 2423 3098 Paulus,
2451 3032 2679 3103 Tyrius,
2700 3032 2927 3099 rhetor,
2958 3031 3204 3103 aequalis
3232 3033 3518 3104 Philonis,
3543 3035 3752 3106 Byblii,

2112 3120 2186 3175 ad
2218 3120 2579 3175 Hadrianum
2610 3121 2828 3176 missus
2860 3121 3107 3193 legatus,
3132 3123 3348 3192 Tyrum
3397 3125 3753 3195 metropolin

2113 3210 2583 3280 effecit.Scripsit
2610 3212 2799 3265 Artem
2828 3210 3161 3265 rhetoricam
3184 3220 3670 3281 progymnasmata
3701 3220 3762 3268 et

429 3305 789 3379 Παραστιχὶς,
824 3306 1009 3361 series
1032 3321 1330 3373 versuum,
1375 3319 1629 3376 quorum
1659 3304 1867 3375 prima:
1907 3303 2005 3358 lit-

2201 3258 2554 3280 --_-._-__,__

2137 3298 2561 3353 )eclamationes.

354 3399 493 3448 teras
524 3410 742 3449 nomen
774 3393 863 3447 vel
909 3393 1266 3448 sententiam
1298 3391 1559 3462 aliquam
1618 3394 1985 3461 componunt

354 3480 1030 3548 Heraclides,Ponticus,
1065 3484 1201 3547 etc.,
1236 3495 1265 3532 e
1295 3478 1506 3533 Laertii
1542 3480 1603 3530 V.
1637 3480 1706 3531 92
1736 3493 1861 3548 seq.

418 3566 618 3640 Πάριον
652 3566 722 3622 ab
753 3567 1108 3626 Alexandro.
1144 3565 1376 3631 Paride,
1436 3564 1627 3619 dictus
1668 3563 1854 3630 locus,
1902 3564 2001 3634 qui

345 3661 521 3710 antea
552 3654 867 3710 Amander.
896 3655 1039 3709 Illuc
1060 3671 1095 3709 a
1119 3659 1285 3725 patre
1300 3654 1556 3719 Priamo,
1578 3652 1794 3706 missus
1817 3652 2001 3721 Paris,

346 3745 587 3816 ingenio
618 3744 775 3800 felici
808 3743 1091 3816 praeditus
1114 3748 1173 3798 et
1202 3758 1306 3813 per
1336 3742 1577 3814 triginta
1606 3746 2004 3795 commoratus

343 3851 533 3890 annos
569 3836 647 3890 ibi
673 3836 733 3889 in
752 3836 913 3891 omni
932 3836 1267 3890 Graecorum
1284 3833 1575 3904 sapientia
1592 3831 1857 3887 eruditus
1871 3830 1999 3885 fuit.

348 3924 548 3979 Edidit
577 3926 895 3980 Orationem
929 3924 985 3978 in
1035 3924 1259 3978 Veneris
1291 3923 1526 3989 laudem,
1560 3938 1677 3992 qua
1732 3922 2001 3977 Minervas

344 4029 474 4067 eam
506 4019 565 4068 et
593 4013 811 4067 lunoni
841 4012 1121 4083 prmtulit.
1144 4013 1420 4081 Hymnum
1451 4011 1630 4065 etiam
1660 4010 1721 4063 in
1750 4027 1879 4066 eam
1905 4028 2001 4066 ce-

343 4103 495 4157 cinit
517 4105 618 4174 qui
652 4111 823 4159 cestus
854 4104 1267 4158 dicitur.Hanc
1297 4101 1436 4156 belli
1466 4101 1999 4172 (Trojani)causam

338 4190 524 4246 fuisse
551 4192 821 4247 scribunt
852 4192 926 4246 ob
974 4197 1204 4263 raptam
1262 4189 1417 4261 apud
1464 4190 1779 4261 Spartanos
1829 4191 2001 4245 Hele-

337 4287 814 4436 naPlarxjitgnides,
842 4368 1071 4440 Pyretis
1104 4369 1187 4435 F,,
1218 4366 1993 4437 Eleates,phi1050phus,di-

335 4457 601 4528 scipulus
632 4455 1422 4529 Xenophanis,Colophonii,
1443 4454 1628 4519 vel,ut
1653 4454 1990 4527 Theophra-

334 4550 461 4599 stus
494 4551 763 4610 testatur,
797 4543 1245 4612 Anaximandri,
1275 4542 1504 4598 Milesii.
1538 4543 1730 4613 Ipsius
1762 4560 1991 4599 succes-

2181 3387 2419 3453 Paulus,
2480 3386 2904 3458 philosophus,
2966 3388 3203 3458 scripsit
3286 3387 3750 3444 introductionem

2107 3476 2423 3544 astrologiae
2453 3475 2571 3529 sive
2601 3475 3072 3545 apotelesmatica.

2179 3564 2397 3618 Paulus
2420 3563 2754 3627 Germinus,
2784 3565 3069 3636 sophista,
3103 3564 3202 3636 qui
3236 3565 3493 3637 scripsit,
3525 3567 3747 3637 «Lysim

2112 3674 2134 3704 ι
2169 3670 2297 3708 esse
2326 3653 2473 3708 duos
2501 3652 2636 3707 illos
2667 3653 2871 3722 libros,
2897 3654 2998 3725 qui
3029 3654 3102 3709 de
3123 3654 3278 3709 dono
3300 3655 3611 3726 Iphicratis
3633 3658 3749 3711 cir-

2107 3765 2135 3792 «
2170 3743 2599 3798 cumferuntur.
2632 3763 2659 3795 ι
2712 3746 2858 3799 Item
2916 3747 3333 3799 commentarios
3392 3747 3450 3799 in
3489 3745 3749 3816 reliquas

2103 3836 2284 3904 Lysia?
2307 3838 2599 3889 orationes.

2178 3922 2416 3989 Paulus,
2464 3923 2788 3995 Egyptius,
2850 3922 3208 3994 Lycopolita,
3260 3921 3547 3993 sophista,
3591 3922 3751 3978 ﬁlius

2104 4011 2459 4077 Besarionis,
2495 4012 2594 4082 qui
2627 4018 2686 4066 et
2743 4011 3025 4081 Didymus
3084 4012 3324 4075 dicitur,
3386 4017 3559 4066 natus
3619 4012 3747 4067 sub.

2102 4101 2487 4154 Constantino
2528 4102 2697 4171 imp.,
2732 4101 2970 4171 scripsit
2996 4100 3316 4171 ὑπόμνημα.

2173 4189 2411 4254 Paulus,
2448 4190 2735 4243 Manentis
2767 4190 3033 4260 (aqualis,
3068 4189 3520 4251 Samosatensis,
3541 4191 3743 4243 Antio-

2101 4276 2247 4331 chiae
2275 4294 2503 4349 magnas
2536 4277 2869 4349 episcopus,
2888 4278 2988 4348 qui
3020 4278 3337 4331 Dominum
3361 4278 3588 4331 nudum
3614 4295 3743 4332 esse

2100 4368 2781 4441 hominem,blaspheme
2801 4369 3035 4436 dixit,et
3061 4374 3125 4422 ut
3149 4369 3209 4422 in
3231 4384 3594 4439 unoquoque
3615 4387 3743 4440 pro-

2098 4457 2433 4528 phetarum,
2467 4460 2551 4513 sic
2582 4458 2759 4513 etiam
2787 4458 2847 4513 in
2879 4458 3005 4529 ipso
3039 4457 3302 4511 divinum
3328 4457 3571 4511 verbum
3585 4458 3746 4513 habi-

2097 4551 2274 4613 tasse,
2300 4553 2410 4603 etc.

332 4651 494 4689 sores
524 4634 690 4689 fuere
721 4634 1107 4706 Empedocles
1140 4631 1528 4704 philosophus
1562 4637 1621 4686 et
1640 4632 1994 4700 medicus,et
2025 4626 2069 4685 Ι)
2174 4636 2402 4691 Paulus.
2433 4638 2536 4691 Hic
2567 4653 2700 4691 cum
2715 4636 3084 4708 Chrysantho
3114 4636 3448 4690 Novatianaa
3464 4635 3741 4691 Ecclesia:

330 4723 761 4788 Zeno,Eleates.
790 4722 1039 4793 Scripsit
1069 4719 1501 4792 Physiologiam
1534 4721 1992 4777 versibushexa-

335 4813 563 4878 metris,
597 4818 653 4867 et
685 4813 801 4867 alia
834 4811 1107 4884 quaedam
1156 4810 1424 4865 oratione
1485 4811 1697 4880 soluta,
1731 4828 1985 4882 quorum

331 4900 497 4955 Plato
531 4902 825 4956 meminit.

404 4988 694 5062 lla'powoc.
734 4990 874 5045 Vide
906 5005 1106 5061 supra,
1140 4982 1389 5040 οὐδέποτ’
1428 4983 1554 5060 ἐγώ.

397 5076 770 5147 Parrhasius,
822 5078 1102 5133 Evenoris
1132 5078 1192 5131 F.
1254 5079 1313 5131 et
1366 5074 1714 5147 discipulus,
1767 5093 1983 5149 genere

323 5166 633 5237 Ephesius,
668 5168 877 5239 pictor.

394 5255 772 5324 Parthenius,
806 5254 1133 5311 Heraclidis
1155 5257 1215 5307 et
1245 5251 1515 5320 Eudoraa,
1547 5253 1658 5320 vel,
1719 5259 1785 5309 ut
1836 5257 1980 5311 Her-

320 5342 560 5413 mippus
592 5345 696 5409 ait,
722 5345 917 5400 Thetaa
970 5345 1053 5411 F.,
1115 5342 1433 5397 Nicaeensis
1462 5346 1565 5396 aut
1620 5343 1975 5415 Myrleanus,

323 5430 721 5502 elegiacorum
752 5438 808 5487 et
839 5432 1135 5487 variorum
1172 5428 1504 5484 carminum
1562 5436 1754 5501 poeta.
1786 5432 1885 5486 Hic
1942 5449 1977 5489 a

319 5518 508 5575 Cinna
534 5527 739 5593 captus
772 5526 880 5589 est,
914 5519 1193 5576 Romanis
1224 5535 1358 5573 cum
1386 5518 1720 5573 Mithridate
1749 5519 1972 5578 bellum

310 5609 676 5679 gerentibus.
706 5612 917 5667 Postea
947 5610 1228 5666 dimissus
1248 5612 1337 5663 est
1357 5611 1598 5679 prOpter
1614 5607 1968 5680 doctrinam,

307 5700 369 5752 et
401 5696 544 5753 vixit
598 5715 789 5772 usque
846 5700 919 5757 ad
975 5699 1274 5755 Tiberium
1350 5696 1661 5755 Caesarem.
1727 5700 1972 5772 Scripsit

2099 4725 2353 4796 prazfuit,
2390 4727 2489 4796 qui
2516 4726 2681 4797 prius
2726 4726 2966 4796 quidem
2996 4726 3202 4780 doctor
3231 4724 3562 4780 litterarum
3587 4726 3739 4780 Lati-

2097 4831 2308 4869 narum
2340 4815 2549 4879 fuerat,
2595 4814 2808 4869 deinde
2830 4815 3037 4870 relicto
3060 4815 3330 4869 instituto
3352 4816 3738 4887 grammatico

2094 4904 2168 4959 ad
2198 4906 2374 4959 vitam
2408 4905 2795 4960 monasticam
2826 4905 3063 4959 transiit
3110 4910 3167 4959 et
3206 4904 3341 4960 talis
3366 4905 3495 4971 fuit,
3530 4906 3738 4977 quales

2094 4993 2419 5047 monachos
2449 4993 2510 5046 in
2558 4992 2879 5047 solitudine
2940 4993 3220 5065 degentes
3271 5009 3400 5048 esse
3460 5003 3735 5065 oportere

2091 5081 2369 5153 Evagrius
2400 5081 2622 5145 scribit,
2656 5086 2767 5136 etc.
2802 5083 2904 5151 (Ex
2926 5081 3183 5137 Socratis
3218 5082 3357 5137 hist.
3393 5083 3604 5139 eccles.
3639 5101 3734 5149 νη,

2092 5173 2177 5223 17.

2160 5171 2462 5326 P)aurolas,
2496 5257 2827 5315 Phalaridis
2858 5260 3094 5332 tyranni
3136 5265 3196 5316 et
3240 5260 3495 5317 Erithem
3524 5262 3729 5316 uxoris

2086 5348 2215 5419 ejus
2246 5350 2305 5403 F.

2153 5438 2476 5493 Pausanias
2496 5439 2708 5506 Lacon,
2741 5439 3080 5496 historicus.
3106 5440 3350 5511 Scripsit
3381 5461 3409 5489 «
3432 5439 3510 5493 De
3533 5437 3724 5492 Helle-

2088 5545 2109 5573 ι
2144 5533 2379 5599 sponto,
2414 5530 2717 5597 Laconica,
2742 5532 3147 5602 Chronica,De
3170 5528 3725 5601 Amphictyonibus,

2078 5638 2106 5667 «
2141 5618 2221 5672 De
2241 5617 2408 5673 festis
2441 5619 2763 5675 Laconicis.

2147 5708 2470 5765 Pausanias
2493 5709 2892 5776 Caesariensis,
2929 5709 3213 5781 sophista,
3246 5707 3493 5779 aequalis
3510 5707 3722 5764 Aristi-
