4064 6214
395 380 548 443 1315

1672 363 1928 438 Ianx
1966 361 2470 442 SCRIPTORUM

3671 364 3868 428 1316

394 513 507 582 dis,
539 511 711 583 cujus
759 506 1152 563 Philostratus
1200 503 1264 558 in
1307 501 1450 556 Vitis
1498 498 1922 571 sophistarum,
1974 499 2036 551 ut
2067 497 2120 564 Α
2221 499 2450 568 Perses,
2482 500 2985 570 Ascraus,.poeta
3042 497 3273 570 epicus,
3331 495 3581 553 Hesiodi
3625 503 3862 570 poeta

394 591 1538 670 oratoris.inepti,meminiLScripsit«De
1551 587 1784 661 syntaxi
1798 586 2038 652 librum;

400 717 428 744 ‹‹
453 691 894 748 Problematum
924 686 1144 748 librum
1170 698 1380 750 unum,
1412 702 1441 731 »
1477 685 1536 736 et
1563 679 1700 736 alia.
1752 677 1951 748 (Plura
1981 676 2043 731 in

401 781 633 838 Kusteri
657 784 796 833 nota
827 779 880 842 5,
913 775 985 830 ad
1017 775 1075 829 b.
1101 773 1141 827 l.
1165 788 1244 839 in,
1273 788 1402 844 pag.
1431 771 1545 840 62.)

469 875 724 931 Pauson,
757 869 965 940 pictor.
989 863 1356 934 Esculapius
1414 863 1747 916 Pausonem
1792 860 1851 912 et
1879 857 2040 910 Irum

395 965 452 1016 et
471 957 938 1030 quemvisalium
954 969 1273 1026 pauperem
1298 946 2000 1006 sanaveriLProverbium
2021 961 2034 1002 :

324 1074 333 1089 ι
394 1051 640 1106 Pausone
654 1047 978 1118 pauperior.

459 1141 772 1203 Paxamus,
807 1135 897 1189 vir
927 1133 1157 1198 doctus,
1191 1128 1428 1200 scripsit
1459 1128 1532 1182 De
1587 1131 1708 1181 arte
1735 1123 2032 1188 culinaria,

385 1227 598 1283 ordine
629 1224 1084 1296 alphabetico;«
1112 1219 1332 1276 Boeotia
1363 1217 1531 1272 libris
1547 1214 1778 1271 duobus
1805 1211 2032 1279 ;Dode—

381 1341 410 1367 α
454 1316 808 1372 catechnum
841 1314 959 1368 sive
991 1310 1064 1372 de
1095 1307 1414 1366 schematis
1441 1304 1717 1362 Venereis
1747 1320 1760 1368 ;
1786 1303 1865 1357 De
1908 1305 2033 1356 arte

376 1428 404 1456 α
429 1403 902 1460 tinctorialibros
923 1401 1072 1456 duos
1095 1415 1111 1464 ;
1135 1399 1214 1452 De
1249 1413 1311 1452 re
1343 1394 1568 1450 rustica
1596 1392 1778 1448 libros
1809 1390 1979 1446 duos.
1999 1410 2028 1440 ››

447 1490 771 1553 Πένταθλος.
822 1489 1184 1558 Quinquertio
1243 1485 1436 1540 dictus
1494 1487 1584 1538 est
1633 1479 2028 1547 Democritus,

377 1581 726 1637 Abderites:
761 1577 1017 1635 callebat
1045 1575 1204 1630 enim
1229 1573 1493 1646 physica,
1524 1569 1943 1628 mathematica
1969 1573 2029 1623 et

376 1671 727 1742 disciplinas
752 1667 1052 1734 liberales,
1097 1664 1486 1733 omniumque
1529 1660 1747 1716 artium
1798 1657 2028 1730 peritus

379 1765 522 1815 erat.
560 1759 745 1830 Hujus
799 1762 892 1812 est
946 1755 1210 1810 dictum:
1245 1749 1419 1826 Λόγος
1449 1746 1609 1824 ἔργου
1652 1747 1799 1816 σκιὰ,
1831 1748 2027 1804 Oratio

377 1851 573 1904 umbra
604 1849 904 1903 actionum.

448 1937 635 2010 Pepli,
671 1936 771 2008 qui
799 1932 1226 1990 Panathenais.
1270 1927 1622 2002 majoribus,
1651 1926 1925 1982 Minerva
1957 1925 2021 1982 in

373 2043 592 2099 pompa
619 2025 940 2088 ferebatur,
955 2021 1111 2094 apud
1143 2025 1409 2086 oratores
1429 2022 1488 2073 et
1503 2015 1761 2074 comicos
1775 2014 2021 2070 mentio.

370 2120 437 2172 In
469 2133 536 2171 eo
569 2115 841 2185 depictus
869 2118 997 2167 erat
1026 2108 1378 2172 Enceladus,
1413 2122 1569 2162 unus
1596 2122 1628 2160 e
1655 2102 2018 2178 gigantibus.

369 2220 546 2276 quem
577 2203 833 2258 Minerva
856 2200 1092 2256 occidit.
1109 2197 1524 2261 Athenienses,
1557 2210 1693 2248 cum
1714 2191 2019 2250 victoriam

370 2296 796 2365 reportassent,
830 2290 1071 2362 peplum
1117 2288 1386 2342 Minerva
1433 2285 1724 2349 fecerunt,
1780 2288 1838 2336 et
1865 2281 1926 2336 in
1949 2296 2017 2336 eo

373 2383 773 2454 depinxerunt
797 2381 973 2447 viros,
1007 2377 1110 2449 qui
1169 2393 1231 2432 se
1288 2381 1530 2430 strenue
1586 2373 1650 2428 in
1695 2371 1852 2426 bello
1888 2385 2016 2443 ges-

373 2471 610 2526 sissent.

442 2557 782 2627 Periander,
815 2555 1048 2628 Cypseli
1081 2555 1168 2618 F.,
1226 2551 1588 2620 Corinthius,
1622 2565 1777 2605 unus
1811 2564 1882 2604 ex
1918 2547 2018 2602 VII

371 2648 741 2721 sapientibus
763 2649 894 2717 (9’7),
916 2647 1018 2718 qui
1047 2641 1551 2714 vixitOlympiade
1582 2640 1832 2696 XXXIII.
1866 2637 2012 2693 Scri-

370 2739 490 2810 psit
515 2740 795 2808 Pracepta
825 2736 891 2791 de
910 2738 1028 2791 vita
1058 2735 1320 2797 humana,
1350 2731 1591 2786 versibus
1621 2732 1780 2784 2000.
1831 2729 2015 2783 Acce-

369 2834 536 2900 ptum
557 2842 598 2882 a
621 2831 787 2897 patre
817 2841 1069 2898 regnum
1099 2824 1159 2878 in
1191 2819 1569 2893 tyrannidem
1598 2817 1790 2882 vertit,
1814 2822 1923 2872 etc.
1947 2817 2014 2870 In

369 2917 420 2987 ej
433 2933 498 2972 us
529 2919 784 2971 mortem
817 2914 1181 2985 epigramma
1199 2907 1476 2981 (Laertii).

476 3050 708 3119 Μήποτε
738 3045 958 3119 λυπήσῃ
989 3065 1045 3100 σι
1073 3043 1135 3100 τὸ
1169 3045 1256 3119 μή,
1279 3063 1339 3098 σε
1364 3045 1554 3119 [πιχεῖν
1589 3059 1764 3119 τινος,
1795 3035 1941 3092 ἀλλᾶ

583 3121 787 3194 Τὲρπερ
817 3112 976 3194 πᾶσιν
1009 3112 1182 3194 ὁμῶς,
1214 3112 1552 3194 σῖσιηγδιδρισι
1574 3112 1722 3194 Θιόιςἶ

481 3192 582 3249 Καὶ
613 3175 718 3265 vim
749 3175 1093 3266 ἀθυμήσςξὸ
1126 3175 1667 3266 σὸφὸςῌιιιρίπνδρρςς
1702 3175 1937 3250 ἀπέσϐη,

584 3253 808 3322 Οἷῖνέκεν
843 3253 941 3318 ὀύιὶ
967 3261 1155 3337 ἔτυχεν
1188 3253 1440 3336 πρήξιοὲ,
1466 3261 1534 3328 ἧς
1561 3253 1760 3315 ἔθελεν.

480 3433 552 3485 Ne
583 3436 634 3485 te
664 3432 968 3496 contristet,
999 3429 1046 3483 si
1074 3442 1187 3482 non
1229 3430 1419 3496 optata
1447 3429 1766 3493 sequantur,

581 3502 690 3558 Sed
711 3492 992 3572 placeant.
1047 3492 1276 3572 dederitj
1287 3512 1410 3572 qua
1434 3492 1563 3572 tibi
1593 3507 1824 3572 cumque
1852 3492 2013 3546 Deus.

474 3574 608 3628 Nam
640 3563 856 3643 sapiens
885 3586 1113 3643 moerere
1136 3563 1622 3643 perit—Periander
1647 3563 1838 3643 acerbo

586 3635 922 3709 Bxstinetus,
956 3641 1110 3712 quod
1135 3635 1267 3706 non,
1300 3654 1422 3708 qua
1451 3637 1648 3702 voluit,
1675 3635 1872 3690 valuit.

447 3801 726 3866 Pericles,
767 3797 1089 3868 Xanthippi
1148 3794 1524 3867 imperatoris
1565 3789 2020 3847 Atheniensium

372 3897 430 3948 et
459 3890 756 3963 Agaristes
786 3890 871 3954 F.,
904 3893 966 3942 et
991 3885 1226 3942 auditor
1255 3886 1616 3955 Anaxagora
1639 3879 2017 3944 Clazomenii,

371 3987 572 4037 orator
603 3984 666 4035 et
690 3978 1069 4050 demagogus,
1105 3975 1206 4046 qui
1229 3973 1460 4045 primus
1491 3971 1774 4042 scriptam
1797 3969 2020 4023 oratio-

369 4087 508 4126 nem
543 4069 750 4125 habuit
779 4070 839 4122 in
863 4066 1116 4139 judicio,
1144 4079 1279 4119 cum
1325 4061 1435 4128 illi,
1467 4061 1570 4132 qui
1627 4061 1823 4131 ipsum
1851 4063 2022 4114 ante-

370 4164 696 4224 cesserant,
737 4175 807 4216 ex
866 4163 1132 4228 tempore
1175 4152 1485 4208 dixissent.
1555 4151 1806 4206 Uxorem
1854 4147 2022 4204 duxit

370 4249 702 4322 Aspasiam,
735 4247 1044 4312 Milesiam,
1070 4250 1129 4300 et
1158 4260 1228 4300 ex
1255 4258 1324 4297 ea
1356 4240 1510 4296 filios
1542 4238 1824 4310 suscepit,
1858 4238 2015 4292 Xan-

373 4340 646 4410 thippum
678 4342 737 4392 et
767 4335 1064 4398 Paralum,
1097 4348 1276 4404 quem
1307 4335 1515 4385 contra
1531 4327 1802 4383 instituta
1832 4325 2024 4397 patria

375 4432 460 4486 sic
492 4426 1043 4495 nominavit,herois
1060 4424 1249 4480 indito
1272 4419 1703 4491 nomine,quod
1727 4417 2020 4491 (Athenis)

375 4537 496 4574 non
529 4520 763 4586 licebat,
799 4524 912 4573 etc.

444 4606 774 4681 Περίμανος.
810 4606 1015 4676 Supra,
1049 4602 1324 4674 Μάνερος.

436 4701 650 4754 Persa.
683 4696 869 4768 Magia
899 4699 958 4749 et
988 4690 1309 4763 astrologia
1337 4705 1372 4744 a
1418 4684 1722 4760 Magusais
1753 4683 2015 4756 primum

368 4791 611 4846 inventa
638 4785 768 4841 fuit.
802 4786 995 4839 Persa
1027 4781 1098 4836 ab
1125 4773 1420 4852 indigenis
1463 4780 1747 4832 vocantur
1793 4775 2013 4846 Magog.

373 4880 444 4932 Et
475 4874 744 4948 Magusai
774 4872 954 4927 iidem
987 4875 1146 4926 sunt.

445 4967 732 5030 Persaus,
761 4960 1002 5027 Citieus,
1036 4956 1427 5031 philosophus
1449 4951 1809 5024 Stoicus,qui
1839 4951 2018 5006 etiam

373 5053 705 5112 Dorotheus
735 5049 1188 5123 cognominatus
1243 5045 1372 5100 fuit.
1435 5044 1590 5098 Vixit
1647 5039 2018 5114 temporibus

373 5142 649 5216 Antigoni
683 5137 1171 5204 Gonatha,ﬁlius
1220 5133 1524 5199 Demetrii,
1575 5129 1905 5204 discipulus
1963 5133 2022 5184 et

373 5238 656 5294 alumnus
685 5229 939 5290 Zenonis
969 5225 1336 5302 philosophi.
1363 5223 1614 5297 Scripsit
1639 5223 1968 5281 Historiam.

445 5425 559 5497 (97)
590 5419 801 5478 Suidas
831 5419 986 5497 hanc
1035 5412 1413 5497 particulam.
1433 5410 1752 5497 descripsit
1779 5426 1851 5492 ex
1899 5409 2020 5497 ljic.

378 5481 767 5558 Damasceno,
801 5490 903 5562 qui
935 5481 1136 5562 tanien
1163 5485 1234 5542 de
1286 5482 1606 5538 Periandro
1634 5481 1764 5562 hac
1796 5481 1857 5535 in
1902 5481 2024 5562 fine

379 5553 651 5625 notarat:
681 5589 709 5616 ‹‹
739 5553 905 5629 Sunt,
925 5558 1026 5632 qui
1058 5561 1218 5632 hunc
1249 5571 1434 5611 unum
1468 5571 1498 5610 e
1529 5560 1760 5632 _s_eptem
1792 5553 2025 5624 sapien-

385 5642 543 5698 tibus
569 5639 750 5695 fuisse
779 5627 1041 5705 opinetur
1071 5631 1214 5705 falso
1237 5635 1435 5705 tamen.
1474 5649 1501 5705 )3
1529 5627 1703 5705 Hann.

455 5694 566 5785 (ὐέ)
598 5694 673 5766 At
701 5694 828 5766 neri
853 5707 927 5764 de
957 5694 1254 5776 Menippo,
1301 5699 1406 5756 sed
1465 5697 1538 5755 de
1593 5694 1939 5756 Menedemo
1995 5711 2032 5753 a

2152 587 2354 644 frater.

2221 703 2520 771 Petosiris,
2548 701 3568 777 Egyptius,philosophus,scripsit,
3605 724 3636 752 α
3685 703 3846 772 Qua.

2150 794 2421 850 «ratione
2435 793 2618 852 Graci
2637 799 2696 848 et
2709 792 2960 865 Egyptii
2979 791 3227 847 deorum
3239 790 3467 850 cultum
3481 791 3846 856 instituen—

2150 904 2176 933 ιι
2198 881 2338 937 dum
2362 899 2491 940 esse
2514 881 2907 953 praceperint
2929 879 3493 954 ;‘Astrologumena,»
3519 897 3600 936 ex
3611 881 3838 940 sacris

2145 970 2314 1026 libris
2341 978 2650 1043 excerpta;
2676 972 2802 1026 «De
2834 969 3132 1041 mysteriis
3163 970 3591 1042 Egyptiqrum.
3629 991 3662 1020 η

2215 1063 2443 1128 Petrus,
2464 1061 2763 1133 magister,
2797 1059 3002 1116 rhetor
3031 1065 3091 1114 et
3122 1057 3458 1118 historicus.
3493 1059 3605 1114 Hic
3637 1060 3840 1133 lega-

2142 1154 2236 1205 tus
2266 1148 2665 1208 ad;Chosroen
2692 1149 2911 1204 missus
2943 1146 3231 1220 singulari
3257 1148 3542 1221 gravitate
3586 1155 3644 1204 et
3681 1151 3837 1205 elo-

2143 1239 2391 1310 quentia
2416 1239 2644 1304 feroces
2695 1243 2755 1294 et
2803 1236 3092 1309 superbos
3125 1237 3516 1294 Barbarorum
3566 1239 3838 1295 animos

2141 1327 2447 1399 mitigavit.
2479 1326 2726 1398 Scripsit
2782 1325 3083 1394 Historias,
3131 1325 3274 1380 item
3329 1321 3457 1395 Περὶ
3500 1322 3836 1391 πολιτικῆς

2139 1415 2537 1485 natae-caietae,
2569 1418 2646 1470 De
2666 1421 2815 1474 statu
2843 1417 2988 1486 reip.
3022 1413 3208 1484 (Idem
3252 1419 3361 1480 est,
3421 1430 3609 1485 quem
3665 1431 3832 1470 mox

2140 1506 2249 1561 sub
2280 1506 2615 1572 Iustiniano
2649 1505 2863 1560 vixisse
2886 1510 2946 1560 et
2974 1503 3252 1558 ararium
3271 1502 3636 1574 compilasse
3669 1504 3831 1558 Sui-

2138 1595 2246 1652 das
2277 1613 2348 1651 ex
2377 1595 2664 1667 Procopio
2683 1594 2936 1663 scribit.)

2206 1713 2416 1768 Petrus
2457 1714 2720 1785 Mongus,
2735 1710 3105 1766 Alexandria
3129 1710 3824 1782 episcopus,hareticus

2134 1801 2398 1857 fervidus
2427 1796 2788 1872 ((διάπυρος.)
2817 1800 3184 1872 Euphemius
3227 1815 3385 1868 vero,
3417 1799 3814 1871 patriarcha,

2055 1874 2108 1952 Β
2129 1891 2516 1946 orthodoxam
2548 1890 2723 1945 fidem
2756 1905 2972 1962 magno
3006 1887 3204 1944 studio
3241 1887 3530 1944 defendit.

2203 1983 2409 2041 Φακᾶς.
2446 1981 2656 2051 Supra,
2691 1977 3089 2034 Dioscorides.

2202 2093 2481 2161 Phadon,
2528 2092 2704 2148 Eleus
2743 2092 3155 2164 philosophus,
3201 2091 3457 2147 Socratis
3515 2091 3804 2158 auditor,

2128 2189 2333 2240 auctor
2361 2187 2536 2238 secta
2581 2182 2812 2249 Eliaca,
2875 2198 3007 2252 qua
3067 2186 3274 2252 postea
3355 2195 3389 2235 a
3429 2180 3806 2236 Menedemo

2127 2272 2470 2338 Eretriensi,
2501 2271 2660 2327 dicta
2685 2277 2775 2326 est
2802 2270 3120 2326 Eretriaca.
3154 2269 3238 2324 Ab
3263 2269 3427 2324 Indis
3449 2275 3701 2342 captum
3733 2275 3802 2325 et

2127 2363 2376 2418 Athenis
2431 2361 2737 2417 venditum
2777 2359 3004 2418 lenoni.
3064 2358 3422 2424 Alcibiades,
3485 2359 3799 2414 suadente

2127 2454 2386 2518 Socrate,
2431 2449 2704 2519 redemit,
2756 2466 2826 2504 ex
2883 2466 3001 2521 quo
3057 2455 3321 2520 tempore
3370 2447 3800 2520 phiIOSOphari

2125 2542 2320 2614 capit.
2355 2538 2580 2608 Dialogi
2603 2539 2734 2609 ejus
2765 2543 2938 2594 sunt:
2963 2537 3249 2604 Ζώπυρος,
3283 2533 3524 2606 Μήδιος,
3558 2536 3796 2608 Σίμων,

2121 2628 2463 2701 ’Δντίμαχος
2520 2624 2556 2695 ἢ
2609 2619 2940 2700 πρεσϐύτης,
2991 2623 3208 2694 Νικίας,
3270 2621 3541 2697 Σιμμίας,
3583 2621 3792 2680 ’Λλκιο

2125 2712 2343 2788 ϐιάδης,
2368 2712 2696 2792 Κριτόλαος.

2195 2819 2484 2896 Φαιδριάς.
2515 2823 2724 2895 Supra,
2759 2823 2821 2878 in
2851 2824 3123 2894 Esopus.

2193 2941 2429 3005 Phaax,
2463 2938 2927 3006 orator,dicendi
2957 2937 3106 2994 adeo
3139 2936 3476 3009 peritus,ut,
3498 2937 3784 3009 quamvis

2124 3029 2336 3102 capitis
2365 3033 2676 3086 accusatus
2707 3033 2766 3084 et
2796 3029 2858 3082 in
2889 3028 3019 3100 ipso
3049 3025 3316 3083 facinore
3361 3025 3784 3098 deprehensus

2119 3118 2352 3182 fuisset,
2392 3117 2689 3190 judicium
2712 3122 2915 3174 tamen
2947 3115 3240 3172 eluderet.
3264 3115 3536 3170 Meminit
3555 3115 3788 3170 Aristo-

2043 3237 2088 3306 C
2128 3209 2378 3280 phanes.

2197 3321 2390 3385 Φαιός.
2439 3323 2749 3395 Menippus
2800 3324 2937 3393 (98),
2997 3321 3271 3394 Cynicus,
3329 3319 3538 3377 habitu
3607 3321 3786 3376 furia

2125 3414 2390 3481 indutus,
2451 3410 2726 3483 Ἐριννύος
2775 3403 3062 3464 ἀναλαϐὼν
3127 3415 3346 3484 σχῆμα,
3403 3409 3788 3479 circumibat,

2127 3503 2331 3560 dicens
2372 3520 2432 3558 se
2461 3501 2534 3558 ab
2568 3501 2776 3556 inferis
2807 3501 3040 3556 venisse
3072 3505 3138 3556 ut
3189 3499 3503 3555 hominum
3535 3505 3788 3570 peccata

2125 3593 2486 3656 observaret,
2515 3595 2574 3646 et
2602 3607 2737 3646 cum
2769 3606 2839 3646 eo
2871 3605 3078 3645 rursus
3106 3588 3778 3656 descendisset,damo-

2125 3684 2302 3739 nibus
2320 3683 2444 3738 illic
2459 3681 2810 3754 degentibus
2833 3697 2904 3736 ea
2932 3678 3498 3736 renuntiaret.Palla
3509 3679 3562 3734 ei
3581 3680 3780 3734 tunica

2129 3773 2352 3839 talaris,
2386 3787 2565 3844 quam
2605 3769 2840 3827 balteus
2899 3770 3188 3842 puniceus
3242 3767 3533 3841 cingebat.
3579 3768 3775 3823 Pileus

2129 3860 2436 3918 arcadicus
2469 3859 2647 3931 capiti
2678 3859 3017 3930 impositus,
3051 3859 3144 3914 cui
3179 3859 3404 3913 intexta
3433 3863 3608 3912 erant
3635 3857 3780 3912 duo-

2129 3951 2323 4008 decim
2355 3954 2602 4024 στοιχεῖα
2650 3952 2765 4020 (99)
2815 3949 2934 4005 sive
2984 3949 3154 4021 signa
3195 3947 3458 4013 zodiaci;
3499 3947 3774 4002 cothurni

2127 4046 2418 4113 praterea
2443 4039 2670 4111 tragici,
2703 4037 2888 4093 barba
2908 4038 3118 4110 ingens
3149 4042 3207 4092 et
3237 4035 3488 4092 baculus
3507 4036 3570 4091 in
3595 4053 3776 4092 manu

2127 4129 2451 4185 fraxineus.

2199 4243 2469 4300 Phalaris
2501 4241 2944 4316 Agrigentinus,
2995 4241 3176 4297 totius
3218 4240 3432 4296 Sicilia
3465 4245 3774 4312 tyrannus,

2131 4333 2478 4406 Olympiade
2511 4333 2622 4388 LII.
2657 4331 2905 4403 Scripsit
2947 4330 3220 4401 Epistolas
3257 4347 3501 4402 prorsus
3526 4330 3780 4385 admira-

2129 4423 2300 4480 biles.
2344 4423 2609 4478 ZElianus
2647 4422 2749 4489 ait,
2804 4421 3142 4493 Apollinem
3188 4426 3247 4475 et
3294 4422 3494 4476 Jovem
3551 4425 3777 4492 patrem

2130 4511 2429 4568 Phalaridi
2463 4512 2643 4567 vitam
2675 4527 2781 4583 per
2823 4509 3135 4565 biennium
3209 4525 3580 4583 prorogasse,
3623 4509 3777 4580 quod

2045 4598 2092 4663 D
2126 4601 2505 4658 Charitonem
2528 4604 2586 4654 et
2615 4599 3014 4670 Melanippam
3065 4598 3394 4653 clementer
3447 4603 3774 4653 tractasset.

2199 4687 2604 4760 Phallophori,
2629 4686 2971 4759 Ithyphalli,
3004 4692 3062 4742 et
3092 4685 3501 4754 Autocabdali,
3561 4702 3776 4759 genera

2123 4779 2512 4835 musicorum.
2543 4777 2916 4832 Autocabdali
2937 4793 3222 4833 coronam
3271 4775 3662 4832 hederaceam
3679 4793 3771 4850 ge-

2128 4865 2735 4936 stabantzIthyphalli
2791 4865 2980 4921 larvas
3033 4863 3336 4920 ebriorum
3378 4869 3438 4920 et
3487 4867 3772 4936 manicas,

2126 4957 2304 5012 variis
2329 4955 2629 5010 coloribus
2670 4953 3004 5020 distinctas,
3048 4954 3433 5026 tunicamque
3478 4955 3772 5010 talarem:

2127 5045 2493 5117 Phallophori
2535 5044 2755 5100 cortice
2814 5043 2977 5116 bybli
3027 5043 3240 5098 faciem
3314 5043 3608 5110 velabant,
3670 5045 3771 5100 he-

2129 5137 2272 5192 dera
2327 5133 2617 5205 violisque
2674 5132 2978 5212 coronati.)
3015 5132 3122 5203 (Ex
3175 5132 3482 5200 Athenae,
3535 5133 3678 5200 XIV,
3719 5135 3772 5201 4,

2130 5226 2444 5299 pag.622)

2133 5413 2394 5480 Diogene
2419 5409 2648 5467 Laertio
2681 5408 2773 5474 IV,
2809 5422 2870 5462 n.
2909 5404 3640 5480 102(unde_Sui_das_hanc
3654 5424 3775 5480 par-

2135 5477 2379 5540 ticulam
2409 5487 2680 5536 mutuam
2711 5478 3010 5550 sumpsit),
3035 5493 3105 5532 ea
3142 5477 3374 5550 referri,
3407 5477 3776 5534 adnotat—Kac

2137 5561 2262 5612 ster
2291 5561 2434 5610 tom.
2469 5554 2564 5619 Ill,
2593 5566 2730 5624 pag.
2763 5549 3030 5624 589,_not
3081 5550 3132 5603 3.
3186 5549 3360 5604 Hann.

2211 5573 2262 5610 3r
2291 5569 2434 5610 tom.
2470 5569 2730 5678 lu,dpag.
2763 5569 2891 5616 οδν,
2925 5569 3030 5603 nor.
3081 5569 3132 5603 e.
3186 5569 3360 5604 usuL.

2211 5628 2322 5692 (99)
2373 5624 2557 5704 Vide_
2614 5639 2646 5679 θ
2705 5617 3032 5704 cremabis,
3063 5636 3197 5704 qua
3219 5619 3522 5704 notavimad
3565 5623 3620 5678 S.
3655 5623 3774 5680 Hie-

2138 5690 2480 5772 ronymum,
2511 5700 2596 5753 De
2623 5690 2988 5765 scriptoribus
3011 5690 3205 5750 eccles.
3237 5708 3367 5768 cap.
3396 5694 3488 5762 ιδ.
