4070 6196
258 375 411 436 ιειτ

1585 374 1689 435 DE
1733 371 2023 446 QUIBUS
2065 370 2372 435 SUIDAS.

3516 374 3684 435 13184

343 510 577 565 Phanes
610 508 674 564 in
705 508 974 581 Orphicis
1005 508 1409 565 introducitur
1453 512 1515 564 et
1559 510 1916 580 Ericapmus,
1948 513 2001 576 Α
2032 524 2195 563 nova)
2227 508 2553 576 comoedia,
2586 508 2687 578 qui
2731 506 2936 563 ﬂoruit
2987 512 3272 580 regnante
3317 507 3673 579 Alexandro,

266 605 378 655 etc.
414 599 648 653 Kusteri
680 604 801 654 not.
837 602 924 666 10,
960 604 1101 654 tom.
1132 600 1229 666 IlI,
1262 614 1392 671 pag.
1426 601 1549 656 577.

338 689 596 745 Phanias
655 689 774 743 sive
832 689 1128 756 Phasnias,
1196 687 1455 753 Eresius,
1524 686 1916 758 philosophus

270 778 725 849 Peripateticus,
758 778 1095 833 Aristotelis
1127 777 1476 849 discipulus.
1512 777 1665 831 Vixit
1721 775 1917 846 Olym-

266 867 442 940 piade
473 867 615 933 CXI,
652 872 711 922 et
740 871 946 937 postea
975 866 1083 922 sub
1114 865 1449 922 Alexandro
1480 864 1817 922 Macedone.
1851 894 1918 904 —

264 958 397 1012 Fuit
428 962 487 1012 et
515 955 668 1011 alter
696 956 963 1024 Phanias,
996 956 1115 1011 dux
1148 955 1464 1011 exercitus.

341 1049 542 1100 Phaon
570 1045 880 1100 adamatus
909 1062 943 1101 a
971 1046 1304 1116 Sapphone,
1348 1060 1470 1099 non
1516 1042 1620 1097 illa
1669 1040 1916 1113 poetria.

265 1135 369 1190 sed
402 1134 609 1189 Lesbia
656 1134 935 1205 quadam,
995 1151 1126 1205 quae
1183 1133 1468 1187 frustrata
1526 1147 1630 1202 spe
1687 1145 1795 1185 sua
1849 1129 1921 1182 de

270 1223 533 1280 Leucade
566 1240 711 1294 rupe
742 1240 804 1278 se
834 1223 1244 1295 praecipitavit.

342 1312 647 1379 Pharisaei,
682 1312 962 1383 separati,
996 1311 1151 1382 quod
1185 1328 1247 1366 se
1279 1310 1351 1365 ab
1404 1308 1542 1365 aliis
1586 1308 1921 1379 distingue-

266 1409 402 1458 rent
422 1404 539 1458 vita
560 1419 707 1474 pura
729 1408 787 1456 et
807 1406 1082 1457 accurata
1102 1401 1247 1472 legis
1268 1397 1925 1456 observatione.Scribis

268 1492 473 1549 eadem
532 1493 827 1559 instituta,
882 1490 1273 1557 continentia,
1327 1489 1449 1544 vita
1512 1487 1773 1559 conjugii
1827 1503 1925 1541 ex-

270 1599 430 1653 pers,
460 1586 571 1636 etc.
605 1581 942 1636 Exactiores
975 1579 1188 1647 etiam,
1220 1577 1556 1634 admirandi
1578 1576 1778 1631 Essaai.
1803 1577 1927 1631 Cea-

274 1676 469 1726 terum
499 1671 717 1726 Paulus
766 1669 1167 1725 Pharisaicam
1225 1666 1454 1722 vivendi
1507 1667 1804 1722 rationem
1862 1671 1929 1720 ut

274 1760 563 1832 optimam
604 1764 894 1815 sectatum
942 1774 1006 1813 se
1060 1762 1332 1813 testatur.
1381 1755 1660 1827 (Philipp.
1713 1771 1800 1821 ιιι,
1848 1751 1927 1822 5.)

276 1847 662 1904 Dormiehant
680 1848 965 1903 Pharisaai
990 1847 1050 1902 in
1075 1846 1303 1918 exiguis
1322 1844 1541 1901 tabulis
1561 1844 1651 1899 vel
1662 1844 1725 1899 in
1737 1842 1928 1913 spinis

274 1939 367 1994 vel
397 1940 459 1994 in
491 1937 810 2008 scrupulis,
843 1952 917 1991 ne
977 1953 1083 2008 per
1141 1935 1443 1991 somnium
1494 1934 1925 2005 polluerentur.

277 2027 449 2100 Apud
478 2027 719 2083 eosdem
748 2026 936 2081 fatum
968 2031 1027 2080 et
1055 2024 1421 2080 astronomia
1450 2023 1649 2095 magni
1683 2021 1925 2077 ﬁebant.

344 2118 750 2183 Pherecrates,
778 2114 1156 2170 Atheniensis
1177 2112 1569 2183 comicus,qui
1592 2110 1928 2166 Alexandro

276 2208 342 2262 in
376 2205 853 2278 expeditionibus
884 2205 1117 2260 bellicis
1148 2219 1346 2258 comes
1375 2202 1508 2271 fuit,
1540 2201 1793 2257 Fabulas
1823 2199 1932 2255 do-

280 2296 408 2351 cuit
434 2296 609 2363 XVII,
643 2294 704 2348 in
735 2294 829 2348 his
863 2290 1126 2360 Πετάλην.

346 2384 741 2455 Pherecydes,
778 2382 950 2438 Babis
982 2384 1065 2449 F.,
1090 2398 1161 2437 ex
1188 2382 1351 2452 Syro,
1376 2379 1707 2436 insularum
1729 2379 1932 2450 Cycla-

2025 600 2205 671 paulo
2239 605 2377 655 ante
2400 599 2808 654 Menandrum.
2834 599 3081 670 Scripsit
3099 598 3416 654 commdias
3439 601 3675 656 circiter

2025 690 2140 750 XC,
2172 694 2231 742 et
2257 689 2402 743 vixit
2431 704 2621 743 annos
2677 689 2861 754 XCIV;
2889 687 3154 758 quidam
3202 705 3394 743 annos
3423 690 3525 745 CL.
3577 689 3675 743 tri-

2024 776 2237 832 buunt.
2271 777 2609 833 Exstinctus
2642 782 2732 832 est
2761 777 3151 831 immoderato
3194 778 3336 832 risu.
3388 778 3547 833 Bello
3597 779 3673 849 (1)

2027 868 2186 922 inter
2214 868 2610 921 Athenienses
2640 872 2698 921 et
2729 868 3088 939 Antigonum
3146 866 3455 938 ﬂagrante,
3487 869 3548 922 in
3580 868 3678 921 Pi-

2026 973 2146 1010 raeo
2178 956 2398 1027 degens
2426 955 2735 1010 Philemon
2775 973 2880 1027 per
2930 956 3227 1010 somnium
3275 956 3422 1010 vidit
3468 973 3677 1011 novem

2029 1045 2283 1116 puellas.
2317 1045 2491 1099 domo
2525 1061 2630 1099 sua
2653 1052 2956 1100 exeuntes.
2991 1046 3207 1099 Somno
3252 1046 3482 1100 solutus
3536 1062 3677 1099 nar-

2030 1134 2182 1189 ravit
2210 1150 2395 1205 puero
2429 1134 2767 1189 somnium:
2802 1141 2860 1188 et
2888 1134 3119 1204 reliqua
3167 1134 3470 1201 dramatis,
3518 1136 3679 1205 quod

2032 1228 2308 1295 cmperat,
2353 1223 2624 1279 absolvit.
2685 1228 2893 1279 Postea
2944 1224 3249 1279 involvens
3302 1241 3365 1279 se
3420 1226 3679 1281 vestibus

2034 1313 2330 1385 stragulis,
2347 1312 2545 1384 quiete
2564 1314 2827 1384 jacuitet
2851 1330 2986 1367 mox
3000 1320 3269 1369 mortuus
3289 1319 3379 1368 est
3390 1322 3680 1385 repertus,

2035 1426 2063 1453 «
2090 1404 2346 1459 Aderant
2366 1403 2563 1475 igitur,
2591 1403 2861 1473 Epicure,
2886 1403 3217 1457 Philemoni
3248 1420 3457 1458 novem
3481 1406 3679 1472 Musas,

2035 1516 2063 1544 «
2100 1500 2159 1547 et
2187 1509 2321 1547 cum
2351 1491 2528 1546 fatale
2561 1491 2712 1546 illud
2741 1496 2800 1546 et
2827 1491 3106 1546 ultimum
3148 1493 3263 1546 iter
3305 1493 3683 1564 ingressurus

2037 1605 2065 1634 α
2100 1586 2276 1651 esset,
2309 1580 2381 1636 ab
2413 1580 2517 1635 illo
2548 1580 2826 1652 digressa;
2859 1584 3016 1635 sunt.
3051 1580 3173 1635 Diis
3203 1581 3364 1635 enim
3398 1580 3564 1634 nefas
3596 1581 3683 1634 vi-

2037 1695 2064 1723 ‹‹
2098 1672 2238 1727 dere
2267 1676 2557 1739 mortuos,
2590 1671 2859 1739 quamvis
2889 1669 3003 1724 sibi
3032 1670 3439 1735 charissimos,
3473 1686 3549 1724 ne
3586 1686 3685 1724 as-

2038 1787 2065 1814 «
2100 1769 2331 1836 pectum
2358 1762 2651 1835 polluant,
2682 1761 3067 1815 morientium
3100 1759 3686 1814 exhalationibus.Tu

2039 1877 2067 1904 ‹‹
2101 1870 2257 1918 vero,
2293 1852 2493 1919 stulte,
2526 1851 2633 1916 ais,
2670 1867 2770 1905 eos
2801 1866 2875 1904 ne
2907 1865 3113 1904 curare
3147 1848 3389 1919 quidem
3421 1865 3516 1903 res
3547 1865 3687 1903 nos-

2041 1966 2069 1994 «
2105 1949 2242 1998 tras.
2279 1964 2307 1993 »
2338 1942 2602 1997 )Elianus
2632 1940 2785 1994 libro
2818 1940 2897 1993 De
2928 1938 3324 1993 Providentia.

2107 2032 2420 2088 Philemon
2444 2030 2672 2102 junior,
2707 2033 2766 2082 et
2790 2028 2916 2098 ipse
2947 2027 3231 2093 comicus,
3284 2024 3443 2080 ﬁlius
3488 2024 3688 2080 Phile-

2038 2120 2234 2175 monis
2256 2118 2489 2184 comici,
2520 2116 2621 2187 qui
2652 2114 2856 2169 docuit
2882 2112 3112 2168 fabulas
3140 2114 3273 2168 LIV.

2109 2208 2467 2279 Philepsius,
2495 2207 2665 2277 cujus
2686 2210 2752 2259 ut
2781 2203 3042 2258 hominis
3063 2201 3261 2256 callidi
3282 2204 3688 2257 meminerunt

2040 2299 2249 2356 comici
2283 2298 2544 2367 antiquze
2575 2293 2879 2359 comedim,
2924 2297 2984 2346 et
3029 2290 3186 2361 quod
3240 2291 3398 2345 inter
3448 2291 3688 2345 concio-

2039 2388 2304 2444 nandum
2355 2385 2574 2457 papulo
2627 2382 2875 2437 fabellas
2931 2396 3174 2435 narrare
3229 2378 3478 2442 solebat,
3530 2378 3688 2432 idem

281 2476 424 2531 dum
456 2490 596 2537 una,
655 2488 835 2543 prope
883 2471 1116 2537 Delum,
1177 2471 1397 2542 Syrius.
1458 2470 1611 2525 Vixit
1667 2475 1934 2540 tempore

2066 2493 2309 2533 ocorum
2341 2490 2549 2531 amans
2574 2477 2633 2526 et
2659 2468 3072 2546 φιλοπαίγμων,
3104 2473 3174 2523 ut
3199 2468 3395 2523 innuit
3448 2469 3692 2522 Demos-

284 2564 594 2635 Halyattis,
618 2562 774 2634 regis
801 2560 1093 2632 Lydorum
1124 2565 1184 2615 et
1212 2577 1283 2614 vu
1314 2560 1650 2631 sapientum
1682 2558 1939 2629 aequalis

288 2654 426 2717 fuit,
459 2657 635 2707 natus
660 2651 820 2706 circa
850 2650 988 2704 XLV
1018 2648 1695 2721 Olympiadem.Ferunt,
1720 2647 1937 2718 Pytha-

285 2757 488 2813 goram
520 2740 592 2795 ab
625 2755 693 2794 eo
744 2739 1085 2794 institutum
1138 2737 1340 2802 fuisse,
1390 2737 1588 2808 ipsum
1634 2752 1769 2791 vero
1816 2752 1937 2790 non

282 2831 567 2886 habuisse
600 2834 1050 2899 przeceptorem,
1086 2826 1189 2882 sed
1219 2826 1459 2897 proprio
1501 2842 1562 2880 se
1604 2824 1938 2880 exercuisse

288 2920 509 2988 studio,
542 2918 900 2988 comparatis
932 2916 1043 2971 sibi
1075 2916 1309 2971 arcanis
1348 2914 1695 2970 Phcenicum
1747 2913 1938 2979 libris,

294 3008 641 3079 κτησάμενον
673 3004 739 3058 τὰ
771 3002 1043 3059 Φοινίκων
1093 3002 1380 3080 ὰπόκρυφα
1436 2997 1645 3077 βιϐλία.
1691 3002 1941 3068 Quidam

292 3098 555 3165 tradunt,
588 3112 725 3151 eum
757 3095 1027 3150 oratione
1054 3110 1230 3165 prosa
1258 3093 1519 3164 primum
1560 3091 1820 3147 scribere
1851 3091 1939 3145 in-

289 3187 576 3253 stituisse,
609 3184 769 3257 quod
800 3184 903 3239 alii
934 3182 1009 3239 ad
1040 3183 1325 3238 Cadmum
1366 3181 1653 3238 referunt.
1704 3180 1939 3234 Primus

2044 2569 2253 2623 thenes
2284 2564 2563 2621 Oratione
2594 2565 2801 2616 contra
2830 2560 3241 2613 Timocratem.

2115 2655 2469 2711 Philetaarus
2503 2648 2903 2711 Atheniensis,
2936 2648 3222 2710 comicus,
3252 2645 3412 2699 titius
3466 2644 3694 2699 Aristo-

2045 2746 2282 2819 phanis,
2316 2743 2548 2799 comici.
2592 2739 2826 2796 Fabulae
2854 2738 2982 2809 ejus
3013 2738 3159 2799 XXI,
3194 2752 3262 2791 ex
3293 2734 3511 2806 quibus
3554 2738 3695 2789 sunt

2046 2829 2527 2907 ΙιωῑἈχιλλεὺς,
2587 2828 3001 2898 Κορινθιαστης,
3061 2820 3369 2891 Φίλαυλος,
3430 2820 3695 2897 Κέφαλος,

2055 2921 2289 2997 Τηρεὺς,
2320 2916 2646 2986 Ἄντυλλος,
2679 2914 2956 2973 Οἰνοπίων
2987 2916 3337 2985 (Nicostrato
3370 2913 3595 2967 tributa
3623 2911 3696 2965 ab

2049 3013 2205 3075 aliis)
2234 3029 2248 3078 ;
2284 3016 2409 3065 tum
2442 3003 2745 3073 Ἀταλάντη
2781 3011 2841 3061 et
2868 3000 3324 3079 Λαμπαδοφόροι.

2126 3101 2411 3162 Philetas,
2438 3099 2615 3161 Cous,
2644 3095 2884 3165 Telephi
2945 3095 3031 3158 F.,
3082 3093 3277 3147 clarus
3333 3090 3592 3161 Philippi
3645 3092 3705 3143 et

2053 3192 2370 3249 Alexandri
2395 3185 3399 3261 tempore,grammaticus,criticus.
3434 3184 3537 3237 Hic
3568 3198 3702 3237 cum

289 3276 468 3331 etiam
500 3275 835 3331 animarum
868 3289 937 3328 ex
954 3288 1199 3343 corpore
1218 3272 1280 3326 in
1306 3270 1469 3325 aliud
1491 3286 1709 3340 corpus
1728 3269 1938 3341 migra-

2064 3239 2370 3249 ’·“ν-“”··ν“⁶
2401 3239 2618 3261 -ν--ιην-
2638 3239 2740 3260 '10-
2762 3239 2952 3242 -~*—~~*
3018 3239 3026 3241 ν
3055 3239 3058 3240 ν
3121 3239 3131 3252 1

2064 3300 2114 3338 .n
2143 3278 2501 3338 inveniendo
2534 3278 2920 3349 sophismate,
2952 3273 3110 3344 quod
3145 3272 3575 3343 pseudomenum
3603 3286 3706 3324 vo-

288 3365 512 3420 tionem
542 3364 818 3419 docuisse
846 3362 1053 3417 fertur.
1090 3361 1357 3415 Sectatus
1388 3363 1478 3414 est
1505 3357 1764 3413 Thaletis
1816 3357 1945 3428 opi-

288 3454 553 3508 nionem.
613 3452 771 3508 Obiit
824 3450 1031 3506 morbo
1090 3448 1439 3520 pediculari.
1523 3447 1754 3512 Omnia,
1814 3451 1946 3517 qum

293 3542 537 3613 scripsit
590 3542 718 3596 haec
769 3546 944 3596 sunt:
999 3539 1352 3611 Ἑπτάμυχυς
1401 3533 1525 3603 ἢτοι
1582 3531 1944 3608 Θεοκρασίαῆ

293 3628 583 3705 Θεολογία,
614 3626 692 3682 ἔτι
736 3626 793 3682 δὲ
850 3625 1150 3701 Θιογονία),
1209 3626 1379 3681 libris
1437 3625 1644 3680 decem
1699 3624 1947 3680 deorum

293 3719 742 3794 generationem
775 3724 834 3774 et
864 3717 1306 3773 successionem
1337 3714 1672 3770 continens.

368 3808 760 3879 Pherecydes,
795 3806 1020 3872 Lerius,
1054 3805 1393 3873 historicus,
1416 3809 1593 3858 natus
1615 3802 1790 3874 paulo
1813 3806 1949 3858 aute

295 3898 478 3954 LXXV
501 3896 931 3968 Olympiadem.
958 3895 1207 3965 Scripsit
1231 3892 1301 3947 de
1330 3894 1471 3948 Lero
1495 3909 1508 3959 ;
1530 3892 1601 3947 de
1624 3892 1949 3963 Iphigenia,

300 3988 371 4043 de
406 3987 618 4043 Bacchi
655 3985 830 4040 festis
862 3990 920 4039 et
949 3984 1087 4039 alia.

371 4076 635 4141 Phidias,
670 4075 1012 4141 statuarius,
1038 4071 1138 4143 qui
1171 4075 1426 4127 statuam
1477 4069 1799 4124 eburneam
1850 4070 1952 4123 Mi-

298 4182 493 4220 nervae
522 4164 683 4221 fecit.
718 4162 977 4218 Pericles
1012 4177 1167 4216 vero.
1201 4159 1537 4230 sumptibus
1566 4159 1632 4213 in
1662 4174 1793 4213 eam
1824 4173 1952 4214 rem

295 4254 589 4310 faciendis
614 4269 648 4308 a
676 4251 894 4324 p0pulo
921 4250 1254 4322 prmfectus,
1278 4248 1713 4319 quinquaginta
1734 4247 1957 4302 talenta

298 4344 477 4399 vertit
507 4343 568 4397 in
589 4359 718 4397 rem
735 4357 926 4407 suam,
943 4346 1103 4405 et,ne
1125 4338 1389 4394 rationes
1410 4336 1708 4404 redderet,
1728 4336 1956 4392 bellum

303 4431 597 4498 excitavit,
632 4436 745 4486 etc.

374 4519 730 4593 Philagrius,
766 4519 997 4590 Lycius,
1030 4514 1369 4580 Macrensis,
1403 4520 1470 4569 ut
1490 4513 1781 4586 repetitur
1801 4512 1958 4585 apud

2054 3378 2239 3436 catur,
2268 3370 2621 3431 elaboraret,
2676 3368 2991 3420 extenuato
3047 3377 3293 3432 corpore
3351 3360 3518 3415 obiit.
3574 3359 3707 3414 Fuit

2054 3466 2384 3536 praeceptor
2402 3457 2706 3514 Ptolemaai
2729 3453 2997 3521 secundi,
3030 3452 3383 3523 scripsitque
3409 3453 3705 3520 Epigram-

2053 3558 2226 3619 mata,
2259 3551 2457 3619 elegias
2486 3553 2545 3602 et
2573 3546 2710 3602 alia.

2128 3639 2495 3711 Philippicus
2516 3634 2837 3704 Bardones,
2858 3630 3189 3688 Iustiniano
3212 3630 3355 3701 imp.
3370 3628 3707 3699 interfecto,

2056 3730 2219 3785 visus
2251 3734 2343 3784 est
2368 3728 2681 3782 inhoneste
2732 3729 2790 3778 et
2847 3721 3106 3794 segniter
3160 3719 3479 3791 imperium
3526 3718 3713 3773 admi-

2063 3821 2341 3875 nistrare.
2374 3819 2444 3872 Et
2476 3819 2678 3871 Patres
2707 3812 3075 3869 mcumenico
3116 3810 3368 3865 concilio
3432 3808 3619 3880 (CPol.
3654 3825 3708 3865 a.

2062 3911 2185 3971 680)
2214 3910 2622 3980 congregatos,
2663 3902 3027 3959 anathemati
3084 3899 3357 3971 subjecit,
3426 3898 3710 3953 divinitus

2060 3998 2132 4053 ab
2164 3997 2283 4051 illis
2315 3996 2583 4051 decretas
2626 3993 2775 4047 duas
2821 3992 2882 4045 in
2927 3991 3229 4045 Servatore
3281 3988 3616 4042 voluntates
3656 3988 3717 4039 et

2064 4089 2327 4145 actiones
2349 4103 2470 4141 non
2489 4084 2832 4149 admittens,
2855 4081 3156 4152 adjutores
3178 4079 3710 4141 nactusJoannem,

2069 4183 2209 4232 tunc
2240 4175 2403 4230 urbis
2433 4173 2728 4244 (CPoleos)
2762 4186 3062 4227 summum
3093 4167 3458 4239 pontiﬁcem,
3492 4172 3551 4219 et
3571 4167 3713 4219 Ger-

2062 4282 2330 4332 manum,
2364 4262 2551 4335 Cyzici
2582 4259 3128 4330 metropolitanum,
3160 4260 3219 4310 et
3242 4255 3392 4310 alios
3440 4252 3715 4308 sacerdo-

2070 4363 2158 4411 tes
2190 4360 2249 4410 et
2277 4358 2581 4409 senatores
2612 4350 2922 4422 plurimos.

2138 4442 2524 4515 Philippides,
2560 4438 2962 4502 Atheniensis,
2995 4436 3260 4492 comicus
3292 4449 3460 4488 novas
3502 4448 3718 4487 coma)-

2066 4536 2199 4602 ἀίω,
2234 4533 2393 4589 illius
2428 4530 2730 4597 Philoclis,
2764 4528 2907 4583 vixit
2951 4525 3295 4599 Olympiade
3338 4522 3472 4593 CXI,
3518 4522 3720 4577 docuit

298 4613 751 4683 Eugenatorem.
788 4607 899 4663 Sed
930 4611 996 4661 ut
1052 4606 1177 4676 ipse
1229 4604 1561 4675 Philagrius
1620 4603 1827 4659 scribit
1881 4602 1956 4659 ad
1989 4608 2037 4672 Π
2066 4625 2300 4680 fabulas
2331 4623 2514 4677 XLIV.

302 4700 713 4755 Philemonem
746 4698 806 4751 in
839 4694 1089 4767 epistola
1115 4694 1189 4748 de
1212 4694 1415 4764 jecore
1456 4692 1753 4759 indurato,
1783 4693 1967 4749 fuerit

300 4789 500 4860 potius
529 4788 799 4843 medicus
820 4786 1084 4857 Epirota,
1109 4780 1439 4853 discipulus
1452 4782 1965 4853 Naumachii,post

304 4877 513 4933 Galeni
544 4882 835 4948 tempora,
888 4873 988 4945 qui
1040 4870 1477 4927 Thessalonicae
1525 4875 1593 4925 ut
1638 4870 1964 4941 plurimum

306 4972 496 5022 artem
528 4966 823 5021 medicam
856 4961 1138 5019 exercuit.
1173 4959 1520 5031 Composuit
1555 4958 1739 5014 libros
1771 4960 1961 5015 medi-

305 5073 406 5111 cos
440 5056 608 5121 LXX,
643 5056 691 5110 si
724 5052 989 5126 singulos
1020 5065 1324 5117 numeres,
1357 5048 1591 5119 aliaque
1634 5065 1814 5120 opera
1842 5066 1963 5105 non

304 5160 516 5216 pauca.
545 5145 694 5199 Item
724 5139 1233 5198 Commentarium
1269 5137 1331 5192 in
1361 5138 1795 5208 Hippocratem,

390 5233 648 5300 Phileas,
682 5232 784 5304 qui
810 5228 1179 5287 Andocidem
1214 5226 1509 5300 sacrilegii
1541 5227 1857 5283 accusavit.

392 5322 718 5392 Philemon,
761 5322 1192 5393 Syracusanus,
1244 5317 1527 5373 Damonis
1569 5317 1653 5383 F.,
1704 5316 1966 5372 comicus

384 5561 459 5627 (l)
492 5557 647 5619 Haec,
681 5570 812 5625 quas
838 5551 1180 5627 _d_einceps_
1211 5549 1555 5627 ex__1_Eliano
1609 5546 1814 5627 Suidas
1867 5545 1961 5627 af-

306 5618 454 5703 fert,
472 5627 543 5682 de
558 5618 757 5703 altero
790 5618 1138 5703 Philemone
1168 5619 1555 5703 intelligenda
1577 5624 1734 5699 sunt,
1757 5618 1963 5701 nonde

304 5691 439 5771 illo,
470 5698 572 5771 qui
597 5698 724 5754 risu
754 5701 846 5754 est
900 5700 1221 5752 emortuus.
1270 5691 1683 5765 (Philemonis,
1729 5691 1963 5762 comici,

2144 4712 2467 4783 Philippus,
2529 4706 2983 4779 Amphipolites,
3063 4703 3403 4771 historicus,
3481 4701 3721 4773 scripsit

2076 4803 2355 4857 Rhodiaca
2416 4799 2571 4853 libris
2620 4798 2766 4863 XIX,
2826 4793 3157 4866 argumenti
3216 4791 3384 4847 valde
3442 4790 3717 4847 obsceni:

2087 4894 2286 4947 Coiaca
2318 4889 2487 4945 libris
2517 4889 2586 4951 Il,
2619 4887 2881 4942 Thasiaca
2913 4884 3078 4938 libris
3112 4883 3184 4945 Il,
3211 4887 3269 4937 et
3297 4881 3432 4937 alia.

2145 4980 2475 5050 Philippus,
2509 4976 2803 5047 Sophista,
2837 4974 2938 5043 qui
2988 4972 3227 5043 scripsit
3278 4974 3354 5027 De
3408 4969 3720 5041 spiritibus,

2078 5068 2481 5126 Herodianum
2513 5070 2775 5131 secutus,
2809 5062 3138 5118 secundum
3176 5060 3447 5116 ordinem
3497 5060 3724 5115 littera-

2073 5175 2207 5214 rum
2232 5175 2245 5211 :
2278 5158 2421 5211 item
2451 5158 2528 5211 De
2556 5154 2895 5225 synalazpha.

2146 5246 2476 5318 Philippus,
2508 5244 2791 5309 comicus,
2825 5259 2895 5298 ex
2930 5242 3100 5314 cujus
3159 5238 3522 5297 dramatibus
3583 5241 3724 5293 sunt

2074 5332 2487 5404 Κωδωνιασταὶ,
2518 5339 2670 5390 teste
2694 5333 2976 5389 Athenaeo
3015 5330 3161 5403 [sed,
3183 5334 3426 5385 notante
3448 5329 3720 5395 Kustero,

2072 5543 2341 5598 dramata
2371 5543 2643 5595 recenset
2664 5543 2722 5593 et
2749 5537 2865 5592 duo
2887 5536 3037 5591 alios
3059 5530 3721 5595 Philemonas,alterum

2070 5616 2442 5673 Tarsensem,
2472 5611 2728 5666 alterum
2757 5606 3229 5681 grammaticum,
3266 5602 3575 5681 distinguit
3602 5602 3719 5657 Ku-

2071 5692 2194 5743 ster
2221 5685 2297 5743 ad
2336 5684 2395 5741 h.
2430 5684 2467 5739 l.
2501 5688 2621 5740 not.
2658 5682 2711 5752 9,
2742 5674 2871 5753 pag.
2906 5681 3008 5735 599
3039 5694 3164 5748 seq.
3195 5682 3336 5731 tom.
3369 5674 3465 5730 III.
