4070 6196
317 381 467 443 1321

1634 381 1736 443 DE
1778 378 2067 453 QUIBUS
2111 378 2415 449 SUIDAS.

3577 399 3735 459 1322

315 531 536 589 upupa,
598 514 790 572 ﬁlium
848 514 1056 571 habuit
1112 517 1481 579 Morsimum,‘
1527 518 1837 589 tragicum,
1897 532 1967 570 ex
2000 518 2045 581 Α
2080 518 2257 575 cundi
2290 520 2473 580 frater
2502 531 2646 594 erat,
2684 529 2965 584 Lemnius
2999 534 3057 584 et
3088 529 3213 602 ipse
3247 530 3514 601 sophista
3536 531 3738 588 docuit

322 624 436 679 quo
464 610 638 665 natus
672 611 760 661 est
788 607 1165 678 Assydamas,
1200 608 1474 680 tragicus,
1512 614 1570 663 et
1599 624 1671 662 ex
1701 608 1813 662 isto
1847 606 1977 661 Phi-

316 696 501 751 locles
532 696 703 761 alter,
737 694 880 749 belli
932 694 1070 751 dux.
1103 695 1293 768 [Conf.
1348 696 1577 751 Kusteri
1614 701 1737 751 not.
1771 699 1801 750 5
1835 700 1893 750 et
1921 697 1975 762 6,

321 786 438 841 vol.
475 787 571 851 III,
607 801 737 857 pag.
771 785 923 855 604.]

394 874 741 929 Philonides
786 875 1191 942 Atheniensis,
1244 876 1506 930 comicus
1538 877 1839 946 antiquus,
1875 884 1975 943 qui

320 971 458 1021 ante
490 964 638 1019 fullo
688 963 820 1019 fuit.
885 965 963 1018 Ex
994 965 1299 1020 comoediis
1359 966 1485 1036 ejus
1518 972 1658 1020 sunt
1691 963 1976 1036 Κόθορνοι,

315 1054 560 1121 Ἀπήνη,
611 1048 957 1123 Φιλέταιρος.
1018 1053 1180 1108 Alias
1212 1054 1578 1119 Philonides,
1631 1070 1809 1124 quem
1844 1069 1977 1123 per-

320 1144 557 1215 stringit
585 1143 884 1213 Aristoph.
940 1144 1001 1197 in
1061 1166 1087 1194 ‹‹
1122 1144 1282 1198 Pluto
1315 1166 1343 1193 »
1376 1150 1433 1198 et
1480 1143 1551 1197 de
1584 1159 1699 1214 quo
1739 1157 1979 1212 prover-

324 1234 488 1288 bium
515 1250 527 1286 :
565 1227 1050 1305 Ἀπαιδευτότερος
1081 1229 1397 1285 Φιλωνίδου
1426 1235 1523 1284 τοῦ
1553 1227 1852 1289 Μελιτέως.

394 1322 803 1393 Philopwmen
856 1321 1221 1376 institutusa
1278 1321 1557 1387 Cleando,
1598 1320 1975 1386 Mantinensi,

319 1418 566 1483 paterno
601 1410 853 1481 hospite.
905 1412 1117 1465 Postea
1163 1410 1624 1465 adolescentiam
1675 1410 1977 1481 ingressus

325 1502 648 1558 Ecdemum
679 1517 747 1555 ac
780 1501 1222 1572 Demophanem
1270 1502 1347 1573 (4)
1396 1500 1607 1555 sectari
1640 1503 1836 1570 ccepit,
1868 1516 1975 1572 ge-

330 1609 471 1647 nere
505 1590 990 1662 Megapolitanus,
1025 1595 1411 1660 tyrannorum
1440 1589 1575 1643 odio
1621 1590 1811 1660 patria
1842 1605 1975 1659 pro-

326 1682 494 1752 fugos
526 1685 585 1734 et
613 1679 922 1739 Arcesilai.
947 1679 1306 1750 philosophi,
1341 1679 1609 1733 convictu
1643 1684 1782 1733 tunc
1812 1684 1980 1732 uten-

326 1774 436 1835 tes,
468 1767 569 1839 qui
599 1767 662 1822 in
694 1766 1009 1822 evertendo
1042 1766 1301 1830 Nicocle,
1333 1766 1741 1836 Sicyoniorum
1776 1770 1976 1837 tyran-

322 1876 421 1923 no,
456 1862 700 1913 Aratum
733 1874 912 1928 opera
938 1875 1045 1913 sua
1072 1857 1427 1926 adjuverunt
1455 1856 1549 1928 (ex
1578 1856 1863 1927 Polybio).

396 1946 791 2017 Philosophus
822 1947 919 2016 (5),
946 1946 1046 2016 qui
1073 1944 1339 1999 Platonis
1371 1944 1532 2016 leges
1565 1943 1623 1997 in
1656 1944 1752 1997 XII
1788 1942 1971 1997 libros

325 2036 524 2091 divisit
547 2034 868 2106 (decimum
903 2034 1143 2087 tertium
1177 2034 1335 2087 enim
1367 2032 1493 2104 ipse
1528 2030 1826 2086 addidisse
1856 2029 1971 2083 fer-

324 2128 457 2194 tur).
497 2123 754 2179 Socratis
781 2129 839 2176 et
889 2122 1075 2193 ipsius
1106 2122 1370 2176 Platonis
1410 2121 1666 2187 auditor,
1702 2122 1800 2192 qui
1835 2138 1973 2176 con-

323 2220 441 2267 tem
450 2212 697 2283 plationi
720 2228 917 2266 rerum
942 2212 1271 2266 ccelestium
1284 2211 1524 2268 vocavit.
1544 2211 1695 2265 Vixit
1714 2216 1975 2281 tempore

327 2302 583 2372 Philippi
615 2301 968 2364 Macedonis,
1007 2306 1064 2356 et
1090 2302 1215 2355 hmo
1265 2301 1538 2372 scripsit:
1573 2324 1597 2349 ‹‹
1636 2302 1714 2354 De
1747 2299 1888 2354 solis
1919 2305 1978 2354 et

333 2416 353 2441 ι
392 2392 549 2447 lunae
582 2392 929 2459 intervallo;
964 2393 1043 2446 De
1069 2391 1183 2446 diis
1222 2392 1406 2446 libros
1439 2392 1524 2457 II;
1558 2393 1635 2446 De
1670 2396 1974 2461 tempore;

328 2505 356 2531 ιι
390 2484 469 2537 De
500 2480 755 2547 fabulis;
789 2483 869 2536 De
902 2481 1173 2536 libertate
1201 2498 1215 2545 ;
1248 2482 1326 2535 De
1360 2482 1483 2547 ira;
1524 2481 1602 2534 De
1634 2480 1976 2535 retributio-

327 2594 354 2619 ‹‹
385 2588 457 2626 ne
486 2590 499 2639 ;
526 2572 605 2627 De
629 2571 824 2626 Locris
843 2570 1113 2642 Opuntiis
1139 2587 1152 2636 ;
1178 2572 1257 2624 De
1274 2570 1571 2640 voluptate
1596 2586 1608 2636 ;
1631 2570 1710 2623 De
1732 2585 1969 2637 amore;

327 2683 354 2710 «
388 2662 468 2715 De
498 2662 704 2716 amicis
737 2665 796 2715 et
816 2660 1116 2727 amicitia;
1150 2660 1230 2714 De
1262 2659 1623 2730 scriptione;
1655 2677 1685 2709 ι)
1720 2658 1848 2730 Περὶ
1878 2659 1973 2711 τοῦ

323 2747 569 2825 γράφειν·
606 2770 633 2798 ‹‹
667 2750 747 2804 De
777 2749 1055 2816 Platone;
1110 2748 1190 2803 De
1222 2747 1427 2818 eclipsi
1474 2752 1533 2801 et
1562 2746 1972 2818 magnitudine

328 2862 353 2888 ‹‹
390 2839 534 2893 solis
566 2844 625 2892 et
652 2838 807 2893 lunas
841 2846 898 2892 et
930 2844 1099 2891 terrai
1130 2854 1143 2904 ;
1197 2838 1277 2891 De
1319 2835 1691 2909 fulguribus;
1726 2837 1805 2889 De
1834 2836 1969 2907 pla-

324 2950 349 2976 «ι
388 2926 580 2993 netis;
612 2926 1039 2993 Arithmetica;
1075 2926 1156 2979 De
1178 2925 1444 2979 numeris
1466 2922 1757 2991 fecundis,
1781 2946 1802 2976 ι
1842 2922 1969 2995 Περὶ

322 3013 651 3088 πολυγόνων
684 3015 952 3085 ἂριθμῶν·
988 3036 1016 3063 ‹‹
1052 3013 1391 3084 Opticorum
1420 3012 1607 3067 libros
1636 3013 1680 3067 II
1708 3037 1722 3079 ;
1766 3014 1971 3084 Enop-

322 3129 349 3156 ‹‹
383 3107 540 3162 ticon
570 3105 755 3161 libros
789 3105 876 3172 ll;
914 3126 940 3153 »
972 3099 1267 3170 Κυκλιαχά,
1302 3126 1328 3153 ιι
1373 3104 1451 3157 De
1484 3102 1760 3169 circulis;
1796 3123 1824 3151 »
1859 3101 1967 3156 Με-

320 3194 573 3263 σύτητας,
606 3218 633 3245 ‹‹
669 3193 1030 3258 Medietates,
1061 3213 1088 3245 ι
1125 3199 1184 3247 et
1213 3193 1349 3248 alia.

392 3284 784 3339 Philostratus
802 3284 1048 3355 primus,
1073 3281 1371 3347 Lemnius,
1399 3281 1529 3335 Veri
1560 3282 1644 3347 F.,
1678 3284 1844 3351 pater
1874 3295 1969 3334 se-

319 3373 498 3428 cundi
547 3373 911 3437 Philostrati,
968 3371 1234 3443 sophista
1290 3371 1390 3441 qui
1422 3376 1609 3425 artem
1648 3369 1967 3424 oratoriam

320 3464 625 3538 professus
645 3471 735 3519 est
756 3463 1022 3529 Athenis,
1038 3461 1296 3532 vixitque
1319 3459 1425 3514 sub
1449 3461 1697 3515 Nerone.
1723 3458 1970 3529 Scripsit

320 3555 526 3628 plures
557 3576 585 3603 ‹‹
618 3553 923 3609 Orationes
954 3550 1337 3623 panegyricas
1364 3570 1391 3598 »δ
1419 3554 1470 3603 et
1503 3550 1625 3603 «IV
1657 3549 1966 3604 Orationes

324 3668 350 3695 ‹‹
381 3643 820 3708 Eleusiniacas;
872 3640 1382 3705 Declamationes;
1417 3639 1783 3702 Quaestiones
1833 3638 1965 3692 rhe-

324 3758 351 3783 ‹‹
376 3734 593 3788 toricas
618 3729 975 3799 ;Loca,unde
999 3733 1350 3801 argumenta
1375 3728 1671 3782 rhetorica
1700 3726 1967 3797 depromi

320 3846 348 3875 ‹‹
382 3826 672 3894 possunt;
708 3821 788 3874 De
840 3818 1085 3873 nomine
1123 3816 1402 3872 adversus
1446 3816 1841 3887 Antipatrum,
1876 3832 1968 3869 so-

322 3938 350 3968 «
383 3916 642 3989 phistam
668 3931 682 3980 ;
706 3914 785 3967 De
809 3909 1092 3983 tragaadia
1122 3909 1306 3964 libros
1328 3910 1401 3963 III
1427 3925 1440 3975 ;
1468 3909 1914 3979 Gymnasticnm
1941 3928 1968 3955 ››

320 4005 439 4059 sive
474 4027 501 4055 ιι
536 4004 616 4058 De
649 4000 945 4056 exercitiis
968 4016 1193 4065 eorum,
1220 3998 1319 4068 qui
1342 3998 1627 4068 Olympiw
1650 4003 1917 4065 certant;
1944 4021 1963 4047 ι

318 4089 755 4165 Λιθογνωμιχὸν,
782 4112 807 4137 ‹‹
835 4090 914 4143 De
940 4086 1358 4160 dignoscendis
1388 4086 1610 4157 lapillis
1633 4108 1661 4135 »
1677 4086 1795 4141 sive
1817 4102 1973 4158 gem-

323 4183 475 4248 mis;
539 4201 559 4228 ι
594 4183 908 4244 Proteum;
940 4179 1159 4232 Canem
1217 4176 1334 4230 sive
1366 4176 1731 4246 scphistam;
1790 4178 1968 4230 Nero-

322 4294 351 4322 «
384 4288 521 4327 nem
554 4274 945 4341 spectatorem
975 4284 989 4332 ;
1022 4265 1353 4339 Tragaadias
1383 4266 1592 4335 XLIII;
1643 4265 1970 4320 Commdias

318 4387 347 4414 «
383 4363 524 4417 XIV.
560 4382 585 4409 ››
619 4361 883 4429 Itemque
915 4357 1033 4412 alia
1054 4355 1310 4427 plurima
1333 4361 1392 4411 et
1410 4360 1741 4410 memoratu
1769 4356 1966 4428 digna.

385 4451 776 4506 Philostratus
800 4445 1161 4510 Philostrati,
1196 4446 1295 4517 qui
1324 4451 1383 4500 et
1416 4446 1597 4500 Verus
1632 4445 1823 4499 dictus
1856 4452 1966 4513 est,

310 4538 536 4594 Lemnii
570 4536 849 4608 sophistas
882 4536 940 4589 F.
976 4538 1035 4588 et
1060 4535 1187 4605 ipse
1212 4533 1363 4588 alter
1394 4532 1681 4604 sophista,
1709 4534 1809 4604 qui
1842 4534 1964 4606 pri-

2094 609 2361 680 Athenis,
2397 616 2544 670 obiit
2593 623 2650 672 et
2708 620 2974 690 sepultus
3035 626 3123 674 est
3152 621 3213 675 in
3249 620 3444 675 insula
3494 622 3739 677 Lemno.

2094 700 2346 756 Auditor
2401 711 2459 759 et
2513 723 2695 779 gener
2752 708 2996 763 secundi
3048 710 3411 774 Philostrati,
3466 711 3739 781 scripsit:

2096 806 2123 834 «
2156 789 2487 862 Imagines;
2539 796 2879 851 Orationem
2933 797 3004 851 de
3065 798 3273 868 Troja;
3329 799 3738 869 Paraphrasim

2096 900 2120 924 «
2155 879 2345 951 clypei
2406 885 2731 952 Homeriti;
2795 887 3264 942 Declamationes
3304 890 3366 942 V.
3404 910 3424 939 ι
3489 889 3737 953 Quidam

2094 970 2270 1025 etiam
2309 997 2327 1021 ε
2371 976 2523 1030 Vitas
2556 978 2963 1048 Sophistarum
2995 1001 3022 1026 ››
3047 980 3159 1049 ipsi
3190 979 3472 1033 tribuunt.

2165 1058 2594 1137 Φιλοτιμὸτεραι
2631 1065 3001 1143 Κλεοφῶντος.
3038 1092 3062 1117 ‹‹
3096 1069 3542 1123 Ambitiosiores
3573 1068 3739 1124 Cleo-

2095 1169 2121 1196 ‹‹
2152 1149 2397 1220 ρὴοηῐθ,
2432 1154 2492 1208 in
2525 1157 2695 1226 cujus
2741 1157 2923 1211 labris
2956 1158 3166 1229 strepit
3216 1158 3484 1213 Threicia
3532 1158 3741 1213 hirun-

2099 1258 2119 1285 ι
2157 1239 2251 1292 do.
2288 1264 2313 1291 ››
2346 1244 2584 1299 Deridet
2612 1247 2782 1301 illum
2810 1249 3302 1319 (AristOphanes),
3337 1254 3401 1302 ut
3432 1250 3738 1316 Thracem,

2093 1327 2250 1396 quod
2309 1346 2378 1384 ex
2436 1333 2688 1389 Thrassa
2744 1341 2918 1389 natus
2948 1342 3125 1397 esset,
3158 1342 3269 1390 etc.
3331 1338 3395 1390 In
3428 1336 3607 1403 hunc,
3642 1338 3742 1407 qui

2093 1422 2219 1470 erat
2248 1416 2624 1493 demagogus,
2650 1424 2830 1478 etiam
2855 1429 3043 1478 exstat
3072 1425 3272 1479 fabula
3292 1425 3576 1495 Platonis,
3610 1443 3740 1497 qua:

2091 1504 2278 1575 ipsius
2309 1510 2551 1566 nomine
2581 1512 2943 1579 inscribitur,
2978 1514 3275 1583 Cleophon.

2162 1614 2542 1681 Philoxenus,
2560 1619 2844 1674 Euletidm
2870 1621 2953 1679 F.,
2974 1620 3304 1689 Cytherius,
3330 1620 3571 1691 lyricus,
3596 1624 3742 1676 scri-

2091 1702 2209 1772 psit
2242 1704 2623 1774 Dithyrambos
2654 1710 2847 1776 XXIV,
2879 1715 2935 1763 et
2966 1710 3231 1763 carmine
3264 1710 3445 1780 lyrico
3478 1712 3742 1767 Genealo-

2091 1793 2238 1859 giam
2288 1795 2665 1863 Eacidarum,
2718 1798 2981 1868 obiitque
3032 1799 3266 1869 Ephesi.
3318 1800 3608 1869 Cytheriis
3641 1819 3747 1871 per

2005 1878 2051 1943 B
2086 1880 2562 1939 Lacedaemonios
2595 1886 2656 1939 in
2690 1887 3031 1941 servitutem
3065 1888 3341 1954 redactis,
3389 1895 3623 1959 emptus
3654 1896 3745 1944 est

2082 1970 2154 2023 ab
2186 1974 2437 2044 Agesylo
2472 1974 2749 2044 quodam,
2786 1981 2845 2030 et
2877 1976 3184 2046 Myrmecis
3218 1994 3437 2031 nomen
3472 1978 3523 2031 ei
3554 1978 3742 2048 impo-

2087 2060 2288 2116 situm.
2317 2064 2457 2116 Post
2480 2064 2713 2135 Agesyli
2748 2071 3001 2119 mortem
3034 2065 3399 2136 redemptus,
3440 2072 3498 2120 et
3523 2067 3737 2123 litteris

2086 2148 2392 2205 institutus
2424 2158 2575 2207 esta
2635 2153 3049 2224 Melanippide,
3101 2155 3305 2225 lyrico.
3368 2156 3737 2211 Callistratus

2084 2255 2239 2303 vero,
2277 2241 2571 2295 Heracleae
2604 2243 2862 2297 Ponticae
2892 2248 3096 2297 natum
3139 2260 3290 2309 esse,
3340 2244 3546 2299 scribit
3599 2245 3738 2300 Phi-

2083 2328 2335 2383 onenus
2365 2336 2677 2401 postquam
2706 2331 2981 2387 latomias
3013 2332 3294 2402 Dionysii,
3321 2333 3578 2403 tyranni,
3613 2351 3738 2389 eva-

2085 2417 2262 2472 sisset
2292 2419 2472 2485 (Suid.
2508 2420 2568 2473 in
2600 2419 2807 2492 Ἀτιαγε
2839 2425 2897 2473 et
2927 2417 3022 2481 Εἲς
3053 2416 3371 2491 λατομίας),
3420 2422 3737 2477 Tarentum

2080 2506 2264 2560 Italia:
2297 2523 2358 2561 se
2389 2507 2654 2561 contulit.
2689 2508 2835 2563 Hinc
2863 2514 3099 2580 rogatus
3134 2525 3241 2580 per
3268 2508 3497 2564 litteras
3524 2527 3558 2565 a
3599 2511 3733 2565 Dio-

2083 2594 2273 2665 nysio,
2302 2600 2368 2649 ut
2386 2596 2627 2663 rediret,
2661 2596 2813 2650 nihil
2843 2596 3170 2667 rescripsit,
3223 2596 3325 2651 sed
3361 2598 3557 2652 littera
3583 2599 3625 2652 Ο
3657 2599 3734 2669 (6)

2081 2682 2408 2739 identidem
2465 2684 2697 2739 tabella:
2730 2685 3015 2755 inscripta
3073 2685 3445 2757 significavit,
3479 2702 3541 2741 se
3586 2686 3731 2740 invi-

2081 2772 2368 2827 tationem
2424 2772 2755 2843 repudiare.
2816 2773 2964 2828 Hinc
3020 2773 3397 2844 proverbium
3435 2770 3731 2845 Φιλοξένου

2080 2859 2453 2933 γραμμάτιον.

2154 2968 2534 3036 Philoxenus,
2569 2966 3028 3037 Alexandrinus,
3057 2967 3498 3040 grammaticus,
3531 2971 3730 3025 Roma:

2083 3059 2322 3113 docuit:
2357 3058 2596 3129 scripsit
2625 3080 2651 3107 ‹‹
2687 3059 2766 3112 De
2800 3058 2991 3113 verbis
3012 3058 3481 3128 monosyllabis;
3514 3060 3592 3113 De
3625 3076 3732 3114 no-

2088 3170 2107 3196 υ
2144 3149 2219 3201 tis
2251 3148 2471 3202 criticis
2519 3147 2581 3201 in
2614 3146 2834 3212 Iliade;
2869 3148 2949 3200 De
2995 3146 3188 3201 verbis
3242 3146 3303 3200 in
3338 3170 3359 3195 ο
3417 3166 3476 3217 μι
3509 3169 3537 3196 ‹‹
3572 3148 3732 3202 desi-

1999 3228 2041 3295 C
2082 3258 2108 3287 ‹‹
2143 3236 2460 3304 mentibus;
2496 3238 2574 3291 De
2624 3234 3047 3306 diplasiasmo;
3096 3238 3176 3290 De
3224 3236 3729 3307 Syracusanorum

2084 3348 2111 3375 «
2142 3326 2434 3392 dialecto;
2470 3327 2551 3379 De
2583 3324 2943 3379 Hellenismo
2978 3324 3160 3378 llbl‘OS
3194 3326 3297 3389 IV;
3332 3326 3412 3378 De
3443 3325 3723 3396 conjuga-

2082 3438 2108 3463 (ι
2144 3414 2442 3479 tionibus;
2476 3415 2554 3467 De
2584 3413 2795 3485 glossis
2827 3412 3007 3467 libros
3042 3414 3121 3479 V;
3161 3414 3235 3466 De
3267 3412 3477 3484 glossis
3508 3414 3724 3469 Home-

2081 3525 2109 3553 «
2144 3503 2281 3558 ricis
2307 3521 2321 3569 ;
2351 3504 2427 3558 De
2449 3504 2741 3558 Laconum
2767 3501 3017 3557 dialecto
3040 3503 3148 3569 ;De
3172 3502 3424 3557 dialecto
3452 3503 3669 3574 Ionica,
3699 3525 3726 3552 »

2083 3598 2141 3648 et
2165 3593 2434 3663 reliquis.

2152 3699 2533 3768 Philoxenus,
2566 3698 2914 3767 Leucadius,
2936 3697 3072 3770 gulo
3101 3702 3158 3752 et
3180 3698 3496 3769 parasitus,
3527 3699 3591 3755 V.
3618 3700 3733 3755 Ku-

2082 3795 2203 3845 ster
2234 3790 2307 3844 ad
2339 3794 2478 3844 tom.
2512 3790 2581 3856 II,
2616 3804 2747 3861 pag.
2783 3791 2905 3843 606.

2151 3896 2484 3968 Philyllius,
2514 3895 2914 3963 Atheniensis,
2940 3895 3201 3949 comicus
3224 3894 3485 3965 antiqua;
3511 3911 3729 3951 coma;-

2081 3985 2211 4049 diaa,
2239 4003 2307 4040 ex
2347 3986 2516 4055 cujus
2546 3984 2763 4038 fabulis
2810 3988 2979 4038 sunt:
3020 3981 3236 4056 Αἰγεὺς,
3273 3977 3450 4056 Αὔγη,
3484 3988 3727 4051 ”Δντεια,

2080 4070 2365 4141 Δωδεκάτη
2390 4075 2630 4145 (nomen
2661 4073 2771 4127 hoc
2803 4073 3176 4141 meretricis),
3208 4070 3511 4143 Ἡρακλῆς,
3552 4070 3727 4125 ΙΙλύν-

2076 4182 2201 4237 τρια
2230 4164 2262 4229 ἢ
2294 4159 2590 4227 Ναυσικάα,
2625 4158 2795 4219 Πόλις
2838 4160 3079 4230 (Pollaci
3118 4165 3176 4214 et
3198 4161 3476 4216 Athenaeo
3509 4157 3724 4229 Πόλεις,

2078 4253 2294 4325 plurali
2326 4252 2619 4321 numero),
2654 4248 3011 4322 Φρεωρύχος,
3046 4247 3402 4316 Ἀταλάντης,
3436 4246 3654 4317 Ἑλένη.

2151 4340 2448 4413 Φιλύρινος
2502 4337 2775 4406 Κινησίας,
2808 4338 3073 4393 Cinesias
3129 4344 3302 4408 poeta
3341 4337 3730 4409 dithyrambi-

2080 4450 2184 4489 cus
2212 4432 2346 4498 fuit,
2375 4430 2475 4501 qui
2509 4425 2796 4501 φιλύρινος
2846 4428 3038 4482 dictus
3070 4428 3183 4482 fuit
3226 4430 3367 4491 (non
3420 4426 3494 4481 ob
3526 4425 3730 4481 levita-

2079 4530 2219 4587 tem,
2246 4522 2334 4576 vel
2367 4520 2676 4592 pallorem,
2729 4524 2796 4572 ut
2838 4518 3071 4584 Suidas,
3124 4515 3226 4572 sed
3279 4515 3437 4586 quod
3478 4515 3729 4571 tiliaceis

309 4644 473 4683 mum
492 4598 993 4692 Αιῃεξλίενάείηάθ
1016 4598 1216 4677 Βδηιω
1230 4626 1419 4677 artem
1440 4598 1971 4678 οἰκειοιιίέυίιάοξηίι
2003 4598 2044 4662 Ι)
2081 4610 2295 4666 tabulis
2328 4614 2568 4681 pr0pter
2598 4607 2985 4679 gracilitatem
3021 4622 3082 4660 se
3115 4604 3334 4660 soleret
3362 4603 3633 4668 fasciare,
3666 4609 3730 4659 ut

313 4716 423 4771 sub
447 4717 655 4770 Severo
679 4714 820 4784 imp.
842 4729 1031 4783 usque
1053 4711 1128 4767 ad
1151 4711 1507 4783 Philippum.
1538 4711 1784 4782 Scripsit
1810 4735 1837 4760 ‹‹
1866 4714 1965 4767 De-

314 4828 344 4855 «
377 4804 785 4869 clamationes,
820 4801 1112 4873 Epistolas
1139 4800 1477 4865 amatorias,
1513 4801 1796 4872 Imagines
1830 4823 1857 4851 »
1892 4802 1964 4856 si-

306 4912 374 4950 ve
409 4916 432 4945 α
488 4892 929 4964 Descriptiones
977 4890 1146 4945 libris
1180 4891 1289 4955 IV;
1344 4889 1822 4959 Disputationes;
1857 4891 1963 4945 Ca-

307 5008 336 5036 ‹‹
361 5002 498 5057 pras
530 5006 557 5034 »
592 4983 712 5038 sive
751 5004 773 5033 α
809 4983 888 5036 De
919 4980 1157 5045 fistula;
1190 4977 1489 5049 Apollonii
1521 4980 1734 5049 Tyanei
1772 4980 1961 5035 Vitam

312 5096 334 5126 ι
371 5076 541 5130 libris
599 5072 765 5139 XIII;
824 5073 1040 5125 Forum
1071 5086 1086 5136 ;
1123 5090 1151 5118 »
1193 5068 1486 5142 Ἠρωικὸν,
1547 5088 1575 5117 ‹‹
1611 5069 1958 5137 Heroicum;

306 5188 335 5217 «
370 5167 530 5220 Vitas
556 5163 959 5234 sophistarum
998 5159 1165 5214 libris
1194 5160 1303 5223 IV;
1354 5157 1812 5229 Epigrammata,
1848 5180 1875 5207 »
1905 5164 1963 5214 et

305 5255 429 5311 alia
459 5253 753 5324 quaedam.

379 5343 795 5408 Philostratus,
829 5338 987 5394 ﬁlius
1018 5335 1310 5405 Nerviani,
1350 5335 1450 5405 qui
1484 5335 1825 5391 Philostrati
1858 5354 1958 5391 se-

376 5488 453 5557 (4)
483 5485 683 5557 Iidem,
703 5482 859 5539 infra
888 5478 1538 5557 apud_Suidam_minus
1571 5477 1720 5557 bene
1746 5496 1960 5557 vocan-

304 5551 462 5614 tur}
514 5556 763 5612 Ecdelus
812 5576 866 5624 ››⁸
896 5551 1012 5606 etu
1056 5551 1532 5624 Megalophanes,
1569 5576 1590 5602 ι
1648 5552 1958 5619 Arcesilai,

302 5628 581 5695 Pitanaai,
616 5620 917 5697 discipuli.

375 5704 452 5773 (5)
486 5692 867 5774 Anonymum
886 5695 1057 5774 hunc
1099 5692 1518 5774 philosophum
1571 5708 1700 5774 esse
1732 5694 1957 5774 Philip.

301 5764 473 5849 pum,
507 5764 1149 5849 Opuntiumdﬂatonis
1177 5764 1562 5849 discipulum,
1597 5764 1771 5822 docet
1798 5764 1956 5825 Kus-

304 5837 422 5917 ter,
448 5837 597 5904 toni.
626 5843 727 5910 III,
761 5859 816 5913 p.
851 5842 972 5907 610,
1011 5842 1133 5903 not,
1171 5839 1219 5890 1.
1248 5837 1421 5893 HAaL.

631 5971 899 6034 ΡΑτιιοι.
947 5967 1056 6029 Ga.
1092 5963 1323 6029 CXVII.

2078 4705 2274 4754 rectus
2305 4698 2625 4759 incederet,
2662 4694 3165 4766 quemadmodum
3197 4711 3268 4749 ex
3301 4693 3568 4748 Athenaei
3604 4694 3724 4762 XII,

2077 4805 2208 4861 pag.
2242 4790 2366 4851 551,
2399 4788 2683 4840 Kusterus
2714 4789 2870 4839 recte
2902 4783 3169 4848 notavit).

2144 4890 2393 4948 Φλὲδων.
2455 4892 2684 4957 Timon,
2773 4891 3208 4959 Antisthenem,
3278 4889 3723 4961 philosophum,

2071 5000 2322 5055 carpens
2376 4981 2448 5035 ob
2481 4981 2840 5050 scriptorum
2900 4979 3370 5042 multitudinem,
3430 4982 3718 5053 Παντοφυῆ

2071 5069 2371 5147 φλέ-δωνα,
2411 5092 2438 5119 «
2469 5070 2869 5126 Omnivarium
2905 5075 3247 5141 nugatorem
3283 5090 3309 5117 »
3342 5068 3623 5140 appellat.

2142 5162 2423 5232 Phlegon,
2474 5159 2828 5224 Trallianus,
2878 5158 3128 5213 libertus
3176 5158 3422 5231 Augusti
3452 5158 3719 5225 Caesaris,

2066 5250 2181 5313 vel,
2212 5256 2275 5304 ut
2307 5248 2431 5315 alii,
2487 5248 2833 5314 historicus,
2884 5246 3123 5318 scripsit
3179 5246 3539 5317 Olympiadas
3568 5247 3721 5301 libris

2067 5340 2213 5394 XVI.
2241 5336 2560 5392 Continent
2579 5341 2776 5390 autem
2797 5351 2914 5403 res,
2938 5334 3158 5405 ubique
3180 5340 3471 5390 terrarum
3503 5339 3717 5406 gestas,

2141 5487 2216 5548 (6)
2249 5483 2468 5551 Nempe
2497 5479 2559 5532 τὸ
2592 5499 2618 5532 ο
2654 5477 2847 5550 μικρὸν
2890 5479 3044 5551 apud
3094 5477 3524 5551 vetustissimos
3555 5477 3714 5551 Grae-

2067 5573 2167 5613 cos
2200 5547 2304 5625 pro
2336 5547 2415 5604 06‘
2442 5547 2804 5623 diphthOngo
2837 5547 3013 5605 scribi
3069 5550 3316 5618 solebat,
3350 5554 3407 5602 et
3436 5548 3551 5601 vim
3607 5547 3713 5601 ha-

2067 5627 2245 5673 hnhat
2272 5622 2547 5673 negandi.
2615 5624 2674 5673 V.
2737 5621 2990 5673 Kusteri-
3024 5627 3145 5673 not.
3215 5623 3296 5673 10.
3360 5619 3468 5672 vol.
3520 5619 3616 5673 III.
3654 5636 3711 5673 D.

2065 5622 2245 5683 bebat
2271 5622 2547 5696 negandi.
2615 5624 2674 5677 V.
2737 5622 2990 5691 Kusteri,
3024 5627 3145 5675 not.
3215 5623 3296 5681 10,
3360 5622 3468 5672 vol.
3520 5622 3616 5684 III,
3654 5636 3711 5688 p.

2067 5702 2170 5755 606
2201 5714 2289 5768 sq.
2348 5694 2719 5768 etiVilloisogn
2773 5693 2959 5749 Indic.
2994 5692 3066 5746 ad
3098 5690 3400 5746 Anecdota
3440 5690 3532 5744 Gr.
3570 5695 3709 5746 tom.

2066 5771 2137 5840 Π,
2170 5766 2388 5842 p.300,
2422 5767 2535 5836 litt,
2570 5767 2632 5823 Ο.
2670 5766 2845 5820 ΗΑΜ..

3401 5960 3478 6015 42
