4086 6212
429 375 582 437 I323
1742 367 1992 429 INDEX
2039 366 2543 432 SCRIPTORUM
3657 379 3788 440 1324

420 523 612 581 usque
669 505 746 562 ad
797 504 1206 578 Olympiadem
1254 501 2065 594 CCXXIX;Aeasdem_e-t_iam
2098 525 2150 594 Α
2182 504 2390 594 spidis,
2424 504 2523 594 qui
2556 504 2784 575 primus
2833 504 3130 576 tragadia
3189 505 3463 562 inventor
3489 507 3611 564 fuit.
3667 511 3792 567 Vicit

423 621 452 648 «
485 598 606 652 VIII
638 596 810 651 libris
846 618 866 643 ι
905 595 1215 665 exposuit;
1250 617 1277 644 κ
1307 591 1776 663 Descriptionem
1821 590 2035 645 Sicilia
2064 590 2150 658 ;'~
2186 592 2532 664 Olympiade
2563 594 2778 658 LXVII,
2834 595 3189 666 primusque
3222 597 3570 654 muliebrem
3618 616 3787 671 perso-

423 710 451 737 «
485 688 565 742 De
596 683 871 756 longavis
903 688 961 738 et
1009 683 1186 738 rebus
1218 681 1598 737 mirabilibus
1625 697 1637 748 ;
1675 681 1753 735 De
1781 682 2078 734 Romano-
2185 698 2325 737 nam
2359 681 2526 737 duxit
2551 683 2613 736 in
2645 699 2885 737 scenam
2934 689 2992 738 et
3023 686 3353 740 tetrametri
3383 685 3494 740 fuit
3537 688 3786 758 inventor,

423 798 451 826 «
481 791 614 830 rum
644 773 810 828 festis
842 772 1026 826 libros
1075 773 1150 826 III
1178 792 1191 840 ;
1222 773 1302 826 De
1356 773 1557 826 Roma
1588 770 1735 824 locis
1786 775 1844 823 et
1873 785 2079 823 eorum
2186 777 2245 826 et
2275 772 2463 826 filium
2493 771 2703 826 habuit
2732 772 3328 843 Polychradmonem,
3363 777 3651 849 tragicum.
3676 781 3789 851 Ejus

423 886 454 915 α
487 863 829 918 nominibus
857 862 1198 932 :Epitomen
1223 860 1792 931 Olympionicarum,
1815 880 1842 907 »
1867 863 1922 912 et
1941 857 2074 913 alia.

2189 862 2480 934 tragadia
2529 862 2620 916 ba
2648 878 2902 916 novem:
2963 859 3281 935 Πλευρωνία
3321 862 3640 938 Ἀίγύπτιοι,
3689 869 3787 924 Ἀκ·

503 951 935 1022 Pbilostorgius
961 955 1128 1004 notat
1153 949 1472 1020 Josephum
1505 953 1577 1014 (7)
1609 965 1705 1002 res
1741 947 2074 1002 Judaorum

2189 948 2371 1017 παίων,
2405 946 2726 1018 "Abeunte,
2762 950 3012 1009 Ἀνταῖος
3043 949 3077 1018 ἢ
3110 945 3324 1018 Λίϐυες,
3350 952 3574 1024 Alium,
3603 956 3788 1029 Πέρσαι,

424 1043 616 1097 fusius
661 1046 1001 1095 exsecutum
1053 1055 1204 1107 esse,
1240 1054 1417 1108 quam
1462 1038 1826 1110 Phlegonem
1858 1041 1916 1090 et
1946 1036 2078 1090 Dio-
2185 1042 2463 1100 Συνθωκοι
2498 1039 2617 1092 sive
2650 1039 2739 1110 (ut
2785 1040 3072 1094 Kusterus
3102 1040 3296 1112 legere
3339 1041 3513 1113 jubet
3554 1050 3679 1100 tom.
3711 1047 3786 1115 III,

427 1148 586 1197 nem,
622 1131 840 1202 quippe
889 1129 990 1200 qui
1041 1133 1273 1184 tantum
1336 1127 1590 1182 breviter
1646 1143 1745 1181 eas
1777 1131 1835 1180 et
1889 1125 2074 1180 obiter

2189 1143 2312 1199 pag.
2349 1128 2472 1192 637,
2510 1132 2633 1184 not.
2667 1129 2721 1192 3)
2755 1125 3042 1194 Σύνθακοι,
3077 1125 3350 1192 Δαναΐδες.

428 1219 748 1292 attigerint.
781 1220 1072 1274 Caterum
1103 1218 1351 1272 illorum
1385 1216 1650 1286 quidem,
1682 1231 1814 1286 qua
1845 1213 1919 1268 ad
1955 1214 2079 1285 pie-
2253 1216 2646 1287 Phrynichus,
2681 1215 2989 1271 Melantha
3023 1218 3082 1271 F-
3117 1219 3520 1288 Atheniensis,
3550 1224 3784 1295 tragicus.

428 1315 609 1365 tatem
649 1308 915 1378 aliasque
961 1309 1208 1362 virtutes
1241 1311 1530 1377 spectent,
1582 1321 1692 1359 nec
1739 1305 1920 1358 istum
1970 1320 2081 1358 nec
2181 1307 2260 1358 Ex
2290 1305 2468 1376 hujus
2511 1303 2728 1359 fabulis
2761 1311 2900 1359 sunt
2947 1301 3305 1379 Ἀνδρομέδα,
3337 1307 3612 1382 Ἠριγόνῃ.
3659 1313 3788 1366 Fecit

427 1399 534 1454 hos
562 1398 747 1453 ullam
802 1397 1080 1451 habuisse
1139 1397 1445 1450 rationem.
1501 1395 1717 1448 Contra
1758 1393 2078 1464 Josephum
2182 1395 2360 1448 etiam
2419 1391 2721 1468 Πυρῥίχας.
2757 1394 3151 1451 Athenienses
3207 1399 3602 1469 Pbrynichum
3653 1402 3788 1456 mille

421 1488 605 1543 videri
639 1488 849 1542 timere
884 1493 942 1541 et
969 1503 1194 1552 cavere,
1230 1503 1304 1540 ne
1336 1487 1571 1541 Gracos
1605 1483 1884 1538 offendat.
2181 1488 2481 1543 drachmis
2511 1488 2862 1556 multarunt,
2897 1490 3056 1560 quod
3082 1491 3154 1544 de
3187 1491 3366 1546 Mileti
3399 1496 3786 1567 expugnatione

498 1575 768 1636 Φλύακες.
811 1575 1054 1630 Sotades
1103 1575 1340 1646 scripsit
1368 1575 1654 1644 Phlyacas,
1691 1573 1750 1628 id
1781 1579 1872 1628 est
1901 1573 2078 1628 cina-
2181 1573 2526 1645 tragadiam
2560 1573 2878 1629 docuisset.

425 1667 551 1730 dos,
587 1665 841 1721 dialecto
868 1665 1088 1720 Ionica.
1123 1667 1325 1734 Itaque
1348 1669 1405 1718 et
1433 1663 1573 1718 dicti
1609 1668 1748 1718 sunt
1770 1660 1924 1733 λόγοι
1959 1662 2078 1716 Ὶω-
2250 1662 2626 1734 Phrynichus
2649 1664 3226 1731 Atheniensis,unus
3249 1681 3317 1720 ex
3343 1669 3649 1738 postremis
3668 1677 3792 1725 vete-

423 1755 588 1808 νικοί.
623 1755 842 1810 Eodem
875 1754 1166 1826 poematis
1195 1771 1408 1826 genere
1437 1771 1581 1808 usus
1614 1758 1703 1808 est
1733 1753 1912 1807 etiam
1942 1753 2076 1808 Ale-
2177 1750 2260 1804 ris
2292 1750 2595 1805 comadia
2656 1753 2923 1816 comicis,
2951 1753 3052 1823 qui
3111 1753 3343 1810 fabulas
3399 1756 3606 1812 docere
3647 1758 3793 1829 capit

426 1844 672 1911 xander,
697 1843 941 1910 Etolus,
972 1843 1214 1914 aliique.
1249 1842 1430 1913 (Infra
1461 1842 1522 1896 in
1553 1841 1810 1910 Sotade.)
2109 1890 2152 1922 Β
2185 1838 2530 1911 Olympiade
2565 1840 2848 1894 LXXXVI.
2901 1841 3178 1897 Dramata
3207 1843 3336 1914 ejus
3385 1851 3557 1900 sunt:
3601 1845 3791 1922 Ἐφιάλ.

500 1890 1868 2005 ὖῖιεζὲξίἷᾱέἐζιῐὶίῐέέὲῖιξξέ,ιὶὲἶεζέξιζέιιέξέζέιὶεὶὶίε
1890 1931 2074 1985 Theo.

2189 1890 2280 1995 της
2331 1890 2557 2002 Ιξρόνος,
2595 1927 2822 1997 Κόννος,
2882 1928 3200 2000 Κωμασταὶ,
3235 1890 3510 2005 ὐΣᾶτυροι,
3555 1905 3792 2008 Τραοξῳδοὶ

428 2023 640 2094 gnidis.
667 2023 924 2092 Uterque
951 2021 1124 2076 annis
1153 2021 1458 2084 DCXLVII,
1499 2024 1634 2091 post
1673 2019 1899 2073 bellum
1927 2020 2074 2074 Tro-

2189 2012 2621 2089 ἢέπελεύθεροι,
2681 2015 3062 2090 Μονὸτροπος,
3115 2019 3352 2086 Μοῦσαι,
3389 2021 3633 2091 Μύστης,
3677 2024 3792 2077 Ποά·

421 2114 632 2184 janum
663 2111 828 2174 vixit,
887 2109 1012 2164 nati
1045 2109 1388 2180 Olympiade
1435 2110 1542 2162 LV.
1604 2107 1850 2179 Scripsit
1878 2130 1906 2157 «
1941 2109 2074 2162 Car-
2184 2123 2361 2178 στριαι
2420 2105 2673 2180 Σάτυροι.
2706 2106 3079 2178 Phrynichus
3127 2111 3186 2163 et
3244 2109 3411 2181 Lycis
3452 2117 3511 2166 et
3538 2114 3791 2185 Amipsias

429 2223 457 2252 «
485 2201 649 2255 mina
705 2199 944 2254 heroica
975 2220 1003 2248 »
1063 2203 1121 2252 et
1158 2219 1186 2247 «
1221 2198 1485 2269 Elegias;
1540 2198 1840 2268 Pracepta
1871 2219 1898 2247 »
1959 2196 2080 2252 sive
2185 2193 2394 2248 comici
2428 2193 2758 2266 subfrigidi.

427 2312 454 2340 ‹‹
486 2289 843 2354 Sententias,
906 2303 1054 2358 quas
1107 2287 1406 2362 Κεφάλαια,
1468 2285 1665 2356 Capita
1721 2286 2076 2341 inscribunt.
2257 2283 2586 2353 Phrynicus
2629 2284 2936 2355 Bithynus,
2987 2285 3271 2356 sophista.
3297 2287 3540 2360 Scripsit
3572 2312 3591 2339 ι
3624 2289 3794 2344 Attici-

426 2380 574 2434 Sunt
603 2384 804 2434 autem
837 2394 904 2430 ex
927 2376 1291 2431 carminibus
1323 2375 1628 2446 Sibyllinis
1661 2374 1962 2444 subrepta.
2190 2395 2210 2421 ι
2250 2378 2424 2438 stam,
2448 2375 2528 2428 De
2555 2374 2898 2429 nominibus
2921 2376 3130 2430 Atticis
3161 2377 3344 2432 libros
3363 2380 3411 2434 II
3439 2398 3454 2446 ;
3482 2402 3508 2429 n
3531 2385 3792 2451 Τιθεμενων

496 2468 810 2522 Phanicia
843 2466 1013 2520 dicta
1045 2466 1278 2533 littera,
1315 2465 1472 2534 quod
1522 2464 1660 2536 Sydi
1694 2469 1753 2518 et
1783 2465 1953 2518 Iones
1981 2479 2080 2519 eas
2185 2461 2523 2535 συναγωγὴν,
2557 2485 2584 2511 ‹‹
2629 2463 3052 2518 (Iollectionem
3086 2466 3413 2522 thematum
3442 2486 3456 2534 ;
3508 2470 3794 2541 Apparatus

426 2557 499 2611 ab
531 2557 856 2622 inventore,
911 2556 1198 2626 Agenore,
1228 2555 1527 2620 Pbanice,
1580 2559 1958 2624 acceperunt,
1992 2555 2083 2610 vel
2188 2574 2216 2602 ‹‹
2249 2552 2489 2606 oratorii
2522 2553 2734 2616 XVLlI,
2770 2575 2797 2602 »
2832 2554 3163 2609 secundum
3194 2555 3342 2611 alios
3375 2558 3604 2614 LXXIV.

427 2645 517 2714 (ut
536 2645 846 2698 Cretenses
863 2643 1211 2713 affirmant),
1237 2643 1397 2712 quod
1446 2641 1496 2694 ἐν
1530 2641 1792 2718 φοινίκων
1823 2639 2074 2702 πιτάλοις

2260 2643 2536 2714 Φρυνέχου
2585 2639 2891 2714 πάλαισμα,
2926 2644 3232 2714 ΡῘιτῃηὶοΙιὶ
3283 2646 3474 2716 (ducis
3513 2650 3794 2704 Athenien-

429 2732 490 2785 in
527 2754 547 2780 ι
586 2731 918 2802 palmarum
949 2730 1109 2785 foliis
1133 2753 1160 2780 »
1194 2731 1468 2786 homines
1499 2732 1845 2787 scriberent.
1883 2733 2082 2788 Scam-
2190 2729 2363 2796 sium)
2398 2731 2645 2798 luctatio,
2678 2730 2897 2786 dicitur
2935 2732 2997 2786 in
3030 2748 3130 2787 eos
3162 2734 3262 2804 qui
3311 2735 3528 2792 callide
3557 2743 3611 2792 et
3636 2743 3795 2792 astute

429 2837 570 2876 mon
605 2819 754 2874 libro
789 2819 1050 2874 secundo
1075 2817 1414 2892 Εὑρημάτων
1441 2820 1562 2874 sive
1593 2843 1621 2870 «
1643 2822 2023 2876 Inventorum
2052 2842 2080 2870 υ
2188 2819 2414 2890 aliquid
2443 2821 2886 2886 machinantur,
2921 2828 3032 2876 etc.

431 2911 536 2976 ait,
569 2927 668 2964 eas
698 2927 732 2964 a
761 2909 1059 2974 Phanice,
1097 2908 1220 2964 ﬁlia
1273 2909 1586 2976 Actaeonis,
1624 2910 1708 2964 sic
1754 2910 2082 2982 appellatas
2259 2910 2532 2981 Phrynis,
2566 2911 2958 2977 Aristoclidis,
2991 2912 3092 2982 qui
3124 2912 3282 2968 bello
3309 2915 3533 2972 Medico
3587 2917 3799 2973 ﬂorebat

430 3016 581 3066 esse,
616 3015 746 3070 qua
777 2999 938 3071 virgo
981 2997 1150 3066 obiit,
1199 2997 1524 3070 habuitque
1557 3015 1810 3070 sorores,
1863 3000 2081 3072 Aglau-
2189 3003 2248 3052 et
2267 3015 2454 3070 genus
2484 3016 2518 3055 a
2545 3001 2888 3072 Terpandro
2939 3001 3211 3074 ducebat,
3267 3005 3611 3079 discipulus,
3643 3009 3800 3063 citha-

427 3105 586 3157 rum,
618 3089 825 3156 Ersen,
857 3087 1247 3143 Paudrosum.
2187 3088 2386 3143 radus
2415 3090 2801 3161 Mytilenaus,
2835 3091 2934 3162 qui
2959 3092 3185 3162 primus
3207 3101 3451 3165 putatur
3481 3099 3628 3169 apud
3648 3098 3797 3153 Athe-

497 3195 890 3260 phmnicides,
919 3195 1202 3264 comicus,
1229 3211 1298 3250 ex
1330 3195 1500 3266 cujus
1543 3195 1910 3252 dramatibus
1941 3202 2082 3253 sunt
2117 3257 2150 3266 ἑ
2187 3177 2427 3232 nienses
2449 3179 2676 3234 cithara
2692 3180 2980 3235 cecinisse
3003 3187 3062 3236 et
3089 3182 3149 3236 in
3173 3184 3586 3242 Panathenais
3603 3187 3796 3251 vicisse,

422 3283 722 3358 Φύλαρχος
750 3289 810 3340 et
839 3257 1204 3356 Μισούμενος,
1238 3257 1712 3340 teste'Athenao
1744 3285 1806 3341 in
1852 3285 2074 3358 Dipno-

2189 3269 2470 3358 archonte
2501 3269 2702 3325 Callia.
2739 3272 2888 3325 Ister
2925 3271 2988 3326 in
3019 3273 3294 3342 Melopais
3334 3279 3600 3346 testatur,
3645 3277 3798 3348 Phry-

421 3375 670 3445 sophist'
1926 3357 1939 3358 ί
2184 3357 2385 3412 nidem
2418 3358 2600 3414 fuisse
2635 3359 2931 3428 Lesbium,
2975 3361 3228 3433 Canopis
3259 3364 3344 3430 F.,
3379 3367 3485 3436 qui
3515 3383 3639 3422 cum
3666 3371 3798 3422 esset

2185 3446 2475 3514 Hieronis,
2509 3448 2766 3518 tyranni,
2796 3465 3045 3520 coquus,
3091 3467 3225 3505 cum
3256 3451 3392 3508 aliis
3443 3455 3642 3510 multis
3668 3455 3795 3509 Aris-

2184 3536 2384 3590 toclidi
2418 3537 2590 3592 datus
2623 3538 2718 3592 sit.
2755 3537 2868 3593 Sed
2897 3539 2943 3593 si
2979 3555 3180 3594 servus
3211 3547 3269 3595 et
3289 3559 3519 3614 coquus
3567 3545 3797 3600 Hieronis

2182 3623 2412 3694 fuisset,
2445 3625 2504 3680 id
2559 3643 2680 3681 non
2739 3627 3068 3682 tacuissent
3093 3630 3327 3698 comici,
3390 3635 3496 3703 qui
3550 3634 3800 3688 musicam

2183 3717 2440 3767 veterem
2484 3711 2990 3769 modulationibus
3048 3716 3331 3772 mollibus
3365 3719 3436 3773 ab
3471 3737 3538 3776 eo
3591 3721 3802 3775 fractam

2185 3806 2244 3855 et
2272 3801 2647 3857 immutatam
2681 3819 2836 3874 sape
2868 3810 3142 3875 arguunt.

490 3481 838 3537 Phanicum
870 3479 1272 3548 mendacium,
1303 3486 1545 3553 propter
1573 3497 1644 3537 ea
1675 3499 1807 3554 qua
1838 3482 1909 3539 de
1943 3485 2078 3540 Dra-

421 3586 570 3624 cone
601 3575 656 3625 et
689 3569 912 3640 Spartis
943 3574 1002 3624 et
1025 3569 1243 3624 Cadmo
1275 3569 1423 3626 falso
1455 3571 1754 3626 dicuntur.

493 3658 841 3712 Phoenicum
891 3662 1082 3727 pacta.
1130 3658 1461 3727 Pbanices,
1519 3659 1620 3729 qui
1660 3659 2076 3733 Carthaginem

429 3743 842 3810 condiderunt,
876 3759 1011 3798 cum
1043 3744 1115 3799 ad
1140 3745 1382 3816 Libyam
1407 3745 1656 3800 navibus
1681 3749 2075 3818 appulissent,

430 3836 714 3904 rogarunt
743 3831 905 3886 illius
961 3832 1221 3903 regionis
1252 3831 1478 3888 incolas
1530 3839 1596 3888 ut
1625 3851 1689 3890 se
1745 3838 2080 3908 reciperent
2185 3831 2244 3855 ’⁵⁵
2273 3831 2647 3857 ¹¹¹¹¹¹¹ω⁰¹⁹⁶¹¹³
2682 3831 2836 3874 ⁵⁸⁵⁸³⁸
2868 3831 3142 3904 “fw?!”
3746 3898 3776 3908 ,,

431 3925 661 3951 unum
699 3926 752 3951 η.
786 3919 938 3951 Mm,
999 3921 1114 3951 um,
1145 3921 1458 3951 ςηηηιηιη
1517 3921 1818 3951 mum)“,
1869 3927 2044 3951 ,ηιμ
2256 3890 2642 3951 Phylarchus,
2689 3892 3096 3951 Athenienms.
3141 3895 3233 3949 vel
3282 3898 3776 3951 Naucratiteslalu

431 3898 665 3975 noctem
698 3926 756 3975 et
785 3919 962 3974 diem.
999 3898 1117 3974 H'oc
1145 3921 1482 3992 impetrato,
1515 3921 1820 3980 discedere
1869 3898 2074 3983 nolue-
2185 3898 2642 3992 ",Phylé‘rcm?’
2664 3898 3096 3992 *Αίδέξίίθοδξεζν
3122 3898 3233 3992 le?
3282 3898 3648 3992 Νδυξτδξίίίῗδ
3675 3898 3802 3992 (aliis

418 4013 577 4077 runt,
608 4009 778 4080 quasi
819 4009 976 4080 pacti
1031 3979 1307 4077 fuissent,
1369 4028 1431 4066 se
1462 3979 1665 4067 noctes
1720 4018 1779 4068 et
2185 3979 2492 4080 Sicngifls
2523 3981 2612 4035 vel
2637 3982 3644 4080 @gymiuil’_hi§tor_icu_s’scripsn
3671 3989 3804 4040 (δίχ’

421 4069 735 4153 mansuros
767 4069 917 4152 esse.
973 4097 1198 4152 Demon
1248 4069 1320 4154 de
1379 4101 1797 4172 Metapontinis
1840 4069 2078 4160 similia
2185 4090 2213 4119 (ί
2245 4069 2870 4174 ἒῗάξίίῗὲῗξξῗγπξξ’
2903 4071 3180 4174 ,Epif‘om”
3207 4075 3268 4128 in
3297 4076 3807 4174 ’felopponnesum’

422 4191 643 4242 narrat,
1533 4157 1551 4172 ⁸
1858 4157 1874 4158 ἡ
1913 4157 2075 4160 Mm“
2184 4180 2211 4206 ι(
2245 4157 2413 4212 libris
2443 4158 2688 4212 XXVIII.
2717 4179 2744 4208 ”
2799 4158 3046 4214 Ῑὶθάῑιϐἱῐ
3076 4166 3272 4216 autem
3324 4162 3634 4220 historiam
3664 4179 3808 4219 suam

491 4289 806 4356 Phormus.
867 4289 1290 4361 Syracusanus.
1320 4291 1604 4359 comicus.
1659 4294 1906 4364 aequalis
1939 4296 2073 4367 Epi-
2182 4247 2520 4367 ῗίξίιῖῗηδῗ.
2559 4247 3811 4367 fidi???.ffiig‘ffi‘__318ff‘ii’fs

491 4334 806 4356 -..πω-ν,
868 4334 1290 4361 eruum--.
1322 4334 1604 4359 νην-μω,
1659 4334 1906 4364 ,ιν-,ωηο
1939 4334 1980 4349 υ
2025 4334 2072 4350 ,ἡ
2264 4335 2274 4344 .
3498 4344 3510 4354 .

422 4377 670 4446 charmi,
701 4377 1013 4433 familiaris
1035 4377 1262 4444 Geloni,
1287 4379 1500 4434 Sicilia
1532 4385 1806 4452 tyranno,
1837 4390 1896 4438 et
1923 4334 2077 4439 altor
2452 4341 2540 4452 εἰ
2560 4335 2632 4452 δῗ

428 4425 670 4446 ---_-...-,
701 4425 1011 4433 -_-_-_-_---
1040 4425 1262 4444 ----..-,
1288 4425 1499 4434 ------..
1535 4425 1806 4452 -,.......ν,
1838 4425 1896 4438 ν..
1923 4425 2068 4439 ...νη
2329 4425 2362 4435 ..
2530 4426 2540 4436 .
2721 4425 2731 4436 .
3270 4430 3280 4439 ,
3433 4433 3442 4442 ,

428 4467 693 4522 ﬁliorum
751 4467 901 4538 ejus.
937 4466 1182 4538 Scripsit
1237 4468 1550 4524 commdias
1606 4471 1722 4540 VII,
1775 4489 1906 4543 qua
1937 4478 2078 4528 sunt
2181 4439 2553 4543 ?2El,l;’nil,1:
2589 4426 3579 4543 3,315,333,313?,i‘it‘ﬂ‘ﬁi_“

2184 4535 2212 4562 «ι
2245 4515 2554 4568 Antiochio
2589 4519 2645 4568 et
2675 4516 3036 4586 Pergameno
3071 4518 3334 4574 Eumene
3364 4528 3562 4591 gestas
3588 4543 3603 4587 ;
3633 4521 3803 4590 Epito-

2107 4623 2152 4686 D
2185 4623 2212 4651 «
2241 4618 2380 4656 men
2411 4602 2774 4672 mythicam;
2808 4623 2835 4652 »
2883 4602 3012 4676 Περί
3059 4609 3161 4671 τῆς
3189 4608 3285 4658 τοῦ
3333 4607 3458 4668 Διὸς
3508 4605 3806 4684 ἐπιφενείας,

2185 4711 2214 4739 «
2249 4691 2326 4744 De
2344 4691 2713 4761 apparitione
2731 4691 2885 4746 Jovis
2911 4709 2925 4756 ;
2954 4693 3034 4748 De
3059 4694 3313 4750 inventis
3341 4714 3356 4764 ;
3384 4716 3409 4748 ι
3435 4692 3806 4770 Παρεμὸάσεων

2184 4803 2210 4829 ‹‹
2246 4780 2427 4834 libros
2459 4782 2553 4834 1X.
2589 4802 2618 4830 ιι

2248 4868 2481 4928 Φυσικὸς
2513 4865 2700 4943 λόγος.
2737 4871 2876 4924 Post
2914 4870 3162 4926 moralia
3215 4872 3440 4943 (Stoici)
3474 4880 3721 4932 tractant
3748 4875 3805 4929 de

2176 4957 2353 5012 rebus
2411 4957 2804 5014 naturalibus.
2857 4990 2921 5001 —
2963 4961 3097 5015 Tria
3140 4961 3201 5014 in
3231 4961 3410 5018 rebus
3459 4965 3805 5020 naturalibus

2178 5052 2541 5117 spectantur,
2596 5047 2806 5114 forma,
2867 5049 3134 5116 materia,
3202 5055 3261 5104 et
3291 5067 3492 5119 causa,
3549 5055 3622 5110 ob
3653 5069 3803 5126 quam

493 5119 769 5196 Φρυγίλος
799 5121 949 5193 ὅρνις
1001 5125 1098 5175 τοῦ
1139 5121 1462 5195 Φιλήμονος
1516 5124 1724 5200 γᾶνους.
1758 5131 2069 5205 Phrygilus

2189 5135 2369 5190 forma
2397 5141 2488 5190 est
2545 5136 2606 5190 in
2666 5136 2934 5192 materia.
2969 5138 3135 5192 Circa
3191 5138 3317 5194 hac
3347 5119 3806 5198 versantur-me—

421 5217 761 5302 estnomen
793 5211 934 5302 avis.
993 5211 1301 5267 Philomen
1347 5220 1542 5269 autem
1574 5231 1608 5270 a
1663 5220 1906 5275 comicis
1937 5239 2067 5293 per-
2180 5224 2345 5278 thodi
2372 5225 2675 5296 quinque:
2735 5225 3004 5296 physica,
3037 5243 3133 5281 ars
3188 5228 3575 5298 particular-is
3604 5233 3659 5302 (ἡ
3697 5227 3809 5283 atati

424 4552 704 4626 Αδμητος,
779 4551 1090 4620 Ἀλκίνους,
1173 4553 1479 4625 Ἀλκυόνες,
1560 4554 1726 4612 Ἰλίου
1784 4559 2075 4633 πόρθησις,

420 4643 637 4709 Ἵππος,
675 4641 886 4720 Κηφεὺς
916 4644 952 4712 ἢ
985 4641 1280 4713 Κεφάλαια,
1315 4643 1562 4716 Περσεύς.
1592 4648 1782 4703 Etiam
1807 4647 2076 4704 Ἀταλάν-

421 4751 524 4800 της
556 4733 838 4787 Athenao
880 4737 1265 4790 memoratur.
1322 4735 1556 4790 Primus
1596 4753 1738 4792 usus
1783 4743 1873 4792 est
1901 4739 2072 4795 talari

422 4826 600 4888 veste,
629 4826 688 4874 et
716 4838 894 4876 scena
923 4821 1118 4877 rubris
1150 4822 1406 4893 pellibus
1437 4823 1744 4881 adornata.

496 4925 797 4998 Φρεάντης,
851 4926 1188 4993 Cleanthes,
1221 4928 1633 5002 philosOphus,
1684 4931 1766 4987 ita
1820 4933 2068 4990 vocaba-

423 5019 539 5081 tur,
573 5020 710 5085 etc.,
743 5032 922 5087 supra
949 5015 1011 5070 in
1041 5015 1346 5072 Cleanthe.

421 5301 738 5373 stringitur
765 5306 831 5355 ut
861 5301 1075 5390 Phryx,
1109 5307 1168 5355 et
1192 5303 1561 5373 peregrinus,
1597 5310 1656 5358 et
1683 5307 1812 5363 Car.
2187 5313 2348 5387 μέρος
2375 5316 2590 5388 τέχνη).
2625 5315 2956 5382 dialectica,
2992 5315 3431 5384 mathematica,
3481 5301 3671 5389 prima
3698 5319 3808 5390 phi-

495 5389 886 5460 Phrynichus,
930 5389 1461 5458 Polyphradmonis
1493 5397 1595 5446 aut
1641 5394 1848 5466 Minya
1880 5399 1938 5452 F.
1973 5407 2076 5456 aut
2184 5403 2474 5475 losophia,
2509 5410 2618 5459 etc.

419 5479 742 5546 Cboroclis,
775 5476 1178 5544 Atheniensis,
1229 5478 1502 5549 tragicus,
1564 5480 1895 5554 discipulus
1922 5489 2073 5544 The-
2255 5493 2475 5563 Pigres.
2509 5493 2619 5547 Car
2678 5491 3187 5558 Halicarnasseus,
3235 5492 3418 5549 frater
3473 5497 3810 5560 Artemisia,

482 5604 791 5696 :(jlﬁjqj‘us
797 5601 1014 5696 potius
1029 5617 1279 5696 fumea
1287 5605 1718 5696 supplendum,
1754 5627 1930 5681 quam
1963 5633 2102 5674 cum
2132 5621 2380 5676 Kustero
2409 5623 2556 5678 ,Ιαεεὶ
2586 5620 2881 5693 existimo,
2914 5622 3202 5692 quoniam
3231 5637 3369 5679 mox
3396 5623 3558 5681 infra
3594 5624 3808 5696 Iosephi

419 5676 600 5730 etiam
633 5675 854 5730 diserta
882 5675 1106 5730 mentio
1137 5675 1414 5732 recurrit.
