4086 6212
313 299 469 365 I329

1616 298 1721 359 DE
1762 296 2052 370 QUIBUS
2097 295 2405 363 SUIDAS.

3580 304 3738 365 i330

317 452 476 492 anno
510 434 702 491 aetatis
732 435 918 491 LVIII.
950 435 1198 508 Scripsit
1229 435 1655 503 Onomasticum,
1686 430 1846 504 quod
1876 434 1967 486 est
1994 431 2052 498 Α
2081 428 2537 503 (Πολυμνήστεια)
2568 438 2808 506 propter
2830 434 3234 493 obcenitatem
3256 437 3739 510 perstringuntur

316 525 588 581 collectio
620 524 1043 581 vocabulorum
1068 525 1435 579 diversorum
1468 542 1598 595 quas
1642 523 1715 577 de
1756 521 1965 577 eadem

312 634 377 670 re
409 615 709 682 dicuntur,
743 638 769 664 ‹‹
814 615 980 669 libris
1006 618 1096 670 Χῖ
1132 616 1570 686 Disputationes
1601 615 1711 668 sive
1742 612 1968 665 Sermo-

314 729 339 754 α
376 720 523 771 nes;
554 703 1067 768 Declamationes;
1101 703 1403 757 Commodi
1453 702 1699 757 Caesaris
1730 699 1967 770 Epitha-

312 817 340 843 «
375 792 623 847 lamium
650 810 664 859 ;
694 792 1034 847 Orationem
1073 792 1147 847 ad
1184 795 1481 847 Romanos
1510 790 1795 853 habitam,
1829 787 1968 842 Ῥω-

318 906 345 933 ‹‹
382 881 575 953 μαϊκὸν
602 878 779 953 λόγον
805 899 818 948 ;
853 881 1327 948 Buccinatorem,
1357 883 1467 935 sive
1496 881 1808 934 Certamen
1844 892 1970 930 mu-

318 997 344 1022 α
381 973 568 1027 sicum
598 988 611 1038 ;
645 971 860 1026 Contra
882 971 1277 1042 Sinopenses;
1314 966 1707 1037 Πανελλήνιον,
1741 966 1968 1022 Oratio-

321 1088 345 1111 ει
365 1077 503 1116 nem
518 1059 579 1114 in
593 1065 883 1115 conventu
899 1060 1079 1115 totius
1094 1059 1329 1115 Graaciaa
1344 1049 1829 1129 habitam;’Apxa8
1841 1052 1973 1120 ικὸν,

322 1176 349 1200 ι‹
384 1151 471 1206 Ad
502 1150 789 1217 Arcades,
827 1174 853 1199 ››
887 1156 947 1205 et
976 1151 1113 1206 alia.

395 1240 595 1308 Polus,
626 1240 1036 1312 Agrigentius,
1095 1245 1316 1307 orator,
1350 1239 1444 1294 vel
1476 1238 1673 1310 potius
1706 1236 1978 1305 antiquo-

325 1348 455 1386 rum
482 1330 882 1401 sophistarum
898 1329 1379 1401 unus,Licymnii
1407 1328 1704 1400 magister.
1733 1324 1982 1395 Scripsit

323 1443 350 1471 ‹‹
385 1419 799 1491 Genealogiam
831 1420 1165 1474 Graecorum
1215 1424 1273 1473 et
1312 1417 1729 1481 Barbarorum,
1772 1414 1873 1485 qui
1905 1413 1979 1467 ad

324 1532 351 1560 ιι
388 1509 621 1580 Trojam
652 1508 877 1563 bellum
900 1513 1262 1579 gesserunt»
1288 1513 1347 1562 et
1369 1524 1544 1577 quem
1577 1504 1801 1560 exitum
1826 1504 1985 1573 quis-

326 1615 441 1669 que
474 1615 678 1653 eorum
714 1597 1008 1652 habuerit.
1044 1597 1293 1662 Quidam
1326 1603 1523 1651 tamen
1555 1612 1703 1665 opus
1733 1594 1840 1647 hos
1872 1594 1983 1646 Da-

327 1696 512 1742 mastae
528 1687 791 1749 tribunt;
814 1710 840 1735 ‹‹
860 1687 1103 1741 Navium
1120 1686 1484 1758 catalogum;
1510 1686 1589 1738 De
1612 1682 1979 1737 vocabulis.»

2076 696 2537 774 Δημοτυνδάρεως
2576 744 2590 768 ,
2650 706 2851 755 Μουσῶ
2929 703 3134 776 γοναὶ,

2078 785 2407 861 Ἀφροδίτης
2435 791 2607 863 γοναί.

2074 537 2109 575 a
2134 522 2397 576 comicis.
2428 523 2591 578 Conf.
2623 524 2853 578 Kusteri
2887 531 3008 579 not.
3035 527 3298 581 8intom.
3326 529 3421 593 III,
3452 544 3581 597 pag.
3611 530 3731 582 176.

2145 611 2471 681 Polyzelus,
2497 614 2779 680 comicus,
2805 615 2979 685 cujus
2998 615 3267 671 dramata
3293 622 3471 671 sunt:
3493 613 3733 689 Νίτττρα⁹

3198 705 3455 758 Διονύσου
3541 704 3725 777 γοναὶ,

2148 897 2537 969 Porphyrius,
2575 900 2869 970 petulanti
2902 906 2959 956 et
2988 901 3281 957 maledica
3337 900 3539 973 lingua
3569 900 3735 956 Chri-

2082 985 2306 1040 stianos
2337 988 2684 1057 insectatus,
2717 990 2959 1061 proprio
3000 990 3245 1045 nomine
3290 990 3483 1046 dictus
3516 996 3606 1046 est
3640 990 3738 1062 βα-

2082 1072 2287 1143 σιλεύς,
2320 1077 2632 1145 (Malchus),
2658 1096 2724 1133 ex
2756 1081 2904 1150 Tyro
2927 1080 3244 1136 thnicim
3276 1079 3583 1145 oriundus,
3617 1081 3744 1152 phi-

2082 1164 2389 1235 losophus,
2423 1166 2749 1237 discipulus
2777 1168 3011 1236 Amelii,
3044 1168 3277 1223 Plotino
3308 1169 3590 1241 magistro
3622 1170 3739 1236 usi,

2084 1253 2355 1309 Jamblici
2397 1255 2697 1327 magister,
2729 1257 2873 1310 vixit
2919 1257 3226 1312 Aureliani
3259 1257 3650 1329 temporibus,
3686 1263 3744 1311 et

2086 1343 2262 1397 vitam
2285 1343 2561 1415 produxit
2578 1360 2767 1415 usque
2790 1345 2862 1400 ad
2888 1345 3320 1401 Diocletianum
3339 1345 3483 1416 imp.
3508 1346 3746 1400 Audivit

2091 1436 2149 1485 et
2178 1432 2526 1503 Longinum,
2559 1434 2853 1487 criticum.
2893 1434 3141 1503 Scripsit
3173 1434 3357 1488 libros
3399 1450 3577 1503 quam
3608 1434 3742 1504 plu-

2090 1513 2295 1577 rimos,
2330 1513 2798 1584 phi1050phicos,
2832 1514 3160 1568 rhetoricos
3192 1521 3251 1568 et
3277 1515 3695 1585 grammaticos
3723 1530 3735 1566 :

2092 1622 2119 1649 «
2156 1601 2235 1654 De
2292 1600 2505 1656 divinis
2564 1602 2904 1657 nominibus
2955 1602 3209 1669 librum;
3269 1604 3349 1656 De
3406 1602 3741 1672 principiis,

2096 1712 2122 1738 (ι
2154 1689 2338 1757 duos;
2374 1690 2445 1744 de
2480 1692 2745 1758 materia,
2781 1707 2917 1758 sex;
2950 1692 3022 1746 de
3054 1692 3257 1746 anima
3286 1691 3566 1746 adversus
3600 1691 3742 1744 Boe-

403 1776 738 1847 Polyaenus,
774 1775 1119 1841 Sardianus,
1154 1775 1441 1846 SOphista,
1489 1773 1595 1828 sub
1629 1773 1817 1843 primo
1858 1772 1982 1824 (ἰω-
2012 1791 2062 1857 Β
2095 1800 2121 1827 ‹‹
2151 1779 2337 1847 thum,
2363 1780 2658 1850 quinque;
2685 1782 2764 1835 De
2787 1781 3151 1835 abstinentia
3171 1781 3244 1835 ab
3262 1779 3539 1835 animatis
3562 1779 3746 1833 libros

329 1883 483 1922 sare.
521 1866 685 1920 Cain.
724 1866 969 1936 Scripsit
1001 1886 1027 1913 ‹‹
1062 1865 1371 1921 Orationes
1401 1864 1669 1917 forenses
1695 1868 1747 1916 et
1780 1876 1985 1915 causas

345 1972 477 2010 rum
509 1955 628 2009 sive
656 1955 1126 2026 patrociniorum
1148 1954 1392 2015 formas,
1418 1956 1588 2005 Δικῶν
1615 1946 1736 2019 ἤτοι
1762 1968 1994 2022 συνηγο-

346 2063 373 2116 ρ
385 2046 477 2096 ιῶν
498 2042 876 2104 ὑποτυπώσεις
888 2041 1143 2097 Parthici
1160 2040 1445 2112 triumphi
1465 2040 1646 2095 libros
1660 2040 1792 2105 III,»
1808 2043 1865 2092 et
1877 2037 1994 2092 alia

412 2133 748 2204 Polyaenus,
810 2132 1068 2194 Macedo,
1132 2131 1353 2186 rhetor.
1397 2121 1644 2200 Scripsit
1672 2149 1699 2177 «
1737 2129 1814 2182 De
1845 2126 1991 2180 The-

340 2221 431 2277 bis
463 2240 477 2288 ;
510 2223 869 2277 Tactitorum
902 2220 1085 2275 libros
1116 2221 1213 2286 III,
1243 2242 1271 2269 »
1306 2225 1365 2274 et
1392 2218 1528 2273 alia.

410 2311 711 2382 Polybius,
750 2310 884 2365 Luci
918 2311 1001 2378 F.,
1042 2327 1108 2363 ex
1152 2307 1503 2380 Megalopoli
1552 2305 1840 2371 Arcadiae,
1875 2303 1993 2358 Sci-

338 2400 536 2472 pionis
566 2399 828 2454 Africani
872 2403 1203 2469 praaceptor
1263 2402 1321 2451 et
1377 2396 1620 2452 Panaitii
1655 2393 1992 2467 philosophi

336 2489 604 2560 (aqualis,
624 2497 889 2559 tempore
904 2487 1205 2542 Ptolemaai
1221 2486 1541 2558 Evergetis.
1569 2485 1671 2539 Hic
1688 2484 1993 2555 copiosam

338 2579 505 2633 illam
568 2602 593 2628 «
633 2578 949 2633 Historiam
980 2579 1305 2631 Romanam
1337 2575 1507 2630 libris
1549 2575 1640 2628 XL
1676 2597 1694 2621 ι
1733 2572 1991 2642 scripsit,

341 2685 376 2722 a
406 2668 543 2739 fuga
573 2667 910 2722 Cleomenis
976 2666 1247 2736 Spartani
1278 2663 1353 2719 ad
1409 2668 1687 2717 Perseum
1737 2660 1995 2731 Philippi

344 2760 425 2823 F.,
462 2757 845 2812 Macedonum
881 2755 1242 2811 successioni
1282 2770 1377 2809 res
1407 2770 1441 2808 a
1475 2752 1755 2808 Romanis
1802 2756 1995 2822 gestas

342 2847 549 2901 ordine
577 2845 920 2900 adnectens.
968 2844 1197 2914 Polybii
1257 2841 1573 2897 Historiam
1632 2838 1999 2895 continuavit

343 2935 716 3000 Posidonius,
748 2933 1126 3005 01biopolita,
1170 2932 1458 3003 sophista.
1499 2929 1703 2985 Strabo
1735 2944 1996 3000 quoque,

340 3025 743 3087 Amascensis,
774 3022 1011 3093 scripsit
1069 3022 1385 3075 Historiam
1437 3020 1574 3074 inde
1606 3017 1990 3089 incipientem

340 3113 439 3168 ubi
471 3112 726 3184 Polybus
758 3110 997 3177 desinit,
1032 3110 1199 3165 libris
1232 3111 1419 3164 XLIII.

2102 1890 2125 1919 α
2146 1871 2236 1923 IV.
2255 1871 2333 1923 De
2356 1886 2417 1924 se
2438 1871 2564 1941 ipso
2587 1871 3016 1942 cognoscendo,
3043 1870 3169 1941 Περὶ
3189 1873 3287 1922 τοῦ
3311 1869 3479 1942 γνῶθι
3501 1868 3748 1931 σεαυτόν,

2098 1980 2126 2007 ‹‹
2152 1958 2335 2013 libros
2358 1961 2460 2023 IV;
2485 1961 2565 2014 De
2584 1960 2985 2030 incorporeis;
3012 1960 3198 2014 Unam
3222 1975 3350 2013 esse
3397 1958 3661 2013 Platonis
3693 1962 3752 2009 et

2098 2071 2125 2098 ‹‹
2146 2048 2484 2103 Aristotelis
2505 2053 2748 2115 sectam,
2764 2049 2947 2104 libros
2971 2051 3066 2113 ;Ir.
3082 2048 3382 2104 Iulianum
3401 2046 3749 2111 Chaldeum;

2097 2158 2125 2186 κ
2149 2136 2632 2207 Philosophicam
2652 2137 2985 2205 historiam,
3010 2136 3193 2191 libros
3213 2138 3285 2190 1V
3310 2156 3326 2202 ;
3349 2140 3568 2192 Contra
3587 2135 3750 2188 Chri-

2098 2247 2127 2275 «
2154 2225 2380 2281 stianos
2400 2226 2584 2280 libros
2605 2228 2733 2293 XV;
2761 2228 2839 2281 De
2864 2227 3173 2281 Homerica
3189 2224 3569 2296 philosophia
3591 2241 3605 2289 ;
3631 2222 3749 2279 Ad-

2100 2336 2124 2367 α
2149 2332 2351 2369 versus
2372 2316 2775 2382 Aristotelem,
2801 2316 2900 2387 qui
2920 2316 3181 2371 animam
3204 2313 3597 2369 entelechiam
3620 2329 3752 2368 esse

2098 2426 2125 2453 α
2160 2404 2399 2471 statuit;
2428 2400 2743 2475 Φιλολόγου
2761 2401 3038 2477 ,ἶστορίας,
3083 2404 3354 2458 Historias
3375 2401 3749 2473 philologicaa

2099 2515 2126 2541 ‹‹
2147 2492 2331 2546 libros
2350 2509 2363 2556 ;
2382 2498 2460 2547 De
2478 2492 2937 2563 genere,specie,
2955 2491 3308 2559 differentia,
3324 2490 3563 2562 proprio
3578 2496 3635 2544 et
3650 2506 3748 2544 ac-

2099 2602 2126 2631 «
2145 2581 2494 2647 cidente;De
2522 2581 2633 2635 Nili
2653 2580 2920 2635 fontibus
2943 2580 3272 2635 secundum
3290 2579 3644 2645 Pindarum;
3671 2579 3751 2632 De

2104 2693 2124 2719 ι
2154 2670 2428 2736 utilitate,
2444 2686 2623 2740 quam
2646 2686 2812 2742 reges
2827 2687 2895 2724 ex
2913 2671 3165 2725 Homero
3181 2675 3433 2741 possunt
3447 2668 3753 2740 percipere

2105 2779 2126 2805 ι
2154 2756 2337 2812 libros
2360 2760 2405 2812 Χ
2428 2776 2441 2825 ;
2466 2758 2980 2814 Miscellanearum
3003 2760 3401 2829 quaestionum
3424 2757 3610 2812 libros
3634 2756 3752 2823 VII,

2107 2868 2125 2893 ο
2152 2845 2219 2899 In
2240 2846 2596 2917 Thucydidis
2610 2846 2965 2901 Prosemium
2990 2864 3003 2914 ;
3030 2847 3323 2902 Adversus
3346 2846 3668 2900 Aristidem
3691 2844 3758 2899 li-

2100 2956 2128 2983 «
2157 2934 2296 2990 bros
2322 2936 2446 3000 VII;
2472 2934 2535 2989 In
2564 2936 2884 2991 Minuciani
2925 2935 3116 2991 artem
3142 2957 3171 2985 »
3197 2941 3257 2990 et
3311 2935 3429 2990 alia
3472 2935 3753 3005 plurima,

2100 3025 2397 3094 prazcipue
2411 3026 2831 3087 astronomica,
2846 3024 3005 3079 inter
3018 3042 3148 3095 quas
3163 3030 3222 3078 et
3236 3021 3549 3096 Εἷσαγωγήν
3569 3022 3763 3096 ἀστρο-

2106 3112 2485 3184 νομουμένων,
2519 3136 2545 3163 ‹‹
2572 3114 3076 3168 introductionem
3107 3113 3168 3167 in
3196 3128 3289 3167 res
3321 3113 3752 3168 astronomicas

410 3158 769 3274 Polcharpus
808 3158 1050 3254 Joannis
1072 3199 1468 3271 evangelistae,
1502 3197 1782 3268 theologi,
1818 3195 1989 3251 audi-
2020 3158 2064 3226 α
2104 3225 2130 3251 κ
2152 3158 2339 3256 libros
2362 3202 2437 3255 III
2464 3158 2485 3268 ς’
2500 3204 2740 3271 itemque
2770 3202 2960 3257 Dubia
2984 3201 3390 3273 grammatica.
3422 3223 3450 3251 »

341 3298 449 3359 tor,
468 3307 773 3345 successor
791 3288 1051 3347 Buccoli.
1067 3288 1243 3359 primi
1259 3288 1697 3357 Smyrnznorum
1724 3284 1986 3356 episcopi

339 3381 615 3451 martyrio
649 3396 752 3450 pro
786 3378 1017 3433 Christo
1050 3382 1499 3431 consummatus
1533 3381 1621 3430 est
1659 3374 1765 3429 sub
1799 3376 1988 3427 Marco

340 3470 661 3524 Antonino.
693 3468 997 3537 Epistolam
1033 3466 1271 3537 scripsit
1302 3467 1374 3519 ad
1421 3465 1818 3535 Philippenses,
1851 3462 1989 3531 πάνο

344 3558 657 3628 θαυμαστήν
714 3556 954 3611 omnino
1004 3555 1442 3617 admirabilem,
1501 3559 1558 3608 et
1612 3553 1703 3609 Ad
1730 3566 1991 3620 magnum

344 3645 665 3716 Dionysium
692 3647 1126 3714 Arecopagitam,
1162 3650 1213 3697 ct
1248 3645 1321 3697 ad
1369 3644 1507 3696 alias
1563 3641 1852 3696 Ecclesias.
1890 3639 1993 3693 Hic

345 3738 417 3793 ob
451 3736 736 3808 quasdam
768 3751 948 3806 super
972 3734 1068 3787 die
1102 3733 1399 3787 Paschatis
1432 3732 1812 3802 qumstiones,
1846 3728 1990 3799 imp.

344 3826 602 3881 Antonio
652 3826 776 3888 Pio,
838 3829 897 3878 et
952 3822 1228 3876 Ecclesia;
1279 3821 1556 3875 Romana:
1588 3819 1993 3891 episcopatum

343 3922 581 3986 gerente
616 3914 882 3979 Aniceto,
945 3914 1191 3967 Romam
1232 3911 1411 3978 venit,
1456 3910 1557 3964 ubi
1616 3909 1854 3976 multos,
1895 3902 1995 3978 qui

343 4006 656 4061 Marcionis
682 4009 743 4058 et
791 4002 1088 4056 Valentini
1148 4000 1431 4055 doctrinm
1489 3998 1888 4066 crediderant,
1921 3996 1995 4051 ad

344 4096 521 4150 ﬁdem
580 4092 889 4148 revocavit.
942 4091 1222 4145 Marcioni
1276 4090 1507 4144 obviam
1558 4089 1709 4143 torte
1756 4087 1909 4142 facto
1938 4091 1997 4140 et

341 4184 558 4239 dicenti
587 4200 599 4237 :
639 4187 875 4252 Agnosce
903 4198 1019 4246 nos,
1055 4180 1379 4249 Polycarpe,
1438 4177 1750 4248 respondit
1782 4193 1794 4230 :
1848 4180 1996 4227 Γνω-

342 4279 474 4349 ριζω
490 4294 567 4341 σε,
601 4284 905 4345 «Agnosco
934 4276 988 4324 te
1006 4270 1470 4341 primogenitum
1492 4266 1711 4321 diaboli
1734 4265 1947 4320 filium.
1967 4286 1995 4313 »

411 4365 766 4434 Polycrates,
804 4360 1203 4424 Atheniensis,
1245 4364 1443 4413 orator
1474 4357 1643 4412 valde
1682 4356 1995 4440 eloquens,

344 4454 442 4524 qui
474 4459 607 4524 post
632 4456 890 4522 Anytum
923 4454 981 4502 et
1011 4447 1276 4503 Melitum
1307 4447 1610 4501 orationes
1651 4451 1860 4501 contra
1891 4445 1991 4499 So-

344 4548 565 4597 cratem
598 4540 854 4611 scripsit.

418 4631 791 4703 Polyeuctus,
823 4627 1111 4692 comicus,
1143 4625 1314 4697 cujus
1347 4625 1553 4680 drama
1580 4621 1836 4696 Ἡνίοχος
1867 4638 1994 4676 me-

263 4750 269 4756 -
346 4726 611 4775 moratur
659 4718 966 4774 Athenaeo.
1009 4716 1141 4769 Fuit
1174 4719 1231 4769 et
1288 4720 1457 4769 aatate
1512 4717 1713 4768 nostra
1741 4711 1855 4783 (13)
1888 4712 1999 4764 Po-

345 4810 635 4880 lyeuctus,
669 4812 778 4861 etc.
815 4807 1003 4876 Supra
1034 4805 1095 4858 in
1126 4801 1405 4876 Ἡνίὸχος.

417 4898 797 4969 Polygnotus,
832 4896 1044 4965 pictor,
1078 4893 1346 4959 Thasius,
1379 4890 1805 4963 Aglaophontis
1839 4889 1998 4943 ﬁlius

343 4992 403 5043 et
432 4986 978 5058 discipulus,quem
1004 4981 1398 5036 Athenienses
1414 4982 1652 5036 civitate
1678 4981 2005 5061 donarunt,

340 5078 431 5133 vel
448 5076 607 5149 quod
639 5076 932 5148 porticum
958 5073 1229 5144 pcecilem
1250 5071 1431 5144 gratis
1463 5072 1776 5143 pinxisset,
1812 5071 1901 5125 vel
1926 5069 1998 5123 ob

341 5168 605 5239 picturas
638 5167 698 5220 in
731 5166 1032 5219 Thesauro
1067 5169 1123 5215 et
1152 5164 1409 5216 Anaceo.

414 5255 786 5327 Polymnesti
822 5296 836 5323 ,
900 5250 1272 5323 C010phonii,
1347 5249 1674 5319 citharaadi,
1737 5250 2004 5305 carmina

450 5469 532 5531 l3)
563 5470 815 5522 Etatem
874 5458 1121 5519 Luciani
1154 5458 1443 5530 intellige,
1478 5458 1579 5529 qui
1610 5456 1685 5531 in_
1702 5457 1861 5531 hunc
1892 5458 2007 5511 Po-

421 5468 532 5538 (13)
563 5470 815 5522 Etatem
876 5468 1121 5519 Luciani
1154 5468 1443 5530 Intellige,
1478 5473 1579 5529 qui
1610 5474 1672 5511 1n
1703 5468 1861 5512 nunc
1892 5468 2004 5511 P0-

354 5538 681 5606 lyeuctum,
696 5536 1041 5606 sephistam,
1060 5530 1297 5606 scripsit
1313 5546 1485 5606 suum
1500 5528 2004 5606 Pseudologistam

354 5554 375 5593 1
419 5554 656 5593 euctum
696 5555 758 5593 80
804 5554 1172 5600 IllStaIn,scn
1221 5554 2004 5600 susuumrscuuuwgismui

348 5554 426 5665 "ll
468 5607 595 5684 περὶ
622 5580 720 5663 τοῦ
763 5556 1070 5680 Ξπφράὸος,
1104 5607 1145 5657 t.
1177 5554 1229 5658 il
1261 5602 1402 5657 edit.
1453 5599 1779 5658 Amstelod.
1813 5616 1870 5671 Ρ.
1901 5602 2006 5655 432

2172 3290 2549 3361 Posidippus,
2580 3290 3059 3353 Cassandrensis,
3093 3289 3325 3360 Cynisci
3348 3290 3431 3355 F.,
3462 3288 3744 3358 comicus,

2101 3379 2202 3448 qui
2235 3380 2406 3433 tertio
2438 3394 2594 3432 anno
2628 3384 2761 3448 post
2791 3378 3095 3432 Menandri
3128 3378 3357 3433 obitum
3387 3376 3619 3433 fabulas
3649 3377 3749 3432 do-

2101 3484 2234 3523 cere
2266 3468 2460 3538 coepit.
2500 3468 2772 3522 Dramata
2802 3467 2930 3538 ejus
2962 3472 3099 3521 sunt
3128 3467 3203 3522 ad
3234 3468 3404 3521 XXX.

2170 3556 2543 3623 Posidonius,
2604 3556 3012 3627 Apameensis,
3069 3557 3245 3628 Syrus
3303 3561 3405 3611 aut
3460 3556 3745 3623 Rhodius,

2102 3646 2493 3718 pliilOSOphus
2525 3645 2774 3715 Stoicus,
2807 3645 3158 3717 cognomine
3188 3646 3437 3710 Athleta,
3471 3645 3745 3700 Scholam

2104 3734 2309 3788 habuit
2338 3734 2551 3801 Rhodi,
2577 3734 2903 3804 discipulus
2934 3740 2991 3789 et
3012 3751 3319 3790 successor
3347 3735 3615 3792 Panaatii.
3640 3735 3745 3790 Ve-

2103 3824 2193 3878 nit
2222 3825 2467 3878 Romam
2497 3823 2604 3878 sub
2636 3824 2708 3876 M.
2741 3823 3039 3878 Marcello.
3074 3822 3320 3894 Scripsit
3348 3823 3537 3878 multa

2175 3911 2550 3979 Posidonius,
2584 3910 3045 3986 Alexandrinus,
3076 3912 3469 3983 philosophus
3498 3912 3748 3980 Stoicus,

2103 4002 2350 4057 Zenobis
2381 4003 2549 4056 Citiei
2586 4002 2931 4073 discipulus.
2968 4002 3214 4074 Scripsit
3254 4004 3579 4069 Historiam,
3613 4003 3751 4057 inde

2104 4091 2510 4163 incipientem,
2534 4090 2632 4144 ubi
2657 4090 2878 4144 desinit
2898 4092 3197 4161 Polybius,
3222 4092 3400 4146 Libris
3420 4093 3537 4156 LII,
3560 4108 3750 4161 usque

2104 4181 2178 4235 ad
2210 4180 2434 4233 bellum
2466 4179 2855 4249 Cyrenaicum
2885 4183 2945 4232 et
2973 4179 3377 4234 Ptolemaeum.
3412 4185 3553 4233 Item
3590 4200 3613 4230 α
3648 4180 3749 4233 De.

2107 4291 2132 4323 ι
2168 4271 2554 4325 clamationes
2584 4270 2948 4336 rhetoricas;
2978 4269 3040 4323 ln
3082 4270 3540 4325 Demosthenem
3585 4285 3749 4340 argu-

2106 4383 2135 4411 «
2164 4366 2385 4415 menta.
2419 4380 2443 4410 r
2478 4359 2590 4414 Sed
2622 4359 2747 4413 hinc
2788 4363 2949 4430 puto,
2983 4360 3179 4429 potius
3236 4374 3366 4413 esse
3424 4357 3750 4427 Posidonii,

2104 4448 2501 4521 OlbiOpolitaa,
2534 4448 2835 4519 sophista).

2176 4538 2547 4603 Posidonius,
2581 4536 2959 4608 01biopolita,
2993 4535 3256 4608 sophista
3312 4541 3371 4591 et
3408 4535 3748 4591 historicus.

2106 4630 2352 4701 Scripsit
2374 4653 2399 4680 «
2426 4630 2507 4684 De
2539 4630 2772 4684 Oceana
2798 4632 2857 4683 et
2883 4626 3082 4691 rebus,
3110 4643 3240 4697 quae
3270 4627 3333 4681 in
3365 4643 3432 4681 eo
3464 4632 3639 4693 sunt;
3670 4627 3752 4681 De

2114 4743 2133 4767 ι
2166 4719 2425 4791 regione,
2451 4735 2580 4789 quae
2599 4717 2808 4789 Tyrica
2837 4721 3108 4781 vocatur;
3133 4716 3354 4771 Atticas
3380 4716 3657 4771 historias
3678 4715 3752 4769 li-

2108 4830 2135 4858 «
2168 4808 2291 4863 bris
2316 4810 2421 4874 IV;
2449 4808 2661 4878 Libyco
2693 4806 2861 4861 libris
2890 4803 2985 4870 IX,
3010 4826 3038 4855 »
3071 4809 3129 4860 et
3157 4804 3274 4860 alia
3294 4804 3587 4875 quaedam.

2180 4897 2558 4959 Posidonius,
2591 4896 2689 4966 qui
2722 4894 2958 4965 scripsit
2993 4892 3276 4965 Παλμικὸν
3310 4892 3577 4966 οἰώνισμα
3622 4894 3751 4966 (Su-

2109 5004 2235 5058 pra,
2267 4988 2329 5041 in
2356 4985 2766 5056 Οἶωνιστικήν.)

2181 5077 2541 5139 Postumius,
2574 5077 2894 5141 Romanus,
2918 5074 3116 5144 Capua
3131 5073 3441 5141 oriundus,
3465 5073 3635 5130 initio
3659 5091 3757 5130 au-

2109 5166 2367 5232 rifaber,
2424 5164 2638 5220 deinde
2695 5168 2830 5235 post
2890 5163 3256 5218 tricesimum
3287 5164 3478 5219 aetatis
3536 5181 3757 5219 annum

2111 5256 2373 5312 Athenas
2400 5254 2717 5328 profectus,
2748 5256 3083 5309 Graacorum
3140 5253 3356 5309 litteris
3405 5254 3671 5309 eruditus
3703 5259 3762 5308 et

2115 5478 2203 5588 ῗίᾳ.
2236 5462 2405 5518 FABR.
2438 5460 2651 5517 Confer
2688 5475 2868 5533 supra
2919 5456 2995 5514 ad
3022 5475 3145 5515 voc.
3191 5459 3504 5515 Heniochus
3533 5462 3755 5514 notata.

2165 5550 2289 5588 ARL.

2165 5550 2289 5588 ARL.
