4086 6212
371 305 528 370 1331
1677 292 1930 356 INDEX
1974 291 2484 356 SCRIPTORUM
3627 286 3790 347 I332

376 437 581 495 multis
611 433 1254 508 praeclarisinstructus
1276 430 1540 484 scientiis
1571 428 1642 483 ad
1676 443 1866 482 seram
1889 431 2028 480 aeta—
2054 430 2104 492 Α
2139 426 2463 496 habuitque
2506 423 2864 495 discipulum
2926 427 2984 476 et
3032 437 3438 478 successorem
3491 422 3796 476 Marinum

377 534 498 582 tem
555 525 714 578 vixit.
751 523 852 576 Hic
885 538 944 575 se
987 524 1221 590 poterat
1252 533 1538 588 usurpare
1579 516 1721 570 illud
1750 514 2026 568 Heracliti
2135 514 2606 584 Neapolitanum.
2641 512 2887 584 Scripsit
2917 511 3212 583 permulta
3267 510 3683 582 philosophica
3727 516 3796 566 et

377 612 558 688 (apud
589 611 910 676 Julianum,
941 613 1086 662 orat.
1113 610 1164 672 6,
1199 623 1326 678 pag.
1369 607 1488 677 185)
1514 622 1525 658 :
1551 601 1817 675 Ἐμαυτὸν
1843 600 2025 672 ἐδιζη-
2133 603 2592 676 grammaticam
2617 601 3122 657 Commentarium
3146 601 3408 655 intotum
3431 601 3788 664 Homerum,

381 703 584 773 σάμην,
617 702 700 754 Me
767 700 946 767 ipsum
1003 695 1252 766 quaesivi.
1317 693 1583 748 Diversas
1625 709 1658 747 a
1689 692 2027 758 Posthumio,
2137 693 2198 748 ln
2233 693 2468 748 Hesiodi
2501 710 2681 764 opera
2711 699 2770 747 et
2798 692 2961 756 dies;
2996 691 3073 744 De
3097 691 3560 745 chrestomathia
3593 690 3787 744 libros

381 789 622 847 consule
653 789 939 852 Romano,
974 801 1120 838 novo
1154 783 1432 848 homines,
1470 782 1571 837 sed
1603 781 1880 852 superbo,
1915 787 2025 836 etc.
2137 784 2250 850 III;
2291 781 2674 855 Περὶάγωγῆς,
2721 783 2800 836 De
2852 779 3167 851 disciplina
3217 779 3544 848 Theurgica
3595 779 3790 833 libros

451 881 759 941 Potamon,
783 872 1244 939 Alexandrinus,
1279 871 1689 943 philosophus,
1718 871 1858 925 vixit
1895 875 2031 925 ante
2136 874 2218 942 II;
2254 873 2316 928 ln
2347 874 2549 943 Hemp.
2585 871 2846 926 Platonis
2873 869 3056 924 libros
3086 870 3194 936 IV;
3228 870 3294 923 In
3313 869 3530 940 Orphei
3550 869 3794 923 theolo-

379 971 707 1040 Augustum
731 964 970 1020 etillius
1002 970 1290 1035 tempore,
1324 963 1462 1033 Ejus
1493 967 1583 1016 est
1613 984 1638 1011 «
1675 964 1738 1017 In
1770 961 2033 1016 Platonis

2200 979 2294 1016 am
2311 980 2324 1028 ;
2343 965 2416 1014 Συ
2426 981 2580 1037 μφων
2593 958 2670 1012 ξαν
2683 961 2793 1014 sive
2809 959 3176 1014 Consensum
3191 958 3515 1029 Orphei.Py
3525 959 3794 1029 thagorzn

384 1057 456 1112 de
487 1072 611 1126 rep.
645 1051 1138 1108 Commentarius.
2143 1058 2200 1107 et
2215 1051 2510 1117 Platonis;
2540 1052 2606 1104 In
2625 1047 3254 1114 UraculalibrosX;De
3277 1047 3391 1102 diis
3414 1048 3750 1102 Homericis
3781 1065 3796 1112 ;

379 1159 384 1164 '
458 1147 763 1208 Potamon,
809 1141 1189 1208 Mitilenmus,
1245 1139 1623 1194 Lesbonactis
1673 1141 1756 1206 F.,
1815 1139 2034 1205 rhetor,
2143 1144 2506 1213 Argumenta
2531 1136 3375 1193 XVIlIcontraChristianos».
3405 1137 3510 1192 Hic
3532 1138 3792 1192 estPro-

389 1237 589 1290 Romaa
623 1232 730 1286 sub
761 1231 993 1286 Tiberia
1051 1231 1192 1300 imp.
1251 1229 1655 1300 eloquentiam
1712 1228 2035 1300 professus.
2144 1229 2270 1285 clus
2301 1229 2424 1296 ille,
2459 1227 2558 1298 qui
2621 1226 2916 1282 secundus
2947 1243 2980 1281 a
3012 1225 3334 1297 Porphyrio
3377 1225 3677 1296 impuram
3736 1233 3799 1280 et

389 1324 579 1388 Hunc,
601 1321 664 1374 in
689 1319 942 1391 patriam
979 1317 1298 1388 aliquando
1330 1317 2042 1388 redeuntem,imperator
2146 1319 2510 1392 petulantem
2545 1317 2809 1389 linguam
2842 1317 2901 1371 in
2959 1316 3324 1371 Christianos
3371 1316 3630 1370 strinxit.
3687 1315 3806 1369 Ad-

389 1411 608 1467 talibus
641 1409 852 1464 litteris
883 1407 1166 1462 instruxit
1192 1423 1204 1460 :
1231 1409 1688 1475 «Potamonem,
1725 1406 2043 1460 Lesbonac-
2146 1426 2350 1463 versus
2379 1409 2538 1462 hunc
2567 1408 2822 1461 Joannes
2854 1405 3221 1476 Philoponus
3252 1405 3510 1476 scripsit,
3546 1405 3648 1475 qui
3701 1421 3801 1458 ar-

392 1501 468 1555 tis
500 1500 584 1564 F.,
619 1499 669 1551 si
703 1498 837 1568 quis
867 1496 1087 1566 injuria
1117 1496 1353 1550 afﬁcere
1387 1513 1567 1550 ausus
1596 1495 1794 1563 fuerit,
1829 1496 2041 1559 videat,
2148 1495 2762 1571 gumentaejusXVIIl
2777 1493 3478 1549 admirabilidexteritate
3493 1493 3799 1548 refutavit.

398 1604 472 1643 an
505 1603 738 1641 mecum
763 1585 984 1640 bellum
1007 1601 1206 1657 gerere
1239 1585 1444 1655 possit.
1477 1586 1728 1654 Scripsit,
1764 1585 1843 1639 De
1871 1584 2045 1638 Alex-
2149 1603 2403 1657 eumque
2435 1585 2530 1639 vel
2557 1585 2620 1639 in
2650 1584 2866 1638 Graecis
2896 1582 3247 1654 disciplinis,
3279 1599 3529 1653 quarum
3581 1584 3806 1654 peritia

403 1676 590 1732 andro
609 1675 923 1730 Macedone
951 1692 962 1740 ;
1015 1675 1188 1728 Fines
1212 1673 1544 1728 Samiorum
1575 1691 1588 1741 ;
1649 1674 1810 1728 Bruti
1866 1689 2046 1727 enco-
2151 1692 2213 1731 se
2236 1675 2522 1746 jactabat,
2555 1672 2859 1727 indoctum
2887 1676 2944 1726 et
2974 1671 3178 1744 exiguo
3203 1671 3429 1742 judicio
3479 1672 3804 1743 praeditum

408 1767 610 1832 nium;
643 1764 891 1820 Caesaris
921 1763 1238 1818 enconium
1267 1781 1280 1829 ;
1316 1767 1393 1816 De
1433 1763 1692 1834 perfecto
1725 1769 1979 1818 oratore.
2014 1755 2044 1812 ὁ)

2200 1763 2434 1820 stendit.
2459 1762 2704 1834 Scripsit
2725 1761 2904 1816 etiam
2926 1759 3171 1814 Proclus
3190 1758 3538 1832 Μητρῳακῆν
3567 1753 3807 1819 Βίϐλυν,

483 1857 726 1920 Potone,
759 1853 1044 1920 Platonis,
1075 1852 1434 1923 philosophi,
1469 1869 1661 1907 soror.

482 1943 773 2004 Pratinas,
809 1941 1191 2012 Pyrrhonidaa
1223 1941 1313 1995 vel
1342 1942 1602 1996 Eucomii
1645 1945 1703 1994 F.
1737 1941 2054 2008 Phliasius,

410 2037 584 2104 poeta
605 2031 883 2103 tragicus,
937 2031 1035 2102 qui
1070 2047 1203 2085 cum
1258 2031 1527 2100 Alschle
1561 2037 1619 2085 et
1648 2031 1900 2086 Chmrilo
1932 2046 2058 2085 cer-

410 2123 552 2178 tavit
583 2121 929 2193 Olympiade
962 2123 1123 2188 I.XX,
1159 2128 1215 2176 et
1245 2122 1472 2192 primus
1524 2123 1751 2192 Satyros
1801 2121 2056 2191 scripsit.

407 2212 518 2266 Illo
548 2211 779 2266 tabulas
811 2211 1084 2278 docente,
1123 2211 1403 2276 tabulata,
1438 2211 1499 2264 in
1533 2212 1748 2282 quibus
1777 2214 2064 2282 spectato-

406 2319 501 2356 res
533 2301 788 2362 stabant,
846 2300 1211 2363 ceciderunt,
1273 2300 1432 2355 unde
1466 2301 1861 2355 Athenienses
1894 2300 2058 2353 thea-

408 2397 566 2446 trum
591 2394 1028 2444 exstruxerunt.
1055 2388 1303 2444 Fabulas
1318 2389 1504 2444 edidit
1519 2391 1574 2457 L,
1592 2407 1842 2460 quarum
1857 2389 2061 2442 XXXII

411 2479 702 2550 satyricae.
735 2479 927 2533 Semel
961 2478 1118 2532 vicit.

487 2561 765 2639 ΙΙρὲσϐεις.
829 2568 1198 2639 Philosophi,
1269 2568 1556 2638 quicum
1617 2567 1953 2622 Areobindo
2003 2567 2065 2619 in

418 2658 680 2712 Persiam
712 2658 946 2711 iverunt
997 2657 1191 2728 legati,
1226 2656 1467 2712 fuerunt
1535 2657 1668 2711 isti:
1729 2656 2069 2712 Damascius

421 2746 620 2818 Syrus,
649 2745 988 2816 Simplicius
1018 2745 1188 2811 Cilix,
1221 2745 1486 2800 Eulalius
1521 2747 1802 2818 (Agathiaa
1835 2745 2070 2800 codices

422 2835 730 2906 Eulamius)
789 2835 1002 2906 Phryx,
1055 2836 1394 2890 Priscianus
1452 2835 1664 2906 Lydus,
1715 2836 1984 2890 Hermias
2015 2839 2074 2888 et

427 2925 731 2996 Diogenes,
781 2924 1108 2994 thnices,
1161 2924 1420 2979 Isidorus
1477 2926 1730 2980 Gazmus.
1764 2924 1830 2978 Hi
1863 2939 2074 2978 omnes

425 3012 667 3067 domum
681 3011 1251 3076 redierunt,barbari
1269 3013 1668 3084 hospitalitate
1679 3013 2072 3082 valerejussa.

424 3101 536 3156 Sed
567 3101 627 3156 in
659 3117 802 3172 pace
834 3105 1234 3156 Romanorum
1269 3120 1403 3157 cum
1434 3105 1651 3168 Persis,
1685 3108 1924 3158 cautum
1957 3107 2066 3166 est,

423 3195 488 3245 ut
507 3191 643 3244 viris
675 3190 793 3245 illis
825 3207 1031 3246 secure
1050 3192 1242 3246 vivere
1263 3191 1490 3256 liceret,
1525 3209 1634 3246 nec
1651 3197 1856 3246 contra
1885 3191 2069 3245 animi

424 3280 781 3334 sententiam
814 3280 885 3334 ab
917 3281 1072 3336 avita
1103 3281 1203 3350 (De
1233 3279 1386 3350 diis),
1420 3281 1699 3352 opinione
1731 3286 1887 3335 esset
1909 3295 2072 3334 rece-

423 3368 706 3425 dendum.

495 3458 755 3525 Priscus,
789 3458 1049 3522 Panites,
1101 3458 1384 3528 sophista,
1417 3458 1728 3513 Theodosii
1759 3460 1892 3514 Jun.
1924 3462 2076 3511 tem-

426 3547 668 3619 poribus
700 3546 937 3616 scripsit
960 3567 984 3596 α
1020 3546 1335 3600 Historiam
1365 3547 1740 3616 Byzantinam
1774 3551 1832 3600 et
1861 3546 1940 3599 De
1973 3549 2074 3599 At-

431 3635 536 3688 tila
567 3634 751 3688 libros
783 3635 903 3688 VIII
930 3652 943 3699 ;
985 3636 1116 3687 item
1146 3635 1618 3689 Declamationes
1669 3634 1994 3688 rhetoricas
2021 3637 2080 3688 et

433 3723 746 3792 Epistolas.

506 3809 886 3874 Proeeresius,
909 3809 1204 3863 Pancratii
1227 3811 1310 3872 F.,
1328 3826 1397 3864 ex
1411 3813 1673 3866 Caesarea
1693 3810 2078 3884 Cappadocia)

435 3899 717 3968 sophista,
743 3897 842 3967 qui
877 3897 1204 3952 Antiochiae
1228 3897 1542 3968 Ulpianum
1566 3899 1806 3954 audivit.
1831 3902 2080 3956 Athenis

432 3986 634 4041 docuit
665 3985 841 4057 paulo
873 3991 1010 4041 ante
1060 3986 1391 4054 Libanium,
1423 3989 1699 4044 maximis
1731 4006 1764 4045 a
1793 3991 2080 4047 Constan-

431 4077 554 4131 tino
577 4075 902 4130 honoribus
934 4080 1198 4130 ornatus.
1225 4076 1470 4148 Scripsit
1499 4079 1929 4135 Declamationes
1958 4081 2080 4134 rhe-

430 4169 650 4221 toricas.
691 4164 843 4218 Vixit
873 4169 933 4219 et
976 4164 1084 4219 sub
1143 4165 1374 4220 Juliano
1432 4165 1656 4221 Libanii
1691 4169 2080 4239 temporibus,

431 4262 490 4311 et
516 4255 806 4321 Julianus,
838 4259 903 4308 ut
941 4255 1262 4308 Proaaresio
1295 4270 1446 4327 aegre
1490 4256 1730 4324 faceret,
1771 4257 2082 4312 Libanium

431 4346 814 4399 vehementer
843 4343 1042 4396 coluit.
1093 4343 1321 4414 (Supra,
1355 4344 1416 4398 in
1458 4344 1763 4416 Lahanio.)

507 4427 879 4506 Προκὲφαλος.
918 4431 1103 4502 Supra
1135 4433 1195 4486 in
1229 4432 1512 4488 Philocle.

2160 1856 2388 1910 Librum
2420 1854 2486 1908 de
2505 1859 2682 1907 matre
2711 1851 2952 1917 deorum,
2989 1865 3164 1919 quem
3199 1849 3246 1904 si
3304 1850 3435 1920 quis
3485 1849 3545 1904 in
3591 1867 3816 1904 manus

2165 1947 2380 2009 sumat,
2409 1959 2478 1996 ex
2509 1958 2576 1996 eo
2610 1939 2903 2009 intelliget
2931 1937 3349 2009 philosophum
3377 1935 3476 1990 οὐκ
3504 1937 3630 1990 ἄνευ
3660 1937 3818 1997 θείας

2164 2029 2512 2096 κατακωήῆς.
2546 2045 2657 2084 ηοη
2687 2029 2888 2098 absque
2917 2027 3106 2082 divino
3145 2029 3349 2096 afﬂatu
3390 2044 3634 2082 omnem
3686 2028 3818 2082 deae

2166 2123 2328 2178 illius
2362 2119 2717 2186 theologiam
2751 2117 2812 2171 in
2844 2117 3038 2172 lucem
3071 2118 3451 2187 protraxisse,
3485 2117 3568 2171 ita
3596 2124 3664 2171 ut
3711 2134 3820 2171 au-

2165 2229 2262 2268 res
2291 2227 2410 2264 non
2441 2208 2699 2279 amplius
2731 2207 3046 2262 turbentur
3095 2205 3647 2272 lamentationibus,
3681 2224 3821 2276 qua:

2166 2302 2251 2372 (in
2284 2300 2466 2355 sacris
2497 2298 2640 2366 illis)
2671 2297 3017 2352 audiuntur.

2238 2389 2504 2454 Proclus,
2535 2387 2914 2458 imperatoris
2933 2385 3146 2440 Justini
3171 2389 3450 2456 quaestor,
3475 2385 3564 2440 vir
3586 2386 3820 2457 justus,

2171 2481 2272 2553 qui
2305 2477 2532 2533 nullam
2563 2477 2753 2548 legem
2787 2475 3041 2547 scripsit,
3078 2479 3190 2530 etc.

2244 2566 2565 2637 Procopius
2622 2563 2895 2629 illustris,
2949 2564 3350 2632 Caesariensis,
3437 2565 3824 2630 Palaestinas,

2175 2657 2376 2711 rhetor
2402 2660 2460 2710 et
2513 2654 2798 2724 sophista.
2859 2651 3105 2723 Scripsit
3160 2655 3461 2707 Historiam
3523 2656 3830 2708 Romanam

2179 2746 2298 2800 sive
2318 2741 2609 2798 Bellisarii
2633 2740 2791 2796 bella
2813 2746 2872 2795 et
2892 2757 2986 2795 res
3005 2743 3203 2796 Romae
3223 2746 3281 2796 et
3301 2741 3362 2796 in
3385 2741 3585 2796 Africa
3607 2749 3826 2814 gestas.

2181 2834 2332 2888 Vixit
2362 2839 2629 2902 tempore
2677 2830 2993 2884 Iustiniani
3049 2830 3188 2901 imp.
3247 2829 3480 2901 fuitque
3533 2830 3833 2885 Bellisarii

2179 2922 2446 2977 notarius
2466 2926 2523 2975 et
2535 2918 3160 2990 comes,omnibusque
3175 2918 3348 2974 bellis
3360 2925 3419 2974 et
3431 2919 3610 2974 rebus
3625 2920 3827 2992 gestis,

2181 3029 2215 3066 a
2246 3029 2307 3066 se
2339 3009 2670 3080 descriptis,
2705 3008 2830 3080 ipse
2862 3006 3150 3062 interfuit.
3186 3009 3430 3079 Scripsit
3459 3015 3519 3063 et
3548 3009 3738 3062 alium
3760 3009 3831 3062 li-

2185 3101 2377 3164 brum,
2404 3099 2503 3169 qui
2521 3097 2821 3169 prioribus
2844 3095 3082 3152 additus
3105 3104 3194 3153 est
3218 3114 3430 3165 nonus,
3459 3104 3519 3152 et
3550 3098 3838 3153 Anccdota

2191 3188 2556 3254 inscribitur,
2590 3186 2906 3240 continens
2949 3187 3411 3258 vituperationes
3465 3192 3526 3240 et
3575 3187 3837 3242 coniicas

2184 3275 2608 3331 insectationes
2629 3274 2945 3330 Iustiniani
2969 3275 3110 3346 imp.
3137 3281 3195 3330 et
3215 3275 3701 3346 Theodoraa,conj
3715 3276 3836 3347 ugis

2187 3367 2338 3440 ejus,
2374 3366 2635 3437 itemque
2665 3364 2955 3419 Bellisarii
2990 3371 3048 3419 et
3077 3365 3275 3420 uxoris
3307 3366 3456 3436 ejus.

2259 3453 2598 3526 Pr000pius.
2634 3455 2700 3507 In
2734 3453 2953 3524 templo
2985 3454 3172 3508 sancti
3207 3454 3503 3524 martyris,
3537 3453 3832 3524 Procopii,

2188 3546 2248 3600 in
2276 3543 2556 3607 Chelone,
2587 3547 2779 3596 statua
2809 3541 3120 3613 cujusdam
3145 3543 3402 3598 eunuchi
3427 3543 3749 3614 positaest.
3775 3541 3835 3594 in

2190 3634 2359 3704 cujus
2390 3638 2624 3704 pectore
2658 3631 3010 3702 inscriptum
3045 3637 3207 3687 erat:
3239 3654 3268 3680 ‹‹
3301 3632 3585 3702 Quisquis
3616 3632 3730 3686 hoc
3761 3630 3843 3684 si-

2189 3739 2372 3796 gnum
2405 3721 2533 3775 loco
2560 3719 2830 3785 moverit,
2863 3719 3076 3790 laqueo
3108 3727 3330 3792 pereat,
3365 3727 3475 3776 etc.

2263 3810 2547 3866 Prodicus
2578 3809 2768 3875 Ceius,
2804 3827 2871 3864 ex
2929 3809 3126 3864 insulo
3186 3811 3299 3864 Ceo
3350 3816 3407 3866 et
3455 3809 3604 3864 urbe
3656 3809 3843 3865 Iulide

2191 3899 2501 3966 oriundus,
2536 3897 2926 3970 philosophus
2957 3897 3238 3970 physicus
3262 3905 3318 3953 et
3332 3899 3622 3970 sephista,
3646 3914 3844 3969 aequa-

2192 3990 2266 4044 lis
2326 3987 2644 4044 Democriti
2691 3986 3011 4054 Abderitae,
3071 3994 3130 4043 et
3181 3989 3460 4061 Georgiaa,
3505 3987 3845 4059 discipulus

2191 4081 2546 4149 Protagoraa,
2580 4075 2898 4132 Abderitas.
2934 4077 3180 4132 Athenis
3212 4077 3422 4132 hausta
3456 4077 3655 4132 cicuta
3683 4093 3842 4130 mor—

2193 4173 2329 4222 tuus
2361 4172 2451 4221 est
2474 4165 2634 4220 velut
2663 4165 2761 4236 qui
2789 4166 3038 4236 juvenes
3069 4171 3495 4237 corrumperet.

2265 4254 2574 4328 Πρόληψις,
2605 4255 2938 4326 anticipatio
2971 4255 3200 4311 scilicet
3251 4262 3562 4328 antecepta
3605 4256 3849 4324 alicujus

2194 4348 2276 4400 rei
2305 4347 2566 4414 cognitio.
2613 4343 2973 4414 Chrysippus
3031 4343 3393 4399 naturalium
3442 4343 3850 4414 quaestionum

2195 4437 2346 4492 libro
2375 4437 2497 4502 XII,
2532 4436 2644 4490 tria
2675 4434 2818 4489 dicit
2847 4451 2977 4490 esse
3009 4436 3269 4502 criteria,
3317 4451 3582 4499 sensum,
3634 4434 3848 4506 cogni-

511 4521 774 4587 Proclus,
835 4520 1099 4575 Mallotes
1131 4565 1146 4589 ,
1205 4521 1376 4586 Cilix,
1423 4523 1809 4594 philosophus
1856 4525 2086 4579 Stoicus
2115 4523 2162 4585 D
2193 4528 2414 4582 tionem
2440 4532 2497 4580 et
2525 4524 3033 4594 anticipationem.
3068 4526 3355 4596 Epicurus
3375 4541 3510 4579 vero
3538 4524 3846 4596 prolepsin

442 4612 686 4682 Scripsit
709 4631 733 4662 α
766 4611 1270 4665 Commentarium
1294 4611 1354 4666 in
1377 4612 1652 4685 Diogenis
1682 4613 2084 4684 sophismata;

441 4707 493 4754 et
525 4700 810 4755 Adversus
841 4700 1180 4770 Epicurum.

513 4789 757 4845 Proclus
785 4788 956 4858 alter,
990 4788 1274 4857 Mallotes,
1299 4789 1688 4861 philosophus
1711 4795 1768 4846 et
1788 4791 1914 4863 ipse
1937 4791 2086 4846 Stoi-

443 4895 568 4934 οιιε.

511 4968 778 5036 Proclus,
816 4967 1182 5034 Proculeius,
1241 4969 1614 5027 Themisonis
1673 4973 1758 5039 F.,
1792 4971 2091 5027 Laodicea:

442 5057 622 5130 Syriae
655 5057 931 5112 sacerdos
962 5058 1081 5111 sive
1113 5058 1528 5130 hierOphanta,
1572 5061 1820 5133 Scripsit
1841 5084 1869 5111 ‹‹
1903 5063 2091 5116 Theo-

442 5145 659 5218 logiam
687 5163 701 5212 ;
735 5148 801 5200 In
835 5145 1118 5200 Pandoraa
1169 5146 1478 5214 Fabulam,
1511 5167 1643 5219 qua:
1680 5157 1765 5204 est
1799 5150 1957 5222 apud
1989 5151 2095 5204 He-

436 5259 464 5286 α
500 5235 733 5290 siodum
767 5251 782 5300 ;
824 5235 888 5288 In
919 5234 1259 5289 Nicomachi
1311 5239 1590 5310 Isagogen
1620 5239 2031 5308 arithmetica,
2065 5260 2093 5289 ››

445 5331 503 5380 et
528 5325 647 5379 alia
677 5323 952 5395 quaedam
981 5327 1329 5393 geometrica.

523 5413 766 5468 Proclus
825 5412 1054 5482 Lycius,
1114 5410 1440 5482 dissipulus
1498 5415 1728 5487 Syriani
1779 5422 1837 5472 et
1865 5417 2101 5473 auditor

456 5504 755 5560 Plutarchi
787 5499 1146 5573 philosophi,
1166 5501 1415 5558 Nestorii
1439 5506 1522 5573 F.,
1550 5505 1890 5562 Platonicus
1912 5507 2102 5576 philo-

460 5594 703 5664 sophus,
734 5592 836 5664 qui
862 5588 1288 5661 philosophiam
1319 5594 1537 5650 scholae
1574 5595 1815 5649 Athenis
1844 5595 2100 5665 praefuit,

2195 4617 2280 4672 ait
2309 4631 2438 4670 esse
2469 4613 2818 4668 memoriam
2850 4614 3000 4685 ejus,
3020 4613 3180 4685 quod
3203 4614 3605 4669 exstrinsecus
3629 4613 3850 4684 smpius

2197 4705 2491 4778 apparuit,
2524 4710 2637 4766 etc,
3035 4777 3040 4780 _

2269 4793 2657 4851 Prometheus
2679 4790 2954 4864 judicum
2986 4791 3364 4848 Judaicorum
3397 4797 3671 4863 tempore
3697 4787 3852 4862 apud

2201 4887 2432 4941 Graecos
2455 4881 2707 4938 celebris
2728 4880 2858 4948 fuit,
2883 4880 2984 4951 qui
3008 4881 3236 4951 primus
3259 4882 3485 4937 invenit
3502 4880 3850 4953 grammati.

2202 4991 2332 5030 cam
2356 4978 2414 5027 et
2443 4969 3070 5043 philosophiam.ldem
3086 4970 3362 5027 homines
3376 4970 3624 5026 ﬁnxisse
3640 4968 3855 5023 dicitur

2203 5063 2360 5135 quod
2395 5060 2572 5116 rudes
2601 5059 2954 5130 sapientiam
2977 5058 3196 5116 docuit.
3221 5061 3384 5115 Tunc
3413 5058 3622 5114 ﬂoruit
3645 5063 3705 5110 et
3723 5057 3854 5126 Epi—

2205 5153 2493 5216 metheus,
2529 5149 2629 5220 qui
2660 5147 2948 5202 musicam
2975 5148 3200 5203 invenit
3224 5165 3237 5216 ;
3265 5154 3322 5202 et
3343 5148 3530 5218 Atlas,
3560 5146 3665 5217 qui
3699 5142 3855 5216 quod

2205 5241 2621 5297 Astronomiam
2651 5237 3162 5308 interpretaretur,
3224 5237 3440 5292 caelum
3489 5241 3726 5308 gestare
3773 5237 3853 5287 est

2209 5331 2420 5386 dictus.
2443 5329 2621 5382 Porro
2651 5331 2859 5396 Argus,
2881 5324 2982 5395 qui
3006 5324 3080 5379 ob
3103 5327 3320 5382 artium
3344 5331 3648 5398 repertam
3663 5323 3857 5378 scien-

2211 5422 2356 5476 tiam
2385 5416 2606 5473 multos
2637 5414 2843 5469 oculos
2874 5413 3092 5469 habere
3124 5414 3477 5488 ﬁngebatur.
3501 5415 3666 5468 Tunc
3685 5413 3860 5466 etiam

2211 5511 2324 5566 fuit
2351 5506 2575 5578 Sibylla
2594 5503 2874 5572 Fatidica,
2893 5509 3177 5576 regnante
3209 5505 3364 5578 apud
3387 5503 3687 5577 Egyptios
3708 5501 3857 5556 Pha-

2214 5614 2417 5665 raone,
2451 5596 2545 5651 cui
2567 5607 2898 5666 cognomen
2930 5592 3212 5666 Taracho,
3247 5599 3305 5650 et
3332 5592 3583 5650 Athenis
3605 5595 3855 5660 Cecrops
