4086 6212
390 266 414 323 1
430 262 544 324 333

391 397 491 467 qui
524 392 720 473 διφυτςς
754 399 874 455 sive
908 402 1153 471 biformis
1174 404 1366 461 dictus
1398 412 1487 462 est
1516 408 1589 464 ob
1621 412 1886 483 corporis
1913 429 2042 467 ma-

388 486 782 557 gnitudinem,
810 490 896 544 vel
920 492 1077 562 quod
1115 509 1183 548 ex
1203 497 1442 567 Egypto
1469 499 1760 555 oriundus
1779 502 2045 556 venisset

390 575 450 629 in
473 576 777 645 Graeciam,
804 579 890 632 vel
916 581 1074 650 quod
1101 590 1308 639 contra
1332 588 1737 656 promiscuum
1760 592 2039 645 concubi-

390 671 512 718 tum
547 665 735 737 legem
772 668 1003 723 tulisset
1050 671 1123 727 de
1170 674 1518 745 virginibus,
1567 679 1671 732 uni
1704 679 1826 734 viro
1859 680 2041 735 collo-

387 756 611 811 candis.
649 758 767 812 Hoc
798 760 1050 832 Cecrops
1097 762 1254 833 fecit,
1292 768 1392 836 qui
1443 767 1514 822 ab
1542 771 1825 841 {Egyptiis
1857 788 2042 843 genus

388 845 633 915 ducens,
667 864 786 903 non
818 850 1117 923 ignoraret
1146 854 1303 927 leges
1326 873 1473 927 quas
1506 859 1823 925 Vulcanus,
1852 862 2044 933 regio-

388 937 482 991 nis
516 937 675 993 illius
706 956 830 1008 rex,
854 941 1087 998 tulerat.
1121 945 1249 1016 Ipse
1280 948 1528 1003 Athenis
1559 952 1827 1021 regnavit
1853 968 2042 1006 annos

389 1026 839 1099 quinquaginta.

458 1115 809 1183 Pronomus,
844 1118 1086 1189 tibicen,
1110 1122 1281 1194 cujus
1312 1123 1603 1195 prolixam
1634 1124 1877 1181 barbam
1907 1144 2043 1198 per-

390 1204 689 1276 stringunt
717 1207 950 1264 comici.

459 1293 790 1368 Προφητεία,
823 1297 940 1351 alia
970 1299 1274 1369 spiritalis,
1303 1301 1420 1356 alia
1450 1302 1779 1360 diabolica:
1814 1322 1952 1360 nam
1985 1310 2043 1360 et

387 1383 803 1452 praedictiones
836 1386 1209 1444 diabolorum
1234 1392 1558 1461 prOphetiaa
1591 1394 1900 1461 dicuntur;
1926 1396 2043 1450 alia

388 1473 697 1541 naturalis,
730 1474 819 1528 vel
849 1477 1189 1545 artiﬁciosa,
1209 1497 1339 1549 qua:
1373 1481 1528 1536 inter
1556 1483 1661 1539 has
1693 1491 1782 1538 est
1804 1486 2037 1552 media;

387 1560 502 1616 alia
532 1561 789 1634 denique
820 1568 1155 1622 communis
1184 1575 1242 1623 et
1286 1570 1609 1641 p0pularis.
1644 1576 1725 1627 Ac
1757 1575 2041 1645 spiritalis

389 1650 629 1720 quidem
662 1655 957 1726 przecipue
1010 1663 1099 1711 est
1141 1665 1480 1713 sanctorum
1510 1678 1522 1715 :
1558 1662 1657 1716 Dei
1689 1669 1887 1717 autem
1920 1664 2042 1718 dis-

389 1741 735 1809 pensatione
767 1745 1085 1816 participes
1117 1748 1245 1818 ejus
1285 1766 1522 1821 quoque
1571 1751 1869 1806 interdum
1902 1759 2040 1807 sunt

389 1829 497 1891 illi,
530 1832 629 1900 qui
666 1833 815 1887 tales
846 1851 964 1888 non
998 1841 1153 1905 sunt,
1182 1844 1247 1891 ut
1277 1840 1525 1912 Pharao,
1553 1842 1791 1896 Balaam
1823 1848 1882 1897 et
1909 1842 2038 1898 Cai-

384 1918 554 1989 phas.
591 1920 889 1977 Diabolica
920 1923 991 1978 ad
1019 1926 1176 1980 solos
1209 1926 1579 1983 diabolorum
1611 1931 1870 1986 cultores
1906 1948 2041 2002 per-

386 2009 551 2062 tinet.
586 2011 727 2081 Ejus
752 2014 987 2083 generis
1017 2021 1175 2085 sunt,
1201 2017 1300 2087 qui
1334 2034 1403 2073 ex
1431 2018 1801 2090 inspectione
1832 2021 2038 2075 farinae

384 2102 441 2150 et
470 2097 675 2152 hordei
707 2100 994 2169 divinant,
1061 2111 1118 2158 et
1174 2105 1403 2177 Pythia,
1437 2124 1507 2162 ex
1535 2126 1757 2179 quercu
1800 2109 2041 2165 oracula

382 2191 647 2256 captans,
694 2195 753 2243 et
796 2191 1122 2259 Dodontea,
1175 2196 1526 2265 sacrificulo,
1563 2203 1620 2251 et
1650 2199 1954 2269 aruspices
1986 2202 2044 2253 et

382 2276 787 2333 observatores
803 2280 1107 2351 signorum
1123 2287 1180 2336 et
1193 2286 1693 2341 sternutationum
1709 2289 2038 2343 etominum

384 2370 442 2417 et
486 2364 808 2421 fulminum
858 2375 915 2423 et
964 2371 1224 2425 murium
1274 2378 1332 2427 et
1387 2375 1780 2430 mustelarum
1811 2382 1869 2432 et
1900 2377 2042 2449 ligni

382 2454 726 2524 crepitantis
750 2461 809 2510 et
837 2458 1086 2513 tinnitus
1108 2461 1340 2514 aurium
1361 2468 1419 2515 et
1439 2464 1895 2534 palpitationum
1920 2483 2042 2519 cor-

382 2542 540 2612 poris
572 2550 629 2597 et
660 2546 971 2601 nominum
1000 2565 1015 2613 ;
1050 2551 1330 2619 itemque,
1366 2552 1466 2620 qui
1498 2552 1742 2608 umbras
1776 2560 2039 2609 mortuo-

382 2648 512 2685 rum
542 2640 808 2699 evocant,
843 2641 901 2689 et
949 2653 1019 2691 ex
1070 2639 1264 2705 astris,
1311 2641 1482 2710 aquis
1514 2648 1572 2695 et
1602 2642 1736 2697 aliis
1785 2644 2037 2698 infinitis

378 2720 576 2774 futura
607 2722 959 2792 praedicunt.
989 2727 1130 2780 Nam
1154 2726 1435 2783 divinatio
1462 2746 1532 2784 ex
1555 2733 1779 2785 somnis
1803 2738 1861 2786 et
1880 2732 2037 2803 apud

379 2825 489 2863 nos
516 2810 759 2879 quidem
794 2812 853 2867 in
886 2831 998 2868 usu
1037 2821 1146 2881 est,
1181 2816 1285 2871 sed
1334 2834 1441 2889 per
1470 2820 1735 2875 afﬂatum
1770 2820 2035 2875 divinum

379 2898 463 2950 fit.
499 2898 787 2954 Divinatio
842 2903 1132 2957 naturalis
1164 2911 1253 2959 est
1291 2907 1645 2963 animalium
1701 2909 2031 2966 brutorum.

377 2988 737 3044 llirundines
770 2991 931 3046 enim
954 2998 1012 3046 et
1037 3009 1211 3065 grues
1242 3002 1300 3049 et
1328 2996 1591 3053 formicas
1617 3000 2033 3056 imminentem

381 3081 793 3148 tempestatem
818 3082 1224 3151 praesentiunt,
1251 3085 1511 3157 itemque
1533 3089 1728 3143 echini
1761 3095 1819 3143 et
1843 3091 2033 3160 alcyo-

1696 278 1799 337 DE
1839 276 2129 348 QUIBUS
2173 284 2481 356 sonus.

3651 309 3805 368 1334

2069 412 2125 479 Α
2224 427 2602 502 Protogenes.
2635 436 2925 491 Xanthius
2956 454 3025 492 ex
3057 437 3248 508 Lycia,
3273 438 3525 509 pictoria
3555 442 3679 494 arte
3712 458 3809 495 ce-

2152 513 2354 587 lebris,
2389 522 2488 591 qui
2524 524 2834 591 Bacchum,
2882 526 3137 579 Διόνυσον
3185 528 3536 599 (Leopardus,
3570 530 3718 595 XVI,
3748 533 3799 595 2,

2153 608 2478 665 emendatt.
2504 628 2572 667 ex
2589 613 2889 669 Plutarchi
2909 616 3367 687 Demetrio,pag.
3387 618 3512 679 898,
3531 616 3673 686 legit
3691 616 3798 687 (15)

2152 692 2435 769 Ἰἀλύσον,)
2466 702 2654 757 Rhodi
2685 704 2895 774 pinxit,
2929 722 3077 776 opus
3120 705 3608 778 incomparabile,
3641 706 3800 777 quod

2150 786 2479 846 admiratus
2501 799 2591 847 est
2612 796 2962 862 Demetrius,
2985 797 3503 865 Poliorcetes,cum
3530 798 3800 853 Rhodum

2151 893 2256 946 per
2301 877 2611 936 biennium
2661 883 2982 949 obsideret,
3034 885 3305 941 adductis
3351 887 3515 942 mille
3546 886 3802 958 amplius

2151 967 2402 1022 navibus
2436 975 2494 1023 et
2524 970 2656 1041 plus
2683 989 2861 1043 quam
2910 976 3108 1041 55,000
3139 981 3523 1030 armatorum.
3562 975 3807 1046 Scripsit

2151 1054 2509 1126 Protogenes
2544 1082 2564 1105 ι
2600 1060 2680 1112 De
2712 1066 2836 1114 arte
2867 1061 3117 1131 pictoria
3140 1067 3199 1115 et
3228 1063 3431 1134 ﬁguris
3463 1062 3649 1116 libros
3676 1063 3745 1115 ΙΙ.
3776 1083 3804 1109 ››

2220 1144 2598 1211 Ptolemaeus,
2652 1150 2984 1219 Cytherius,
3045 1157 3220 1221 poeta
3277 1152 3499 1222 epicus.
3562 1151 3809 1221 Scripsit

2156 1253 2177 1279 ιι
2213 1232 2293 1285 De
2324 1232 2727 1302 psalavantha,
2767 1260 2794 1285 ι»
2822 1254 3000 1308 quam
3038 1238 3284 1293 herbam
3328 1254 3456 1293 esse
3487 1239 3629 1293 dicit
3655 1238 3809 1294 mira

2149 1320 2201 1373 vi
2233 1322 2563 1392 prmditam.

2220 1428 2499 1485 Claudius
2523 1431 3362 1498 PtolemaeusAlexandrinus,
3387 1433 3799 1504 philosophus,

2151 1522 2415 1589 tempore
2446 1522 2620 1576 Marci
2646 1522 2787 1592 imp.
2816 1523 3063 1593 Scripsit
3088 1546 3107 1571 ε
3136 1527 3256 1577 tres
3278 1522 3460 1576 libros
3491 1525 3799 1577 mechani-

2150 1627 2177 1654 «
2204 1623 2341 1674 cos;
2378 1609 2455 1662 De
2484 1616 2615 1664 ortu
2648 1616 2705 1664 et
2736 1611 3271 1681 significationibus
3303 1610 3609 1664 stellarum
3641 1611 3799 1663 iner-

2150 1718 2177 1745 ‹‹
2208 1698 2501 1765 rantium;
2535 1700 3065 1771 Planisphwrium;
3101 1703 3401 1756 Canonem
3426 1699 3799 1770 expeditum;

2074 1783 2121 1846 Β
2154 1806 2180 1833 ‹‹
2202 1786 2471 1857 Magnum
2491 1805 2639 1858 opus
2656 1805 2688 1843 a
2707 1789 3096 1844 tronomicum
3112 1811 3140 1839 »
3156 1791 3272 1843 sive
3286 1790 3571 1858 Syntamit,
3586 1793 3644 1842 et
3664 1787 3801 1842 alia.

2221 1875 2575 1930 Ptolemaeus
2620 1876 2964 1945 Pindarion,
3010 1876 3423 1943 Alexandrius,
3463 1875 3805 1948 grammati-

2149 1965 2567 2032 cus,0roandri
2622 1966 2707 2031 F.,
2764 1966 3096 2037 discipulus
3160 1966 3506 2021 Aristarchi.
3561 1965 3809 2034 Scripsit

2152 2071 2181 2101 «
2194 2053 2641 2108 Homericorum
2656 2052 3343 2128 exemplorumfrnoBsc-f
3352 2052 3533 2125 μάτων
3553 2056 3715 2109 libros
3728 2056 3807 2108 111

2153 2163 2180 2191 ‹‹
2206 2142 2285 2196 De
2309 2143 2615 2198 Homerico
2650 2144 3024 2211 charactere;
3066 2144 3359 2199 Adversus
3396 2142 3807 2198 Neothalidem

2154 2251 2183 2279 «
2207 2230 2278 2285 de
2300 2230 2598 2299 dictione;
2638 2234 2717 2287 De
2768 2232 2935 2288 Utide
2985 2234 3335 2301 Homerico;
3369 2235 3447 2287 De
3479 2238 3805 2303 asteropzeo

2153 2342 2181 2369 «
2213 2320 2370 2390 apud
2402 2322 2743 2388 Homerum,
2780 2346 2799 2371 ι
2834 2329 2893 2377 et
2919 2323 3055 2380 alia.

2222 2428 2597 2497 Ptolemaaus,
2629 2431 3068 2500 grammaticus,
3101 2426 3387 2497 Ἐπιθέτης
3419 2426 3801 2497 dictus,quod

2149 2516 2559 2572 Aristarchum
2614 2526 2981 2589 sequeretur.
3030 2517 3278 2573 Auditor
3324 2518 3439 2573 fuit
3486 2518 3800 2584 Hellanici,

2148 2608 2537 2675 grammatici,
2572 2608 2674 2677 qui
2704 2608 3010 2663 audiverat
3039 2607 3406 2680 Agatoclem,
3440 2608 3801 2678 discipulum

2146 2693 2426 2747 Zenodoti
2476 2694 2735 2764 Ephesii.
2778 2694 3024 2765 Scripsit
3080 2692 3209 2766 Περὶ
3258 2698 3365 2747 τῶν
3415 2713 3525 2768 παρ
3574 2693 3805 2766 Ὁμήρῳ

2147 2779 2406 2853 πληγῶν,
2449 2806 2476 2832 α
2502 2784 2583 2837 De
2612 2783 2801 2854 plagis
2832 2783 2987 2858 apud
3021 2784 3341 2838 Homerum
3368 2800 3381 2850 ;
3434 2784 3809 2838 Commenta-

2146 2888 2177 2921 «
2210 2872 2365 2925 rium
2390 2873 2451 2926 in
2482 2872 2826 2943 Odysseam.
2854 2895 2883 2923 »

2220 2978 2573 3047 Polemaaus,
2605 2979 2923 3035 Aristonici
2970 2981 3342 3052 grammatici
3372 2985 3560 3051 pater,
3595 2984 3652 3033 et
3682 2980 3807 3049 ipse

2144 3068 2703 3138 grammaticus,qui
2726 3069 2900 3123 ambo
2926 3072 3125 3124 Homaa
3149 3076 3337 3125 artem
3357 3069 3806 3141 grammaticam

503 3138 520 3148 .
820 3138 835 3151 .
1212 3138 1224 3151 .
1286 3138 1728 3157 γέννηη--η-
1766 3138 2004 3160 "mw-

380 3183 504 3233 nes,
536 3174 764 3223 naturas
787 3186 1056 3228 munere.
1084 3173 1372 3229 Divinatio
1396 3192 1553 3242 vero,
1578 3194 1708 3247 quae
1738 3186 1863 3233 arte
1894 3195 2036 3233 con-

2158 3155 2399 3224 professi
2432 3161 2589 3212 sunt.
2643 3157 2889 3228 Scripsit
2935 3156 3173 3227 Ὁμοίως
3223 3138 3488 3228 armis:
3515 3160 3639 3247 τοῖς
3662 3162 3806 3247 Τρει-

378 3261 605 3323 stat,est
620 3258 1499 3327 medicorum,consiliariorum
1515 3266 2037 3335 etgubernatorum

374 3348 565 3399 etc.At
592 3364 742 3401 verae
771 3349 1098 3420 prophetiae
1130 3353 1437 3422 proprium
1462 3359 1570 3418 est,
1592 3354 1857 3427 linguam
1892 3374 2038 3427 prm-

373 3433 515 3489 bere
545 3436 882 3493 ministram
915 3441 1118 3511 gratias
1151 3442 1422 3512 Spiritus.

450 3528 798 3597 Protagoras
822 3527 1154 3597 Abderites,
1180 3532 1520 3587 Artemonis
1546 3532 1636 3587 vel
1671 3534 1946 3589 Maeandri
1972 3536 2030 3591 F.

379 3614 631 3677 Quidam
654 3617 854 3671 Teium
878 3618 1060 3673 fuisse
1087 3622 1469 3690 scripserunt.
1495 3623 1761 3678 Primum
1791 3624 1903 3678 fuit
1932 3624 2032 3679 ba-

372 3703 580 3773 julus;
631 3705 734 3759 sed
790 3707 1188 3762 Democritum
1249 3725 1382 3764 cum
1432 3711 1714 3779 audisset,
1748 3713 2032 3768 doctrina:

380 3799 587 3863 captus
632 3810 855 3862 amore,
902 3796 1292 3867 phiIOSOphim
1341 3816 1581 3871 operam
1629 3802 1793 3856 dedit
1822 3809 1877 3857 et
1908 3803 2035 3858 elo-

382 3882 662 3949 quentiae,
713 3883 1062 3954 primusque
1105 3888 1556 3957 cognominatus
1606 3896 1693 3943 est
1745 3892 2028 3961 sophista.

375 3968 537 4023 Idem
571 3972 1011 4027 contentiosum
1043 3974 1279 4029 dicendi
1310 3991 1495 4046 genus
1524 3978 1751 4047 primus
1784 3980 2029 4047 invenit,

378 4062 435 4110 et
456 4064 695 4113 centum
724 4061 1022 4115 minarum
1046 4063 1381 4118 mercedem
1414 4081 1449 4119 a
1478 4064 1787 4137 discipulis
1820 4071 2027 4141 exegit.

374 4146 546 4220 Λόγος
578 4143 868 4217 ἔμμισθος,
916 4151 1103 4205 Sermo
1158 4154 1524 4207 mercenarius
1566 4154 1697 4209 ideo
1730 4158 2033 4225 cognomi—

375 4242 569 4291 natus.
597 4237 862 4309 Magister
888 4239 1000 4292 fuit
1022 4240 1296 4295 Isocratis
1322 4242 1592 4297 oratoris.
1617 4245 1780 4299 Idem
1803 4247 2030 4317 primus

377 4326 706 4379 orationem
730 4326 927 4380 divisit
953 4328 1014 4382 in
1036 4336 1233 4398 partes
1256 4336 1529 4400 quatuor,
1554 4329 1836 4404 εὐχωλὴν,
1860 4334 2028 4408 ἐρώτ-

374 4430 521 4480 ησιν,
552 4411 855 4483 ἀπόκρισιν,
891 4413 1136 4482 ἐντολὴν.
1188 4418 1302 4471 Alii
1348 4424 1483 4489 post
1514 4436 1649 4474 eum
1682 4421 1743 4483 in
1779 4429 2026 4493 septem,

2140 3246 2317 3314 γικοῖς
2344 3266 2371 3291 ‹‹
2394 3243 2474 3297 De
2497 3244 2570 3297 iis
2591 3260 2721 3314 qua)
2746 3244 3024 3299 similiter
3045 3246 3202 3299 dicta
3224 3249 3363 3299 sunt
3383 3260 3417 3298 a
3438 3244 3677 3316 tragicis
3698 3261 3711 3309 ;
3736 3245 3801 3298 In

2145 3352 2173 3381 «
2198 3333 2522 3385 Homerum
2540 3331 2721 3387 libros
2739 3333 3203 3404 quinquaginta;
3228 3332 3310 3387 Τὰ
3330 3331 3477 3403 παρὰ
3494 3334 3572 3401 τῷ
3592 3333 3797 3403 ποιητῇ

2146 3441 2173 3469 α
2206 3420 2368 3487 ξένως
2398 3414 2753 3491 ἱστορημένα.
2806 3422 2886 3474 De
2927 3422 2999 3475 iis
3043 3438 3174 3492 quas
3207 3422 3525 3475 Homerum
3558 3420 3710 3475 mira
3740 3425 3796 3474 et

2143 3531 2169 3558 ‹‹
2203 3510 2517 3580 peregrina
2548 3508 2900 3575 traduntur;
2961 3510 3040 3564 De
3069 3510 3247 3565 Musis
3280 3516 3338 3564 et
3368 3508 3733 3564 Nereidibus.
3761 3529 3788 3558 »

2211 3599 2587 3666 Ptolemaeus,
2612 3599 3044 3670 Hephaestionis
3072 3601 3155 3666 F.,
3175 3599 3524 3673 cognomine
3553 3596 3785 3661 Χὲννος,

2140 3688 2598 3749 Alexandrinus,
2630 3688 3050 3759 grammaticus
3081 3689 3278 3743 clarus
3310 3688 3416 3743 sub
3450 3686 3698 3757 Trajano
3732 3689 3791 3739 et

2137 3776 2420 3843 Adriano,
2470 3778 2612 3848 imp.
2666 3777 2914 3848 Scripsit
2958 3779 3031 3832 De
3074 3778 3303 3832 historia
3347 3776 3641 3846 paradoxa
3671 3775 3790 3830 sive

2139 3865 2433 3931 mirabili;
2465 3866 2784 3936 Sphingem,
2823 3866 3030 3922 drama
3050 3866 3435 3933 historicum;
3468 3862 3792 3935 Ανθόμηρον

2140 3956 2257 4010 sive
2273 3957 2522 4010 «Poema
2536 3957 2771 4011 Homeri
2786 3956 3542 4027 aemulumﬂhapsodiarum
3557 3955 3791 4010 XXIV.»

2139 4051 2197 4099 et
2227 4045 2344 4099 alia
2374 4045 2670 4114 quaedam.

2210 4151 2585 4217 Ptolemaeus,
2618 4151 3046 4217 Ascalaonites,
3079 4151 3521 4222 grammaticus,
3546 4150 3647 4219 qui
3680 4152 3793 4203 Ro-

2138 4257 2250 4295 ma)
2269 4239 2488 4293 docuit.
2510 4240 2755 4310 Scripsit
2771 4262 2797 4289 ‹‹
2818 4240 3187 4294 Homericam
3204 4239 3550 4293 Prosodiam
3568 4239 3648 4291 De
3664 4238 3793 4290 Hel-

2141 4351 2168 4378 «
2192 4329 2467 4394 lenismo,
2489 4330 2599 4382 sive
2627 4329 2705 4383 De
2726 4334 2887 4383 recta
2906 4328 3187 4398 loquendi
3214 4328 3445 4382 ratione
3462 4327 3646 4381 libros
3673 4328 3787 4394 XV;

2146 4442 2165 4466 ι
2193 4420 2271 4473 De
2292 4417 2498 4472 metris
2522 4435 2537 4484 ;
2571 4419 2651 4472 De
2682 4419 3061 4473 Aristarchea
3081 4418 3357 4488 Odysseaa
3380 4417 3747 4472 correctione
3772 4433 3786 4482 ;

376 4496 655 4573 διήγησιν,
706 4501 994 4573 ἐρώτησιν,
1044 4504 1353 4580 ἀπόκρισιν,
1397 4506 1649 4577 ἐντολὴν,
1699 4510 2032 4587 εἰσαγγελίαν

2158 4532 2170 4557 ι
2189 4508 2267 4561 De
2281 4506 3209 4572 ditferentiavocabulorum;item
3222 4506 3337 4560 alia
3347 4506 3785 4578 grammatica.»

375 4591 504 4660 (14),
540 4589 822 4663 εὐχωλὴν,
869 4591 1089 4661 κλῆσιν.
1141 4595 1477 4653 Alcidamas
1526 4604 1782 4669 quatuor
1810 4600 2031 4657 formas

375 4680 662 4735 orationis
706 4682 895 4753 ponit,
947 4684 1124 4759 φάσιν,
1174 4682 1463 4760 ἀπόφασιν,
1517 4684 1806 4760 ἐρώτήσιν,
1853 4706 2030 4764 προσ-

375 4766 675 4840 αγόρευσιν.
728 4772 1059 4843 Protagorae
1111 4772 1244 4827 libri
1295 4774 1366 4828 ab
1410 4776 1873 4835 Atheniensibus
1905 4798 2029 4835 cre-

378 4858 519 4911 mati
550 4865 708 4923 sunt,
742 4860 901 4930 quod
933 4860 1253 4931 aliquando
1285 4863 1369 4917 sic
1397 4881 1640 4922 exorsus
1672 4876 1859 4924 esset:
1901 4867 2029 4943 Περὶ

377 4949 523 4999 Θεῶν
555 4945 655 5000 οὐκ
712 4943 828 5021 ἔχω
890 4945 1108 5016 εἰδέναι,
1166 4946 1290 5004 οὔτε
1345 4951 1418 5013 ὥς
1479 4952 1634 5024 εἰσιν,
1673 4952 1900 5018 οὕτεῶς
1935 4956 2033 5011 οὐκ

376 5031 500 5105 εἰσί,
534 5038 610 5091 De
648 5037 752 5092 diis
799 5040 936 5093 scire
992 5056 1101 5094 non
1153 5058 1371 5109 possum
1428 5051 1611 5100 utrum
1649 5050 1776 5114 sint,
1810 5066 1880 5102 an
1906 5065 2031 5103 vero

374 5140 483 5177 non
514 5128 645 5181 sint.
671 5126 935 5195 Platone,
964 5128 1343 5201 philosopho,
1370 5135 1770 5205 etantiquior,
1803 5138 2033 5208 fuitque

374 5215 656 5285 magister
682 5217 932 5289 pradici,
966 5219 1106 5287 Ceii,
1140 5227 1199 5275 et
1227 5221 1552 5278 multorum
1583 5225 1858 5285 aliorum.

476 5442 562 5521 14)
593 5442 754 5521 Suid.
790 5442 945 5521 intra
986 5444 1048 5499 in
1095 5444 1341 5517 πυθμὴν,
1390 5442 1735 5521 ἐπαγγελίαν.
1771 5452 2035 5509 Laertius

382 5510 563 5567 habet
591 5512 920 5586 ἀπαγγελίαν
932 5557 944 5570 .

455 5586 564 5658 (15)
625 5585 838 5643 Confer
889 5585 1271 5643 Franciscum
1326 5588 1588 5661 Iunium,
1632 5593 1694 5648 in
1738 5595 2033 5652 artiﬁcum

2212 4594 2544 4659 Pulcheria,
2578 4593 2811 4648 Arcadii
2842 4594 2986 4658 tilia,
3014 4592 3279 4648 nondum
3311 4609 3501 4647 annos
3522 4594 3618 4647 XV
3650 4597 3791 4646 nata

2138 4682 2455 4754 imperium
2487 4682 2708 4753 optime
2739 4681 3195 4749 administravit,
3219 4684 3581 4753 lratremque
3610 4682 3792 4736 Theo-

2139 4771 2373 4826 dosium
2407 4771 2647 4833 erudiit,
2671 4777 2729 4824 et
2756 4772 2975 4842 pietate
3006 4788 3142 4843 erga
3176 4773 3359 4825 Deum
3390 4776 3661 4826 accurate
3693 4771 3789 4824 in-

2142 4860 2333 4914 stituit
2354 4860 2690 4929 multasque
2714 4859 2993 4915 instruxit
3009 4860 3311 4915 ecclesias.
3332 4859 3634 4914 Nestorius
3658 4859 3788 4913 Pul-

2142 4949 2355 5004 cheriaa
2389 4949 2610 5003 invisus
2632 4955 2776 5019 erat,
2802 4949 3226 5004 criminabatur
3276 4950 3435 5004 enim
3468 4966 3597 5005 eam
3630 4949 3789 5020 apud

2142 5038 2457 5093 Paulinum
2489 5040 2851 5109 Magistrum.
2881 5039 3120 5094 Sorores
3152 5039 3282 5110 ejus
3314 5040 3556 5095 Arcadia
3587 5045 3643 5094 et
3671 5042 3786 5093 Ma-

2142 5128 2291 5181 rina.
2327 5127 2689 5183 Theodosius
2734 5144 2908 5199 saape,
2950 5128 3169 5183 libellis
3217 5146 3338 5182 non
3370 5128 3537 5183 lectis
3568 5145 3789 5187 nomen

2146 5233 2319 5271 suum
2352 5216 2779 5273 subscribebat.
2810 5219 3013 5288 Itaque
3043 5217 3355 5273 Pulcheria
3386 5218 3496 5290 ipsi
3541 5217 3795 5288 subjecit

2144 5454 2441 5529 Catalogo,
2502 5474 2631 5529 pag.
2694 5458 2795 5511 184
2837 5472 2984 5526 seq.;
3046 5459 3104 5510 et
3160 5456 3373 5511 Kuster
3419 5454 3493 5510 ad
3548 5453 3790 5510 Suidam

2145 5528 2522 5584 socnm'tom.
2560 5528 2655 5597 III,
2689 5544 2821 5600 pag.
2848 5528 2973 5595 218,
3006 5532 3129 5582 not.
3164 5530 3217 5581 2ο
