4086 6212
395 317 551 376 1335

1705 303 1946 366 mnsx
1995 281 2498 363 SCRIPTORUM

3644 277 3785 358 1336

397 450 692 517 libellum,
739 464 854 519 quo
908 445 1244 518 conjugem,
1301 442 1647 507 Eudoxiam,
1699 439 1908 494 donari
1942 437 2052 492 sibi
2083 437 2130 502 Ἀ
2164 451 2286 490 men
2343 436 2620 506 Pythium.
2681 437 2829 492 Hinc
2883 432 3185 506 πυθὰύλης,
3250 433 3547 508 quomodo
3603 450 3787 505 paeana

395 541 656 615 petebat,
692 545 757 594 ut
791 556 859 594 ea
892 536 1110 592 ancilla
1137 539 1426 600 uteretur,
1462 537 1573 588 etc.

361 671 363 674 ‹
468 631 741 704 Pylades,
771 628 939 693 Cilix,
987 644 1058 681 ex
1107 624 1323 696 oppido
1356 624 1671 679 Mistarnis.
1707 621 1953 691 Scripsit
1984 621 2053 672 De

397 722 691 776 saltatione
719 719 938 782 Italica,
967 717 1137 786 cujus
1170 715 1296 786 ipse
1329 715 1602 768 inventor
1629 711 1741 766 fuit
1769 735 1783 774 ;
1818 712 1887 764 De
1937 707 2054 762 sal-

401 814 608 866 tatione
662 811 890 870 comica,
943 823 1073 876 qua;
1135 799 1345 874 Κόρδαξ
1399 803 1752 867 vocabatur;
1809 800 1950 854 item
1984 797 2054 850 De

396 901 691 954 saltatione
723 898 956 965 tragica,
991 912 1121 966 quas
1155 890 1376 952 σίκιννις
1421 899 1480 946 et
1527 895 1603 946 De
1629 891 1888 960 satyrica,
1921 902 2052 958 quaa

395 982 704 1058 Ἐμμὲλεια
736 984 1059 1039 dicebatur.
1114 982 1249 1051 (Sed
1297 981 1425 1036 vide
1470 981 1670 1034 Athen.
1706 980 1748 1046 Ι,
1783 993 1912 1048 pag.
1943 977 2052 1043 20;

395 1080 454 1131 et
483 1075 717 1130 Kusteri
749 1079 871 1127 not.
907 1075 940 1125 4
972 1076 1030 1126 et
1059 1074 1108 1138 5,
1145 1077 1284 1126 tom.
1321 1071 1416 1137 ΙΙΙ,
1449 1086 1583 1140 pag.
1618 1067 1770 1138 239.)

464 1178 1074 1255 Pyrrhon,Plistarchi
1095 1179 1153 1232 F.
1173 1176 1767 1248 Eleus,philosophus
1792 1180 2054 1245 tempore

393 1271 648 1342 Philippi
700 1269 1057 1332 Macedonis,
1107 1265 1452 1338 Olympiade
1489 1265 1553 1320 Cl
1595 1271 1654 1319 et
1699 1265 1875 1320 ultra.
1937 1261 2058 1316 Pri—

373 1376 554 1415 -mum
587 1359 829 1431 quidem
861 1358 1053 1429 pictor
1077 1357 1207 1422 fuit,
1233 1361 1439 1427 postea
1461 1354 1723 1409 animum
1757 1353 1828 1407 ad
1861 1351 2055 1422 philo-

392 1449 667 1520 sophiam
698 1447 1008 1519 applicans
1039 1445 1263 1501 audivit
1306 1446 1650 1514 Brysonem,
1687 1438 2054 1498 Clinomachi

393 1538 775 1608 discipulum,
807 1535 1022 1591 deinde
1067 1535 1497 1599 Anaxarchum,
1533 1532 1892 1604 discipulum
1940 1533 2058 1584 Me-

394 1626 642 1694 trodori,
701 1626 852 1692 Chii,
912 1625 1083 1696 cujus
1141 1624 1422 1695 magister
1491 1623 1602 1677 fuit
1663 1619 2054 1683 Democritus,

397 1714 695 1770 Abderita.
731 1714 965 1780 Statuit,
1015 1713 1166 1768 nihil
1217 1729 1347 1767 esse
1412 1718 1632 1767 natura
1660 1712 1976 1766 honestum
2007 1718 2065 1768 et

393 1809 584 1877 turpe,
619 1804 722 1859 sed
753 1804 956 1859 omnia
986 1803 1250 1858 moribus
1281 1808 1339 1856 et
1361 1801 1511 1874 lege.

463 1894 754 1965 Pyrrhon,
787 1893 1104 1961 Phliasius,
1131 1891 1424 1947 Timarchi
1483 1892 1566 1958 F.,
1594 1889 1922 1960 discipulus
1951 1887 2048 1942 'l‘i-

392 1982 609 2050 monis,
641 1981 1004 2053 philosophi.

461 2087 776 2160 Pyrrhonii
809 2085 1176 2159 philosophi,
1203 2086 1303 2158 qui
1326 2079 1649 2158 Pyrrhonis
1681 2087 1901 2140 sectam
1926 2087 2050 2138 am-

388 2178 822 2251 plectebantur,
859 2177 1001 2232 dicti
1035 2178 1213 2232 etiam
1259 2176 1564 2248 aporetici,
1600 2174 1826 2247 septici,
1861 2173 2049 2245 ephe-

390 2266 546 2333 ctici,
569 2267 819 2333 zetetici,
849 2271 960 2321 etc.
992 2267 1288 2337 Sceptices
1313 2265 1540 2336 primus
1561 2271 1765 2320 auctor
1793 2263 1904 2317 fuit
1937 2263 2051 2316 llo-

389 2371 610 2423 merus,
638 2355 737 2426 qui
769 2355 922 2409 nihil
945 2355 1089 2409 certi
1121 2353 1190 2409 de
1218 2353 1394 2409 rebus
1418 2353 1781 2425 pronuntiat.
1816 2351 2052 2422 Septem

393 2448 570 2503 etiam
599 2445 901 2516 sapientes
929 2445 1096 2499 fuere
1118 2443 1390 2515 Sceptici,
1411 2459 1660 2514 quorum
1683 2447 1771 2496 est
1789 2440 2007 2496 dictum
2037 2455 2050 2492 :

392 2539 466 2592 Ne
521 2537 662 2608 quid
719 2537 924 2599 nimis;
981 2535 1369 2589 Archilochus
1425 2549 1684 2604 quoque,
1734 2547 1870 2586 cum
1929 2531 2053 2584 ait:

391 2627 558 2687 Τοῖος
610 2624 918 2698 ἀνθρώποις
971 2619 1097 2683 νοῦς
1155 2621 1359 2697 γίνεται
1422 2623 1662 2690 Θνητοῖς,
1697 2620 1886 2688 ὁκοίην
1922 2615 2050 2680 Ζεὺς

390 2714 603 2788 ἡμέρην
659 2711 794 2789 ἄγει.
849 2715 918 2768 Et
970 2711 1281 2783 Euripides
1335 2712 1768 2783 (Supplicibus):
1818 2709 1880 2763 Τί
1916 2705 2054 2777 δῆτα

385 2807 511 2866 τοὺς
540 2804 924 2878 ταλαιπώρους
980 2800 1211 2878 βροτοὺς
1265 2806 1478 2877 φρονεῖν
1514 2799 1775 2874 λέγουσις
1825 2802 1919 2852 σοῦ
1949 2799 2050 2874 γὰρ

387 2893 748 2969 ἐξηρτήμεθα·
786 2890 1009 2968 Δρῶμὲν
1041 2911 1100 2946 τε
1123 2892 1352 2958 τοιαῦθ’,
1385 2889 1676 2964 τυγχάνεις
1708 2884 1904 2944 θέλων.

459 3004 843 3076 Pythagoras,
877 3000 1128 3069 Samius,
1163 3016 1368 3054 revera
1397 2997 1758 3072 Tyrrhenus,
1790 2998 2051 3051 Mnesar-

2157 529 2388 580 vocant.

2233 610 2452 674 Πύθιον.
2486 613 2793 686 Templum
2818 613 3134 686 Apollinis,
3155 607 3408 668 Athenis
3439 629 3474 667 a
3503 611 3784 666 Pisistrato

2160 701 2484 770 conditum,
2519 704 2580 758 in
2639 721 2754 774 quo
2813 704 3074 775 tripodas
3131 701 3436 774 ponebant
3493 700 3592 771 qui
3620 701 3785 772 cyclio

2159 790 2340 845 choro
2373 792 2682 864 Thargelia
2710 793 2991 847 vicerant.

2233 879 2482 950 Python,
2533 881 2907 951 Bysantinus,
2965 885 3183 946 orator,
3233 879 3360 951 qui,
3421 878 3482 932 in
3536 878 3784 932 exsilium

2160 966 2388 1038 pulsus,
2449 969 2510 1023 in
2560 969 2963 1024 Macedoniam
3021 969 3184 1034 abiit,
3244 968 3450 1038 ibique
3490 966 3697 1022 multos
3723 967 3784 1021 ad

2161 1057 2560 1127 proditionem
2593 1058 2851 1130 impulit,
2885 1065 2990 1114 etc.
3023 1060 3087 1114 V.
3117 1057 3376 1113 Kusterii
3407 1062 3532 1111 not.
3563 1057 3782 1121 tom.Ill,

2161 1149 2448 1217 pag.237.

2949 1238 3013 1302 Q.

2235 1324 2586 1392 Quadratus,
2614 1327 2940 1391 Romanus,
2980 1325 3322 1380 historicus.
3356 1325 3600 1396 Scripsit
3649 1323 3783 1378 Ioni-

2165 1428 2234 1467 ca
2263 1413 2516 1470 dialecto
2541 1414 2845 1469 historiam
2871 1417 3195 1470 Romanam
3219 1415 3391 1470 libris
3417 1417 3537 1480 XV,
3560 1430 3783 1485 cumque

2165 1503 2470 1574 inscripsit
2516 1499 2891 1577 Χιλιετηρίόπι,
2949 1503 3106 1576 quod
3165 1505 3657 1575 complecteretur
3705 1519 3783 1557 res

2167 1594 2331 1650 mille
2366 1609 2653 1648 annorum
2686 1611 2718 1648 a
2749 1595 2933 1649 Roma
2979 1593 3219 1650 condita
3265 1593 3340 1649 ad
3392 1594 3534 1664 imp.
3563 1593 3784 1648 Alexan-

2166 1684 2358 1752 drum,
2391 1685 2692 1738 Mammem
2722 1684 2782 1738 F.

2073 1807 2128 1875 -Β
2238 1771 2539 1875 Quirinus,
2572 1771 2857 1843 sophista,
2915 1772 3016 1842 qui
3067 1775 3287 1841 Lingua
3338 1773 3546 1836 erm-ii,
3585 1769 3782 1823 Γλῶσσα

2156 1859 2410 1932 ταμιείου
2433 1861 2767 1930 vocabatur,
2792 1861 2962 1933 cujus
2985 1878 3128 1917 cura
3148 1861 3220 1917 ab
3251 1862 3400 1933 imp.
3426 1861 3479 1916 ei
3500 1860 3781 1916 commissa

2162 1957 2308 2008 erat.

2965 2040 3007 2096 R

2234 2130 2626 2186 Rhadamanti
2651 2129 2947 2202 judicium
2975 2129 3046 2185 de
3079 2129 3154 2185 iis
3197 2147 3454 2201 quorum
3488 2133 3682 2184 testata
3707 2131 3778 2181 est

2153 2218 2411 2291 justitia.
2466 2220 2860 2276 Rliadamanti
2910 2219 3364 2291 jusjurandum,
3424 2235 3612 2290 supra,
3641 2221 3778 2288 χῆμαι

2161 2307 2416 2380 ὀμνύναι,
2477 2314 2535 2364 et
2590 2310 2872 2380 Lampon.
2939 2307 3104 2363 Conf.
3187 2308 3424 2363 Kusteri
3481 2312 3596 2363 not.
3651 2308 3687 2361 Ι.
3730 2323 3771 2366 c.

2161 2416 2292 2472 pag.
2323 2400 2447 2453 249.

2233 2490 2536 2544 Rhamnus
2567 2488 2638 2544 de
2670 2487 3037 2560 sapientibus
3075 2487 3374 2560 clarisque
3406 2487 3541 2542 viris
3567 2487 3767 2542 dicitur.

2163 2579 2467 2634 Rhamnus
2481 2578 2641 2633 enim
2655 2583 2780 2633 erat
2793 2578 3045 2649 populus
3061 2578 3359 2646 Atticm,in
3378 2596 3492 2650 quo
3507 2578 3768 2648 Antiphon

2163 2668 2589 2731 ﬂoruit,orator
2616 2667 2888 2734 celebris,
2913 2683 3088 2737 quem
3108 2667 3276 2722 multi
3303 2668 3499 2722 mitari
3521 2666 3764 2729 volentes,

2160 2756 2534 2830 proverbium
2567 2757 2698 2812 usui
2729 2755 2860 2811 vitae
2893 2756 3362 2827 reliquerunt,ut
3391 2757 3494 2810 viri
3524 2754 3765 2828 praclari,

2161 2847 2510 2902 Rhamnusii
2543 2851 2908 2902 vocarentur.
2940 2847 3276 2901 Rhamnusia
3319 2848 3566 2912 Nemesis,
3596 2850 3767 2908 status,

2160 2950 2338 3004 quam
2359 2932 2500 2987 fecit
2519 2931 2758 2988 Phidias
2781 2937 2838 2987 et
2859 2933 3178 2988 Erectheus
3197 2935 3409 2989 matris
3431 2951 3546 2988 sua
3567 2933 3768 2986 nomine

2160 3037 2292 3091 quae
2323 3020 2521 3074 Nemis
2547 3019 2867 3075 vocabatur
2888 3025 2946 3075 et
2965 3021 3153 3085 illojn
3177 3021 3310 3076 loco
3334 3026 3674 3094 regnaverat,
3694 3019 3769 3072 de-

385 3093 500 3186 fhi:
537 3091 856 3186 SCUIPt?r_iS
907 3088 1290 3186 θηηυῙΟῙἮξ-ξῖι
1342 3087 1522 3186 9”“?!
1565 3087 1670 3186 qni.
1717 3102 1854 3186 mm}
1883 3090 2048 3186 Ρδῖξξδ
2075 3173 2113 3186 Α
2157 3087 2389 3164 dicavit.
2451 3109 2692 3164 Phidias
2749 3110 3111 3182 Agoracrito,
3165 3111 3366 3177 Pario,
3403 3087 3628 3166 vamasio
3663 3124 3764 3172 suo,

384 3183 624 3272 S‘f‘mum
665 3179 1030 3272 ΑίλάοῙῩδοξεηδ
1086 3194 1158 3272 ἓξ
1209 3176 1562 3272 Τῖίξξὴθηίίῖ.
1593 3173 1883 3272 migra”,
1940 3171 2039 3272 ΠΡ)
2071 3173 2114 3242 C
2158 3199 2429 3271 permisit
2449 3215 2668 3254 nomen
2689 3171 3334 3268 suuininscribere;ut
3352 3197 3768 3272 Olympim,digi-

387 3269 783 3342 Pherecydem
808 3264 1284 3338 Syrium,deinde
1308 3263 1864 3318 Rermodamantem
1891 3259 2053 3315 audi-

385 3359 487 3426 vit,
519 3356 830 3430 Creophyli
863 3359 1164 3427 nepotem,
1199 3354 1336 3408 hinc
1372 3352 1710 3420 Abaridem,
1747 3348 2048 3422 Hyperbo-

392 3465 560 3502 reum
590 3451 648 3501 et
686 3447 973 3512 Zaretem,
1025 3445 1275 3515 Magum.
1329 3441 1498 3514 Apud
1547 3441 1843 3514 Egyptios
1876 3439 2052 3494 etiam

395 3544 453 3592 et
477 3536 785 3592 Chaldaeos
836 3533 1170 3604 disciplinis
1222 3533 1531 3586 institutus
1579 3531 1756 3585 rediit
1784 3530 2045 3596 Samum,

392 3644 570 3698 quam
603 3643 738 3681 cum
797 3623 1123 3695 Polycratis
1187 3621 1501 3692 tyrannide
1557 3621 1744 3675 teneri
1788 3619 2052 3686 vidisset,

389 3719 707 3773 Crotonem
739 3714 800 3766 in
829 3711 1060 3765 Italiam
1120 3711 1288 3780 abiit,
1348 3714 1670 3780 apertaque
1727 3708 1806 3761 ibi
1849 3707 2052 3762 schola

391 3797 746 3874 quingentos
771 3805 829 3852 et
859 3799 1116 3868 amplius
1139 3797 1466 3868 discipulos
1489 3797 1717 3852 habuit.
1745 3798 1976 3851 Fratres
1997 3800 2051 3854 ei

393 3892 553 3947 duo:
605 3894 750 3944 natu
804 3887 1000 3958 major
1043 3889 1365 3951 Eunomus,
1417 3883 1651 3940 medius
1681 3885 2048 3957 Tyrrhenus.

391 3983 600 4036 Servus
631 3975 946 4042 Zamolxis,
979 3974 1074 4030 cui
1107 3977 1282 4042 ϐείω,
1315 3973 1678 4044 utSaturno,
1711 3974 2050 4030 immolant.

394 4072 646 4127 Uxorem
693 4066 862 4121 duxit
890 4066 1293 4129 Theanonem,
1349 4064 1636 4133 Brontini,
1677 4064 2050 4131 Crotoniaten,

394 4160 601 4228 filiam,
628 4174 698 4212 ex
724 4171 841 4227 qua
869 4154 1022 4209 filios
1049 4154 1197 4208 duos
1221 4153 1500 4224 suscepit,
1524 4153 1837 4226 Telaugem
1865 4157 1922 4207 et
1942 4153 2054 4208 Da-

396 4264 658 4313 monem,
692 4245 781 4299 vel
811 4248 876 4298 ut
905 4243 1028 4308 alii,
1075 4241 1486 4297 Mnesarchum
1513 4259 1526 4296 :
1578 4242 1762 4297 filiam
1794 4257 2051 4312 quoque,

395 4339 629 4410 Mylam,
667 4335 806 4401 sive,
841 4338 906 4388 ut
935 4332 1056 4399 alii,
1091 4331 1454 4404 Arignotem.
1491 4331 1738 4402 Scripsit
1764 4332 2052 4403 Pythago-

394 4445 490 4483 ras
522 4433 642 4481 tres
675 4429 909 4480 tantum
965 4421 1169 4489 libros,
1229 4416 1602 4489 Παιδευτικὸν,
1645 4418 1964 4489 Πολιτικὸν,
1997 4425 2055 4474 et

397 4517 657 4582 tertium,
685 4513 785 4585 qui
807 4511 1032 4584 Lysidis
1054 4510 1356 4565 Tarentini
1381 4515 1470 4564 est
1487 4510 1701 4581 potius,
1727 4511 1856 4582 ejus
1877 4509 2052 4564 disci-

398 4606 545 4678 puli,
579 4605 678 4675 qui
709 4601 948 4666 Thebis,
973 4616 1086 4671 quo
1108 4599 1356 4671 fugerat,
1382 4599 1853 4670 Epaminondam
1884 4598 2054 4653 insti-

400 4695 529 4748 tuit.
564 4692 812 4759 Quidam
843 4706 1009 4745 aurea
1065 4689 1316 4745 carmina
1373 4705 1609 4760 quoque
1639 4688 1729 4742 illi
1764 4689 2052 4747 tribuunt.

401 4783 688 4854 (Plurima
717 4780 932 4836 deinde
965 4778 1037 4833 de
1069 4779 1398 4850 Pythagora
1420 4779 1668 4850 ejusque
1692 4782 1904 4841 morte,
1934 4775 2059 4847 phi-

403 4869 676 4940 losophia
705 4885 771 4923 ac
803 4866 1089 4938 symbolis
1129 4866 1311 4922 refert
1360 4866 1590 4935 Suidas,
1635 4865 1734 4936 qui
1767 4866 1945 4921 etiam
1975 4864 2057 4918 vi—

403 4957 636 5013 dendus
667 4957 730 5010 in
757 4952 944 5026 Ἤδη.)

475 5066 750 5138 Pytheas,
784 5063 1186 5128 Atheniensis,
1233 5069 1451 5129 orator,
1495 5063 1780 5130 milothri,
1817 5062 1936 5119 sive
1966 5061 2057 5134 pi-

403 5154 666 5213 strinarii
700 5151 878 5219 ﬁlius,
903 5151 1141 5224 scripsit
1171 5153 1463 5208 Conciones
1485 5157 1533 5208 et
1559 5154 1843 5209 Orationes
1870 5155 2061 5222 foren-

400 5263 479 5302 ses
512 5251 569 5299 et
598 5242 716 5297 alia
743 5241 1013 5312 quaedam
1042 5259 1054 5307 ;
1091 5258 1209 5295 non
1267 5241 1694 5296 adnumeratus
1745 5248 1944 5296 autem
1973 5231 2062 5295 est

402 5336 650 5407 (decem)
680 5330 1036 5397 oratoribus,
1070 5336 1136 5383 ut
1173 5331 1349 5384 homo
1402 5330 1592 5384 audax
1625 5335 1682 5384 et
1713 5329 2056 5399 dissolutus,

407 5426 509 5498 qui
537 5422 784 5479 Athenis
835 5419 908 5475 ob
961 5436 1041 5474 ms
1098 5418 1360 5473 alienum
1391 5435 1464 5474 ex
1493 5434 1730 5474 carcere
1763 5420 1971 5493 effugit
1999 5419 2060 5474 in

409 5510 836 5578 Macedoniam,
869 5525 936 5565 ac
957 5511 1172 5579 postea
1200 5506 1398 5562 rediit.

481 5618 684 5681 Πυθιὰς
718 5615 850 5691 βοή,
873 5631 982 5670 vox
1013 5629 1148 5670 cum
1178 5620 1355 5670 cantu
1385 5614 1544 5671 tibia)
1575 5615 1898 5688 conjuncta
1927 5616 2062 5671 Car-

2162 3295 2217 3343 to
2247 3289 2401 3343 Jovis
2458 3287 2760 3359 inscripsit
2817 3287 3138 3361 Παντάρκης
3190 3287 3384 3352 καλός.
3441 3293 3569 3346 Erat
3600 3293 3765 3344 autem

2161 3379 2501 3447 Pantarces,
2535 3377 2800 3449 Argivus,
2835 3379 3131 3433 lormosus
3176 3375 3484 3450 ipsiusque
3527 3377 3763 3434 amasius.

2231 3465 2471 3540 Ῥαριάς.
2507 3467 2736 3521 Rharus
2767 3466 3059 3535 Cererem,
3095 3477 3397 3524 errantem
3425 3474 3481 3524 et
3507 3464 3762 3535 Proserpi-

2161 3577 2301 3614 nam
2323 3559 2974 3630 quairentem,hospitio
2998 3560 3364 3631 excepit,pro
3387 3577 3500 3632 quo
3520 3554 3764 3614 beneﬁcio

2161 3649 2336 3703 Ceres
2355 3645 2804 3718 Triptolemum,
2838 3647 2996 3703 Celei
3019 3649 3081 3716 F,
3112 3641 3294 3704 Rhari
3332 3654 3615 3720 nepotem,
3639 3643 3763 3716 agri-

2161 3737 2452 3792 culturam
2477 3735 2696 3802 docuit,
2717 3736 2886 3807 eique
2909 3752 3148 3792 currum
3171 3737 3466 3793 alatorum
3488 3737 3762 3791 draconum

2161 3825 2344 3892 dedit,
2370 3841 2484 3896 quo
2505 3829 2705 3880 vectus
2725 3831 2944 3880 terram
2963 3828 3375 3899 peragravit,et
3396 3825 3765 3900 agriculturam

2162 3913 2435 3970 homines
2457 3913 2674 3968 docuit.

2235 4002 2533 4074 Rhapsodi
2566 4001 2934 4068 dicebantur,
2990 4003 3090 4074 qui
3149 4005 3418 4061 carmina
3467 3999 3675 4059 Homeri
3719 3997 3766 4052 in

2163 4095 2408 4149 theatris
2428 4093 2789 4161 recitabant,
2813 4092 2970 4164 quod
2993 4085 3224 4167 ῥάϐδους
3255 4095 3376 4150 sive
3398 4095 3577 4166 virgas
3597 4098 3766 4145 tenen-

2165 4191 2250 4239 tes
2281 4183 2392 4238 hoc
2422 4181 2701 4237 facerent.
2751 4183 2850 4236 Est
2883 4181 3062 4236 etiam
3108 4179 3431 4256 ῥάψῳδῆσαι
3463 4179 3669 4254 nugari,
3697 4174 3766 4230 vel

2162 4273 2516 4344 simpliciter
2544 4270 2704 4342 loqui
2739 4272 3091 4326 et'recitare.

2233 4361 2531 4434 Rlieginos
2557 4360 2918 4427 Xenarchus,
2944 4361 3268 4431 Sophronis
3300 4358 3670 4434 mimographi
3699 4356 3766 4417 F.,

2165 4456 2230 4507 ut
2253 4451 2494 4505 timidos
2512 4450 2571 4504 in
2596 4449 2900 4504 comoediis
2923 4449 3045 4504 suis
3067 4451 3437 4520 perstrinxit,
3457 4467 3489 4506 a
3510 4445 3765 4517 Dionysio,

2087 4545 2136 4609 ι)
2169 4546 2442 4612 tyranno,
2469 4538 2544 4594 ad
2575 4538 2688 4592 hoc
2741 4537 3037 4592 inductus.
3101 4539 3264 4594 Unde
3305 4538 3662 4611 proverbium
3691 4550 3767 4588 or-

2170 4636 2292 4684 tum
2324 4633 2414 4684 est
2441 4623 2692 4701 Ῥηγίνου
2725 4619 3051 4699 δειλὸτερος,
3087 4628 3334 4698 Rhegino
3365 4625 3688 4698 timidior,de
3711 4622 3766 4675 iis

2167 4719 2267 4791 qui
2301 4735 2480 4790 supra
2519 4716 2760 4771 modum
2793 4715 2982 4770 timidi
3014 4721 3173 4772 sunt.

2237 4809 2559 4881 Rheginus,
2591 4805 3033 4878 grammaticus,
3066 4807 3305 4878 scripsit
3331 4807 3544 4863 librum
3573 4804 3661 4877 qui
3688 4817 3767 4856 vo-

2166 4903 2334 4954 catur
2357 4897 2768 4966 Polymnemon.

2235 4984 2585 5060 Ῥηρίαρχος,
2619 4987 2718 5056 qui
2759 4985 2999 5040 oracula
3040 4984 3207 5052 dicit,
3254 4993 3322 5041 ut
3367 4991 3456 5042 est
3499 4982 3640 5057 apud
3667 4978 3768 5051 Epi-

2167 5078 2498 5133 charmum.
2540 5074 2662 5142 Vel,
2695 5079 2759 5128 ut
2787 5074 3165 5146 Asclepiades
3210 5076 3358 5131 libro
3399 5079 3554 5132 sexto
3582 5075 3765 5146 Τραγῳο

2168 5163 2471 5237 δουμὲνων,
2532 5164 2632 5235 qui
2692 5163 2958 5218 omnium
3018 5165 3240 5236 optime
3316 5170 3550 5222 noverat
3601 5172 3764 5216 verum

2166 5257 2384 5313 dicere.

2237 5345 2465 5416 Ῥήτωρ.
2520 5341 2717 5397 Multis
2765 5341 3022 5397 decretis
3069 5350 3306 5399 cautum
3350 5349 3456 5411 est,
3505 5341 3562 5396 in
3591 5339 3762 5395 senatu

2167 5453 2264 5493 ars
2293 5434 2552 5492 oratoria
2581 5431 2982 5500 adhiberetur,
3009 5434 3060 5487 si
3091 5435 3225 5505 quis
3255 5433 3596 5490 sententiam
3617 5425 3764 5482 ferret

2169 5527 2241 5582 de
2272 5542 2357 5594 re,
2389 5540 2520 5594 qua;
2551 5521 2623 5578 ad
2650 5521 2940 5593 privatam
2970 5521 3158 5594 ipsius
3195 5523 3487 5580 fortunam
3516 5534 3626 5576 non
3652 5527 3760 5588 per-

2169 5618 2408 5672 tineret.
