4064 6214
387 310 543 371 1339

1692 304 1937 370 INDEX
1976 298 2480 364 SGBlPTORUM

3638 315 3826 377 1340

378 460 415 495 α
447 441 615 498 Plato
649 444 968 500 Homerum
1001 459 1033 498 e
1062 445 1206 514 Rep.
1267 459 1374 499 sua
1429 441 1737 515 ablegarit,
1773 461 1794 490 ι
1831 441 1892 494 et
1917 435 2038 492 alia
2063 431 2117 503 Α
2147 433 2257 489 bus
2289 435 2555 507 inopiam
2585 456 2754 498 suam
2784 447 2960 514 atque
2988 444 3344 501 immensam
3372 446 3560 502 animi
3583 448 3842 519 cupidi-

386 531 594 588 multa.
627 533 772 588 Item
805 555 832 582 «
859 536 1058 587 Artem
1091 532 1434 587 oratoriam.
1470 553 1500 581 »

459 621 742 691 Sarapion
771 620 964 675 solum
993 621 1116 674 fere
1148 621 1447 692 Orpheum
1498 618 1756 674 habebat
1797 621 1858 671 et
1885 615 2037 686 lege-

388 711 490 764 bat
516 726 529 762 :
559 709 809 764 subinde
841 709 1132 764 Isidorum
1155 710 1226 764 de
1261 708 1688 780 quaestionibus
1718 721 2036 761 occurren—

393 799 548 853 tibus
577 799 1164 870 interrogans,virum
1199 815 1432 854 summa
1453 797 1762 868 theologia:
1787 793 2037 850 scientia

391 887 954 958 instructum.quem
972 888 1165 943 solum
1196 887 1476 942 familiari
1497 903 1556 941 m
1577 882 2038 941 noratetadmit-

389 975 686 1034 tebat.nec
713 976 902 1031 ullum
934 977 1118 1031 alium
1143 992 1384 1032 suarum
1405 972 2037 1042 facultatum,duorum

391 1068 494 1119 aut
523 1065 702 1120 trium
733 1065 1207 1133 librorum,inter
1237 1082 1388 1136 quos
1417 1069 1544 1119 erat
1571 1061 1786 1134 Orphei
1817 1060 2034 1132 poesis,

393 1153 637 1224 dignum
653 1152 1201 1225 judicabat,putans
1215 1171 1276 1209 se
1306 1155 1365 1208 in
1384 1153 1487 1208 illo
1505 1151 1845 1224 perpexisse
1861 1150 2039 1204 vitam

392 1239 558 1294 illam
588 1241 1258 1312 Saturniam,poetarum
1279 1239 1495 1296 fabulis
1511 1238 1866 1294 celebratam
1881 1238 2039 1292 Nam

395 1328 497 1383 ille
529 1329 770 1400 quidem
800 1335 1109 1401 poetarum
1140 1330 1378 1402 scriptis
1398 1329 1732 1384 celebratus
1748 1327 1966 1382 Chiron
1981 1326 2040 1379 in

397 1417 658 1472 Saturnii
717 1424 775 1471 et
827 1418 971 1472 Jovii
1020 1418 1185 1489 regni
1235 1417 1494 1472 conﬁnio
1526 1417 1724 1488 potius
1754 1414 2040 1481 constitit,

397 1507 554 1560 unde
580 1506 852 1561 biformis
884 1523 1012 1560 esse
1065 1507 1338 1562 traditur.
1373 1507 1594 1562 Eodem
1639 1513 1904 1577 tempore
1959 1504 2045 1556 vir

396 1595 548 1648 alius
579 1595 938 1650 Alexandria
965 1596 1142 1663 venit,
1175 1614 1244 1651 ex
1279 1603 1399 1652 tota
1419 1596 1828 1663 diametro,vel
1858 1594 2046 1666 magis

399 1688 597 1752 etiam,
630 1687 678 1740 si
709 1687 792 1740 sic
824 1685 1017 1740 dicere
1045 1686 1132 1741 fas
1171 1692 1281 1753 est,
1337 1703 1516 1758 quam
1575 1704 1646 1742 ex
1677 1686 1965 1741 diametro
2015 1699 2049 1737 a

401 1775 723 1845 Serapione
754 1775 981 1830 distans
1014 1790 1028 1828 τ
1062 1792 1198 1830 nam
1231 1775 1326 1830 hic
1357 1775 1597 1846 quidem
1620 1774 1929 1830 Saturnius
1946 1779 2050 1828 aut

397 1865 591 1920 Jovius
620 1863 752 1934 fuit,
780 1863 882 1918 ille
906 1879 1041 1918 vero
1068 1864 1431 1935 Typhonius,
1465 1869 1524 1919 et
1549 1865 1829 1936 Typhone
1851 1880 2053 1919 versu-

401 1954 515 2008 tior
551 1951 770 2006 bellua.
803 1952 1010 2007 Nullus
1032 1953 1190 2007 enim
1225 1968 1452 2022 eorum,
1478 1953 1579 2025 qui
1645 1971 1806 2008 nunc
1832 1954 2052 2018 vivunt,

401 2043 715 2096 hominum
745 2042 999 2114 ignorat,
1032 2059 1148 2112 quo
1170 2043 1372 2098 animo
1398 2047 1456 2097 et
1477 2059 1595 2114 qua
1621 2042 1861 2098 fortuna
1875 2041 2057 2098 fuerit

400 2131 808 2202 Pamprepius.

475 2236 782 2313 Σαράπους.
826 2238 1058 2294 Alcaeus
1117 2240 1405 2295 Pittacum
1463 2239 1689 2295 vocavit
1743 2234 2054 2312 Σαράποδα,

405 2322 766 2402 χειροπόδην,
812 2325 1066 2401 γαύρικα,
1127 2326 1401 2403 φύσκωνα,
1443 2329 1750 2402 γάστρωνα,
1786 2324 2058 2406 ζοφοδορ-

405 2415 537 2472 πίδα
568 2423 627 2472 et
648 2414 1037 2490 ἀγασύραστον.
1067 2419 1166 2477 (Ex
1197 2417 1410 2473 Laertii
1441 2417 1542 2474 lib.
1577 2435 1614 2486 ι,
1646 2435 1696 2473 c.
1729 2419 1844 2489 81.)

477 2505 856 2576 Scindapsus,
880 2507 1348 2562 instrumentum
1378 2507 1780 2563 musicum.De
1801 2509 2056 2572 Zenone,

409 2596 591 2650 Citieo
622 2595 872 2665 (Timon)
908 2612 920 2650 :
950 2593 1011 2649 Ὀ
1041 2591 1099 2648 δὲ
1129 2591 1273 2669 ἔρῥει
1331 2593 1597 2670 γύργαθος
1653 2594 1818 2649 αὐτοὶ»
1861 2595 2055 2668 μικρὸς

407 2683 526 2736 ἰώνο
557 2685 686 2736 νῠῦν
715 2678 762 2735 δ’
793 2681 940 2756 εἶχεν
967 2682 1266 2738 ἐλάσσοντα
1323 2682 1662 2758 (κινδαψοῖο,
1721 2709 1750 2737 ‹‹
1805 2688 2058 2742 Mentem

417 2795 444 2822 ‹‹
480 2771 754 2838 habebat,
787 2772 1081 2827 minorem
1113 2772 1450 2845 scindapso,
1486 2795 1507 2825 ι
1545 2781 1656 2831 etc.

480 2875 682 2954 Σκίφη.
715 2877 982 2946 Crantor,
1030 2879 1443 2950 philosophus,
1501 2886 1690 2952 poetas
1747 2881 2059 2954 cujusdam

408 2984 612 3023 versus
642 2965 843 3041 σκίφης
870 2966 1080 3038 plenos
1111 2983 1240 3024 esse
1267 2968 1434 3026 dixit.

480 3052 802 3128 Σκίρταλος.
838 3057 1142 3129 Diogenes,
1177 3058 1544 3130 SinOpensis,
1599 3059 1722 3132 jam
1765 3075 1968 3132 senex,
2026 3076 2062 3116 a

406 3146 664 3212 Scirtalo,
697 3144 889 3215 pirata
914 3152 1120 3219 captus
1150 3153 1258 3202 est.

478 3254 736 3332 Σκληρᾶς
791 3253 982 3311 ἀοιδοῦ
1032 3253 1260 3329 δασμόν,
1328 3257 1617 3313 tributum
1677 3258 1840 3314 dura:
1895 3260 2067 3330 vatis,

409 3347 707 3421 Sphingis,
743 3351 854 3405 hoc
884 3352 975 3404 est
999 3346 1246 3404 difficile
1274 3347 1454 3420 (apud
1477 3348 1826 3420 Sophoclem
1846 3349 2067 3422 (Edipo

408 3439 705 3510 tyranno).

483 3543 711 3615 Σκολιά,
769 3544 1018 3600 carmina
1095 3547 1420 3602 convivalia.
1486 3547 1734 3601 Σκολιῶν
1804 3545 2066 3615 Mali-too,

413 3637 661 3706 Καρικῶν
691 3632 1046 3704 αὐλημάτων.
1073 3633 1308 3689 Melitus
1357 3635 1468 3690 iste
1527 3635 1639 3690 fuit
1683 3643 1860 3708 poeta
1889 3639 2068 3710 tragi-

415 3737 540 3789 cus,
573 3722 674 3791 qui
705 3723 1004 3777 Socratem
1036 3722 1358 3777 accusavit.
1389 3724 1817 3795 Perstringitur
1871 3742 1905 3781 a
1961 3743 2069 3781 co-

415 3808 607 3878 micis,
635 3815 701 3863 ut
729 3810 892 3880 poesi
924 3809 1170 3880 frigidus
1201 3815 1260 3863 et
1289 3810 1554 3866 moribus
1580 3812 1889 3882 improbus
1918 3833 2072 3886 prae-

416 3897 597 3952 ditus.
633 3898 829 3954 σανίδα
863 3915 1021 3965 vero,
1055 3899 1322 3954 carmina
1351 3899 1538 3970 lyrica
1565 3899 1856 3972 lugubria.

489 3983 747 4052 Σκολιόν,
780 4003 1019 4042 carmen
1050 4003 1375 4059 paucorum
1397 3991 2070 4077 versuum.Timocreon’

423 4073 710 4142 Rhodius,
745 4081 919 4146 poeta
943 4075 1144 4146 epicus
1199 4079 1332 4145 (17),
1387 4075 1503 4130 tale
1557 4078 1809 4134 scolium
1866 4073 2074 4140 contra

422 4162 656 4218 divitias
678 4163 936 4235 scripsit,
967 4165 1138 4235 cujus
1167 4163 1404 4218 initium
1435 4169 1544 4232 est,
1568 4167 1794 4242 Ὄφελες
1825 4168 1870 4222 ὦ
1898 4171 2072 4243 τυφλὶ

423 4248 650 4318 πλοῦτε,
665 4259 777 4309 etc.
809 4275 838 4304 ‹‹
866 4255 909 4309 Ο
939 4269 1109 4308 caacm
1139 4253 1376 4324 divitiis,
1409 4255 1637 4310 utinam
1667 4273 1776 4313 nec
1806 4259 1868 4313 in
1893 4266 2069 4331 terra,

430 4362 452 4390 α
468 4359 579 4398 nec
610 4343 671 4396 in
687 4343 974 4409 mari,nec
987 4342 1050 4396 in
1071 4342 1415 4397 continente
1427 4358 1692 4414 unquam
1709 4346 1844 4401 visae
1855 4347 2073 4404 fuisse-

424 4453 452 4484 «
484 4431 691 4501 tis,sed
721 4432 783 4486 in
807 4433 1048 4486 Tartaro
1089 4437 1147 4485 et
1172 4431 1505 4487 Acheronte
1548 4432 1894 4490 habitaretis
1923 4436 1936 4491 ι
1969 4454 2070 4493 vos

2144 527 2326 579 tatem
2356 525 2528 582 facile
2560 531 2955 602 expleturum.
2981 533 3092 589 Sed
3119 541 3245 590 erat
3273 536 3664 604 insatiabilis,
3704 543 3840 591 etc.

2213 614 2619 686 Scopelianus,
2680 621 3105 690 Clazomenius,
3165 625 3450 696 sophista,
3508 627 3615 697 qui
3708 627 3832 680 sub

2127 688 2328 758 Nerva
2357 705 2498 760 vixit
2525 713 2584 762 et
2613 709 2876 780 Smyrnae
2907 688 3306 784 eloquentiam
3337 688 3834 779 docuit,auditor

2144 793 2378 861 Niceten,
2439 798 2688 867 aequalis
2737 801 3060 871 Apollonii,
3118 804 3462 874 Tyanensis,
3509 805 3589 860 ad
3620 822 3828 876 quem

2146 881 2325 936 etiam
2349 883 2630 954 epistolas
2661 890 3012 960 Apollonius
3042 893 3300 963 scripsit.

2220 969 2454 1041 Σκύθης.
2487 977 2846 1034 Anacharsis
2873 980 2988 1036 fuit
3015 981 3362 1053 Scytha,sed
3389 990 3583 1038 matre
3603 985 3834 1038 Graeca

2147 1067 2343 1129 natus,
2375 1070 2435 1120 et
2458 1065 2590 1122 ideo
2640 1062 2948 1141 διγλωσσος
3008 1071 3262 1128 duarum
3314 1075 3540 1145 peritus
3581 1074 3836 1146 lingua-

2145 1153 2418 1223 rum,qui
2447 1154 2679 1227 Scythis
2709 1157 2868 1231 leges
2897 1160 3052 1216 tulit.

2221 1241 2449 1314 Scylax,
2482 1245 2922 1314 Cariandensis,
2956 1267 3026 1305 ex
3083 1251 3394 1313 Carianda.
3446 1253 3638 1310 Caria)
3673 1252 3832 1307 civi-

2150 1333 2289 1395 tate,
2324 1349 2509 1403 prope
2539 1335 3502 1400 Halicarnassum.mathematicus
3532 1347 3596 1396 et
3621 1342 3834 1396 musi-

2153 1434 2276 1472 cus.
2311 1420 2559 1492 Scripsit
2613 1426 2908 1496 periplum
2949 1427 3217 1483 locorum
3274 1434 3438 1485 extra
3495 1429 3834 1484 columnas

2155 1508 2462 1577 Herculis;
2495 1511 2568 1566 de
2625 1514 2954 1584 Heraclide,
2994 1518 3382 1588 Mylassorum
3414 1535 3552 1591 rege
3587 1539 3602 1585 ;
3638 1526 3829 1573 terra

2155 1597 2465 1668 periodum
2505 1618 2521 1666 ;

2156 1687 2325 1742 riam.

2231 1777 2481 1849 Scytale,
2513 1781 2765 1851 epistola
2795 1782 3101 1840 Laconica.
3134 1787 3314 1858 Ligna
3344 1792 3514 1842 erant
3565 1786 3695 1842 duo
3733 1804 3839 1858 po-

2159 1865 2265 1922 lita
2295 1873 2353 1922 et
2379 1868 2914 1942 oblonga,quorum
2947 1873 3202 1930 alterum
3233 1875 3838 1931 Lacedaamoniorum

2159 1955 2362 2026 ephori
2395 1958 2736 2015 retinebant
2767 1979 2780 2027 ;
2813 1962 3066 2018 alterum
3099 1963 3413 2020 tradebant
3432 1963 3596 2032 duci,
3641 1981 3838 2036 quem

2158 2043 2230 2100 ab
2262 2044 2481 2102 bellum
2510 2049 2882 2120 emittebant,
2914 2056 2972 2106 et
3023 2053 3257 2123 quoties
3289 2053 3342 2106 ei
3373 2052 3606 2123 aliquid
3657 2070 3835 2108 man.

2160 2134 2301 2190 dare
2331 2136 2626 2206 volebant,
2654 2139 2789 2194 albo
2821 2139 2947 2195 loro
2979 2140 3210 2214 lignum
3261 2142 3643 2197 involvebant
3672 2149 3740 2197 et
3768 2144 3833 2197 in

2161 2240 2228 2278 eo
2251 2225 2598 2282 mandatum
2621 2228 3203 2296 scribebant,deinde
3231 2230 3423 2286 lorum
3454 2231 3836 2302 replicantes

2159 2314 2220 2368 id
2251 2314 2563 2371 tabellario
2596 2317 2910 2374 tradebant
2938 2320 3385 2390 asportandum.
3445 2319 3836 2375 Dioscorides

2160 2402 2212 2456 ἐν
2241 2409 2356 2464 τοῖς
2386 2403 2515 2478 Περὶ
2545 2403 2826 2478 νομίμων,
2854 2409 2916 2463 in
2947 2425 3125 2480 Opere
3176 2411 3252 2464 De
3279 2410 3519 2464 moribus
3577 2416 3632 2464 et
3662 2412 3831 2464 insti~

2162 2496 2294 2550 tutis
2326 2495 2527 2562 refert,
2570 2495 2935 2553 feneratores
2987 2497 3247 2554 dividere
3275 2498 3560 2570 scytalam
3589 2498 3832 2554 duobus

2163 2583 2412 2640 testibus
2457 2585 2874 2656 praesentibus,
2931 2591 2990 2642 et
3039 2587 3102 2642 in
3160 2593 3412 2658 utraque
3465 2589 3600 2659 ejus
3655 2594 3829 2658 parte

2163 2679 2533 2729 contractum
2581 2675 2864 2744 scribere,
2923 2682 2982 2731 et
3033 2676 3282 2732 alteram
3324 2676 3566 2747 quidem
3599 2678 3706 2731 uni
3763 2694 3836 2730 ex

2163 2762 2414 2817 testibus
2435 2761 2596 2831 dare,
2647 2763 2896 2819 alteram
2947 2764 3060 2819 sibi
3113 2780 3436 2820 reservare.
3500 2764 3838 2819 Utebantur

2163 2850 2389 2922 scytala
2420 2857 2479 2905 et
2505 2851 2622 2908 alio
2637 2852 2917 2921 modo,ut
2943 2853 3295 2909 Aristoteles
3326 2854 3388 2908 in
3416 2852 3828 2909 Ithacensium

2162 2957 2287 3012 rep.
2321 2941 2548 2996 scribit.

2235 3029 2562 3096 Secundus,
2627 3031 3032 3099 Atheniensis,
3083 3031 3352 3104 sophista
3407 3031 3546 3102 (non
3609 3031 3688 3102 is)
3725 3031 3831 3102 qui

2168 3124 2410 3173 vocatus
2465 3124 2558 3173 est
2620 3119 2871 3174 Plinius.
2966 3121 3220 3192 Epiurus
3278 3121 3388 3192 (18)
3458 3120 3580 3175 sive
3631 3121 3836 3175 Clavus

2580 1600 2910 1678 ’Δτιγραφήν
2969 1605 3252 1663 adversus
3305 1607 3538 1680 Polybii
3629 1609 3838 1662 Histo-

2084 3166 2132 3232 ο
2174 3166 2872 3276 ὶίξιὶιέᾘνεῖιζεᾷδεζιέζ“ιῖἐ
2899 3166 3257 3276 fama;
3279 3166 3837 3280 ὶὶιῖἱειιῖἐὶίεᾘᾱίζ

2175 3295 2478 3368 εορὶιίεῐω,
2508 3297 2809 3370 magister.
2842 3297 3090 3369 Scripsit
3123 3319 3146 3350 ι
3182 3297 3652 3352 Declamationes
3690 3314 3835 3351 ora-

2177 3407 2206 3435 ‹‹
2236 3385 2438 3441 torias.
2475 3407 2504 3436 »

2247 3473 2548 3540 Seleucus,
2579 3474 3491 3549 Alexandrinus,grammaticus,
3524 3476 3835 3547 cognomi-

2175 3568 2351 3618 natus
2381 3563 2749 3628 Homericus,
2781 3564 2883 3634 qui
2912 3566 3110 3619 Roma;
3153 3563 3559 3635 eloquentiam
3609 3563 3834 3618 docuit.

2178 3653 2424 3724 Scripsit
2477 3654 2946 3709 Commentarios
2973 3653 3064 3722 .in
3125 3659 3312 3708 totum
3361 3669 3510 3724 pene
3544 3660 3778 3724 poetam
3813 3670 3829 3718 ;

2177 3762 2205 3790 «
2231 3742 2309 3796 De
2340 3757 2810 3812 synonymorum
2839 3742 3282 3797 differentiaDe
3310 3741 3528 3812 iisque;
3543 3740 3692 3796 falso
3705 3757 3830 3796 cre-

2178 3855 2207 3882 «
2233 3833 2560 3901 duntur,De
2593 3832 2920 3903 proverbiis
2949 3832 3106 3904 apud
3127 3831 3562 3888 Alexandrinos
3576 3832 3827 3901 usitatis,

2181 3943 2209 3970 ί(
2237 3922 2315 3976 De
2347 3921 2462 3976 diis
2488 3921 2672 3976 libros
2702 3927 3008 3988 centum,»
3042 3920 3183 3975 item
3215 3920 3332 3975 alia
3363 3920 3678 3990 Σύμμικτα,
3711 3920 3827 3975 sive

2176 4012 2523 4066 Miscellanea
2543 4010 2748 4082 [etiam
2806 4011 3017 4067 Glossas
3047 4009 3304 4080 aliaque,
3335 4009 3408 4063 de
3463 4008 3683 4079 quibus
3713 4009 3823 4064 vid.

2178 4101 2432 4168 Kusteri,
2467 4105 2589 4162 not.
2623 4102 2675 4166 6,
2709 4106 2851 4156 tom.
2883 4100 2982 4167 IlI,
3015 4115 3145 4171 pag.
3172 4099 3300 4153 297.
3332 4098 3352 4170 ]

2248 4187 2552 4252 Seleucus,
2625 4188 2972 4251 Emesenus,
3055 4186 3498 4258 grammaticus,
3591 4187 3829 4257 scripsit

2177 4280 2238 4330 ’A
2247 4272 2617 4329 σπαλευτικᾶα
2641 4275 3254 4338 Piscatoria,versibus
3269 4275 3627 4330 hexametris
3645 4274 3828 4330 libros

2180 4388 2208 4416 ιι
2239 4368 2434 4436 IV(l9)
2459 4383 2474 4431 ς
2497 4367 2564 4420 In
2595 4365 2831 4435 Lyricos
2861 4363 3390 4430 Commentarium,
3417 4363 3821 4418 Parthicorum

2176 4477 2204 4505 ‹‹
2237 4454 2421 4509 libros
2443 4455 2550 4507 ll.»
2569 4451 2770 4507 lnveni
2801 4458 2860 4507 et
2887 4452 3071 4507 alium
3095 4451 3409 4507 Seleucum
3432 4451 3523 4506 his
3535 4451 3823 4522 additum,

424 4521 627 4576 «enim
641 4519 2070 4582 omniummaloruminterhominescausaestis.»
2103 4534 2146 4600 ι)
2179 4542 2283 4599 sed
2309 4542 2412 4613 qui
2446 4541 2643 4597 nullos
2673 4541 2994 4613 scripserat
3019 4539 3222 4594 libros,

423 4609 524 4665 His
555 4609 754 4665 simile
782 4615 873 4665 est
902 4609 1228 4675 decretum,
1262 4625 1297 4664 a
1345 4609 1574 4666 Pericle
1613 4613 1921 4684 scriptum,
1955 4632 2071 4686 quo

423 4701 794 4770 Megarenses
820 4698 970 4766 foro,
1003 4698 1174 4766 mari,
1207 4698 1549 4754 continente
1573 4702 1946 4760 arcebantur.

498 4787 754 4844 Σκολιόν.
816 4787 1134 4857 Tyrannion
1189 4787 1427 4858 scripsit
1464 4789 1969 4848 Commentarium
2000 4793 2072 4848 de

428 4885 600 4933 metro
621 4879 842 4948 obliquo
896 4875 1052 4948 (Περὶ
1105 4879 1202 4929 τοῦ
1251 4873 1480 4930 σκολιοῦ
1539 4881 1780 4952 μέτρου),
1829 4882 1986 4953 quod
2019 4884 2072 4939 ei

422 4967 795 5040 propositum
823 4966 936 5020 fuit
963 4982 998 5021 a
1025 4966 1084 5020 Ο.
1117 4967 1366 5022 Caasare.

501 5075 737 5145 Scopas,
767 5072 1092 5128 Etolorum
1121 5078 1360 5143 praetor,
1381 5073 1698 5131 frustratus
1715 5076 2072 5150 principatu,

427 5163 597 5234 cujus
629 5163 884 5218 maxime
907 5177 1088 5218 causa
1136 5161 1296 5234 leges
1342 5162 1599 5218 scribere
1629 5180 1812 5220 ausus
1859 5167 2071 5237 fuerat,

426 5251 848 5309 Alexandriam
874 5250 1186 5324 cogitabat,
1201 5256 1364 5306 ratus
1395 5267 1525 5307 sese
1554 5251 1718 5308 illius
1749 5254 1912 5311 urbis
1943 5257 2075 5329 opi-

499 5465 611 5536 (17)
636 5461 816 5531 Infra,
843 5460 1008 5536 apud
1030 5459 1285 5536 Suidam_
1302 5457 1544 5536 rectius,
1565 5462 1824 5520 medicus.

499 5531 609 5608 (l8)
636 5536 714 5590 De
735 5536 847 5610 hac
875 5531 1129 5590 lectione
1159 5549 1211 5586 v.
1245 5531 1502 5601 Kusteri,
1527 5539 1652 5588 not.
1695 5539 1748 5608 7,
1801 5542 1943 5593 tom.
1977 5537 2075 5610 III,

426 5625 558 5682 pag.
585 5611 711 5664 295.
745 5608 920 5662 Hann.

2254 4631 2468 4686 Sellius
2515 4631 2636 4686 sive
2684 4630 2905 4696 Sillius,
2937 4629 3038 4700 qui
3070 4635 3130 4684 et
3167 4630 3454 4684 Homerus
3484 4629 3678 4685 dictus
3716 4637 3820 4699 est,

2183 4721 2604 4794 grammaticus
2632 4724 2770 4776 ante
2801 4717 3426 4790 Menandrum4$upra
3454 4718 3517 4774 in
3532 4720 3820 4792 Homero.)

2256 4811 2686 4877 Semus.Eleus,
2710 4808 3152 4882 grammaticus,
3185 4809 3423 4880 scripsit
3441 4832 3461 4856 ι
3497 4809 3823 4866 Eliacorum

2186 4900 2414 4956 «libros
2439 4899 2580 4966 VIII,
2613 4898 2894 4954 Periodos
2937 4896 3107 4952 libris
3135 4896 3207 4963 ll,
3241 4897 3320 4952 De
3356 4898 3506 4951 Paro
3532 4896 3750 4953 librum
3777 4900 3821 4966 Ι,

2189 5010 2214 5042 ι
2239 4990 2319 5044 De
2353 4991 2633 5060 Pergamo
2654 4987 2875 5042 librum
2900 4987 2945 5054 Ι,
2967 4985 3039 5040 de
3062 4984 3501 5051 Pmanibus,»in
3523 5002 3642 5056 quo
3654 5004 3822 5059 opere

2182 5093 2400 5150 genera
2427 5076 2792 5132 musicorum
2847 5079 3140 5140 recenset,
3187 5072 3626 5142 auctocabalos,
3667 5076 3819 5146 ithy-

2183 5166 2439 5238 phallos,
2471 5164 2918 5236 phallophoros,
2948 5167 3061 5218 etc.
3091 5163 3303 5234 (Supra
3331 5163 3394 5216 in
3425 5162 3821 5236 Phallophori,

2183 5255 2286 5312 ubi
2316 5253 2670 5310 autocabdalt'
2697 5252 2933 5325 legitur,
2961 5267 3082 5307 non
3105 5250 3465 5319 autocabah’.)

2255 5469 2368 5534 (19)
2399 5467 2493 5533 At,
2525 5468 2767 5520 notante
2797 5461 3053 5534 Kustero
3075 5459 3115 5514 ι.
3148 5475 3199 5515 c.
3243 5457 3303 5516 id
3333 5475 3481 5531 opus
3518 5459 3822 5520 Athenaaus

2184 5532 2393 5595 tribuit
2411 5532 2654 5594 Seleuco
2683 5533 2976 5591 Tarsensi.
3009 5532 3184 5588 Hann.
