4086 6212
368 344 523 406 1341

1672 345 1776 406 DE
1817 343 2101 418 QUIBUS
2142 341 2460 406 SUIDAS.

3627 343 3781 403 {342

442 460 697 531 Serenus
725 474 930 542 Elius,
964 474 1362 541 Atheniensis,
1395 478 1837 547 grammaticus,
1871 477 2019 532 scri-
2052 481 2100 544 Α
2134 475 2395 541 sustulit,
2430 481 2489 530 et
2517 475 2579 529 in
2610 473 2926 529 Alexandri
2967 478 3355 529 monumento
3372 474 3686 542 conclusit,
3719 491 3787 547 ut

372 566 491 638 psit
521 587 548 614 α
578 565 891 635 Epitomen
922 563 1119 633 operis
1142 564 1412 618 Philonis
1435 566 1514 620 De
1537 566 1786 621 urbibus
1807 571 1866 621 et
1895 566 2028 636 qui-

370 676 399 704 «
435 672 572 710 nam
608 654 669 708 in
703 652 952 724 singulis
976 652 1119 707 clari
1149 653 1565 721 fuerint,libros
1588 657 1672 710 III
1687 656 2027 727 ,‘Epitomen

371 764 399 791 «
434 740 1001 797 commentariorum
1022 739 1330 795 Philoxeni
1363 741 1424 795 in
1448 743 1787 809 Homerum,
1824 744 2024 798 nlibJ.

439 831 676 903 Sergius
708 830 1506 901 Zeugmatensis,Aphthonii
1539 833 1598 885 F.
1632 832 2024 899 acausidicis,

369 920 471 991 qui
506 919 767 990 prafecti
795 918 1055 985 fuerunt,
1090 934 1276 989 genus
1309 920 1553 985 ducens,
1612 922 1925 992 prafectus
1969 926 2029 975 et

369 1011 498 1081 ipse
527 1007 804 1079 pratorio
837 1012 897 1062 et
936 1008 1270 1063 consularis
1302 1014 1359 1063 et
1414 1010 1719 1081 patricius.
1783 1010 2028 1079 Scripsit

363 1097 728 1167 Epitaphium
762 1098 823 1151 in
854 1097 1183 1167 sophistam
1214 1097 1496 1152 Sabinum
1527 1098 1770 1153 fratrem
1828 1115 2022 1166 suum,

365 1188 508 1243 item
534 1188 718 1242 alium
762 1187 980 1242 librum
1038 1204 1145 1257 pro
1194 1187 1511 1243 causidicis
1558 1188 1833 1244 Adversus
1887 1189 2022 1243 Ari-

362 1278 578 1332 stidem.

436 1361 815 1429 Σεσελλίσθαι,
847 1365 991 1433 falso
1021 1380 1077 1419 se
1112 1366 1351 1435 jactare,
1414 1364 1640 1420 dictum
1680 1364 1752 1420 ab
1798 1365 2021 1419 Eschi-

362 1472 461 1522 ne,
493 1453 635 1508 Selli
672 1454 756 1518 F.,
786 1454 887 1523 qui
921 1469 1146 1524 pauper
1174 1454 1412 1508 divitem
1465 1471 1527 1509 se
1556 1453 1705 1509 falso
1736 1455 2020 1526 jactabat.

360 1545 549 1599 Etiam
600 1538 834 1601 σὲλλους
866 1542 1106 1610 glorioso
1127 1549 1355 1610 vocant,
1389 1549 1447 1598 et
1472 1545 1707 1613 gloriari
1728 1540 2021 1611 σελλὶζειν.

356 1664 367 1669 -
432 1631 801 1696 Severianus,
828 1631 1247 1698 Damascenus,
1278 1646 1432 1686 unus
1484 1649 1551 1686 ex
1610 1632 1878 1703 primarii
1920 1649 2020 1704 ge-

361 1721 521 1776 neris
550 1719 997 1787 viris,Auxentii
1029 1719 1299 1775 Callinici
1334 1722 1416 1786 F.,
1443 1727 1606 1775 ortus
1634 1723 2021 1788 exRomanis,

363 1810 464 1881 qui
497 1808 917 1863 Alexandriam
976 1808 1306 1864 incoluere.
1343 1809 1599 1878 Poetica,
1658 1811 1915 1865 oratoria
1966 1815 2025 1864 et
2056 1842 2098 1906 Β

354 1898 511 1970 juris
534 1896 723 1952 civilis
783 1897 1029 1951 Romani
1073 1897 1285 1968 peritia
1342 1898 1670 1953 instructus
1719 1900 1898 1954 etiam
1952 1900 2013 1952 in

363 1986 742 2058 philosophia
770 1984 1206 2040 instituendum
1239 2002 1301 2041 se
1332 1987 1541 2041 Proclo
1591 1987 1731 2042 dare
1759 1986 2012 2056 volebat,

361 2074 422 2130 ni
452 2081 640 2145 pater,
665 2073 765 2144 qui
795 2078 1109 2144 patronum
1133 2090 1444 2130 causarum
1477 2075 1753 2141 malebat,
1789 2076 1848 2130 id
1874 2093 2011 2147 pro-

359 2163 668 2218 hibuisset.
703 2161 814 2215 Sed
845 2168 1011 2232 patre
1043 2161 1341 2229 defuncto,
1397 2164 1678 2233 Athenas,
1736 2164 1836 2218 ubi
1869 2166 2014 2219 Pro-

357 2253 484 2308 clus
506 2257 650 2315 erat,
679 2250 982 2322 profectus
1024 2252 1361 2317 somniavit,
1422 2254 1642 2308 montis
1695 2254 2012 2322 cacumini,

358 2346 641 2411 tanquam
673 2339 966 2407 vehiculo,
1000 2356 1061 2395 se
1096 2340 1357 2396 insidere
1387 2346 1446 2395 et
1501 2348 1762 2396 montem
1818 2342 2015 2413 ipsum

357 2430 572 2501 auriga
602 2429 792 2483 instar
827 2429 1069 2500 agitare.
1118 2429 1265 2484 llinc
1322 2430 1442 2484 fato
1496 2437 1554 2485 et
1612 2430 1912 2485 voluntate
1943 2430 2016 2485 ad

356 2534 543 2589 remp.
576 2516 859 2573 accedere
892 2522 952 2572 et
982 2518 1391 2589 magistratum
1423 2534 1641 2589 genere
1671 2535 1850 2589 quam
1882 2520 2013 2590 phi-

362 2606 694 2677 1050phiam
726 2606 1087 2677 beatumque
1122 2607 1308 2661 otium
1342 2607 1554 2662 sectari
1606 2608 1838 2663 maluit.
1872 2609 2016 2662 Cum

367 2702 570 2766 postea
602 2697 663 2752 in
689 2697 892 2752 odium
923 2698 1237 2752 incidisset
1267 2696 1603 2765 Ardaburii,
1625 2699 1823 2770 magni
1855 2698 2017 2753 illius

370 2786 610 2856 Asparis
625 2785 912 2851 F.,multa
941 2785 1013 2840 ab
1048 2785 1151 2839 illo
1183 2802 1394 2856 passus
1423 2791 1515 2840 est
1532 2788 1946 2841 sanctissimus
1962 2791 2020 2840 et

372 2892 549 2947 supra
580 2877 823 2931 modum
853 2876 1159 2949 religionis
1190 2877 1404 2931 Graeca
1450 2877 1660 2932 cultor.
1696 2879 2020 2933 Isocrateas

374 2965 552 3019 etiam
584 2966 882 3019 orationes
914 2965 1279 3036 copiosiores
1293 2965 1435 3020 etde
1465 2982 1591 3037 rep.
1613 2972 1855 3038 agentes
1872 2966 2018 3021 mihi

373 3054 686 3121 enarravit,
721 3069 842 3108 non
873 3053 1195 3107 artiﬁcioso
1244 3053 1349 3108 illo
1399 3059 1458 3108 et
1514 3055 1857 3125 sophistica,
1918 3053 2021 3109 sed

366 3142 647 3213 prudenti
706 3148 767 3197 et
794 3141 1208 3213 philosophica
1237 3158 1423 3197 more.
1484 3142 1645 3197 Idem
1696 3144 2021 3209 lulianum,

2134 580 2245 619 nec
2278 564 2438 619 illius
2468 581 2681 635 corpus
2708 564 3023 634 quisquam
3066 563 3320 633 amplius
3351 573 3642 632 cerneret,
3678 584 3785 622 nec

2131 668 2225 706 res
2253 654 2315 707 in
2350 653 2471 707 illis
2498 653 2750 723 scriptas
2774 651 3014 719 legeret.

2208 742 2475 804 Severus,
2510 746 2771 814 Σευῆρος.
2805 740 2907 794 Hic
2962 746 3096 810 post
3140 739 3439 795 infelicem
3469 741 3637 797 illum
3670 746 3781 798 Eu-

2133 830 2370 900 tychem
2404 830 2647 896 exstitit,
2680 834 2740 884 et
2768 845 2901 883 cum
2942 829 3268 883 Antiochia
3300 829 3579 884 thronum
3609 833 3782 887 malis

2131 920 2358 974 artibus
2388 926 2755 991 occupasset,
2790 917 3078 973 Manentis
3109 924 3167 973 et
3196 919 3556 989 Apollinaris
3586 928 3644 975 et
3669 925 3784 976 Eu-

2129 1008 2320 1080 tychis
2378 1008 2654 1063 haresim
2707 1006 2971 1062 stabilire
3021 1007 3363 1063 conabatur.
3396 1011 3476 1063 Ex
3534 1011 3785 1066 ecclesia

2127 1098 2329 1167 itaque
2370 1097 2578 1167 pulsus
2634 1097 2697 1151 in
2744 1095 3194 1162 Alexandrinos,
3228 1097 3513 1167 populum
3569 1098 3780 1154 levem,

2127 1187 2383 1242 turbinis
2415 1193 2474 1241 et
2529 1186 2806 1257 procella
2864 1186 3054 1241 instar
3111 1186 3339 1241 incidit.
3382 1188 3527 1242 Cum
3582 1193 3781 1243 autem

2132 1277 2229 1331 hic
2260 1292 2498 1347 quoque
2525 1275 2643 1331 alia
2672 1274 2936 1346 procella
2965 1274 3078 1345 ipsi
3110 1280 3169 1329 et
3219 1276 3438 1346 populo
3476 1283 3778 1345 restasset,

2134 1366 2335 1420 omnia
2358 1364 2628 1419 confudit
2648 1370 2708 1418 et
2734 1362 3115 1433 perturbavit.
3163 1363 3433 1419 Julianus
3458 1366 3620 1419 enim
3649 1366 3784 1436 qui-

2130 1454 2264 1509 dam
2299 1452 3027 1518 Halicarnassensis,Asia
3056 1452 3389 1522 episcopus,
3419 1470 3519 1509 eos
3537 1455 3785 1525 dissipa-

2126 1545 2227 1600 vit.
2260 1543 2475 1598 Confer
2504 1558 2703 1614 supra,
2737 1542 2797 1595 in
2826 1541 3082 1595 Juliano.

2200 1634 2430 1699 Sextus,
2481 1631 2916 1697 Charonensis,
2967 1630 3267 1685 Plutarchi
3318 1632 3539 1685 sororis
3597 1633 3779 1702 ﬁlius,

2127 1721 2542 1793 philosophus,
2571 1721 2672 1791 qui
2720 1720 2830 1773 fuit
2860 1720 2930 1771 M.
2973 1719 3254 1772 Antonini
3284 1720 3530 1774 Casaris
3559 1726 3782 1791 tempo-

2130 1811 2317 1875 ribus,
2351 1807 3090 1878 Herodoti,Philadelpha,
3123 1808 3453 1878 discipulus
3484 1816 3778 1879 sectaque

2127 1900 2469 1971 Pyrrhonia
2498 1898 2768 1953 addictus
2799 1899 2929 1969 (21).
2963 1898 3066 1951 llic
3092 1898 3247 1967 apud
3278 1898 3695 1968 imperatorem
3715 1899 3775 1952 in

2125 1995 2290 2044 tanto
2324 1989 2550 2043 honore
2596 1993 2741 2053 erat,
2774 1992 2839 2041 ut
2894 2002 3015 2040 una
3062 2001 3196 2040 cum
3255 2002 3321 2040 eo
3376 1987 3478 2057 jus
3528 1986 3770 2041 diceret.

2126 2079 2373 2150 Scripsit
2425 2078 2648 2143 Ethica,
2705 2076 2968 2145 itemque
3020 2076 3273 2145 Sceptica
3330 2074 3486 2129 libris
3522 2077 3583 2131 X.
3636 2078 3778 2129 Post

2126 2165 2432 2221 Commodi
2464 2171 2713 2219 mortem
2746 2163 2988 2234 quidam
3018 2180 3081 2218 se
3114 2163 3341 2217 Sixtum
3379 2162 3575 2218 dicere
3598 2179 3779 2217 ausus

2127 2255 2671 2325 est,facultatesque
2703 2258 2762 2308 et
2791 2252 3137 2325 dignitatem
3170 2253 3297 2324 ejus
3328 2253 3441 2307 sibi
3464 2253 3781 2315 vindicare,

2127 2345 2227 2415 qui
2277 2360 2312 2398 a
2370 2342 2574 2398 multis
2634 2358 2790 2410 sape
2849 2342 3246 2411 interrogatus
3276 2341 3420 2395 scite
3456 2340 3781 2412 respondit.

2126 2434 2238 2489 Sed
2251 2451 2385 2489 cum
2399 2434 2671 2504 pertinax
2696 2432 2988 2486 nonnulla
3001 2432 3073 2486 ad
3088 2432 3483 2486 eruditionem
3499 2434 3782 2486 Graecam:

2126 2525 2299 2595 cujus
2329 2523 2432 2577 ille
2464 2522 2629 2576 rudis
2687 2527 2834 2583 erat,
2868 2521 3229 2592 pertinentia
3269 2537 3338 2575 ex
3369 2537 3437 2575 eo
3469 2526 3782 2591 quareret,

2128 2614 2303 2685 longe
2333 2630 2368 2668 a
2398 2630 2576 2684 scopo
2626 2611 2938 2676 aberravit,
2970 2628 3126 2675 cum,
3160 2611 3303 2681 quid
3336 2611 3652 2673 diceretur,
3706 2626 3782 2664 ne

2129 2704 2465 2775 intelligere
2525 2701 2767 2772 quidem
2827 2706 3048 2771 posset.
3081 2700 3239 2756 Adeo
3298 2706 3511 2755 natura
3542 2699 3783 2770 quidem

2130 2793 2355 2847 vultum
2390 2792 2442 2846 ei
2477 2790 2735 2846 similem
2770 2788 3046 2853 habebat,
3079 2790 3429 2860 caterisque
3485 2788 3548 2843 in
3608 2789 3784 2843 rebus

2134 2889 2257 2938 arte
2290 2898 2426 2936 eum
2456 2879 2771 2947 referebat,
2804 2878 3074 2933 doctrina
3111 2895 3246 2933 vero
3281 2878 3489 2935 eadem
3520 2879 3787 2933 excultus

2135 2987 2256 3025 non
2290 2974 2432 3024 erat.

2207 3060 2435 3124 Sextus,
2469 3057 2608 3112 Afer
2636 3058 2772 3126 (22).
2804 3057 3218 3127 philosophus,
3253 3056 3492 3128 scripsit
3537 3058 3789 3127 Sceptica

2138 3148 2257 3203 sive
2288 3146 2605 3215 Pyrrhonia
2637 3145 2792 3199 libris
2810 3146 2877 3198 X.

364 3209 609 3286 fratrem
637 3209 835 3285 meum
868 3232 981 3300 (20)
1011 3209 1157 3286 natu
1188 3231 1479 3286 minorem
1502 3232 1587 3287 sic
1617 3232 1690 3287 ad
1739 3233 2020 3302 eloquen-
2054 3209 2098 3275 (ἶ
2206 3209 2430 3304 Sibylla
2455 3232 2759 3303 Delphica,
2818 3248 2996 3302 quam
3028 3233 3206 3287 etiam
3245 3231 3482 3287 Dianam
3520 3235 3788 3304 appella-

370 3321 466 3374 tia
499 3318 761 3374 studium
793 3318 1203 3386 inﬂammavit,
1236 3326 1302 3375 ut
1331 3336 1467 3375 eum
1512 3326 1570 3374 et
1618 3326 1824 3391 poetas
1854 3327 1911 3374 et
1941 3337 2030 3375 ce-

370 3408 567 3463 lebres
597 3414 860 3463 oratores
888 3408 1153 3464 ediscere
1185 3408 1445 3480 juberet.
1480 3411 1551 3463 Et
1606 3409 1755 3463 alios
1785 3409 2028 3479 quidem

372 3503 578 3567 poetas
642 3503 943 3568 utcunque
1002 3498 1311 3568 probabat,
1372 3504 1432 3553 at
1479 3498 1908 3553 Callimachum
1966 3499 2027 3552 in

373 3602 593 3641 manus
626 3602 886 3653 sumens,
916 3587 1121 3641 Afrum
1145 3587 1305 3642 hunc
1318 3593 1553 3657 poetam
1583 3604 1891 3659 nunquam
1909 3604 2029 3643 non

374 3674 599 3729 derisit.
630 3674 1047 3740 Quinlectione
1068 3675 1197 3746 ejus
1215 3674 1362 3729 adeo
1376 3676 1809 3744 offendebatur,
1842 3677 2025 3730 inter-

374 3764 517 3819 dum
548 3770 614 3819 ut
642 3764 861 3818 librum
895 3765 1024 3835 ejus
1077 3769 1452 3834 conspueret.
1514 3764 1659 3819 Huic
1700 3766 1853 3819 Zeno
1884 3765 2026 3836 imp.

372 3854 705 3925 proximam
730 3869 765 3908 a
795 3869 857 3909 se
912 3854 1259 3925 dignitatem
1292 3853 1595 3924 pollicitus
1625 3860 1733 3919 est,
1775 3854 1824 3908 si
1856 3854 2028 3909 Chri-

377 3943 606 3997 stianus
636 3943 765 3997 fieri
789 3942 1003 3997 vellet:
1038 3948 1098 3997 et
1125 3943 1253 4013 ipse
1283 3942 1457 3997 nobis
1486 3943 1820 4014 epistolam,
1853 3942 2028 4013 polli-

376 4033 686 4087 citationes
718 4032 853 4087 illas
911 4032 1341 4097 continentem,
1400 4032 1504 4086 sed
1562 4032 1715 4086 nihil
1757 4032 1914 4103 apud
1970 4050 2031 4087 se

377 4121 806 4192 proficientem,
859 4121 1148 4175 recitavit.
1215 4119 1531 4175 Arcadium
1590 4120 1787 4176 etiam.
1838 4122 2030 4177 Laris-

378 4225 583 4273 saum,
617 4226 723 4280 per
744 4209 1059 4280 epistolam
1089 4208 1440 4281 objurgavit.
1483 4210 1627 4264 Nam
1659 4210 2031 4267 Severianus.

378 4300 437 4354 in
472 4298 740 4369 epistolis
772 4298 1106 4353 scribendis
1137 4313 1274 4352 acer
1313 4303 1371 4353 et
1399 4298 1676 4354 cordatus
1707 4305 1854 4354 erat.

452 4388 717 4454 Severus,
752 4381 1018 4459 Σεϐῆρος,
1077 4387 1345 4458 sophista
1400 4389 1701 4443 Romanus
1758 4388 1866 4442 sub
1916 4394 2030 4443 An-

380 4477 626 4543 themio,
658 4477 800 4548 imp.
853 4476 965 4531 fuit
996 4476 1416 4532 Alexandriam
1456 4492 1591 4531 vero
1623 4476 1921 4549 profectus
1970 4478 2032 4531 in

2135 3327 2292 3377 runt.
2332 3322 2481 3376 Vixit
2530 3326 2668 3375 ante
2699 3320 2924 3375 bellum
2980 3321 3320 3393 Trojanum,
3372 3322 3610 3393 scripsit
3658 3342 3789 3379 ora-

2137 3412 2270 3467 cula
2296 3410 2583 3467 versibus.

2206 3500 2444 3572 Sibylla
2489 3497 2781 3553 Chaldaa
2847 3503 3017 3570 pater
3068 3500 3343 3569 Berosus,
3396 3504 3587 3555 mater
3645 3505 3793 3573 Ery-

2138 3590 2402 3644 manthe.
3040 3580 3059 3591 ⁸

2209 3676 2452 3749 Sibylla,
2486 3674 2778 3747 Apollinis
2835 3679 2894 3728 et
2924 3674 3138 3729 Lamia
3162 3676 3245 3740 F.,
3274 3674 3365 3729 vel
3414 3676 3791 3732 Aristocratis

2139 3771 2198 3820 et
2254 3765 2526 3838 Hydoles,
2579 3764 2668 3819 vel
2716 3764 3070 3836 Crinagora,
3130 3764 3240 3833 vel,
3297 3770 3363 3819 ut
3412 3766 3787 3837 Hermippus,

2139 3854 2449 3919 Theodori,
2485 3854 2808 3925 Erythraa,
2841 3857 2981 3906 nata
3009 3853 3071 3906 in
3101 3852 3230 3907 loco
3262 3853 3651 3920 Erithrarum,
3685 3856 3789 3925 qui

2141 3943 2459 3998 vocabatur
2484 3941 2656 4007 Batti,
2690 3956 2847 3995 nunc
2879 3939 3119 3995 condita
3149 3940 3271 3995 illic
3300 3940 3467 4009 urbe,
3500 3942 3786 4012 Erythra.

2141 4031 2389 4097 Quidam
2438 4029 2698 4084 Siculam
2731 4029 2994 4094 tradunt,
3026 4028 3126 4083 alii
3160 4029 3525 4094 Sardianam,
3583 4031 3793 4101 Gerge-

2142 4121 2348 4185 thiam,
2377 4118 2691 4185 Rhodiam,
2725 4118 3048 4187 Libyssam,
3069 4118 3384 4185 Lucanam,
3414 4118 3507 4173 vel
3538 4119 3795 4173 Samiam

2144 4209 2424 4277 denique.
2451 4207 2580 4261 Fuit
2630 4210 2763 4276 post
2820 4210 3053 4275 captam
3099 4206 3308 4260 urbem
3340 4208 3572 4278 Trojam
3621 4208 3795 4261 annis

2142 4297 2609 4354 CCCCLXXXIII.
2641 4294 3006 4365 Conscripsit
3044 4294 3225 4349 libros
3256 4296 3401 4350 istos
3432 4312 3445 4349 :
3475 4296 3621 4369 ’Περὶ
3654 4292 3796 4348 παλ-

2147 4390 2259 4459 μῶν
2290 4388 2367 4440 De
2414 4384 2919 4455 palpitatiom'bus:
2954 4380 3136 4451 Μὲλη,
3170 4384 3429 4439 Carmina
3448 4383 3795 4455 ;Χρησμούς,

2145 4476 2401 4531 Gracula.
2457 4473 2675 4528 Eadem
2732 4472 2911 4527 etiam
2969 4472 3163 4543 prima
3210 4473 3567 4543 triquetrum
3611 4490 3795 4545 genus

383 4567 501 4621 otio
531 4564 943 4637 philosophica
968 4566 1142 4620 vitam
1177 4567 1485 4638 transegit,
1518 4566 1811 4621 variorum
1853 4566 2039 4621 libro-
2068 4572 2115 4637 ι’)
2144 4565 2286 4636 lyra
2306 4563 2494 4617 fertur
2523 4560 2843 4616 invenisse.

380 4671 515 4709 rum
540 4654 711 4725 copia
740 4653 975 4709 abunde
998 4654 1342 4709 instructus.
1380 4656 1545 4710 Viros
1558 4660 1754 4710 autem
1768 4656 2041 4711 doctrina

386 4748 757 4815 prastantes,
794 4742 842 4797 si
872 4743 1191 4813 quisquam
1220 4743 1392 4812 alius,
1419 4743 1494 4799 ad
1526 4761 1588 4800 se
1618 4745 1789 4800 facile
1811 4751 2036 4817 pertra-

382 4834 525 4887 here
565 4837 825 4886 noverat.

453 4923 702 4978 Severus
733 4921 1093 4992 (imperator)
1124 4938 1236 4976 nec
1254 4921 1650 4977 humanarum
1678 4939 1787 4978 nec
1808 4924 2035 4979 divina-

378 5029 512 5068 rum
543 5028 741 5067 rerum
776 5011 1101 5082 quidquam
1160 5012 1700 5084 impervestigatum
1732 5020 1798 5068 ut
1852 5014 2036 5069 relin-

380 5107 613 5173 queret,
642 5100 732 5155 vel
758 5099 1167 5155 occultissima
1220 5106 1623 5171 perscrutatus
1654 5107 1763 5157 est.
1804 5104 1874 5156 Et
1902 5104 2035 5158 ideo

376 5191 563 5246 libros
619 5206 848 5257 omnes,
911 5189 1011 5260 qui
1062 5189 1289 5259 aliquid
1346 5191 1546 5246 arcani
1601 5190 1919 5261 habebant,
1978 5196 2038 5247 et

380 5296 769 5350 quoscunque
812 5278 1077 5350 reperire
1108 5279 1320 5351 potuit,
1372 5296 1443 5335 ex
1489 5280 1767 5336 omnibus
1842 5280 2035 5352 adytis

453 5462 564 5531 (20)
598 5458 890 5515 Damascii
908 5456 1099 5531 verba
1129 5462 1286 5531 sunt.

606 5533 814 5605 “Hunc
896 5524 1540 5605 Sextum,_&851cpt806;
1593 5527 1957 5605 llkoora‘szoo
1987 5545 2035 5605 ⁸ιε).

384 5600 565 5659 διιῖἀει
589 5603 834 5668 dictum,
862 5618 981 5656 non
1014 5600 1289 5655 eumdem
1343 5600 1471 5656 esse
1502 5600 1607 5672 (uti
1642 5600 2035 5672 quidam—opi-

384 5674 725 5746 nabantur),
757 5690 893 5730 cum
948 5673 1119 5727 Sexto
1177 5671 1514 5744 Pyrrhonio
1564 5671 1683 5729 sive
1713 5671 2034 5745 Empirico,

2221 4653 2466 4725 Sibylla,
2499 4651 2747 4719 Helissa,
2803 4650 3043 4721 scripsit
3088 4649 3352 4705 versibus
3406 4650 3685 4705 vaticinia
3742 4653 3802 4705 et

2146 4744 2405 4800 oracula.

2218 4832 2441 4904 Sibylla
2469 4830 2856 4903 Colophonia,
2891 4846 3021 4901 qua
3051 4835 3254 4886 vocata
3300 4830 3412 4885 fuit
3440 4833 3732 4899 Lampusa,
3765 4846 3800 4886 a

2146 4923 2463 4978 Calchante
2493 4920 2763 4976 oriunda.
2790 4919 2919 4990 lpsa
2957 4936 3193 4991 quoque
3238 4919 3475 4991 scripsit
3522 4920 3800 4976 vaticinia

2147 5018 2206 5068 et
2234 5011 2475 5067 oracula
2504 5009 2792 5077 versibus,
2821 5016 2879 5063 et
2907 5008 3045 5065 alia.

2217 5100 2441 5171 Sibylla
2468 5098 2767 5165 Thessala,
2801 5096 2960 5152 dicta
2984 5098 3162 5152 etiam
3184 5100 3394 5168 Manto,
3419 5115 3550 5169 qua
3582 5115 3616 5153 a
3636 5100 3796 5153 Tire-

2146 5192 2233 5247 sia
2261 5206 2447 5262 genus
2473 5188 2657 5243 duxit.

2216 5278 2439 5351 Sibylla
2458 5275 2730 5348 Phrygia,
2763 5291 2798 5332 a
2845 5274 3202 5347 quibusdam
3232 5282 3438 5333 vocata
3479 5277 3687 5344 Sarbis,
3719 5275 3792 5331 ab

2142 5459 2355 5513 Kuster
2383 5455 2546 5524 (tom.
2579 5453 2678 5521 III,
2709 5469 2839 5526 pag.
2874 5454 3022 5524 299),
3055 5453 3419 5526 argumentis
3463 5468 3606 5526 usus
3650 5452 3786 5507 Jon-

2143 5529 2235 5597 sii,
2268 5528 2364 5595 III,
2389 5522 2517 5597 cap.
2553 5528 2639 5593 12,
2694 5522 2908 5581 Histor.
2966 5522 3305 5597 philosoph.
3364 5524 3480 5580 late
3538 5522 3786 5579 demon-

2141 5599 2332 5655 travit.
2365 5599 2540 5653 Hum.

2210 5672 2324 5744 (22)
2356 5670 2462 5726 Hic
2492 5675 2583 5727 est
2599 5668 2807 5723 Sextus
2835 5667 3186 5738 Empiricus.
3216 5667 3389 5722 Hann.
