4064 6214
358 307 513 368 1343

1660 309 1909 374 INDEX
1959 307 2483 374 SCRIPTORUM

3630 307 3820 368 I344

335 439 488 504 galiis
517 439 846 510 Cassandra,
878 439 952 496 ab
973 440 1107 497 aliis
1123 442 1531 510 Tarazandras,
1547 446 1606 498 et
1633 441 1764 514 ipsa
1777 440 2016 513 scripsit
2041 437 2094 505 Α
2129 455 2266 496 nem
2289 441 2520 513 primus
2553 440 2818 505 invenit;
2849 441 2910 496 et
2931 437 3328 510 proverbium.
3357 437 3558 497 Glauci
3587 456 3722 506 ars,
3741 440 3824 496 de

358 528 620 586 oracula.

428 618 650 689 Sibylla
679 620 940 674 Cumana
961 624 1019 674 et
1038 619 1261 691 Sibylla
1272 621 1754 693 Thesprotica.Et
1774 621 1865 676 ha
1887 636 2016 675 ora-

363 709 496 763 cula
517 709 902 779 scripserunt.

434 798 654 869 Sibylla
683 798 978 864 Chaldaa,
1015 800 1133 855 sive
1165 799 1412 856 IIebraa
1463 807 1566 856 aut
1594 801 1853 866 Persica,
1883 816 2018 871 pro-

364 887 492 958 prio
550 888 790 941 nomine
839 889 1144 958 Sambethe,
1201 907 1236 945 a
1281 890 1625 946 beatissimo
1673 892 1790 946 Noe
1834 906 2018 962 genus

362 977 605 1030 ducens.
643 977 776 1032 Hac
806 977 1096 1048 pradixit,
1133 997 1262 1050 qua
1319 980 1653 1036 Alexandro
1719 978 2018 1036 Macedoni

360 1065 678 1137 contigisse
701 1067 997 1133 dicuntur,
1032 1069 1202 1140 cujus
1251 1070 1526 1124 meminit
1579 1070 1851 1135 Nicanor,
1917 1071 2018 1138 qui

364 1155 554 1210 Vitam
576 1154 896 1252 Alexapdri
926 1157 1181 1228 scripsit.
1215 1157 1435 1213 Eadem
1468 1158 1542 1214 de
1571 1159 1822 1214 Domino
1852 1157 2019 1212 Chri-

363 1249 452 1298 sto
486 1244 733 1316 ejusque
763 1244 1040 1313 adventu,
1091 1247 1360 1302 Numinis
1410 1248 1720 1316 instinctu,
1761 1247 2021 1319 plurima

359 1334 652 1405 pradixit.
680 1339 826 1390 Cum
844 1335 954 1390 hac
987 1341 1046 1390 et
1065 1336 1315 1407 reliqua
1353 1337 1590 1408 Sibylla
1613 1337 2018 1397 consentiunt,

356 1422 473 1477 nisi
505 1428 572 1477 ut
602 1423 780 1494 hujus
810 1423 930 1478 sint
985 1426 1158 1480 XXIV
1217 1426 1352 1480 libri
1379 1427 1450 1481 de
1501 1426 1703 1498 quavis
1745 1431 1918 1499 gente
1965 1426 2023 1479 et

359 1513 598 1583 regione
659 1513 1076 1582 pradictiones
1133 1515 1530 1572 continentes.
1594 1516 1760 1581 Quod
1825 1521 2023 1571 autem

355 1618 562 1655 versus
592 1600 724 1670 ejus
759 1601 1092 1672 imperfecti
1125 1610 1184 1658 et
1231 1605 1414 1659 luxati
1457 1606 1859 1672 inveniantur,
1902 1620 2023 1658 non

359 1696 450 1745 est
475 1690 663 1760 ipsius
691 1691 844 1746 vatis
865 1691 1062 1762 culpa,
1097 1694 1199 1748 sed
1230 1694 1580 1759 scribarum,
1617 1695 1719 1766 qui
1777 1694 1866 1749 vel
1888 1709 2020 1749 ora-

357 1779 541 1834 tionis
573 1779 941 1835 celeritatem
957 1782 1269 1838 scribendo
1283 1785 1518 1855 assequi
1538 1802 1656 1840 non
1680 1791 2022 1857 potuerunt,
2055 1806 2098 1867 Β

356 1867 446 1922 vel
477 1867 655 1922 etiam
682 1868 906 1924 indocti
936 1877 994 1924 et
1022 1872 1436 1942 grammatices
1463 1873 1720 1945 imperiti
1752 1873 2014 1929 fuerunt.

361 1958 503 2012 Cum
535 1956 741 2013 afﬂatu
774 1961 932 2014 enim
968 1966 1026 2014 et
1057 1977 1262 2017 eorum
1294 1979 1426 2033 qua
1457 1962 1615 2018 dicta
1647 1970 1838 2032 erant,
1887 1978 2014 2018 me-

365 2047 554 2102 moria
586 2047 758 2102 simul
786 2049 1115 2105 desinebat.
1151 2053 1220 2105 Et
1263 2052 1387 2107 hac
1417 2069 1595 2108 causa
1629 2059 1720 2108 est
1747 2069 1930 2125 quare
1961 2058 2020 2108 et

363 2151 564 2190 versus
587 2137 919 2208 imperfecti
949 2140 1344 2209 reperiantur,
1377 2147 1436 2195 et
1463 2143 1761 2197 sententia
1788 2140 2015 2198 claudi-

366 2239 527 2293 cans,
561 2224 680 2280 sive
711 2227 1150 2298 sapientissimo
1201 2230 1303 2284 Dei
1364 2230 1616 2286 consilio
1655 2231 1768 2286 hoc
1796 2231 2018 2287 factum

365 2313 566 2382 fuerit,
590 2332 721 2371 nea
765 2317 971 2372 multis
1027 2318 1220 2390 iisque
1275 2319 1532 2392 indignis
1589 2321 1832 2376 oracula
1887 2320 2018 2392 ejus

367 2409 1012 2480 cognoscerentur,sive
1043 2408 1285 2480 longum
1309 2415 1565 2482 tempus,
1581 2411 1665 2466 uti
1693 2411 2018 2466 multorum

367 2497 642 2566 aliorum,
663 2497 744 2552 ita
765 2497 943 2552 etiam
975 2498 1154 2569 hujus
1184 2500 1269 2554 rei
1301 2516 1479 2555 causa
1504 2500 1702 2555 fuerit.
1727 2502 2020 2555 Praterea

369 2591 427 2640 et
457 2586 788 2641 obscuritas
817 2603 1025 2642 eorum
1056 2605 1187 2658 qua
1219 2605 1254 2643 a
1281 2589 1505 2660 Sibylla
1534 2588 1906 2657 dicebantur,
1962 2593 2022 2644 et

365 2674 573 2729 crebra
602 2674 890 2729 librorum
919 2676 1048 2746 ejus
1091 2677 1434 2746 descriptio,
1466 2677 1619 2732 nihil
1666 2679 1886 2733 mirum
1930 2683 2021 2734 est

369 2763 418 2816 si
445 2768 503 2816 et
529 2778 741 2817 sensus
771 2769 829 2818 et
850 2765 1024 2819 metri
1046 2765 1458 2821 confusionem
1481 2769 1838 2838 pepererint.

439 2851 677 2922 Sibylla
700 2851 947 2908 diversis
1005 2858 1064 2907 et
1104 2853 1252 2908 locis
1285 2859 1344 2908 et
1390 2856 1756 2926 temporibus
1779 2856 2022 2912 fuerunt

366 2939 594 2994 decem.
626 2940 844 3008 Prima,
877 2941 1172 3008 Chaldaa,
1207 2958 1340 3012 qua
1373 2949 1430 2998 et
1470 2945 1726 3015 Persica,
1778 2945 2020 3016 proprio

361 3029 604 3084 nomine
633 3030 923 3086 Sambethe
951 3029 1127 3086 dicta.
1190 3031 1478 3101 Secunda,
1524 3033 1756 3106 Libyca.
1805 3035 2020 3113 Tertia,

362 3119 666 3190 Delphica,
718 3120 961 3192 Delphis
1019 3126 1176 3177 nata.
1229 3122 1468 3190 Quarta,
1525 3123 1751 3190 Italica,
1788 3124 2018 3195 quain

359 3205 541 3262 Italia
569 3208 739 3272 urbe,
761 3209 1081 3265 Cimmeria
1109 3211 1273 3281 (nata
1299 3217 1427 3277 est).
1451 3211 1688 3276 Quinta,
1713 3214 2023 3284 Erythrea,

359 3314 493 3367 qua
527 3304 664 3353 ante
696 3299 925 3354 bellum
957 3301 1276 3372 Trojanum
1325 3301 1642 3357 vaticinata
1669 3301 1800 3357 fuit.
1835 3303 2028 3360 Sexta,

362 3386 576 3450 Samia,
607 3389 846 3460 pr0prio
877 3390 1121 3444 nomine
1151 3391 1324 3460 Phyto
1355 3390 1531 3456 dicta,
1556 3391 1629 3447 de
1661 3407 1778 3464 qua
1793 3392 2033 3464 scripsit

364 3477 806 3534 Eratosthenes.
835 3478 1118 3548 Septima,
1151 3481 1436 3548 Cumana,
1469 3498 1602 3551 qua
1634 3487 1693 3536 et
1711 3482 2027 3560 Amalthea,

366 3569 425 3618 et
448 3566 763 3636 Hieraphile
795 3566 950 3622 dicta
997 3568 1126 3624 fuit.
1161 3569 1396 3636 Octava,
1430 3570 1859 3640 Hellespontia,
1889 3577 2029 3626 nata

363 3653 424 3708 in
451 3655 576 3708 vico
629 3656 958 3721 Marmisso,
1017 3673 1201 3727 prope
1260 3657 1611 3728 Oppidulum
1643 3659 2028 3731 Gergythium

361 3742 514 3810 (qua
547 3741 677 3796 loca
706 3743 851 3797 olim
886 3743 1107 3799 finibus
1145 3746 1407 3817 regionis
1456 3747 1725 3817 Trojana
1757 3764 2024 3819 compre-

367 3830 554 3883 hensa
576 3830 876 3901 (fuerunt),
893 3833 1260 3903 temporibus
1294 3834 1526 3889 Solonis
1559 3840 1618 3890 et
1646 3837 1802 3908 Cyri.
1837 3839 2023 3894 Nona:

365 3918 638 3989 Phrygia.
693 3919 951 3988 Decima,
983 3921 1270 3990 Tiburtia,
1307 3923 1595 3979 Albunaa
1634 3925 1811 3980 dicta.
1844 3926 2028 3983 Aiunt

369 4013 590 4074 autem,
625 4008 932 4081 Sibyllam,
981 4011 1327 4080 Cumanam,
1386 4029 1597 4068 novem
1646 4015 2024 4072 oraculorum

370 4113 611 4151 suorum
641 4098 830 4153 libros
859 4099 1131 4154 attulisse
1171 4100 1245 4156 ad
1299 4101 1688 4173 Tarquinium
1734 4105 2020 4176 Priscum,

367 4192 508 4242 tunc
540 4189 940 4244 Romanorum
970 4205 1171 4262 regem
1207 4207 1392 4262 :quos
1421 4208 1557 4248 cum
1587 4191 1690 4248 ille
1714 4195 2025 4266 repudias-

366 4282 475 4346 set,
508 4276 625 4333 duo
665 4294 736 4333 ex
767 4278 888 4333 illis
920 4295 1237 4336 cremasse.
1289 4280 1475 4350 (Conf.
1523 4288 1724 4340 tamen
1758 4284 2016 4340 Lactant.

364 4367 444 4422 De
467 4366 616 4422 falsa
639 4367 804 4440 relig.
837 4368 938 4423 lib.
973 4387 1012 4439 ι,
1046 4387 1175 4442 cap.
1209 4373 1263 4439 6,
1295 4371 1322 4439 §
1351 4374 1382 4424 7
1415 4373 1572 4442 sqq.)

434 4455 658 4528 Sibylla
687 4473 798 4514 vox
820 4464 910 4514 est
938 4461 1222 4526 Romana,
1265 4476 1442 4530 quam
1499 4461 1547 4516 si
1589 4462 2018 4534 interpreteris.

2128 530 2202 585 iis
2227 548 2359 601 qua
2377 529 2553 587 facile
2583 529 3004 586 conﬁciuntur.

2200 618 3028 692 Silvanus.philosophus,qui
3056 625 3271 674 catera
3300 619 3539 690 quidem
3565 621 3822 691 probus

2131 715 2257 765 erat
2277 716 2337 764 et
2366 717 2628 776 sanctus,
2662 709 2766 763 sed
2796 707 3068 763 moribus
3101 708 3354 780 simplex
3408 715 3465 763 et
3517 717 3817 780 apertus.

2203 796 2510 864 Σιλλαίνει,
2537 821 2564 849 ‹‹
2600 798 2772 853 labiis
2820 797 3087 852 distortis
3132 798 3392 869 aliquem
3424 798 3691 865 deridet,
3759 807 3822 853 et

2129 909 2158 938 «
2184 883 2356 959 (μυλλ
2368 885 2489 954 ἵζει)
2520 889 2676 942 inter
2691 885 3086 942 deridendum
3101 887 3306 942 oculos
3323 886 3820 948 movet.»2£XAo;

2128 976 2288 1032 enim
2321 981 2411 1031 est
2441 978 2664 1043 minus,
2697 975 2787 1030 vel
2826 975 3044 1032 falsum
3075 975 3298 1031 dictum
3349 982 3407 1031 et
3446 977 3704 1032 derisio.
3743 979 3820 1031 Et

2129 1065 2230 1136 qui
2263 1065 2432 1121 sillos
2463 1065 2689 1134 scribit,
2722 1065 2941 1121 dicitur
2998 1063 3414 1137 sillographus,
3449 1067 3651 1137 qualis
3690 1067 3820 1121 fuit

2127 1155 2358 1220 Timon,
2391 1154 2711 1221 Phliasius,
2745 1153 3136 1226 philosophus
3167 1155 3558 1226 Pyrrhonius.

2200 1243 3236 1313 Simmias,Rhodius,grammaticus.
3261 1245 3507 1316 Scripsit
3529 1268 3558 1294 κ
3579 1246 3816 1302 Glosa-

2135 1354 2156 1381 ε
2181 1348 2314 1388 rum
2338 1331 2524 1388 libros
2541 1333 2615 1388 III
2640 1349 2655 1399 ;
2684 1331 2991 1386 Variorum
3034 1332 3380 1387 Poematum
3425 1332 3615 1390 libros
3637 1336 3746 1388 VI.
3787 1359 3815 1383 η

2131 1420 2216 1476 Ab
2241 1420 2409 1476 initio
2440 1420 2554 1476 fuit
2584 1419 2815 1476 Samius
2846 1420 2981 1490 (23),
3016 1426 3224 1491 postea
3252 1437 3388 1476 vero
3419 1439 3554 1477 cum
3597 1423 3814 1478 coloni

2132 1510 2193 1565 in
2225 1510 2506 1577 insulam,
2537 1512 2878 1582 Amorgum,
2936 1510 3338 1578 mitterentur,
3373 1517 3430 1565 et
3475 1513 3604 1583 ipse
3636 1513 3814 1568 colo-

2132 1600 2246 1654 nia
2278 1599 2442 1656 illius
2470 1599 2589 1655 dux
2620 1616 2654 1654 a
2683 1599 2898 1655 Samiis
2929 1615 2996 1654 eo
3029 1600 3250 1655 missus
3270 1599 3398 1657 fuit.
3421 1603 3563 1656 Tres
3596 1610 3818 1657 autem

2131 1689 2309 1744 urbes
2339 1689 2402 1743 in
2435 1696 2688 1760 Amorgo
2738 1688 3025 1754 condidit,
3062 1689 3338 1757 Minoam,
3391 1691 3692 1759 Egialum
3757 1698 3820 1747 et

2130 1779 2493 1835 Arcesimen.
2553 1779 2704 1834 Vixit
2733 1795 2925 1836 annos
2955 1778 3081 1844 406,
3141 1784 3276 1849 post
3328 1777 3555 1834 bellum
3589 1782 3816 1851 Troja-

2133 1884 2298 1922 num.
2335 1867 2671 1924 Secundum
2703 1867 2995 1937 quosdam
3027 1868 3257 1939 primus
3285 1869 3498 1924 [ambos
3529 1870 3814 1942 scripsit,

2131 1955 2360 2012 diversa
2393 1957 2532 2013 alia.
2564 1958 2712 2012 Item
2745 1956 3000 2026 Origines
3029 1957 3362 2014 Samiorum.

2199 2047 2499 2114 Simmias,
2522 2046 2858 2116 Thebanus,
2892 2046 3309 2118 philosOphus,
3340 2046 3675 2120 discipulus
3709 2049 3819 2104 So-

2129 2135 2329 2194 cratis.
2356 2135 2643 2206 Scripsitc
2681 2137 2762 2192 De
2795 2136 3198 2208 sapientia,De
3224 2136 3510 2204 amicitia,
3541 2139 3628 2193 De
3659 2139 3818 2193 veri-

2132 2249 2160 2276 ‹‹
2195 2231 2335 2292 tate,
2359 2227 2441 2281 De
2472 2226 2721 2291 musica,
2753 2226 2836 2280 De
2863 2241 2933 2280 eo
2964 2225 3123 2297 quod
3154 2225 3482 2298 optandum
3513 2234 3608 2283 est
3633 2234 3696 2284 et
3725 2229 3818 2284 fu-

2130 2336 2159 2364 «
2184 2314 2488 2387 giendum,
2512 2316 2594 2370 De
2609 2331 2753 2370 cura
2773 2314 3047 2380 anima,»
3072 2315 3216 2370 item
3231 2315 3812 2388 aliaphilosophica.

2204 2405 2574 2473 Simocattes,
2609 2420 2940 2475 cognomen
2981 2404 3403 2476 Theophylacti
3435 2407 3809 2462 Simocatta.

2205 2493 2564 2559 Simonides,
2600 2494 2913 2564 Leoprepis
2944 2495 3028 2560 F.,
3057 2494 3324 2560 Julietes,
3345 2511 3417 2550 ex
3444 2496 3665 2562 Julide,
3699 2495 3808 2552 Cei

2133 2583 2364 2648 insula,
2396 2583 2657 2648 civitate,
2691 2582 2930 2652 lyricus,
2965 2583 3302 2640 Stesichoro
3359 2586 3681 2655 posterior,
3745 2592 3806 2640 et

2133 2668 2586 2742 cognominatur
2614 2669 2920 2726 Melicerta:
2966 2674 3209 2742 propter
3255 2671 3630 2726 suavitatem.
3693 2673 3802 2727 Hic

2133 2765 2322 2815 artem
2357 2759 2656 2814 memoria
2687 2758 3208 2829 invenit,itemque
3237 2758 3468 2814 litteras
3497 2759 3707 2832 longas
3739 2767 3804 2816 et

2133 2847 2404 2918 duplices
2416 2853 2476 2902 et
2487 2847 2728 2902 tertium
2747 2864 2960 2903 sonum
2978 2847 3140 2918 lyra.
3153 2848 3305 2902 Vixit
3319 2848 3670 2920 Olympiade
3684 2851 3796 2918 LV,

2135 2937 2404 3008 quamvis
2430 2937 2530 2992 alii
2555 2953 2690 2992 eum
2710 2936 2784 2992 ad
2808 2936 3038 3008 Olymp.
3085 2937 3252 3004 LXII,
3283 2937 3566 2994 referant.
3605 2938 3800 2994 Vitam

2136 3024 2403 3082 extendit
2430 3041 2620 3095 usque
2653 3025 2726 3081 ad
2740 3024 3147 3096 Olympiadem
3165 3025 3294 3081 LXX
3305 3027 3800 3098 VIII,annumque

2139 3115 2329 3170 atatis
2363 3113 2650 3182 LXXXIX,
2705 3114 2918 3186 attigit.
2961 3113 3174 3170 Dorica
3225 3113 3476 3171 dialecto
3514 3138 3542 3165 α
3571 3117 3800 3188 Regum

2137 3227 2164 3254 κ
2180 3202 2487 3274 Cambysis
2502 3203 3575 3274 etDariindescripsitJtem«Pralium
3589 3206 3801 3261 navale

2136 3314 2164 3342 κ
2185 3293 2465 3356 Xerxis,et
2479 3293 2758 3348 Pralium
2772 3293 2981 3348 navale
2993 3292 3068 3346 ad
3085 3293 3514 3359 Artemisium,.
3526 3293 3799 3348 versibus

2135 3382 2413 3454 elegiacis
2437 3400 2452 3449 ;
2479 3383 2744 3440 Pralium
2775 3381 2920 3436 item
2951 3383 3024 3436 ad
3048 3382 3340 3437 Salamina
3366 3381 3631 3440 versibus
3673 3399 3801 3440 me-

2133 3471 2384 3527 licis.Ad
2405 3472 2532 3526 hac
2554 3471 2790 3542 scripsit
2805 3492 2833 3520 ‹‹
2859 3472 3145 3532 Threnos,
3170 3472 3471 3539 Encomia,
3493 3472 3791 3544 Epigram~

2135 3582 2164 3611 «
2178 3559 2986 3633 mata,Paanes,Tragadias,
2998 3565 3088 3616 net
3115 3561 3364 3616 alia.IIic
3381 3561 3788 3628 Simonides,si

2135 3651 2268 3722 quis
2299 3650 2478 3717 alius,
2511 3650 2813 3705 memoria
2844 3649 3143 3721 pollebat:
3177 3651 3229 3705 ei
3261 3667 3396 3706 vero
3427 3651 3644 3706 similis
3668 3659 3792 3706 erat

2132 3739 2696 3811 Apollonius,quiut
2723 3739 3050 3810 plurimum
3081 3739 3324 3810 quidem
3355 3739 3789 3806 silebat,multa

2131 3845 2267 3884 vero
2301 3834 2501 3884 mente
2531 3827 2834 3894 versabat;
2867 3834 2928 3883 et
2979 3846 3117 3884 cum
3175 3831 3568 3886 centesimum
3589 3832 3786 3902 atatis

2130 3933 2354 3973 annum
2385 3923 2605 3988 ageret,
2639 3917 2943 3972 memoria
2993 3917 3274 3974 ﬁrmitate
3303 3918 3495 3989 ipsum
3532 3919 3786 3975 Simoni-

2129 4005 2266 4062 dem
2299 4006 2635 4078 superabat.
2665 4006 2828 4062 Idem
2855 4006 3038 4062 etiam
3067 4008 3342 4076 Hymnum
3369 4007 3432 4062 in
3469 4009 3785 4066 Memoriam

2127 4096 2400 4161 canebat,
2434 4096 2496 4150 in
2529 4112 2648 4166 quo
2679 4094 2826 4150 dicit
2853 4094 3057 4150 omnia
3085 4111 3120 4151 a
3176 4100 3445 4167 tempore
3492 4098 3781 4165 consumi,

2127 4187 2326 4258 ipsum
2349 4202 2484 4240 vero
2511 4190 2748 4256 tempus
2767 4183 3062 4240 beneficio
3080 4185 3386 4241 memoria
3407 4202 3611 4258 expers
3631 4188 3780 4242 senii

2127 4281 2185 4331 et
2216 4275 2555 4332 immortale
2581 4290 2733 4330 esse.
2787 4274 2892 4329 Hic
2943 4274 3170 4345 primus
3211 4291 3455 4330 carmen
3515 4276 3782 4332 mercede

2127 4365 2438 4436 scripsisse
2471 4363 2704 4419 dicitur.
2741 4361 3012 4418 Habebat
3039 4363 3200 4418 enim
3231 4363 3380 4420 duas
3411 4380 3776 4428 arcas,unam

2122 4455 2444 4525 gratiarum
2476 4451 3004 4520 vacuam,'alteram
3034 4451 3368 4523 (mercedis)
3382 4452 3642 4524 plenam,
3671 4462 3776 4510 etc.

361 4551 538 4600 vatem
590 4546 900 4619 signiﬁcat.
954 4548 1190 4620 Sibylla
1221 4549 1419 4620 igitur,
1451 4555 1516 4604 ut
1559 4551 1731 4606 multi
1751 4530 2010 4624 scripse-

2144 4544 2261 4616 Ejus
2292 4542 2554 4598 dictum:
2588 4540 2822 4613 Ἀνάγκη
2855 4535 2981 4593 οὐδὲ
3009 4538 3134 4594 Θιοὶ
3169 4539 3468 4614 μάχονται,
3501 4548 3616 4598 etc.

364 4641 524 4697 runt.
561 4635 805 4692 diversis
837 4637 982 4693 locis
1011 4644 1066 4693 et
1093 4639 1465 4710 temporibus
1495 4640 1702 4697 decem
1754 4641 2014 4699 fuerunt.

364 4755 433 4764 —
457 4718 750 4795 Σιϐυλλιᾷ,
784 4727 1132 4783 oraculorum
1162 4745 1346 4784 amore
1384 4736 1435 4784 et
1483 4730 1754 4787 desiderio
1781 4739 2014 4800 tenetur,

363 4813 452 4867 vel
484 4814 690 4871 delirat
721 4823 778 4871 et
807 4817 1113 4873 vaticinari
1136 4818 1336 4889 cupit;
1367 4819 1459 4873 vel
1489 4821 1715 4876 oracula
1742 4824 2017 4886 somniat;

361 4901 452 4957 vel
481 4905 746 4973 superbit,
780 4910 890 4961 etc.

434 4985 718 5054 Σιϐύντιος
777 4994 895 5050 sive
957 4988 1269 5066 Σιϐύρτιος,
1324 4996 1670 5055 Theodecta
1701 4999 2015 5056 Phaselita

362 5081 548 5138 lector
577 5089 638 5138 et
669 5101 889 5152 servus,
923 5087 1023 5157 qui
1077 5088 1306 5158 primus
1329 5106 1359 5144 e
1405 5090 1606 5160 servis,
1645 5097 1832 5147 artem
1883 5108 2017 5148 ora-

362 5173 576 5230 toriam
609 5175 912 5246 professus
943 5183 1049 5232 est.
1081 5177 1327 5251 Scripsit
1362 5182 1553 5236 Artem
1589 5181 1939 5238 rhetoricam.

436 5259 727 5338 Σιδηρείαν
759 5267 968 5340 ψυχήν,
1011 5272 1248 5338 ferreum
1301 5273 1547 5325 animum
1581 5271 1699 5326 sive
1755 5275 2012 5328 immora-

365 5355 545 5414 bilem.
577 5387 646 5397 —
673 5357 925 5414 Glaucus
956 5358 1220 5430 quidam,
1271 5359 1524 5427 Samius,
1572 5359 2012 5419 ferruminatio-

431 5538 850 5614 (2_3)'Hacgnon
879 5537 973 5596 ad
1002 5537 1308 5614 Simmiam
1361 5537 1465 5614 sed
1507 5536 1580 5593 ad
1622 5539 2010 5614 Simonidem,

359 5608 851 5685 iambographum
894 5609 1404 5683 antiquissimum,
1437 5611 1848 5684 Amorginum,
1881 5608 2017 5687 spe-'-

2197 4631 2556 4697 Simonides,
2585 4629 2784 4696 Ceius,
2818 4629 3033 4701 prioris
3065 4645 3134 4685 ex
3174 4630 3300 4686 ﬁlia
3329 4647 3534 4702 nepos,
3567 4649 3776 4703 cogno-

2127 4721 2288 4778 mine
2346 4719 2696 4787 Melicertes,
2758 4718 2903 4774 vixit
2951 4723 3088 4774 ante
3154 4718 3382 4776 bellum
3412 4720 3776 4792 Peloponne-

2127 4811 2375 4866 siacum.
2412 4808 2660 4879 Scripsit
2689 4830 2718 4858 ‹‹
2750 4806 3164 4879 Genealogiam
3196 4807 3383 4864 libros
3437 4810 3537 4876 Ill,
3569 4812 3771 4868 Inven-

2127 4921 2157 4951 «
2185 4899 2416 4954 tionum
2446 4897 2632 4953 libros
2663 4898 2759 4952 III.

2197 5004 2550 5071 Simonides,
2585 5003 2941 5076 Magnesius,
2994 5003 3179 5075 Sipyli
3239 5005 3300 5059 F.
3355 5009 3531 5075 poeta
3559 5007 3773 5084 epicus,

2125 5096 2228 5166 qui
2259 5095 2404 5149 vixit
2433 5093 2799 5166 temporibus
2822 5091 3097 5150 Antiochi
3119 5093 3592 5166 MagniScripsit
3609 5095 3774 5168 hujus

2125 5201 2221 5239 res
2249 5189 2464 5256 gestas,
2498 5197 2878 5255 pugnamque
2901 5198 3034 5236 cum
3069 5181 3308 5249 Calatis,
3325 5182 3387 5237 in
3415 5199 3535 5254 qua
3563 5186 3775 5256 equita-

2125 5279 2219 5331 tus
2242 5273 2373 5344 ejus
2403 5289 2510 5345 per
2539 5273 2890 5344 elephantos
2921 5269 3278 5342 proﬂigatae
3305 5270 3436 5328 fuit.

2195 5362 2555 5430 Simonides,
2585 5362 2892 5433 Carystius
2934 5360 3024 5416 vel
3053 5360 3426 5430 Eretriensis,
3457 5366 3632 5433 poeta
3659 5366 3772 5435 epi-

2125 5541 2556 5602 ctant..Confer
2584 5539 2892 5609 Allatium,
2924 5540 3006 5596 De
3031 5537 3462 5609 "Simconibus,
3489 5555 3623 5612 pag.
3677 5544 3770 5600 296

2126 5631 2253 5686 seq.
