4086 6212
379 419 538 482 1345

1686 425 1791 486 DE
1834 424 2120 496 QUIBUS
2164 424 2479 489 SUIDAS.

3639 428 3803 490 1346

382 570 507 625 cus,
541 554 781 627 scripsit
810 556 1146 612 Graecorum
1199 563 1553 613 conventum
1591 560 1653 615 in
1712 559 2026 628 Aulidem;
2059 562 2109 627 Α
2144 560 2352 626 Citieo,
2405 561 2506 631 qui
2570 563 2824 619 Stoicam
2885 564 3149 620 scholam
3206 564 3486 632 instituit,
3537 565 3795 637 vixitque

382 644 788 700 trimetrorum
820 645 1003 700 libros
1037 647 1104 713 II,
1140 647 1220 702 De
1252 648 1557 721 Iphigenia
1586 666 1791 705 unum.

454 735 809 789 Simonides.
848 736 950 791 Hic
982 735 1123 807 imp.
1153 738 1375 793 Joviani
1410 740 1775 811 temporibus
1796 740 1957 808 vixit,
1979 743 2039 794 et

380 825 770 898 philosophus
802 825 1170 883 clarissimus
1198 828 1330 883 fuit.

453 914 807 981 Simonides,
889 916 1085 969 Crinei
1144 918 1205 972 F.
1267 919 1644 991 Amorginus,
1703 920 2036 975 iamborum

380 1003 651 1073 scriptor,
685 1005 925 1074 scripsit
946 1004 1270 1077 elegiarum
1297 1008 1483 1063 libros
1504 1010 1570 1063 II.
1612 1010 1751 1063 ltem
1785 1010 2032 1064 iambos.

380 1092 533 1145 Vixit
554 1098 752 1146 autem
775 1092 921 1163 ipse,
948 1094 1120 1148 annis
1144 1097 1269 1161 490,
1292 1102 1427 1167 post
1447 1096 1670 1151 bellum
1692 1098 2032 1168 Trajanum.

379 1180 713 1235 Secundum
745 1181 1035 1251 quosdam
1088 1183 1183 1238 hic
1232 1185 1491 1255 primum
1522 1185 1749 1239 iambos
1779 1184 2034 1256 scripsit.

371 1269 559 1339 (Conf.
592 1270 770 1341 paulo
800 1277 995 1336 antea,
1035 1272 1108 1327 de
1140 1273 1405 1339 Simmia,
1438 1272 1687 1338 Rhodio,
1730 1273 1928 1341 dicta.)

447 1360 671 1425 Simon,
705 1361 993 1431 sophista.
1028 1362 1127 1431 qui
1160 1362 1459 1433 publicam
1503 1363 1817 1434 pecuniam
1848 1365 2034 1419 inter-

372 1448 650 1502 vertebat.
680 1448 881 1504 Simon
907 1456 965 1504 et
984 1450 1327 1506 Theodorus
1350 1457 1409 1506 et
1428 1452 1784 1523 Cleonymus
1809 1453 2034 1525 perjuri

374 1538 672 1608 Aristoph.

446 1627 815 1698 Simplicius,
848 1628 1263 1699 philosophus.

442 1716 686 1771 Siricius
717 1718 982 1788 Neapoli,
1014 1718 1158 1773 urbe
1200 1719 1562 1787 Palaestinas,
1593 1721 1901 1789 oriundus,
1942 1738 2034 1777 so-

373 1805 588 1876 phista,
636 1805 966 1877 discipulus
1017 1807 1443 1875 Andromachi,
1500 1810 1600 1880 qui
1659 1827 1767 1881 per
1793 1810 2035 1882 aliquod

374 1898 607 1989 tempus
655 1894 904 1948 Athenis
949 1894 1172 1963 docuit,
1228 1897 1470 1967 scripsit
1519 1900 2028 1968 Progymnasmata,
2060 1924 2107 1989 Β

373 1989 430 2037 et
460 1982 909 2038 Declamationes.

440 2072 755 2139 Sisinnius,
815 2073 1299 2141 Novatianorum,
1370 2075 1705 2146 episcopus,
1762 2081 1873 2131 etc.
1935 2081 2031 2143 (ex

367 2161 640 2225 Socratis,
678 2162 767 2227 Vl,
803 2164 871 2215 22
922 2163 1068 2217 Hist.
1104 2168 1162 2217 et
1191 2164 1307 2219 alia
1355 2164 1427 2218 de
1476 2164 1734 2219 Sisinnio
1765 2166 2027 2221 narratio

366 2267 435 2304 ex
462 2251 781 2305 Sozomeno
810 2251 912 2305 lib.
940 2267 1061 2318 VIII,
1090 2268 1219 2323 cap.
1252 2252 1317 2322 1.)

441 2339 752 2410 Σμηκίθης.
783 2342 848 2395 In
895 2341 1133 2396 tabellis
1183 2342 1429 2397 nomina
1476 2359 1679 2397 eorum
1711 2344 1811 2414 qui
1841 2344 1902 2399 in
1928 2345 2028 2415 jus

364 2429 716 2495 citabantur,
749 2430 995 2485 inscribi
1050 2430 1353 2498 solebant,
1385 2433 1623 2502 Aspasia
1664 2439 1715 2487 el
1751 2433 2028 2503 dominus,

363 2517 423 2571 id
456 2523 546 2572 est
573 2518 822 2572 maritus
854 2519 1005 2588 ejus.

431 2607 719 2673 Socrates,
750 2608 1158 2678 Sophronisci,
1195 2611 1487 2677 statuarii,
1525 2616 1582 2665 et
1613 2611 2023 2682 Phamaretes,

362 2696 715 2763 obstetricis,
741 2698 824 2763 F.,
852 2698 1109 2768 primum
1141 2702 1461 2755 statuarius
1483 2700 1595 2755 fuit
1623 2718 1635 2755 :
1664 2702 1836 2757 aiunt
1865 2705 2024 2758 enim

371 2786 596 2841 Gratias
625 2786 864 2841 vestitas
899 2788 1147 2842 Athenis
1194 2789 1324 2860 ejus
1368 2789 1552 2844 fuisse
1596 2805 1766 2862 opus.
1803 2792 2025 2848 Deinde

364 2876 822 2947 phiIOSOphatus
852 2884 960 2945 est,
995 2878 1196 2933 audito
1226 2881 1593 2952 Anaxagora,
1632 2882 2021 2946 Clazomenio,

365 2972 571 3036 postea
632 2968 914 3033 Damone,
974 2969 1114 3023 hinc
1172 2969 1478 3025 Archelao.
1530 2971 1913 3027 Aristoxenus
1945 2973 2028 3027 ait

361 3054 621 3126 primum
652 3055 945 3112 audivisse
998 3057 1373 3125 Archelaum,
1409 3063 1517 3114 etc.
1552 3061 1861 3132 Ingressus
1888 3061 2022 3115 viri-

362 3143 482 3198 lem
513 3150 769 3211 aetatem,
802 3144 875 3199 ad
908 3147 1297 3219 Amphipolin
1326 3153 1384 3203 et
1409 3149 1729 3205 Potidaeam
1752 3150 2026 3205 militavit

362 3239 422 3287 et
446 3234 519 3289 ad
556 3234 809 3289 Delium.
845 3235 998 3290 Duas
1039 3236 1247 3291 habuit
1293 3254 1529 3305 uxores,
1561 3238 1957 3310 Xanthippen,
1990 3256 2021 3294 e

363 3339 481 3393 qua
512 3324 886 3394 Lamprocles
917 3331 1091 3380 natus
1124 3332 1231 3392 est,
1266 3332 1325 3381 et
1364 3329 1711 3398 Myrtonem,
1745 3328 2020 3384 Aristidis

362 3413 509 3467 Justi
543 3412 750 3478 ﬁliam,
783 3431 849 3468 ex
885 3431 1001 3486 qua
1045 3416 1481 3487 Sophroniscus
1524 3421 1583 3470 et
1626 3417 2026 3487 Menedemus,

365 3502 485 3555 sive
500 3503 874 3558 Menexenus.
886 3505 1036 3559 Vixit
1056 3511 1323 3576 tempore
1347 3506 1487 3559 belli
1510 3506 1646 3561 Pelo
1658 3508 2025 3577 ponnesiaci,

366 3595 425 3644 et
476 3590 718 3661 quidem
768 3597 943 3647 natus
1006 3594 1353 3665 Olympiade
1404 3595 1664 3648 LXXVII.
1719 3595 1874 3649 Vixit
1915 3612 2024 3651 an.

365 3696 476 3734 nos
536 3678 779 3747 LXXX;
856 3682 1121 3752 obiitque
1208 3683 1613 3753 imprudentia
1666 3684 1760 3738 vel
1829 3686 2026 3755 potius

367 3769 630 3824 amentia
682 3770 1158 3837 Atheniensium,
1211 3778 1452 3827 coactus
1500 3771 1705 3827 bibere
1736 3773 2024 3829 cicutam:

370 3862 585 3927 Hymno
632 3861 690 3911 in
738 3860 1047 3929 Apollinem
1093 3867 1144 3914 et
1197 3864 1434 3915 Dianam
1477 3865 1536 3916 et
1563 3864 1793 3931 Esopea
1818 3864 2028 3919 Fabula

368 3947 533 4001 nullo
564 3948 680 4002 alio
714 3948 933 4019 scripto
965 3948 1401 4019 relicto,quam,
1425 3955 1492 4004 ut
1525 3951 1774 4021 quidam
1802 3953 2027 4020 volunt,

365 4035 634 4090 versibus
666 4036 908 4107 scripta.
964 4037 1358 4108 Philosophos
1391 4039 1621 4094 effecit:
1694 4040 2027 4113 Platonem,

366 4125 488 4195 qui,
518 4125 725 4180 relicto
754 4126 960 4197 Lyceo,
992 4127 1256 4183 traduxit
1280 4128 1545 4183 scholam
1569 4129 1630 4184 in
1653 4130 2025 4196 suburbium,

363 4214 520 4285 quod
552 4214 874 4271 Academia
906 4218 1441 4288 vocatur(ejusque
1465 4223 1787 4274 sectatores
1813 4221 2030 4276 Acade-

368 4304 504 4357 mici
532 4303 671 4358 dicti
699 4321 885 4374 usque
908 4306 980 4359 ad
1002 4306 1400 4360 Aristotelem.
1422 4308 1475 4360 Is
1500 4307 1660 4361 enim
1683 4309 1743 4362 in
1768 4310 2025 4379 quodam

368 4391 538 4447 horto
562 4398 699 4448 ante
722 4394 933 4449 urbem
955 4395 1067 4449 sito
1086 4395 1295 4450 ludum
1316 4395 1675 4451 litterarium
1697 4399 1949 4469 aperuit,
1970 4405 2031 4455 et

362 4478 423 4532 ἐκ
468 4484 566 4534 τοῦ
620 4481 735 4535 κατ’
791 4480 954 4536 αὐτὸν
1013 4484 1319 4556 περιπάτου
1380 4501 1413 4540 a
1447 4487 1702 4557 peripalo
1740 4488 1861 4542 sive
1896 4488 2026 4545 loco

366 4568 889 4635 deambulationis,
918 4572 1019 4643 qui
1051 4572 1113 4626 in
1146 4573 1249 4628 illo
1303 4574 1473 4629 horto
1506 4581 1651 4644 erat,
1685 4593 1823 4631 suos
1854 4577 2025 4633 disci-

2140 646 2486 719 Olympiade
2517 648 2727 704 CXXV.
2759 650 2867 705 Alii
2900 653 3219 721 Brysonem
3249 669 3365 706 non
3402 652 3785 721 Socratis,sed

2139 734 2399 789 Euclidis
2429 736 2761 792 auditorem
2794 739 3062 793 scribunt
3089 739 3289 794 fuisse.
3325 741 3645 811 Brysonem
3678 759 3785 797 au-

2140 821 2283 875 divit
2312 822 2557 893 Pyrrho,
2590 840 2624 879 a
2652 841 2768 895 quo
2812 823 3145 896 Pyrrhonii.
3177 857 3244 866 ——-
3274 827 3567 881 Praeterea
3597 829 3780 882 disci-

2138 908 2310 979 pulos
2350 909 2558 965 habuit
2607 911 2913 967 Socrates:
2968 912 3355 980 Alcibiadem,
3390 908 3779 983 Critobulum,

2139 995 2561 1060 Xenomedem,
2585 998 3032 1069 Apollodorum,
3056 999 3317 1061 Critiam,
3347 1002 3743 1058 Athenienses
3771 1021 3783 1071 ;

2141 1086 2264 1135 tum
2294 1082 2617 1148 Critonem,
2676 1085 2996 1150 Simonem,
3053 1088 3368 1141 Eumarem
3416 1089 3781 1158 Phliasium;

2140 1166 2468 1235 Simmiam,
2517 1170 2861 1226 Thebanum
2890 1189 2902 1237 ;
2952 1173 3358 1243 Terpsionem,
3392 1177 3782 1248 Megaricum;

2139 1253 2419 1321 Evenum,
2450 1254 2961 1327 Chaarephontem.
2995 1259 3335 1315 Theodorus
3362 1262 3788 1335 etiam,cogno—

2139 1346 2341 1395 mento
2372 1341 2615 1407 Atheus,
2633 1342 2931 1398 Socratem
2962 1344 3202 1411 audivit,
3227 1345 3565 1418 docensque
3587 1352 3788 1406 omnia

2141 1443 2269 1482 esse
2319 1428 2739 1495 indifferentia,
2802 1437 3023 1485 sectam
3071 1431 3472 1487 Theodoream
3510 1434 3786 1490 instituit.

2139 1516 2280 1568 Eam
2312 1515 2704 1586 philosophias
2735 1522 2986 1588 partem,
3033 1534 3163 1587 quas
3214 1524 3305 1573 est
3334 1519 3405 1574 de
3437 1522 3703 1577 moribus
3737 1529 3793 1577 et

2139 1601 2474 1667 virtutibus,
2508 1603 2805 1674 prmcipue
2836 1604 3021 1658 coluit
3050 1604 3341 1672 Socrates,
3374 1606 3581 1678 etjam
3611 1624 3792 1664 senex

2140 1687 2367 1743 cithara
2396 1688 2601 1744 ludere
2630 1689 2841 1745 didicit
2864 1690 3020 1762 apud
3050 1690 3373 1760 Cononem,
3407 1698 3467 1748 et
3495 1694 3726 1751 derisus
3758 1713 3793 1752 a

2142 1774 2499 1846 quibusdam
2532 1776 2680 1831 dixit
2708 1777 2858 1832 illud
2891 1777 3123 1832 Solonis
3150 1794 3163 1832 :
3214 1778 3525 1850 Ὀψιμαθὴς
3574 1781 3787 1851 μᾶλλον

2141 1861 2175 1930 ἢ
2207 1861 2424 1932 ἀμαθὴς
2454 1864 2685 1919 Ρτκεεαι
2725 1880 2865 1934 sero,
2912 1881 3078 1935 quam
3119 1882 3404 1935 nunquam
3427 1868 3650 1922 discere.
3687 1869 3789 1925 Hic

2138 1951 2500 2007 daamonium
2529 1952 2829 2023 quoddam
2879 1970 3079 2008 secum
3125 1954 3498 2009 familiariter
3526 1956 3788 2028 colloqui

2134 2040 2386 2098 dicebat.
2450 2042 2685 2097 Primus
2745 2042 3172 2114 Aristophanes
3231 2044 3495 2099 Nubibus
3550 2046 3786 2117 scriptis

2133 2130 2330 2201 ipsum
2377 2131 2746 2201 perstrinxit,
2796 2137 2863 2187 ut
2906 2138 3391 2204 corrumpentem
3422 2134 3694 2205 juvenes,
3729 2140 3787 2191 et

2133 2221 2373 2275 atheum
2405 2220 2601 2291 ipsum
2633 2222 2873 2285 vocavit,
2909 2222 3065 2292 quod
3110 2238 3216 2293 per
3259 2239 3466 2278 canem
3499 2229 3558 2277 et
3587 2224 3784 2294 plata-

2134 2325 2276 2363 num
2300 2310 2550 2380 juraret.
2586 2312 2792 2366 Postea
2835 2313 3063 2381 Anytus
3094 2317 3152 2365 et
3183 2312 3413 2367 Melitus
3444 2330 3579 2368 eum
3610 2331 3786 2369 accu-

2129 2404 2342 2454 sarunt
2363 2404 2421 2453 et
2440 2415 2603 2454 reum
2624 2415 2922 2471 peregere.
2941 2402 3006 2454 In
3027 2401 3420 2456 aestimatione
3442 2419 3575 2457 vero
3598 2420 3783 2474 pmnas

2131 2487 2400 2543 Socrates
2432 2505 2493 2543 se
2524 2490 2814 2543 meruisse
2846 2487 3014 2554 dixit,
3048 2494 3114 2544 ut
3159 2490 3347 2545 victus
3378 2492 3439 2545 in
3492 2494 3782 2562 Prytaneo

2129 2576 2366 2647 publice
2393 2577 2505 2631 sibi
2534 2577 2918 2649 praeberetur.
2956 2578 3045 2633 llli
3078 2595 3214 2634 vero
3242 2581 3453 2651 capitis
3484 2597 3618 2636 eum
3651 2599 3786 2636 con-

2128 2664 2507 2720 demnarunt.
2532 2667 2598 2719 In
2622 2665 2872 2720 vinculis
2899 2666 2998 2720 diu
3021 2666 3151 2731 fuit,
3178 2667 3367 2721 donec
3397 2668 3563 2722 navis
3594 2684 3779 2735 sacra,

2128 2748 2353 2819 Θεωρὶς,
2372 2752 2512 2805 Delo
2535 2751 2773 2806 rediret.
2800 2752 3037 2806 Critone
3061 2753 3347 2808 suadente
3372 2753 3570 2824 fugam
3595 2754 3785 2809 noluit

2127 2840 2329 2912 fugere
2360 2840 2627 2911 dixitque
2655 2841 2813 2913 leges
2840 2857 2960 2895 non
2993 2848 3266 2913 oportere
3302 2842 3532 2897 violari.
3568 2845 3789 2898 Hausta

2128 2928 2268 2983 hinc
2325 2928 2549 2983 circuta
2608 2928 2721 2983 voti
2782 2928 3148 2993 recordatus,
3205 2930 3510 2997 Immolate,
3569 2930 3785 3000 inquit,

2125 3014 2461 3084 Esculapio.
2490 3014 2762 3079 Quidam,
2796 3015 3007 3084 Cyrsas
3041 3015 3305 3083 nomine,
3338 3032 3555 3086 genere
3587 3017 3790 3084 Chius,

2127 3101 2391 3155 Athenas
2417 3101 2577 3154 venit
2609 3117 2745 3155 cum
2768 3100 3003 3155 Socrate
3026 3108 3505 3168 conversaturus,
3537 3103 3629 3157 cui
3659 3103 3792 3158 dor-

2128 3190 2536 3260 mientijuxta
2596 3188 2934 3259 sepulcrum
2987 3188 3262 3256 Socratis,
3313 3189 3375 3241 in
3426 3190 3654 3243 somnis
3686 3190 3786 3244 ille

2052 3290 2096 3358 C
2134 3282 2289 3336 visus
2347 3286 2437 3335 est
2491 3285 2549 3335 et
2606 3297 2742 3335 cum
2796 3298 2865 3336 eo
2924 3281 3273 3335 collocutus.
3309 3311 3377 3321 —
3415 3282 3689 3335 Socrates
3716 3281 3787 3336 ab

2132 3371 2526 3441 Aristophane
2576 3371 2783 3425 Melius
2827 3375 3087 3438 vocatur,
3138 3370 3193 3423 id
3256 3376 3345 3424 est
3384 3371 3616 3438 atheus,
3650 3372 3788 3442 quia

2133 3459 2431 3527 Diagoras,
2467 3458 2694 3523 Melius,
2728 3458 2969 3513 infamis
2997 3464 3123 3512 erat
3169 3463 3236 3513 ut
3277 3459 3523 3513 deorum
3565 3475 3701 3514 osor
3732 3466 3790 3515 et

2133 3546 2340 3602 hostis.
2373 3545 2650 3617 Diagoras
2700 3546 2802 3600 ille
2852 3546 3022 3600 initio
3071 3546 3204 3617 pius
3252 3552 3399 3613 erat,
3450 3553 3654 3618 postea
3683 3548 3787 3601 de-

2132 3634 2325 3705 posito
2372 3632 2703 3703 fraudatus,
2744 3634 2816 3688 ad
2866 3634 3237 3704 impietatem
3270 3634 3583 3705 prolapsus
3617 3640 3705 3688 est
3736 3644 3790 3690 et

2133 3722 2274 3778 deos
2325 3740 2453 3778 esse
2513 3724 2762 3796 negavit.
2825 3725 3015 3789 Quare
3067 3724 3463 3779 Athenienses
3495 3724 3785 3796 indignati

2131 3813 2367 3868 Melium
2400 3813 2574 3869 malis
2603 3815 2947 3869 affecerunt.
2998 3846 3068 3855 —
3120 3815 3253 3869 Fuit
3299 3820 3356 3870 et
3396 3814 3783 3887 Aristagorae,

2132 3902 2338 3957 Melius
2395 3910 2569 3974 poeta
2620 3903 3109 3974 dithyrambicus,
3169 3904 3271 3975 qui
3312 3902 3473 3975 quod
3506 3904 3788 3976 mysteria

2130 3992 2434 4046 Eleusinia
2464 3992 2812 4062 evulgasset,
2863 3993 3030 4047 valde
3079 3993 3296 4064 impius
3332 3994 3635 4063 judicatus
3674 3998 3783 4047 est.

2133 4078 2217 4133 Ab
2268 4079 2370 4133 illo
2420 4085 2684 4150 tempore
2743 4079 2955 4134 comici
3013 4080 3215 4135 Melios
3270 4085 3334 4133 ut
3390 4080 3604 4150 impios
3652 4097 3788 4151 per-

2134 4168 2443 4223 strinxere.

2206 4303 2405 4369 Solon,
2438 4302 2795 4358 Execestidaa
2828 4304 2911 4369 F.,
2935 4303 3340 4370 Atheniensis,
3374 4302 3788 4374 philosophus,

2132 4393 2434 4465 legislator
2456 4399 2513 4447 et
2534 4392 3016 4465 demagogus,qui
3041 4394 3181 4447 vixit
3200 4392 3545 4464 Olympiade
3570 4393 3787 4459 XLVII,

2133 4483 2220 4537 vel
2254 4484 2386 4537 LVI.
2423 4481 2660 4538 Insidiis
2695 4483 2916 4554 petitus
2969 4499 3003 4537 a
3052 4482 3383 4548 Pisistrato,
3418 4486 3690 4553 tyranno,
3728 4482 3786 4535 in

2132 4571 2396 4627 Ciciliam
2429 4572 2697 4635 secessit,
2721 4577 2779 4625 et
2809 4571 3015 4626 urbem
3048 4571 3337 4640 condidit,
3363 4587 3541 4641 quam
3576 4569 3646 4625 de
3680 4586 3784 4624 suo

366 4660 542 4730 pulos
573 4661 805 4716 vocabit
826 4662 1313 4733 Peripateticos);
1342 4664 1709 4735 Aristippum
1734 4667 1899 4735 item,
1922 4668 2026 4739 Cy-
2057 4659 2107 4726 D
2140 4662 2381 4716 nomine
2412 4662 2580 4716 Solos
2611 4661 2849 4716 vocavit.
2912 4660 3028 4714 Alii
3086 4660 3253 4715 Solos
3298 4660 3476 4715 etiam
3508 4661 3569 4714 in
3596 4660 3784 4731 Cypro

365 4766 649 4815 renaaum,
684 4756 988 4805 auctorem
1042 4752 1266 4806 scholas
1319 4758 1615 4824 sectaeque
1645 4755 2020 4826 Cyrenaicaa;

367 4840 749 4903 Phaedonem,
783 4841 1013 4909 Eleum,
1063 4858 1097 4896 a
1147 4858 1263 4912 quo
1314 4847 1475 4898 secta
1505 4843 1721 4905 Eliaca.
1756 4853 1961 4916 postea
1990 4863 2024 4901 a

366 4928 732 4991 Menedemo,
766 4931 1004 4985 Eretriae
1039 4930 1310 4997 docente,
1345 4932 1506 4987 dicta
1534 4934 1814 4989 Eretrica.
1854 4966 1918 4977 —
1940 4940 2024 4990 Ex

363 5019 473 5074 hac
516 5021 741 5092 Pyrrho
795 5020 1053 5092 prodiit:
1116 5022 1554 5090 Antisthenem,
1612 5024 1713 5093 qui
1745 5025 2024 5096 Cynicam

373 5112 595 5162 sectam
647 5107 951 5175 condidit;
1002 5109 1328 5175 Euclidem,
1380 5112 1801 5182 Megarensem,
1841 5129 1875 5166 a
1907 5130 2021 5184 quo

368 5193 677 5263 Megarica,
728 5211 861 5264 quae
913 5194 1120 5249 eadem
1151 5211 1185 5250 a
1215 5194 1620 5261 Clinomacho,
1651 5196 1912 5252 Euclidis
1944 5198 2027 5253 di-

368 5281 620 5352 scipulo,
653 5283 813 5338 dicta
838 5283 1158 5338 Dialectica
1182 5300 1194 5350 ;
1223 5284 1697 5353 Xenophontem,
1729 5286 1911 5357 Grylli
1940 5289 2024 5356 F.,

367 5371 726 5439 Eschinem,
760 5372 1094 5443 Lysaniam,
1125 5372 1496 5443 Sphettium;
1555 5372 1851 5437 Cebetem.
1884 5378 2024 5434 The-

365 5455 589 5510 banum
617 5474 630 5522 ;
659 5457 965 5524 Glaucum,
990 5458 1414 5513 Atheniensem
1438 5476 1451 5525 ;
1489 5460 1828 5529 Brysonem.
1856 5463 2028 5518 Hera-

364 5545 639 5613 cleotam,
673 5547 774 5617 qui
808 5547 1241 5602 contentiosam
1288 5547 1659 5602 dialecticam
1702 5548 2027 5607 introduxit

362 5649 489 5688 una
518 5651 652 5689 cum
712 5636 981 5701 Eucline,
1042 5636 1459 5692 Clinomachus
1516 5636 1718 5691 auxit:
1769 5654 2025 5712 cumque

359 5724 585 5782 multos
651 5731 971 5783 sectatores
1037 5725 1361 5795 habuisset,
1413 5725 1589 5782 desiit
1638 5726 1700 5782 in
1763 5728 2043 5805 Zenone,

2133 4768 2349 4806 nomen
2381 4751 2453 4806 ab
2487 4751 2589 4805 illo
2622 4751 2884 4821 accpisse
2935 4750 3122 4811 aiunt.
3176 4754 3234 4804 et
3281 4750 3473 4820 ipsum
3508 4750 3566 4804 in
3599 4750 3786 4820 Cypro

2132 4840 2479 4895 decessisse.
2513 4841 2760 4911 Scripsit
2788 4842 2953 4908 Leges
3000 4839 3487 4903 Atheniensibus,
3522 4855 3667 4909 quas
3699 4856 3789 4893 vo-

2133 4936 2269 4984 cant
2290 4932 2536 4993 Axonas,
2562 4929 2720 5000 quod
2744 4928 2804 4982 in
2831 4929 3027 4984 axibus
3052 4929 3266 5001 ligneis
3291 4934 3493 4983 essent
3514 4929 3748 4999 scriptae
3775 4947 3787 4996 ;

2133 5019 2274 5073 item
2301 5020 2520 5073 Poema
2550 5018 2898 5090 elegiacum,
2938 5018 3096 5090 quod
3128 5018 3377 5074 Salamis
3410 5017 3790 5085 inscribitur;

2133 5110 2417 5178 Praecepta
2446 5124 2679 5174 morum,
2712 5107 2919 5163 itidem
2954 5108 3218 5164 versibus
3247 5108 3547 5180 elegiacis,
3575 5114 3631 5162 et
3652 5108 3788 5164 alia.

2132 5194 2261 5248 Fuit
2292 5210 2447 5248 unus
2479 5194 2720 5248 illorum
2747 5194 2847 5264 qui
2879 5211 2952 5249 vn
2986 5195 3283 5265 sapientes
3315 5194 3610 5250 dicuntur.
3649 5195 3787 5263 Ejus

2136 5288 2260 5338 est:
2295 5285 2369 5337 Ne
2407 5282 2546 5352 quid
2573 5282 2759 5351 nimis,
2807 5289 2898 5337 et:
2958 5286 3122 5339 Nosce
3172 5290 3223 5337 te
3276 5286 3474 5353 ipsum.
3508 5282 3789 5337 Precibus

2133 5371 2461 5427 amicorum
2485 5388 2599 5427 aere
2621 5389 3042 5443 oppressorum
3059 5372 3507 5435 victus,tabulas
3524 5378 3788 5425 veterum

2133 5463 2467 5519 debitorum
2516 5462 2789 5519 abolevit.
2846 5465 2987 5535 Ejus
3046 5464 3363 5519 consilium
3396 5468 3453 5518 et
3485 5467 3648 5517 astus
3683 5460 3791 5515 ad.

2132 5570 2335 5609 versus
2378 5552 2691 5609 Cirrhmos.
2746 5555 2851 5622 (Ex
2878 5554 3186 5609 Pausaniae
3237 5552 3532 5619 Phoeicis,
3564 5568 3620 5622 p.
3651 5552 3791 5621 684.)

2206 5643 2467 5714 Sopater,
2518 5646 2890 5716 Apamensis,
2941 5645 3207 5715 sophista
3267 5650 3325 5699 et
3372 5644 3788 5716 philosophus,

2108 5724 2465 5805 discipulus
2504 5728 2838 5796 iamblichi,
2890 5726 3243 5792 interfectus
3293 5728 3327 5790 a
3375 5728 3787 5807 Constantino,
