4086 6212
382 343 536 402 1347

1680 343 1931 406 INDEX
1973 341 2483 408 SCRIPTORUM

3621 345 3759 406 1343

382 476 560 531 ﬁdem
586 476 812 532 facturo
845 476 1142 546 omnibus,
1195 491 1256 531 se
1307 492 1427 532 non
1467 476 1723 549 amplius
1751 476 2025 550 religioni
2058 480 2108 544 Α
2213 479 2554 550 Sophocles,
2581 475 2985 545 Atheniensis,
3019 477 3274 550 tragicus
3327 479 3387 532 et
3436 475 3668 548 lyricus,
3697 477 3758 532 ab

379 567 688 634 gentilium
710 567 1010 622 addictum
1035 582 1198 633 esse;
1221 572 1360 622 ante
1383 568 1540 621 enim
1563 566 1938 622 familiariter
1957 582 2024 621 eo

377 673 522 712 usus
551 658 762 712 fuerat.
797 657 1042 727 Scripsit
1069 658 1144 711 De
1171 658 1544 726 Providentia,
1571 657 1833 727 itemque
1859 659 1935 711 De
1957 658 2026 711 iis

379 750 477 818 qui
507 747 780 802 immerito
807 755 934 802 sunt
962 749 1149 816 felices
1175 749 1260 805 vel
1306 750 1568 819 infelices.
1601 749 2024 805 Constantinus

380 839 690 908 Sopatrum
722 837 862 892 dum
894 838 1218 904 interemit,
1272 856 1393 894 non
1440 845 1601 894 recte
1639 839 1814 907 fecit;
1847 854 2023 894 nemo

378 928 540 981 enim
571 933 809 982 coactus
843 927 908 982 lit
935 927 1148 993 bonus,
1183 929 1287 984 sed
1319 945 1388 983 ex
1417 945 1638 984 amore.

447 1016 710 1087 Sopater,
734 1017 1016 1071 comicus.
1041 1019 1120 1070 Ex
1136 1017 1354 1072 fabulis
1372 1018 1500 1089 ejus
1519 1022 1658 1070 sunt
1674 1011 2020 1082 Ἱππόλυτος,

372 1100 734 1178 Φυσιολόγος,
823 1102 1024 1178 Σιλφία
1104 1106 1140 1172 ἢ
1232 1101 1437 1171 Κνίδια,
1523 1101 1741 1172 Νεκυία,
1818 1100 2020 1170 Πύλαι,

371 1188 653 1260 Ὀρέστης,
686 1195 868 1257 Φακῆ,
899 1196 965 1245 ut
993 1191 1312 1246 Athenaaus
1342 1191 1402 1246 in
1438 1189 1932 1262 Dipnosophistis.

443 1278 705 1350 Sopater,
737 1278 1002 1333 Parodus
1031 1283 1233 1350 (quem
1279 1295 1314 1333 a
1359 1279 1584 1334 comico
1615 1277 1771 1333 male
1802 1277 2020 1332 distin-

367 1365 494 1436 guit
523 1365 775 1432 Suidas),
806 1367 976 1436 cujus
1005 1366 1212 1422 drama
1243 1365 1443 1440 βακχίς
1480 1367 1764 1420 Athenaao
1795 1381 2019 1420 memo-

367 1459 552 1508 ratur.
589 1455 650 1508 V.
689 1454 934 1520 Stanlei,
968 1453 1041 1509 ad
1071 1454 1330 1526 Eschyli
1360 1454 1560 1525 Cmph.
1593 1470 1645 1508 v.
1677 1455 1802 1507 294.

438 1543 702 1613 Sopater,
735 1542 1107 1614 Apamensis,
1151 1543 1242 1598 vel
1297 1544 1495 1614 potius
1553 1540 2016 1606 Alexandrinus,

367 1629 651 1699 sophista.
686 1629 936 1701 Scripsit
964 1629 1360 1701 plurimorum
1391 1629 1680 1684 librorum
1709 1631 2014 1698 Epitomas.

365 1719 614 1784 Quidam
673 1721 850 1775 etiam
907 1717 1192 1794 Ἐκλογίαν
1248 1723 1354 1772 τῶν
1425 1718 1703 1792 ἱστοριῶν,
1755 1725 2018 1790 excerpta

2136 567 2380 636 antiquo
2439 566 2544 620 illo
2603 566 2894 638 Sophocle
2949 582 3134 636 genus
3188 565 3413 620 ducens
3465 564 3613 619 Vixit
3645 571 3763 636 post

2135 654 2396 726 pleidem
2427 657 2804 729 tragicorum.
2839 655 3072 711 Fabulae
3095 655 3223 727 ejus
3254 660 3398 709 sunt
3423 654 3758 725 quindecim.

2208 744 2388 820 Σοφὸς
2417 746 2774 813 incantator,
2799 745 3270 800 incantationum
3292 743 3539 816 peritus.
3559 743 3754 799 Psalm.

2134 846 2286 898 Lviu,
2317 834 2370 886 5.
2393 831 2712 887 Oraculum
2737 848 2751 887 :

2277 943 2458 1020 Σοιξὸς
2491 943 2803 1020 Σοφοκλῆς,
2833 944 3144 1020 σοφώτερος
3173 939 3220 997 δ’
3251 939 3546 1020 Εὐριπίδης

2278 963 2354 999 2.0
2400 965 2458 1005 ος
2491 963 2803 1014 Σοφοκλης,
2833 963 3144 1020 σοφώτερος
3173 963 3201 997 o
3251 963 3542 1012 ιςυριπιοης

2278 963 2514 1090 Ἀνξρῶν
2548 1003 2606 1072 δὲ
2635 1018 2850 1072 πάντων
2877 1017 3174 1088 Σωκράτης
3204 1015 3542 1090 σοφώτατος.

2204 1134 2496 1206 Sophron,
2529 1134 2955 1206 Syracusanus,
2978 1131 3317 1205 Agathoclis
3348 1135 3409 1187 et
3439 1129 3752 1201 Damnasyl-

2129 1224 2268 1279 lidis
2297 1226 2357 1280 F.
2391 1225 2492 1296 qui
2525 1225 2667 1279 vixit
2721 1225 3088 1296 temporibus
3139 1223 3348 1278 Xerxis
3380 1227 3438 1276 et
3465 1219 3750 1291 Euripidis.

2129 1315 2377 1386 Scripsit
2398 1317 2590 1370 Mimos
2619 1315 2820 1370 viriles
2851 1319 2909 1368 et
2937 1316 3126 1369 Mimos
3158 1310 3484 1367 muliebres
3514 1310 3750 1366 oratione

2128 1401 2320 1456 soluta
2349 1407 2409 1457 et
2436 1400 2688 1458 dialecto
2720 1401 2948 1468 Dorica,
2980 1417 3129 1472 quos
3159 1399 3490 1464 Platonem,
3513 1397 3751 1469 philoso-

2127 1491 2332 1562 phum,
2365 1506 2604 1562 semper
2633 1490 2931 1546 lectitasse
2957 1489 3177 1556 ferunt,
3207 1487 3356 1543 adeo
3388 1491 3456 1542 ut
3481 1485 3749 1542 interdum

2128 1578 2307 1633 etiam
2339 1579 2412 1634 iis
2440 1578 2815 1634 indormiret.

2197 1669 2489 1740 Sophron,
2538 1669 2798 1724 comicus
2842 1667 3020 1739 (male
3068 1673 3360 1738 tanquam
3404 1664 3682 1720 diversum
3721 1677 3751 1716 a

2123 1754 2320 1825 priore
2352 1755 2561 1810 Suidas
2595 1757 3064 1820 commemorat).
3089 1755 3168 1808 Ex
3199 1752 3382 1824 hujus
3413 1747 3746 1806 dramatibus

363 1810 621 1906 historica
673 1809 768 1910 ide
821 1809 1037 1880 quibus
1086 1810 1331 1865 Photius
1382 1810 1512 1865 cod.
1584 1809 1788 1879 CLXI),
1839 1809 2018 1881 hujus
2050 1838 2094 1903 Β
2123 1809 2374 1910 ςτενθερὰ,
2404 1809 2554 1896 “3,8
2585 1809 2872 1895 Athena“,
2904 1840 2966 1894 in
2998 1809 3498 1910 D'ipnosoﬁhistis.

364 1912 492 1950 esse
525 1895 712 1950 aiunt.

434 1985 709 2056 Sophilus
735 1984 1043 2056 Sicyonius
1080 1990 1183 2040 aut
1229 1984 1565 2052 Thebanus,
1596 1984 1861 2040 comicus
1889 1999 2012 2039 me-

363 2073 474 2128 dim
507 2072 828 2129 commdim.
854 2073 995 2144 Ejus
1015 2072 1230 2128 fabulas
1255 2078 1396 2128 sunt
1424 2067 1766 2144 Κιθαρῳδὸς,
1791 2069 2012 2143 Φύλαρ-

363 2175 486 2231 χος,
516 2155 835 2232 Τυνδάρεως
865 2156 901 2226 ἢ
933 2154 1100 2226 Λύδα,
1133 2165 1193 2214 et
1221 2156 1417 2228 Δηλία,
1451 2164 1517 2213 ut
1561 2159 1644 2214 ait
1672 2158 2010 2213 Athenians.

358 2247 506 2302 Item
544 2242 846 2320 Χοιρίδιον,
881 2246 1335 2318 Παρακαταθήκῃ.

432 2333 736 2403 Sophistas
801 2332 1090 2388 vocabant
1153 2349 1381 2399 omnes,
1451 2335 1742 2403 quotquot
1796 2330 2012 2386 litteris

361 2417 576 2472 eruditi
609 2423 814 2473 erant:
849 2418 1026 2472 etiam
1057 2415 1247 2492 σοφίαν
1279 2417 1592 2482 musicam,
1627 2422 1687 2471 et
1715 2416 2010 2487 sophistas

358 2505 618 2560 musices
653 2507 896 2576 peritos,
945 2505 1123 2560 etiam
1156 2505 1450 2560 tibicines.
1505 2504 1691 2569 Plato,
1725 2503 2008 2572 comicus,

358 2592 418 2645 in
453 2591 732 2662 sophistis
766 2591 1146 2661 Bachylidem
1179 2599 1436 2663 poetam.
1462 2591 1786 2662 Opuntium
1818 2591 2010 2662 sophi-

358 2683 507 2731 stam
555 2677 834 2748 appellat.
890 2678 1315 2748 Aristophanes
1363 2679 1473 2732 hoc
1530 2695 1750 2733 nomen
1803 2677 2011 2732 tribuit

357 2764 501 2816 artis
538 2779 948 2834 cujuscunque
971 2764 1195 2833 peritis.
1223 2763 1443 2818 Deinde
1465 2763 1732 2834 sophista
1762 2770 1852 2818 est
1879 2763 2003 2832 ille,

359 2851 458 2922 qui
485 2869 556 2906 ex
578 2851 728 2908 falsa
745 2852 1141 2907 ostentatione
1160 2851 1467 2923 sapientiae
1488 2856 1781 2922 quaestum
1809 2851 2006 2906 facere

357 2940 535 2993 novit.

418 3027 758 3098 Sophocles,
791 3026 1015 3098 Sophili
1048 3025 1305 3083 Colonaai
1334 3026 1418 3093 F.,
1442 3025 1847 3094 Atheniensis,
1879 3031 2000 3083 tra-

345 3114 530 3186 gicus,
563 3120 739 3170 natus
788 3114 1020 3186 Olymp.
1081 3113 1326 3182 LXXIII,
1384 3114 1467 3168 ita
1525 3118 1591 3169 ut
1637 3113 1810 3169 annis
1854 3115 2003 3170 XVII

343 3205 580 3260 Socrate
611 3204 913 3276 antiquior
943 3205 1036 3259 sit.
1072 3204 1176 3259 Hic
1208 3204 1436 3276 primus
1467 3203 1656 3259 tribus
1687 3203 1996 3259 histrioni-
2024 3211 2067 3278 ρ

337 3292 448 3348 bus
481 3311 623 3349 usus
654 3301 743 3349 est
763 3299 820 3349 et
845 3294 1216 3363 tritagonista
1247 3293 1370 3348 sive
1403 3293 1709 3348 tertiarum
1740 3294 1998 3365 partium

341 3390 560 3439 actore.
587 3385 854 3440 Primum
878 3385 1055 3440 etiam
1079 3383 1326 3439 chorum
1353 3383 1696 3454 quindecim
1710 3385 1998 3454 juvenum

339 3473 689 3542 introduxit,
722 3491 857 3530 cum
915 3479 1092 3528 antea
1147 3472 1460 3528 duodecim
1511 3477 1741 3527 tantum
1774 3479 1992 3530 essent.

338 3563 500 3617 Idem
532 3563 726 3618 dictus
781 3563 930 3634 apis,
989 3568 1231 3634 prapter
1276 3562 1564 3618 orationis
1605 3563 1992 3618 suavitatem:

337 3650 597 3720 primum
627 3651 805 3704 etiam
837 3651 1086 3722 singulis
1119 3650 1338 3705 fabulis
1387 3656 1614 3706 certare
1645 3651 1839 3721 capit,
1873 3668 1994 3707 non

333 3736 664 3808 tetralogia.
685 3737 932 3807 Scripsit
951 3737 1211 3809 Elegiam
1233 3743 1292 3792 et
1307 3740 1548 3792 Paaanas
1571 3743 1629 3791 et
1650 3739 1992 3794 Orationem

335 3823 407 3878 de
439 3823 638 3889 choro,
668 3823 738 3879 de
769 3841 885 3894 quo
917 3841 1051 3878 cum
1075 3824 1365 3895 Thespide
1389 3829 1447 3879 et
1466 3825 1719 3880 Chmrito
1742 3831 1988 3882 conten-

333 3911 529 3966 debat.
556 3911 688 3966 Filii
712 3913 840 3983 ejus
863 3913 1025 3967 fuere
1046 3913 1296 3984 Jophon,
1322 3913 1700 3981 Leosthenes,
1727 3915 1986 3986 Ariston,

334 4002 694 4073 Stephanus,
723 4003 1098 4059 Meneclides.
1133 4002 1290 4058 Obiit
1318 4008 1452 4074 post
1479 4004 1983 4075 Euripidem,cum

333 4096 489 4147 esset
544 4108 834 4147 annorum
894 4092 1005 4148 XC.
1065 4092 1276 4147 Docuit
1331 4091 1561 4148 fabulas
1619 4093 1852 4162 CXXIII,
1895 4095 1984 4151 vel

330 4182 508 4236 etiam
558 4181 745 4236 multo
792 4181 1013 4254 plures,
1065 4187 1132 4236 ut
1173 4181 1413 4237 tradunt
1461 4182 1584 4237 alii.
1629 4183 1982 4240 Vicitvicies

327 4277 556 4343 quater.
587 4271 776 4343 (Conf.
835 4271 1068 4326 Kusteri
1123 4276 1292 4326 notas
1343 4277 1488 4330 tom.
1547 4271 1648 4340 III,
1696 4290 1826 4346 pag.
1877 4276 1980 4330 349

329 4359 486 4431 sqq-)

397 4449 740 4519 Sophocles,
766 4448 1057 4503 Aristonis
1078 4449 1162 4513 F.,
1184 4449 1438 4504 senioris
1461 4449 1769 4520 Sophoclis
1790 4467 1976 4522 nepos

325 4538 730 4603 Atheniensis,
765 4539 1042 4610 tragicus,
1076 4538 1176 4609 qui
1199 4538 1410 4593 docuit
1442 4537 1710 4593 dramata
1739 4540 1852 4605 XL,
1883 4540 1974 4595 vel

325 4634 392 4681 ut
420 4628 546 4693 alii,
579 4630 671 4682 XI.
709 4627 857 4683 Vicit
898 4627 1140 4698 septies.
1180 4627 1342 4682 Idem
1374 4634 1432 4682 et
1462 4627 1681 4700 elegias
1712 4629 1969 4700 scripsit.

317 4716 666 4786 Apollonius
696 4717 1003 4789 (Tyaneus)
1037 4717 1305 4772 castitate
1345 4717 1695 4788 Sephoclem
1728 4734 1967 4789 supera-

316 4805 416 4871 vit,
452 4806 551 4875 qui
587 4821 765 4860 senex
795 4805 1036 4860 demum
1083 4822 1317 4861 amores
1363 4810 1645 4877 tanquam
1674 4806 1968 4863 furiosum

316 4899 376 4949 et
407 4909 620 4947 smvum
653 4893 960 4949 dominum
1001 4895 1272 4965 effugisse
1321 4911 1382 4950 se
1434 4893 1686 4953 dicebat.
1717 4896 1965 4968 Apollo-

312 4983 481 5038 nium
501 4982 768 5038 libidinis
791 5001 864 5039 ne
889 4984 1215 5056 Euphrates
1238 4984 1480 5056 quidem
1511 4986 1720 5058 arguit,
1755 5002 1966 5058 quam-

311 5071 396 5126 vis
427 5070 606 5126 l‘alsas
654 5070 883 5128 litteras
931 5070 1211 5127 adversus
1268 5088 1404 5126 eum
1462 5079 1834 5128 commentus
1865 5073 1961 5142 sit,

309 5161 589 5218 inimicus
621 5160 728 5223 illi,
762 5161 920 5233 quod
951 5161 1332 5233 Euphratem,
1364 5162 1630 5233 pecuniae
1670 5179 1848 5218 causa
1876 5163 1959 5219 fa-

2192 1927 2472 1991 Soranus,
2506 1926 2811 1982 Menandri
2833 1931 2892 1980 et
2912 1925 3158 1981 Phaabes
3188 1925 3275 1989 F.,
3308 1921 3609 1995 Ephesius,
3633 1935 3738 1975 me-

2120 2014 2308 2084 dicus,
2339 2017 2440 2087 qui
2489 2015 2859 2071 Alexandriae
2908 2018 3312 2072 commoratus
3343 2018 3455 2080 est,
3483 2016 3541 2066 et
3565 2012 3736 2064 Roma

2118 2107 2306 2157 artem
2338 2101 2630 2158 medicam
2661 2101 2924 2157 exercuit
2968 2100 3078 2157 sub
3121 2100 3376 2171 Trajano
3407 2103 3466 2154 et
3489 2095 3737 2160 Adriano,

2119 2189 2302 2261 impp.
2328 2189 2634 2261 librosque
2653 2189 2944 2262 plurimos
2975 2193 3036 2244 et
3062 2187 3498 2260 pulcherrimos
3527 2196 3735 2252 compo-

2119 2277 2256 2333 suit.

2188 2365 2467 2431 Soranus,
2499 2364 2807 2436 Ephesius,
2855 2362 3122 2419 medicus
3137 2361 3370 2434 junior,
3402 2356 3501 2429 qui
3529 2352 3738 2424 scripsit

2121 2473 2147 2504 α
2169 2454 2250 2508 De
2270 2452 2490 2508 morbis
2506 2453 2898 2508 muliebribus
2915 2451 3100 2506 libros
3117 2451 3220 2518 IV;
3239 2447 3590 2504 Medicorum
3609 2443 3732 2496 vitas

2115 2565 2144 2592 «
2168 2548 2432 2598 etsectas
2454 2549 2512 2598 et
2532 2559 2712 2614 opera
2728 2541 2898 2596 libris
2919 2541 2989 2607 X,
3017 2563 3038 2588 ι
3067 2543 3126 2594 et
3145 2537 3264 2594 alia
3287 2538 3532 2593 diversa.
3554 2531 3729 2588 Ascle-

2112 2631 2411 2704 piodotus,
2442 2631 2857 2702 philosophus,
2886 2629 3032 2685 artis
3070 2626 3320 2683 medica
3351 2624 3587 2697 peritus,
3615 2618 3728 2674 nulv

2112 2720 2237 2776 lum
2254 2721 2654 2776 recentiorum
2671 2720 3040 2775 medicorum
3061 2716 3260 2789 magni
3283 2714 3534 2772 faciebat
3547 2715 3727 2782 prater

2109 2809 2392 2865 Jacobum
2413 2827 2427 2878 ;
2451 2826 2522 2864 ex
2543 2807 2982 2880 antiquioribus
3001 2821 3138 2862 vero
3161 2809 3298 2876 post
3329 2804 3726 2874 Hippocratem,

2109 2899 2399 2954 Soranum
2427 2897 2693 2962 Cilicem,
2727 2899 3119 2966 cognomento
3149 2892 3468 2948 Mallotem.

2182 2984 2458 3042 Σωσάννα.
2517 2988 2736 3043 Contra
2811 2985 3051 3040 Sextum
3125 2981 3470 3037 Africanum
3523 2972 3728 3046 scripsit

2108 3076 2409 3149 Origenes,
2469 3077 2716 3147 ejusque
2775 3078 3123 3147 argumenta
3189 3068 3491 3140 refutavit,
3543 3063 3723 3138 quibus

2107 3166 2324 3222 librum
2357 3167 2641 3223 Susanna)
2673 3163 3056 3238 impugnavit.

2177 3273 2463 3340 Sosibius,
2498 3275 2665 3337 Laco,
2713 3270 3155 3345 grammaticus,
3203 3283 3367 3324 unus
3397 3280 3604 3328 eorum,
3631 3257 3716 3330 qui

2101 3358 2446 3418 ’Βπιλυτικοὶ
2476 3363 2589 3434 (24)
2637 3367 2937 3416 vocantur.
2987 3357 3258 3430 (Scripsit
3307 3355 3488 3422 varia)
3531 3354 3584 3407 in
3610 3347 3720 3420 qui-

2100 3450 2214 3506 bus
2245 3456 2304 3506 et
2331 3452 2444 3507 hoc
2475 3450 2676 3518 tradit,
2711 3464 2840 3505 esse
2877 3446 3178 3520 quoddam
3210 3443 3512 3501 comoediai
3539 3453 3714 3514 genus,

2100 3557 2258 3612 quop
2308 3540 2722 3595 Dicelistarum
2773 3544 2832 3594 et
2882 3536 3252 3592 Mimelorum
3295 3529 3618 3602 Δικηλιστῶν
3645 3522 3716 3578 καὶ

2096 3624 2374 3700 utnulth
2406 3629 2711 3702 pr0prium
2743 3629 2826 3684 οι.
2861 3629 2941 3682 De
2970 3626 3162 3681 Mimis
3187 3624 3450 3696 antiquis
3479 3622 3537 3676 in
3564 3619 3714 3674 Laco-

2095 3718 2214 3784 nia,
2247 3716 2376 3792 Περὶ
2405 3721 2514 3772 τῶν
2563 3714 2844 3788 Μιμηλῶν
2901 3713 2954 3768 ἂν
3009 3715 3298 3777 Λακωνικῆ
3349 3706 3712 3783 ἱστορουμένων

2093 3804 2367 3876 παλαιῶν,
2402 3812 2462 3863 et
2489 3807 2624 3863 alia.

2163 3914 2543 3986 Sosiphanes,
2574 3912 2815 3968 Sosiclis
2846 3913 2929 3974 F.,
2961 3910 3239 3982 tragicus,
3280 3907 3481 3964 docuit
3507 3901 3705 3960 fabulas

2091 4002 2331 4069 LXXIII,
2373 4003 2511 4058 vicit
2543 4003 2781 4074 septies.
2815 4003 2916 4055 Est
2961 4006 3021 4055 et
3066 4000 3193 4070 ipse
3239 4015 3312 4053 ex
3343 4001 3557 4068 septem
3585 3989 3702 4054 illis,

2089 4093 2189 4163 qui
2213 4093 2405 4148 Pleias
2423 4098 2561 4147 sunt
2581 4089 3046 4163 appellati.Vixit
3063 4088 3170 4143 sub
3190 4093 3456 4142 extrema
3475 4090 3702 4152 tempora

2085 4181 2343 4253 Philippi
2373 4181 2462 4236 vel
2486 4180 2803 4235 Alexandri
2830 4178 3188 4235 Macedonis.
3214 4177 3375 4234 Obiit
3395 4164 3701 4246 Olympiade

2083 4272 2201 4327 CXI
2230 4272 2320 4327 vel
2350 4271 2532 4327 CXIV.

2155 4363 2480 4430 Sositheus,
2511 4362 2914 4434 Syracusanus
2945 4364 3046 4414 aut
3073 4355 3476 4423 Atheniensis,
3507 4350 3588 4406 vel
3613 4363 3703 4420 po-

2080 4453 2198 4507 tius
2230 4451 2666 4507 Alexandrinus
2716 4467 2787 4505 ex
2830 4447 3188 4503 Alexandria
3217 4446 3441 4512 Troica,
3472 4455 3612 4498 unus
3641 4451 3700 4489 ex

2079 4541 2332 4614 pleiade,
2357 4541 2607 4596 aemulus
2633 4537 3128 4606 Homeri,tragici,
3155 4535 3260 4590 filii
3286 4537 3497 4606 Myrus,
3520 4531 3702 4600 Byzan-

2081 4631 2243 4697 tinaa,
2275 4629 2376 4701 qui
2409 4629 2614 4684 ﬂoruit
2651 4625 2997 4700 Olympiade
3047 4623 3280 4689 CLXIV,
3311 4619 3547 4692 Scripsit
3573 4630 3696 4688 poe-

2080 4725 2238 4775 mata
2269 4726 2327 4775 et
2355 4719 2473 4775 alia
2501 4734 2678 4791 prosa
2719 4718 3009 4773 oratione.

2149 4808 2412 4874 Sotades,
2448 4807 2822 4881 Byzantinus,
2857 4803 3270 4877 philosophus,
3300 4806 3366 4856 ut
3395 4797 3564 4855 tradit
3587 4791 3698 4849 Ari-

2076 4897 2292 4954 stocles
2321 4897 2474 4952 libro
2506 4898 2576 4951 VI
2605 4896 2677 4952 de
2709 4894 3110 4968 philosophia.

2145 4985 2410 5053 Sotades,
2465 4986 2868 5054 Atheniensis,
2929 4983 3191 5040 comicus
3254 4978 3464 5037 media:
3506 4985 3694 5032 comm.

2074 5075 2207 5132 diae.

2143 5163 2408 5231 Sotades,
2439 5162 2761 5230 Cretensis,
2795 5160 3101 5228 Maronita,
3143 5152 3507 5228 δαιμονισθεὶς
3533 5165 3564 5204 a
3587 5145 3691 5202 d2-

309 5252 567 5308 cientem
615 5251 834 5321 omnia,
884 5251 1162 5307 deridens
1202 5251 1552 5317 monuisset,
1586 5268 1660 5307 ne
1691 5257 1962 5326 pergeret
2070 5256 2247 5310 monia
2267 5259 2514 5321 versatus,
2537 5251 2871 5307 iamborum
2893 5251 3162 5322 scriptor.
3187 5244 3430 5318 Scripsit
3448 5236 3687 5326 φλύακαςῖ

309 5342 500 5418 σοφίαν
527 5340 884 5413 καπηλεύειν,
917 5342 1225 5412 cauponari
1252 5343 1600 5412 sapientiam.

2066 5359 2237 5415 augas
2265 5343 2386 5400 sive
2424 5337 2718 5408 κιναίδους,
2780 5339 2980 5395 Ionica
3034 5337 3257 5411 lingua,
3312 5331 3465 5388 unde
3498 5317 3686 5380 twmoi

385 5658 501 5730 (24)
528 5656 639 5723 Qui
685 5655 962 5715 difﬁciles
1005 5655 1368 5730 questiones
1414 5657 1751 5732 propositas
1795 5657 2148 5718 dissolvunt.
