4086 6212
320 367 480 429 ιδιθ

1641 356 1740 419 DE
1784 354 2070 429 QUIBUS
2117 362 2427 426 SUIDAS.

3577 368 3734 430 £350

314 496 477 573 λόγοι
505 498 983 571 appellabantur.
1008 497 1127 551 Hoc
1147 490 1438 566 poematis
1457 507 1675 565 genere
1705 491 1797 546 usi
1830 496 1970 546 sunt
1999 502 2046 566 Α
2154 494 2451 567 Στάσιμον,
2481 514 2668 570 genus
2699 498 3003 567 carminis,
3037 498 3197 571 quod
3229 499 3479 555 saltores
3507 505 3731 557 stantes

320 590 501 645 etiam
532 587 870 644 Alexander
898 584 1145 651 Etolus,
1177 583 1437 654 Pyrrhus
1465 581 1747 646 Milesius,
1779 581 1973 635 Theo-

316 680 516 751 doras,
544 678 990 735 Timocharidas
1021 681 1080 732 et
1108 674 1475 731 Xenarchus.
1508 674 1654 727 Sunt
1683 672 1814 743 ejus
1846 689 1976 727 car-

316 771 485 825 mina
537 769 815 840 plurima,
876 766 1053 821 veluti
1116 787 1143 815 ‹‹
1185 764 1271 819 Ad
1330 762 1553 817 inferos
1610 761 1974 827 descensus;

318 884 344 910 «
382 859 667 929 Priapus:
700 859 766 911 In
798 855 1206 919 Belostichen;
1241 854 1496 906 Amazon
1520 871 1547 899 »
1580 855 1638 905 et
1660 850 1797 905 alia.
1832 851 1976 905 Item

319 945 732 1021 Ἐγκλειόμεναι
766 951 826 1000 et
856 938 1403 1015 Παραυλτρούμενος,
1441 944 1506 994 ut
1552 940 1634 994 ait
1659 940 1978 994 Athenaus

319 1039 382 1093 in
415 1035 895 1108 Dipnosophistis
917 1036 1051 1103 (25).

392 1143 656 1209 Sotades,
706 1139 1113 1208 Atheniensis,
1159 1136 1572 1209 phi1030phus,
1624 1134 1725 1206 qui
1755 1135 1979 1190 Librum

319 1235 386 1289 de
416 1232 690 1303 mysteriis
721 1230 977 1297 scripsit.

392 1349 748 1416 Sotericbus,
794 1346 978 1401 Asites
1026 1346 1156 1415 (26),
1206 1341 1481 1397 heroicus
1513 1346 1707 1412 poeta,
1739 1340 1841 1410 qui
1868 1339 1981 1395 fuit

320 1440 429 1497 sub
464 1437 848 1493 Diocletiano.
883 1435 1129 1505 Scripsit
1152 1455 1180 1482 «
1210 1431 1558 1487 Encomium
1591 1430 1976 1485 Diocletiani:

322 1552 351 1580 «
380 1527 683 1583 Bassarica
707 1528 818 1581 sive
842 1524 1128 1579 Bacchica
1149 1522 1319 1577 libris
1342 1523 1411 1575 IV
1437 1539 1451 1587 ;
1477 1522 1557 1575 De
1582 1520 1846 1574 Panthea
1868 1520 1975 1573 Ba-

322 1642 350 1669 ‹‹
374 1618 657 1690 bylonia;
699 1617 777 1670 De
812 1614 1105 1679 Ariadne;
1158 1613 1350 1667 Vitam
1392 1609 1686 1683 Apollonii
1725 1609 1976 1680 Tyanei;

321 1730 351 1757 «
367 1708 699 1778 Pythonem
711 1707 821 1759 sive
839 1701 1501 1758 Alexandriacum.»Est
1516 1704 1712 1754 autem
1730 1698 1979 1752 Alexan-

321 1798 413 1852 dri
438 1795 771 1850 Macedonis
797 1793 1213 1858 Historia,cum
1230 1789 1456 1844 Thebas
1476 1788 1647 1859 cepit.
1672 1789 1817 1842 Item
1840 1787 1976 1842 alia.

393 1879 1420 1955 Soteridas,grammaticus,maritus
1436 1876 1761 1948 Pamphila
1778 1877 1981 1947 (supra
2011 1865 2057 1930 Β

321 1978 384 2031 in
409 1975 742 2046 Pamphila,
780 1970 1156 2041 Socratidas),
1182 1970 1278 2025 cui
1303 1968 1480 2023 etiam
1511 1967 1793 2021 historias
1815 1965 1985 2020 attri-

323 2066 471 2120 buit.
503 2064 751 2135 Scripsit
777 2088 802 2111 «
834 2060 1327 2132 Orthographiam
1352 2075 1365 2123 ;
1389 2057 1756 2122 Quastiones
1779 2056 1983 2109 Home-

328 2178 357 2206 ε(
390 2156 579 2219 ricas;
614 2150 1075 2210 Commentarium
1121 2150 1182 2204 in
1244 2146 1669 2213 Menandrum;
1730 2146 1810 2199 De
1858 2161 1981 2199 me-

328 2267 356 2293 a
393 2244 537 2310 tris;
574 2244 653 2298 De
680 2240 1005 2309 comadia;
1040 2240 1106 2293 In
1137 2236 1496 2308 Euripidem.
1531 2256 1551 2283 ι

400 2331 718 2398 Soteridas,
772 2329 1145 2401 Epidaurius,
1193 2331 1360 2398 pater
1408 2322 1754 2394 Pamphila,
1787 2322 1880 2376 cui
1914 2319 1986 2375 li-

320 2422 460 2477 bros
494 2428 611 2477 tres
640 2419 1211 2475 Commentariorum
1266 2414 1589 2485 inscripsit,
1622 2417 1689 2467 ut
1735 2411 1818 2467 ait
1848 2411 1979 2465 Dio-

326 2512 536 2583 nysius
569 2510 718 2564 libro
750 2509 897 2563 ΧΧΧ
933 2506 1205 2561 Historia
1238 2504 1501 2559 musica.

399 2600 779 2671 Speusippus,
812 2594 1269 2667 Eurymedontis
1292 2594 1349 2647 F.
1380 2591 1643 2647 Platonis
1666 2606 1735 2644 ex
1759 2604 1982 2656 sorore,

327 2693 572 2752 Potone,
606 2704 812 2759 nepos,
850 2685 1086 2740 auditor
1114 2688 1171 2737 et
1212 2683 1273 2736 in
1306 2681 1625 2736 Academia
1654 2694 1982 2734 successor.

332 2780 484 2834 Vixit
513 2775 860 2849 Olympiade
890 2774 1078 2843 CVIII,
1105 2772 1351 2843 Scripsit
1381 2770 1660 2842 plurima,
1685 2768 1983 2840 pracipue

324 2868 760 2941 phiIOSOphica.
822 2864 954 2919 Fuit
1010 2862 1251 2934 ingenio
1299 2864 1561 2926 austero,
1607 2857 1984 2928 maximeque

333 2955 641 3012 iracundo.

399 3075 629 3148 Σφαῖρα.
682 3072 806 3126 Pila
858 3070 1003 3126 lusit
1051 3067 1420 3124 Aristonicus
1478 3064 1799 3135 Carystius,
1852 3062 1984 3117 Ale-

326 3163 561 3230 xandri,
594 3162 772 3233 regis,
804 3161 865 3214 in
909 3160 1049 3214 ludo
1102 3158 1238 3230 pila
1291 3155 1572 3211 collusor.
1607 3154 1746 3208 Pila
1776 3152 1985 3207 inven-

328 3252 557 3307 tionem
590 3250 821 3305 Alcioni
855 3248 1011 3316 lilia,
1045 3245 1334 3303 attribuit.

414 3365 711 3443 Σφυράδες,
769 3388 791 3417 ι
826 3383 1137 3440 caprarum
1186 3372 1245 3420 et
1287 3365 1481 3419 ovium
1532 3366 1928 3417 excrementa.
1964 3380 1991 3409 ››

333 3460 615 3515 Carcinus
634 3464 805 3529 poeta
821 3457 952 3524 fuit,
977 3456 1148 3527 cujus
1173 3454 1329 3509 ﬁlios
1351 3469 1543 3524 parva
1569 3456 1812 3506 statura
1834 3449 1996 3504 Aris-

336 3548 626 3619 tophanes
649 3545 1012 3618 perstringit,
1048 3549 1111 3598 ut
1150 3536 1381 3615 ὄρτυγας
1417 3538 1735 3613 οἰκογενεῖς,
1766 3534 1993 3611 γυλιαύ-

338 3655 502 3711 χενας
534 3634 830 3708 ὀρχηστὰς,
882 3636 1215 3708 ναννοφυεῖς,
1267 3625 1552 3706 σφυράδων
1593 3626 2018 3719 ἀπο›‹.νίσμ.οιτςιι,Α

344 3720 752 3798 μηχανοδίφας,
808 3728 917 3778 etc.
964 3722 1239 3786 Xenocles,
1290 3720 1519 3776 Carcini
1566 3719 1748 3785 ﬁlius,
1779 3712 2001 3773 multas"

338 3830 557 3885 easque
588 3813 860 3867 insolitas
892 3812 1200 3867 machinas
1223 3811 1297 3865 ad
1323 3809 1735 3881 percellendos
1766 3812 2000 3878 specta-

336 3910 496 3958 tores
554 3903 615 3957 in
664 3901 882 3957 fabulis
942 3901 1064 3955 suis
1116 3898 1514 3953 introduxisse
1562 3896 1798 3962 dicitur,
1834 3896 1998 3950 Plato

336 3992 470 4047 ideo
494 3987 959 4063 δωδεκαμήχανον
979 3989 1417 4061 appellat.Deos
1435 3987 1593 4042 enim
1610 3985 2000 4040 ascendentes

342 4087 400 4135 et
426 4079 857 4134 descendentes
887 4077 1252 4132 imitabatur.

418 4194 793 4266 Spintharus,
847 4193 1244 4257 Heracleotes,
1298 4196 1470 4263 poeta
1517 4189 1792 4260 tragicus,
1832 4188 2004 4259 cujus

338 4284 556 4339 fabula
588 4289 730 4337 sunt
759 4280 1204 4353 Ηερικαιόμενος,
1235 4276 1534 4349 Ἡρακλῆς,
1562 4273 1781 4347 Σεμέλη
1812 4294 2008 4347 κεραυ-

347 4371 605 4443 νουμένη,
634 4372 782 4427 Hinc
812 4377 879 4427 ut
900 4369 1191 4427 Barbarus
1223 4375 1282 4424 et
1311 4369 1503 4440 Phryx
1534 4384 1569 4423 θ,
1596 4366 1840 4422 comicis
1869 4382 2001 4437 per-

347 4463 675 4535 stringitur.

420 4577 730 4649 Spittalus,
796 4575 1063 4632 medicus
1117 4573 1276 4646 apud
1324 4571 1741 4627 Athenienses.
1786 4569 2006 4625 Aristo-

347 4666 610 4736 phanes:
643 4662 886 4725 Ἀπελθε
917 4662 1049 4733 πρὸς
1081 4665 1179 4715 τοῦ
1214 4657 1543 4724 Σπιττάλου,
1574 4681 1602 4708 ‹‹
1628 4658 1735 4713 Abi
1759 4658 1832 4714 ad
1853 4659 2004 4729 Spit-

351 4778 377 4805 ‹‹
417 4755 620 4808 talum.
648 4756 730 4808 Tu
753 4770 890 4808 vero
913 4757 1136 4825 guttam
1160 4751 1324 4823 pacis
1346 4765 1526 4804 unam
1550 4748 1779 4803 instilla
1808 4748 1950 4801 mihi
1977 4768 2004 4797 ιι

350 4844 413 4898 in
442 4843 739 4898 calamum
773 4843 954 4898 istum
986 4857 1208 4897 areum
1240 4845 1341 4895 aut
1381 4842 1749 4911 argenteum,
1801 4836 2009 4907 quales

353 4932 575 4987 habent
606 4930 845 4986 medici.

428 5048 745 5120 Spyridon,
777 5046 1213 5115 Trimithuntis,
1247 5045 1307 5099 in
1357 5044 1544 5116 Cypro
1580 5043 1855 5113 civitatis,
1888 5044 2007 5115 epi-

355 5154 571 5209 scopus
604 5137 792 5192 multa
823 5137 973 5192 mira
998 5135 1140 5191 fecit
1169 5140 1227 5189 et
1273 5133 1525 5189 concilio
1560 5133 1793 5189 Nicano
1826 5132 2012 5189 inter-

352 5227 485 5281 fuit.
518 5227 755 5296 (Confer
783 5227 1105 5292 Socratem,
1137 5223 1239 5279 lib.
1276 5223 1461 5278 IHist.
1496 5239 1546 5278 c.
1582 5223 1687 5291 12).

424 5408 537 5479 (25)
571 5408 718 5490 MP”
760 5408 867 5496 (Ψ
908 5408 1106 5496 ἔίυδίθν
1152 5404 1226 5496 id
1254 5403 2009 5496 ,ἷινκίςῖίῗωμῙΗς-ῐῖ;ἷ³⁵,⁷;

356 5471 486 5533 Hac
520 5471 720 5551 tenim,
766 5471 1091 5551 Ἔγκλειομ.
1147 5483 1207 5532 et
1253 5471 1563 5551 Πάραλυῖρ.
1607 5471 1910 5551 pertinent
1938 5474 2012 5529 ad

354 5545 983 5619 Sotadem,comicum,
1036 5545 1102 5604 ut
1143 5545 1421 5620 expresse
1442 5545 1644 5620 idocet
1670 5545 2010 5620 Athenaus,

349 5621 459 5696 lib.
501 5639 608 5696 vn,
644 5616 716 5696 'p.
758 5624 887 5688 293,
937 5616 997 5676 et
1049 5620 1153 5696 lib.
1204 5616 1281 5691 fx,
1325 5636 1381 5692 p.
1432 5619 1559 5673 368.
1607 5616 1770 5672 Conf.
1810 5633 2009 5689 supra,

346 5692 464 5758 vol.
498 5693 569 5762 II,
600 5692 736 5767 pag.
769 5696 896 5763 495,
929 5709 1019 5764 sq.
1048 5693 1224 5748 Hann.

2084 584 2396 641 canebant.

2156 673 2417 747 Σταυρός.
2446 681 2509 731 In
2542 678 2989 749 septentrionali
3014 684 3177 750 parte
3198 678 3310 733 fori
3337 679 3624 735 collocata
3645 684 3735 735 est

2084 778 2246 830 crux,
2281 764 2471 820 instar
2502 766 2686 833 illius,
2721 784 2899 838 quam
2932 769 3351 824 Constantinus
3392 786 3638 841 magnus
3669 770 3731 824 in

2084 852 2230 907 calo
2252 854 2413 921 vidit,
2440 873 2582 911 auro
2606 856 2878 923 obducta,
2902 859 3245 930 habensque
3268 860 3329 913 in
3350 860 3617 931 apicibus
3637 878 3732 916 ro-

2086 942 2273 997 tunda
2304 944 2480 999 mala.
2535 946 2759 1000 Ibidem
2809 948 3069 1003 filiorum
3121 949 3250 1020 ejus
3281 953 3488 1003 statua
3514 956 3734 1004 aurata

2083 1031 2627 1101 conspiciebantur.
2663 1034 2778 1089 Sub
2810 1036 3138 1091 Theodosio
3171 1053 3406 1109 magno,
3434 1038 3577 1109 imp.
3602 1054 3738 1093 cum

2081 1119 2393 1190 gentilium
2419 1122 2642 1193 templa
2662 1130 3088 1190 everterentur,
3111 1126 3174 1180 in
3197 1127 3492 1198 Serapidis
3515 1127 3736 1199 templo

2082 1211 2336 1265 inventa
2360 1218 2499 1267 sunt
2525 1214 2983 1286 hieroglyphica
3016 1216 3250 1285 littera,
3272 1218 3464 1272 crucis
3486 1218 3733 1289 figuram

2081 1299 2389 1355 habentes.
2423 1303 2577 1367 Quas
2606 1319 2739 1357 cum
2788 1304 2899 1367 illi,
2952 1306 3053 1373 qui
3103 1321 3173 1359 ex
3218 1306 3541 1377 gentilibus
3571 1306 3735 1360 Chri~

2082 1389 2257 1443 stiani
2279 1390 2417 1445 facti
2440 1390 2698 1458 fuerant,
2717 1394 3185 1463 conspexissent,
3204 1393 3734 1464 dixerunt,Crucem

2082 1478 2238 1548 apud
2270 1478 2603 1535 litterarum
2634 1480 3214 1553 hieroglyphicarum
3254 1482 3475 1552 peritos
3507 1483 3737 1554 signifi-

2084 1583 2216 1623 care
2248 1569 2429 1623 vitam
2463 1570 2745 1625 futuram.

2155 1656 2546 1725 Stesichorus,
2576 1658 2874 1730 Euphorbi
2896 1659 2987 1714 vel
3009 1660 3322 1730 Euphemi,
3346 1660 3435 1715 vel
3457 1661 3738 1729 Euclidis,

2080 1749 2172 1799 vel
2204 1746 2438 1800 Hesiodi
2462 1748 2545 1812 F.,
2573 1764 2641 1801 ex
2670 1749 2923 1815 Himera,
2951 1748 3096 1803 urbe
3119 1749 3357 1813 Sicilia,
3392 1751 3736 1811 Himeraus,

2081 1835 2195 1889 Alii
2227 1836 2527 1899 Matauria,
2562 1836 2746 1891 Italia
2794 1838 3051 1901 civitate,
3084 1843 3278 1891 ortum
3326 1838 3587 1895 tradunt.
3622 1841 3739 1894 Alii

2090 1924 2403 1980 Pallantio.
2438 1925 2702 1980 Arcadia
2736 1926 2902 1993 urbe,
2953 1928 3286 1998 profugum,
3314 1928 3594 1982 Catanam
3629 1931 3739 1983 mi-

2088 2030 2288 2085 grasse
2312 2015 2510 2085 ibique
2532 2014 2753 2069 obiisse
2776 2020 2834 2069 et
2854 2015 3151 2086 sepultum
3174 2021 3311 2070 ante
3333 2022 3585 2087 portam,
3611 2036 3740 2088 qua

2090 2102 2161 2157 ab
2194 2119 2261 2158 eo
2295 2104 2667 2159 Stesichorea
2696 2104 2853 2159 dicta
2882 2104 3080 2158 fuerit.
3113 2105 3320 2159 Iunior
3350 2105 3745 2177 Alemane,ly-

2089 2195 2235 2262 rico,
2281 2199 2456 2249 natus
2515 2199 2605 2249 est
2661 2194 3009 2267 Olympiade
3067 2196 3339 2251 XXXVII.
3400 2196 3744 2268 Olympiade

2092 2284 2224 2339 LVI.
2258 2284 2519 2338 Fratrem
2553 2284 2759 2339 habuit
2806 2284 3243 2353 Mamertinum,
3278 2286 3616 2357 geometria
3649 2304 3747 2357 pe-

2092 2372 2290 2439 ritum,
2318 2378 2375 2426 et
2396 2373 2823 2440 Helianaetem,
2846 2373 3268 2445 legislatorem.
3294 2375 3425 2428 Fuit
3445 2380 3642 2429 autem
3666 2376 3746 2447 ly-

2091 2461 2269 2528 ricus,
2298 2463 2544 2532 ejusque
2567 2462 3067 2528 Poemata,Dorica
3088 2461 3341 2517 dialecto
3361 2464 3748 2534 scripta,sunt

2092 2552 2248 2608 libris
2291 2555 2483 2608 XXVI.
2539 2552 2760 2608 Dicitur
2810 2554 3028 2624 scripta
3075 2556 3482 2623 vituperatione
3528 2556 3746 2610 Helena:

2090 2642 2284 2696 visum
2307 2642 2819 2705 amisisse,deinde
2853 2642 2913 2695 in
2946 2643 3173 2696 somnis
3204 2643 3487 2711 monitus,
3508 2651 3749 2715 propter

2083 2731 2448 2801 palimodiam
2478 2732 2666 2785 visum
2717 2730 3034 2802 recepisse.
3088 2732 3230 2785 Cum
3282 2732 3541 2802 primum
3577 2735 3750 2787 Tisias

2090 2825 2418 2886 vocaretur,
2453 2821 2682 2891 accepit
2723 2836 2943 2875 nomen
2994 2820 3315 2885 Stesichori,
3348 2815 3439 2873 διὰ
3466 2821 3528 2873 τὸ
3559 2826 3748 2887 στῆναι

2091 2908 2285 2982 χορὸν,
2310 2909 2467 2979 quod
2489 2910 2718 2980 primus
2750 2911 2998 2964 chorum
3030 2909 3379 2977 instituerit,
3404 2926 3539 2964 cum
3571 2912 3747 2965 cantu

2091 2998 2332 3053 cithara
2365 2998 2775 3068 conjunctum.

2162 3087 2365 3158 Stilpo,
2393 3089 2769 3160 Megarensis,
2792 3088 3201 3161 philosophus,
3226 3088 3326 3159 qui
3348 3088 3460 3143 fuit
3482 3089 3589 3145 sub
3611 3092 3746 3144 Pto-

2094 3174 2305 3229 lemao
2333 3175 2524 3245 primo
2555 3175 2885 3247 discipulus
2917 3177 3177 3247 pasiclis,
3210 3176 3493 3243 Thebani,
3519 3178 3617 3248 qui
3642 3194 3747 3232 au-

2099 3261 2289 3317 dierat
2304 3262 2953 3333 fratrem,Cratetem,et
2974 3265 3754 3338 Dioclidem,Megareusem;

2097 3350 2148 3405 is
2200 3366 2335 3404 vero
2387 3350 2715 3417 Euclidem,
2768 3351 3125 3421 discipulum
3180 3354 3462 3409 Platonis.
3515 3355 3757 3410 Prafuit

2099 3439 2399 3511 Megarica
2432 3439 2673 3507 schola,
2708 3446 2766 3494 et
2795 3440 3057 3512 dialogos
3092 3441 3329 3512 scripsit
3360 3458 3480 3496 non
3513 3444 3754 3514 paucio-

2099 3544 2196 3583 res
2226 3527 2453 3599 viginti.

2176 3631 2340 3701 Στοὰ,
2365 3632 2629 3706 porticus,
2663 3633 2723 3688 in
2777 3650 2893 3706 qua
2924 3635 3125 3701 Stoici,
3162 3633 3423 3703 Στωϊκοὶ,
3453 3637 3553 3708 qui
3586 3643 3761 3694 antea

2102 3724 2365 3785 Zenonii,
2394 3722 2631 3776 Athenis
2655 3721 2965 3777 docebant.
2994 3724 3126 3777 Hac
3149 3724 3562 3795 appellabatur
3587 3730 3762 3781 antea

2104 3808 2556 3876 πεισιανάχτειος,
2585 3809 2799 3864 deinde
2831 3826 2865 3864 a
2894 3810 3203 3882 Polygnoti
3226 3812 3459 3883 pictura
3487 3813 3644 3869 dicta
3674 3821 3763 3870 est

2103 3895 2356 3967 ποικίλη.
2390 3898 2453 3952 In
2484 3896 2591 3951 illa
2640 3897 3019 3953 inambulans
3062 3899 3238 3965 Zeno,
3288 3900 3528 3968 Citieus,
3573 3902 3765 3957 disse-

2105 3988 2291 4043 rebat.
2317 3987 2432 4041 Sub
2456 3986 2592 4041 XXX
2616 3987 2885 4058 tyrannis
2911 3992 3110 4042 autem
3144 3988 3308 4043 mille
3343 3988 3761 4063 quadringenti

2108 4077 2262 4132 cives
2294 4076 2371 4130 ibi
2406 4075 2703 4132 interfecti
2737 4081 2894 4133 sunt.
3516 4084 3521 4087 “

2180 4164 2409 4231 Strabo,
2440 4166 2795 4237 Amasenus,
2828 4164 3219 4237 philosophus
3267 4170 3326 4220 et
3370 4166 3761 4239 geographus,

2110 4253 2309 4323 (Infra,
2342 4253 2580 4325 Strato.)

2184 4342 2396 4408 Strato,
2428 4341 2692 4396 comicus
2722 4341 2932 4396 media
2973 4341 3295 4398 comoedia.
3323 4344 3405 4398 Ex
3436 4342 3564 4415 ejus
3587 4342 3766 4413 jabu-

2112 4428 2186 4484 lis
2227 4435 2353 4483 erat
2383 4427 2576 4503 φοῖνιξ.

2185 4518 2398 4583 Strato,
2431 4518 2889 4589 Lampsacenus,
2935 4518 3347 4591 philosophus,
3380 4520 3765 4591 Theophrasti

2096 4603 2428 4674 discipulus
2462 4611 2520 4660 et
2548 4623 2881 4674 successor,
2910 4606 3069 4662 filius
3092 4608 3377 4662 Arcesitai
3404 4609 3495 4663 vel
3522 4610 3766 4674 Arcesii,

2114 4693 2466 4763 cognomine
2497 4694 2806 4764 Physicus.
2842 4695 3000 4765 quod
3050 4713 3169 4767 pra
3222 4697 3451 4751 cateris
3492 4697 3769 4752 omnibus

2117 4780 2373 4851 physica
2426 4782 2913 4853 contemplationi
2965 4782 3201 4838 deditus
3254 4790 3443 4851 esset;
3490 4786 3771 4857 magister

2116 4868 2420 4922 Ptolemai
2450 4868 2845 4941 Philadelphi,
2871 4870 3092 4926 multos
3114 4871 3297 4927 libros
3330 4873 3588 4944 scripsit.

2193 4956 2404 5019 Strato,
2438 4957 2787 5025 Amasenus,
2848 4958 3259 5031 philosophus,
3319 4962 3419 5031 qui
3481 4962 3624 5016 vixit
3661 4961 3769 5016 sub

2117 5042 2370 5108 Tiberio,
2411 5044 2659 5099 Casare.
2713 5046 2960 5117 Scripsit
3005 5048 3377 5121 geographia
3425 5049 3611 5105 libros
3654 5051 3770 5105 Vll.

2119 5130 2262 5202 (lmo
2290 5130 2517 5198 Strabo,
2550 5132 2733 5187 libros
2764 5136 2919 5204 xvn.)

2191 5219 2443 5287 Strattis,
2469 5220 2870 5287 Atheniensis,
2897 5222 3171 5294 tragicus.
3200 5225 3340 5295 Ejus
3361 5224 3578 5281 fabula
3603 5230 3770 5281 sunt:

2192 5397 2301 5521 $26)
2334 5395 2568 5477 Rectius
2598 5397 2846 5484 Oasites,
2881 5404 3045 5453 ortus
3098 5417 3168 5482 ex
3216 5402 3360 5457 urbe
3404 5401 3606 5469 'Oaczc,
3641 5419 3773 5521 Ἣιω

2192 5484 2292 5521 ,εζο
2349 5466 2677 5521 dicebatur.
2761 5474 2938 5521 Υασις.
3000 5471 3215 5521 Lvdia-
3282 5475 3341 5521 V.
3403 5473 3602 5521 Stenh.
3710 5492 3773 5521 v-

2214 5419 2301 5466 Ζο)
2335 5419 2568 5450 Πυῦιιυδ
2598 5419 2846 5461 υᾶδιιθδ,
2881 5419 3045 5453 ortus
3098 5419 3168 5455 ex
3216 5419 3360 5457 ΠΓΠΘ
3426 5419 3606 5469 υασις,
3684 5419 3773 5457 ιιεθ

2122 5419 2292 5539 vulgo
2349 5466 2938 5545 dicebatur,g"_1“aau;,
3000 5471 3224 5545 Lydia.
3254 5475 3341 5545 _V.
3403 5473 3602 5545 Steph.
3641 5419 3774 5545 qu-

2121 5545 2279 5669 aerati
2314 5555 2368 5593 v.
2398 5538 2607 5604 Ὕασις,
2648 5542 2708 5593 et
2746 5540 2962 5596 Kuster
3004 5538 3078 5597 ad
3129 5543 3293 5601 Suid.
3344 5544 3443 5614 III,
3482 5538 3615 5619 pag.
3650 5538 3774 5601 35'7.
