4086 6212
376 363 530 426 1351

1678 362 1922 424 INDEX
1964 359 2480 428 BCRIP’I‘ORUM

3627 363 3797 424 1383

375 492 886 570 Ἀνθρωπορέστῃ,
938 489 1260 564 ’Δταλάντη,
1315 492 1532 568 Ἀγαθοὶ
1573 495 1693 551 sive
1724 495 2018 571 Ἀργυρίου

2136 498 3794 574 est,oriundus,philosophus,episcopusPtolemaidis,ex

376 584 702 657 ἆφανισμὸς,
757 585 1061 660 ’ἰφιγὲρων,
1118 581 1487 654 Καλλιπίδης,
1544 583 1822 654 Κινησίας,
1881 592 2026 658 Λιμ-

378 670 648 748 νομέδων,
709 671 1038 741 Μακεδόνες,
1099 669 1332 744 Μήδεια,
1389 670 1667 749 Τρωίλος,
1720 673 2021 744 Φοίνισσαι,

377 763 752 834 Φιλοκτήτης,
811 761 1149 836 Χρύσιππος,
1207 767 1530 830 Παυσανιας,
1591 763 1901 838 Ψυχασταὶ,
1961 769 2027 820 ut

377 859 544 912 testis
579 856 897 910 Athenaeus
923 854 988 909 in
1020 854 1518 926 Dipnosophistis.

446 945 708 1010 Studius,
737 945 1006 1016 dynasta,
1034 945 1134 1015 qui
1158 943 1614 999 celeberrimum
1639 942 1790 999 illud
1819 959 2023 999 mona-

373 1038 619 1094 sterium
645 1035 858 1106 (CPoli)
893 1033 1179 1089 condidit.
1211 1033 1343 1088 Fuit
1362 1033 1507 1088 olim
1533 1033 1795 1089 Ecclesia
1823 1034 2027 1089 Catho-

370 1127 645 1194 licorum,
668 1131 872 1198 postea
894 1129 1186 1178 mutatum
1209 1124 1377 1177 estin
1403 1123 2022 1180 monasterium.ldem

370 1217 610 1273 Studius
630 1216 910 1287 princeps
929 1213 1115 1269 aedem
1135 1212 1497 1284 archangeli,
1522 1212 2024 1280 Michaelis,Naco-

364 1309 484 1375 lia),
519 1306 803 1376 condidit,
829 1306 890 1360 in
921 1321 1100 1376 quem
1131 1309 1190 1360 et
1219 1320 1420 1359 versus
1452 1304 1676 1359 heroici
1707 1307 2020 1360 teruntur:

371 1475 630 1532 Στούδιον
665 1475 867 1551 ἆγλᾳ-ὸν
901 1475 1046 1530 οἶκον
1084 1471 1367 1551 ι’δᾳίμοιιεες)Ἀ
1397 1472 1760 1551 καρπαλίμευς

365 1553 460 1606 Ὧν
516 1539 723 1622 κάμεν,’
759 1549 950 1624 εὕρατο
1011 1539 1222 1620 μισθὸν,
1276 1539 1417 1602 ἑλὼν
1468 1539 1747 1617 ’ὑπαττίϊδα
1797 1539 2019 1622 ῥάϐδον.

435 1726 748 1781 Suetonius
781 1721 1173 1795 (Σευητόνιος),
1201 1723 1396 1780 dictus
1421 1722 2022 1795 Tranquillus,gram-

363 1815 617 1870 maticus
649 1816 969 1869 Romanus.

437 1904 816 1975 Superianus,
860 1903 1145 1974 sOphista,
1177 1917 1392 1973 genere
1422 1903 1680 1968 Isaurus,
1717 1900 2016 1956 Lachiaris

365 1989 713 2064 discipulus,
747 1987 1047 2063 ὀψιμαθὴς,
1107 1991 1209 2062 qui
1266 2007 1456 2046 annos
1486 1990 1743 2061 amplius
1777 1989 2019 2061 triginta

364 2088 538 2136 natus
571 2081 810 2136 demum
845 2081 1020 2152 coepit
1048 2086 1350 2134 oratorum
1403 2079 1588 2134 libros
1621 2079 1816 2152 legere
1854 2083 1913 2132 et
1943 2075 2018 2133 ad

365 2171 712 2242 disciplinas
731 2169 1010 2224 liberales
1023 2169 1291 2224 animum
1307 2169 1798 2240 adjicere,tamen
1815 2167 2020 2226 labore

359 2258 633 2330 improbo
658 2264 716 2312 et
736 2258 936 2330 flagris
964 2258 1164 2322 etiam,
1197 2257 1413 2328 quibus
1445 2273 1506 2312 se
1539 2257 1665 2328 ipse
1698 2257 1757 2311 in
1789 2257 2019 2314 balneis

355 2346 636 2411 concidit,
662 2363 731 2402 ea
751 2346 1154 2416 edidicit,quaa
1177 2361 1211 2400 a
1235 2345 1432 2416 pueris
1461 2345 1722 2416 magistri
1751 2346 2012 2416 exigunt.

361 2437 564 2507 Itaque
596 2436 658 2490 in
689 2434 909 2490 celebri
939 2435 1305 2490 Athenarum
1339 2433 1484 2488 urbe
1516 2434 1700 2490 evasit
1731 2435 2021 2504 sophista,

369 2526 625 2580 Lacbare
654 2524 843 2596 gloria
873 2540 992 2578 non
1027 2523 1213 2577 multo
1237 2521 1653 2578 inferior.Nam
1686 2523 1896 2586 scio,et
1916 2524 2022 2578 La-

367 2615 609 2667 cbarem
641 2613 968 2682 sophistam
999 2611 1219 2666 factum
1263 2611 1571 2683 diligentia
1605 2613 1812 2686 magis,
1845 2629 2023 2684 quam

373 2700 633 2772 ingenio.
669 2701 808 2769 Ejus
840 2701 1001 2754 enim
1051 2699 1349 2754 orationes
1381 2699 1516 2770 legi,
1550 2717 1580 2756 e
1613 2701 1829 2771 quibus
1859 2700 2026 2760 valde

372 2792 682 2843 accuratus
708 2787 876 2856 mihi,
906 2787 1007 2841 sed
1032 2788 1267 2859 ingenio
1293 2788 1551 2844 tardiore
1582 2790 1742 2844 visus
1764 2797 1870 2844 est.
1895 2791 2030 2846 Effl-

370 2877 493 2948 gies
515 2892 752 2947 quoque
776 2876 904 2946 ejus
925 2874 1220 2930 referebat
1239 2875 1449 2942 virum,
1473 2875 1548 2932 ad
1571 2877 1766 2933 studia
1787 2879 2028 2950 quidem

372 2965 718 3032 tardiorem,
751 2964 854 3019 sed
885 2964 1053 3019 vultu
1084 2963 1331 3036 pulchro
1365 2971 1424 3020 et
1456 2964 1582 3030 tali,
1619 2966 1719 3036 qui
1751 2966 2030 3024 virtutem

371 3055 773 3127 polliceretur,
801 3059 859 3109 et
887 3053 1099 3126 dignus
1121 3058 1269 3119 erat,
1293 3054 1394 3125 qui
1414 3053 1806 3126 philosophus
1832 3056 2030 3127 potius

373 3161 550 3214 quam
583 3142 851 3214 sophista
896 3148 1222 3198 vocaretur.
1279 3145 1422 3198 Nam
1469 3143 1694 3216 alioqui
1740 3145 2034 3201 Lachares

2129 589 2336 644 ordine
2361 589 2989 664 sacerdotali.Scripsit
3012 591 3198 646 libros
3224 591 3490 646 diversos
3511 595 3571 646 et
3589 607 3793 663 gram-

2129 679 2379 735 maticos
2401 686 2459 735 et
2480 680 2946 754 philosophicas,
2970 681 3234 752 itemque
3266 681 3574 736 Orationes
3595 679 3671 735 de
3691 695 3794 734 re—

2128 785 2267 840 gno,
2291 775 2348 824 et
2371 769 2679 826 Orationes
2703 771 3089 844 panegyricas
3120 771 3240 826 sive
3269 770 3504 843 generis
3533 769 3787 824 demon-

2127 858 2375 912 strativi.
2415 860 2556 914 item
2579 860 2926 914 Encomium
2950 859 3293 926 calvitiei,et
3315 859 3658 914 Orationem
3681 858 3788 914 ad-

2129 947 2463 1002 mirabilem
2493 947 2566 1003 de
2592 948 2985 1016 Providentia,
3025 964 3242 1022 genere
3283 947 3520 1002 dicendi
3549 948 3789 1003 Graeca-

2127 1038 2294 1105 nico;
2338 1038 2606 1110 aliosque
2652 1040 2942 1110 plurimos
2987 1045 3045 1095 et
3099 1039 3360 1094 diversos
3418 1037 3676 1104 libellos,
3730 1043 3792 1094 et

2128 1134 2415 1200 praeterea
2461 1129 2774 1200 Epistolas,
2825 1146 2959 1200 qum
3008 1128 3165 1201 apud
3213 1144 3422 1184 omnes
3469 1128 3531 1184 in
3571 1143 3787 1201 magno

2127 1217 2316 1288 pretio
2342 1217 2658 1272 habentur.

2200 1307 2605 1380 Συντακτήριος
2677 1307 2958 1380 Origenes
3035 1306 3370 1378 appellatus
3426 1306 3558 1373 fuit,
3628 1307 3790 1378 quod

2127 1397 2348 1452 multos
2377 1395 2564 1452 libros
2603 1397 3056 1470 conscripsisset
3083 1398 3220 1468 (27).

2200 1485 2368 1557 Σύρα,
2401 1487 2542 1558 Syra
2586 1487 2698 1558 (28)
2745 1485 2903 1557 apud
2935 1487 3233 1542 Romanos
3277 1485 3476 1540 divina
3507 1483 3786 1557 epistola.

2198 1576 2502 1648 Syrianus,
2537 1575 2993 1646 Alexandrinus,
3026 1575 3440 1646 philosophus,
3477 1575 3577 1646 qui
3613 1575 3788 1630 Athe-

2126 1667 2322 1723 niensi
2345 1666 2563 1721 schola)
2587 1672 2645 1720 et
2663 1665 2939 1721 Diatribaa
2963 1665 3200 1737 prmfuit
3223 1685 3238 1733 ς
3263 1665 3544 1736 magister
3564 1664 3791 1734 Procli,

2125 1757 2228 1830 qui
2259 1757 2370 1812 fuit
2393 1757 2581 1829 ipsius
2612 1773 2939 1812 successor.
2975 1756 3227 1828 Scripsit
3269 1756 3328 1810 in
3361 1762 3552 1811 totum
3583 1757 3791 1811 Home-

2048 1865 2093 1930 Β
2123 1864 2247 1903 rum
2295 1848 2760 1902 Commentarium
2807 1844 2944 1899 libri
2992 1845 3126 1912 VII;
3177 1847 3242 1899 In
3286 1847 3475 1914 Remp.
3533 1845 3789 1900 Platonis

2123 1936 2307 1992 libros
2337 1937 2446 2001 1v;
2472 1937 2537 1990 In
2560 1935 2765 2004 Orphei
2797 1934 3144 2002 Theologiam
3175 1933 3360 1988 libros
3389 1934 3475 1998 II;
3531 1935 3596 1987 ιη
3641 1935 3792 1988 Pro-

2125 2026 2290 2090 clum,
2325 2021 2419 2082 Εἷς
2445 2021 2512 2076 τὰ
2557 2019 2815 2092 Πρόκλου
2867 2020 2988 2094 περὶ
3031 2025 3142 2075 τῶν
3186 2021 3313 2094 παρ’
3351 2021 3585 2093 Ὁμήρῳ
3627 2023 3790 2089 θιῶν,

2126 2113 2199 2170 de
2250 2113 2364 2168 diis
2407 2112 2774 2179 Homericis;
2825 2112 3150 2170 Consensum
3197 2111 3420 2180 Orphei,
3451 2111 3790 2181 Pythagora

2126 2210 2178 2258 et
2208 2202 2492 2265 Platonis;
2523 2204 2600 2257 De
2629 2201 2886 2269 oraculis,
2910 2200 3117 2268 libros,
3141 2201 3204 2270 X,
3235 2206 3290 2256 et
3312 2199 3460 2255 alias
3493 2199 3790 2271 quasdam

2128 2291 2554 2347 enarrationes.
2587 2290 2872 2358 Isidorus,
2901 2289 3315 2362 phi1050phus,
3345 2295 3412 2344 ut
3443 2290 3796 2346 Damascius

2129 2381 2440 2444 ait.omnia
2461 2385 2726 2434 veterum
2743 2380 2964 2450 scripta
2981 2378 3426 2434 accuratissime
3448 2379 3798 2434 examinare

2131 2487 2251 2525 non
2277 2468 2625 2534 desinebat;
2660 2467 2763 2524 sed
2813 2473 2947 2540 post
2999 2467 3328 2536 Platonem,
3368 2466 3704 2522 Jamblicho
3739 2472 3800 2522 et

2128 2558 2442 2615 lamblichi
2489 2557 2698 2613 amicis
2751 2573 2820 2612 ac
2871 2556 3188 2612 comitibus
3246 2572 3485 2627 operam
3533 2556 3797 2611 maxime

2132 2647 2332 2712 dabat,
2364 2662 2619 2718 quorum
2675 2645 2968 2718 optimum
3026 2661 3157 2700 esse
3215 2644 3555 2700 affirmabat
3607 2645 3798 2699 civem

2135 2753 2307 2792 suum
2331 2735 2664 2808 Syrianum,
2688 2733 2879 2790 Procli
2902 2734 3273 2806 magistrum.
3299 2733 3614 2789 Neminem
3635 2749 3794 2802 vero,

2136 2825 2295 2897 quod
2325 2823 2566 2896 quidem
2597 2823 2670 2880 ad
2702 2839 2850 2878 verm
2891 2822 3154 2878 scientiae
3205 2821 3629 2878 collectionem
3659 2823 3794 2878 atti-

2136 2920 2294 2980 neat,
2327 2911 2834 2968 contemnendum
2865 2927 2995 2967 esse
3019 2911 3322 2968 censebat.

2979 3023 3022 3076 T

2207 3134 2400 3196 Τάϐλα
2449 3139 2654 3196 tabula.
2708 3139 2933 3196 Nomen
2981 3137 3170 3204 lusus,
3217 3154 3399 3206 quem
3444 3137 3798 3194 Palamedes

369 3235 456 3287 vir
502 3233 614 3288 fuit
662 3234 778 3288 Deo
829 3233 1063 3301 charus,
1119 3233 1222 3303 qui
1274 3233 1466 3288 visum
1515 3234 1803 3290 amissum
1843 3236 2022 3292 etiam
2053 3227 2095 3293 C
2135 3228 3798 3302 magnacumsapientiainvenit,utexercitus-Graecorum

372 3323 534 3379 illius
565 3322 854 3378 beneficio
887 3322 1130 3394 recepit.
1162 3323 1268 3391 (Ex
1299 3323 1652 3391 Damascio.)

443 3411 770 3483 Sybaritica
815 3411 1333 3482 apophthegmata,
1383 3411 1538 3484 apud
1583 3411 2024 3484 Epicharmum.

371 3500 712 3570 Sybariticis
735 3499 976 3564 fabulaa,
1001 3498 1059 3552 id
1084 3499 1490 3570 estEsopicae.
1519 3499 1584 3553 Et
1608 3501 2025 3571 proverbium:

370 3589 640 3658 Sybarita
668 3604 774 3659 per
801 3588 1149 3658 plateam,in
1181 3604 1281 3643 eos
1312 3589 1414 3659 qui
1445 3589 1700 3660 superbo
1730 3590 1915 3662 gradu
1945 3590 2030 3644 in-

371 3677 626 3742 cedunt;
655 3676 935 3748 Sybarita)
959 3676 1268 3743 luxuriosi,
1291 3677 1584 3748 praecipue
1619 3678 1719 3733 ille
1754 3679 2027 3750 Mindyri-

370 3763 495 3832 des,
530 3771 642 3821 etc.

431 3849 934 3925 Συγχρωτίζεσθαι,
993 3853 1068 3908 ad
1114 3852 1359 3922 aliquem
1409 3853 1686 3918 accedere,
1746 3855 1857 3910 hoc
1912 3860 2021 3924 est,

349 3941 720 4009 familiariter
779 3957 902 3996 cum
967 3943 1157 4012 aliquo
1214 3943 1442 3996 versari.
1503 3943 1747 4012 Zenoni,
1809 3945 2020 4011 Citieo,

348 4031 662 4085 oraculum
679 4031 1164 4102 consulenti,quo
1178 4035 1348 4102 pacto
1363 4029 1598 4086 beatam
1615 4033 1792 4088 vitam
1807 4032 2020 4106 degere

349 4126 596 4191 posset:
658 4120 804 4176 deus
883 4119 1227 4192 respondit:
1287 4119 1348 4175 Εἰ
1408 4119 1844 4194 συγχρωτίζοιτο
1901 4125 2020 4182 τοῖς

351 4213 587 4282 νεκροῖς,
637 4211 700 4266 Si
741 4209 1104 4277 familiariter
1159 4226 1280 4265 cum
1335 4213 1564 4265 mortuis
1594 4217 1928 4280 versaretur,
1956 4211 2018 4267 id

354 4305 445 4353 est
475 4317 610 4354 cum
642 4300 878 4372 scriptis
911 4304 970 4354 et
998 4299 1168 4354 libris
1200 4300 1605 4370 antiquorum.

427 4389 701 4460 Symeon,
735 4387 1027 4443 mirabilis
1059 4387 1160 4442 ille
1186 4388 1272 4441 vir
1300 4387 1424 4459 (qui
1458 4388 1626 4459 vulgo
1652 4387 1874 4442 dicitur
1897 4390 2017 4462 Sty-

350 4478 514 4548 litcs).
543 4479 620 4532 De
651 4478 764 4532 hoc
783 4493 919 4532 cum
940 4477 1170 4549 Egypti
1192 4476 1468 4532 monachi
1492 4475 1854 4532 audivissent
1879 4494 2014 4534 eum

348 4567 410 4620 in
446 4567 724 4621 columna
755 4572 936 4630 stare,
967 4582 1094 4620 rem
1128 4565 1431 4621 insolitam
1473 4563 1831 4621 damnantes
1863 4567 2012 4638 (ipse

349 4657 509 4712 enim
541 4657 768 4727 primus
789 4655 901 4710 hoc
931 4654 1196 4722 fecerat),
1221 4671 1356 4709 eum
1389 4670 1458 4708 ex
1489 4659 1643 4710 cmtu
1667 4671 1772 4709 suo
1803 4656 2004 4711 exclu-

351 4751 574 4800 serunt.
599 4747 812 4799 Postea
837 4760 994 4812 vero,
1019 4743 1256 4815 cognita
1279 4743 1386 4797 viri
1409 4742 1573 4797 illius
1597 4741 1711 4798 vita
1738 4748 1796 4797 et
1819 4744 2005 4800 animi

353 4833 663 4900 modestia,
696 4849 900 4887 rursus
931 4849 1067 4887 eum
1089 4832 1150 4886 in
1173 4837 1386 4887 cretum
1422 4847 1595 4886 suum
1626 4840 2000 4904 receperunt.

350 4921 436 4975 Ad
470 4922 628 4976 hunc
658 4921 1002 4986 Marcianus,
1040 4920 1185 4992 imp.
1241 4921 1502 4976 hominis
1555 4920 1764 4991 privati
1795 4920 2002 4976 habitu

349 5009 506 5065 clam
541 5011 716 5066 venit.

419 5097 524 5152 Σὺθ
559 5095 616 5152 δὲ
645 5096 771 5152 Θεοὶ
807 5096 1066 5170 μάκαρες.
1100 5099 1220 5154 Ηοο
1271 5097 1572 5170 Rhapsodi
1605 5099 1878 5154 accinere
1905 5114 2003 5154 so-

345 5189 588 5245 lebant:
621 5194 687 5244 ut
716 5188 1048 5258 citharmdi,
1080 5183 1239 5243 Ἀλλ’
1270 5183 1418 5256 ἄναξ,
1462 5190 1644 5261 χαῖρε.
1681 5189 1813 5244 Ηωο
1839 5189 2000 5244 enim

350 5279 804 5349 epiphonemata
832 5277 988 5349 apud
1017 5283 1240 5332 veteres
1271 5281 1475 5347 poetas
1507 5275 1696 5331 obvia.

423 5368 724 5440 Synesius,
755 5366 1062 5437 Pentapoli
1087 5363 1422 5431 Thebaidis,
1447 5379 1578 5438 quas
1601 5364 1664 5419 in
1688 5364 1870 5438 Libya
1889 5366 2003 5423 sita

420 5549 530 5616 (21)
563 5547 708 5604 Falli
737 5545 996 5612 Suidam,
1022 5560 1158 5599 cum
1184 5542 1464 5616 Origenes
1485 5547 1724 5598 auctore
1744 5543 1999 5616 Epipha-

347 5613 469 5684 nio,
504 5619 838 5686 Συντάκτης,
872 5633 990 5672 non
1041 5613 1442 5686 Συντακτήριος
1493 5619 1730 5686 vocatus
1765 5613 1996 5683 fuisset,

349 5693 552 5744 monet
581 5684 794 5744 Kuster
822 5687 895 5744 ad
928 5687 984 5743 h.
1020 5688 1064 5744 Ι.
1097 5691 1236 5742 tom.
1268 5684 1368 5756 IlI,
1398 5703 1457 5759 p.
1489 5687 1614 5739 408.
1643 5684 1816 5740 Hau.

2129 3319 2398 3384 haberet,
2421 3335 2538 3389 quo
2563 3322 2795 3389 tempus
2817 3316 3066 3372 falleret.
3099 3318 3163 3370 In
3185 3317 3296 3371 hoc
3321 3317 3456 3371 lusu
3477 3315 3678 3370 tabula
3701 3323 3798 3372 est

2130 3408 2391 3464 mundus
2424 3407 2738 3462 terrestris.
2792 3405 3110 3461 Duodecim
3171 3403 3327 3458 κάσοι
3379 3405 3499 3460 sive
3548 3406 3796 3476 scripta,

2131 3497 2388 3554 circulus
2415 3495 2706 3552 zodiacus.
2733 3495 2994 3550 Fritillus
3022 3501 3080 3550 et
3099 3495 3162 3550 in
3185 3511 3251 3549 eo
3272 3501 3496 3567 septem
3523 3501 3790 3558 tessera),

2132 3595 2356 3661 septem
2384 3586 2571 3643 stella:
2601 3585 2978 3658 planetarum
3003 3602 3016 3652 ;
3050 3584 3339 3640 turricula
3369 3584 3790 3652 vero,altitudo

2131 3679 2283 3744 cceli,
2318 3694 2388 3732 ex
2418 3693 2534 3748 quo
2565 3675 2752 3731 multa
2781 3674 2937 3730 bona
2981 3681 3038 3730 et
3080 3675 3238 3730 mala
3259 3674 3541 3730 omnibus
3574 3691 3792 3746 repen-

2130 3768 2372 3823 duntur.

2197 3857 2272 3910 Τά
2302 3856 2348 3909 δ’
2380 3854 2438 3908 ὲκ
2464 3849 2742 3928 τρίποδος,
2798 3871 2866 3909 ea:
2915 3851 3131 3925 tripode
3177 3853 3345 3920 dicta,
3380 3851 3452 3908 de
3481 3852 3665 3908 rebus
3690 3870 3789 3908 ve-

2127 3947 2422 4003 rissimus.
2445 3945 2590 3999 Cum
2611 3943 2958 4008 Aristoclea,
2979 3960 3110 4014 qua:
3132 3947 3260 3998 erat
3278 3943 3508 4014 Pythia,
3533 3957 3664 3997 rem
3690 3942 3788 3998 ha-

2126 4037 2327 4092 buisse
2370 4034 2552 4089 frater
2598 4033 2833 4102 dicitur,
2886 4037 2944 4088 et
2994 4031 3236 4088 oracula
3267 4048 3396 4104 quze
3433 4031 3644 4103 Apollo
3677 4049 3785 4103 per

2127 4142 2257 4181 eam
2307 4122 2612 4186 edidisset,
2663 4126 2728 4177 ut
2774 4138 2908 4178 vera
2958 4120 3293 4176 adnotasse.
3327 4122 3407 4175 De
3441 4120 3776 4192 Apollonio,

2123 4211 2806 4287 Tyraneo,Philostratus
2826 4228 2840 4265 :
2864 4213 2988 4266 Non
3012 4217 3138 4265 erat
3157 4211 3430 4282 copiosus
3446 4211 3506 4264 in
3524 4209 3780 4265 dicendo

2122 4319 2318 4374 neque
2349 4301 2570 4356 ironice
2601 4300 2945 4371 loquentem
2978 4299 3295 4370 quisquam
3317 4299 3557 4365 audivit,
3583 4314 3780 4369 neque

2122 4409 2322 4448 coram
2353 4389 2725 4447 auditoribus
2774 4405 2837 4444 se
2874 4389 3225 4460 jactantem,
3259 4388 3362 4444 sed
3395 4393 3680 4459 tanquam
3710 4405 3782 4443 ea:

2122 4481 2360 4552 tripode,
2385 4482 2516 4535 novi
2545 4478 2762 4543 aiebat,
2789 4485 2848 4534 et
2876 4478 3107 4533 videtur
3137 4477 3308 4533 mihi.

2191 4568 2270 4626 Τὰ
2297 4567 2358 4623 ἑκ
2385 4563 2688 4626 Τπίποδος.
2707 4567 2917 4640 Apollo
2940 4567 3267 4623 vaticinans
3290 4567 3478 4621 utitur
3513 4567 3778 4636 Tripode,

2116 4665 2358 4732 propter
2385 4659 2500 4713 tria
2531 4673 2731 4712 rerum
2783 4663 3070 4728 tempora.
3121 4657 3431 4722 Homerus,
3462 4653 3537 4713 Ος
3565 4656 3615 4728 γ’
3645 4651 3777 4728 ᾔδει

2112 4746 2176 4802 τά
2204 4745 2408 4802 τίόντα
2435 4743 2501 4800 τά
2526 4745 2575 4799 τ’
2627 4743 2914 4816 ἐσσόμενα,
2948 4743 3053 4815 πρό
3098 4743 3147 4798 τ’
3191 4741 3369 4798 ἐόντα.
3402 4743 3510 4809 Qui
3539 4745 3698 4799 novit
3723 4751 3780 4799 et

2104 4839 2408 4910 prasentia
2417 4843 2470 4891 et
2479 4839 2680 4905 futura
2692 4841 2746 4889 et
2752 4837 3046 4904 praeterita
3056 4878 3066 4888 .
3077 4832 3336 4905 Apollini
3351 4834 3422 4887 tri
3429 4849 3539 4904 pus
3553 4849 3778 4888 aureus

2111 4927 2352 4994 cessit,a
2363 4924 2757 4997 piscatoribus
2768 4924 3004 4979 oblatus
3021 4924 3280 4995 primum
3297 4939 3374 4976 vn
3394 4922 3774 4978 sabientibus

2110 5007 2235 5075 sed,
2269 5024 2404 5062 cum
2425 5006 2485 5061 hi
2520 5004 2689 5062 illum
2719 5003 3122 5076 repudiarent,
3149 5003 3322 5058 datus
3343 5003 3456 5059 fuit
3483 5003 3771 5074 Apollini,

2108 5096 2268 5153 velut
2297 5095 2757 5168 sapientissimo,
2809 5095 2903 5149 cui
2952 5093 3091 5148 dare
3141 5092 3449 5149 oraculum
3473 5092 3764 5164 jusserat.

2180 5185 2265 5242 Τὰ
2301 5183 2468 5239 ἐκτῶν
2510 5181 2727 5256 ἁμαξῶν
2757 5183 3084 5254 σκώμματα,
3133 5185 3221 5238 Ea:
3266 5182 3534 5254 plaustris
3591 5183 3772 5238 dicto-

2107 5279 2217 5332 ria.
2242 5273 2486 5330 Athenis
2507 5273 2569 5327 in
2591 5272 2740 5328 festo
2763 5274 3011 5336 Choum,
3030 5271 3129 5343 qui
3153 5277 3548 5328 comessatum
3574 5271 3768 5335 ibant,

2109 5364 2392 5439 plaustris
2419 5362 2512 5420 vel
2540 5361 2746 5424 obvios
2774 5361 3039 5418 dicteriis
3088 5365 3148 5417 et
3195 5360 3468 5424 convitiis
3506 5361 3771 5416 insecta-

2179 5543 2285 5612 (28)
2318 5538 2563 5595 Videtur
2611 5539 2829 5595 Suidas
2885 5537 3040 5594 male
3101 5536 3410 5609 scripsisse
3453 5535 3604 5608 Σύρα
3657 5555 3770 5609 pro

2111 5614 2320 5687 Σάκρα,
2352 5613 2550 5669 Sacra.
