4086 6212
316 404 475 469 1353

1621 406 1727 469 DE
1768 402 2055 480 QUIBUS
2097 403 2378 468 SUIDAS

3568 412 3730 477 135‘

311 541 555 597 bantur.
588 537 754 596 Idem
785 539 847 595 in
878 536 1104 596 Lenaeis
1119 544 1326 612 postea
1346 538 1663 597 faciebant.
1687 541 1964 596 Mulieres
1991 541 2048 609 Α
2077 541 2265 596 monii
2284 544 2777 610 retrocesserunt,
2811 543 2982 612 turpe
3012 539 3298 598 ducentes
3328 558 3464 599 cum
3511 545 3733 601 mulie-

309 630 798 698 Atheniensium,
857 628 1120 701 plaustro
1174 634 1373 698 vectaa,
1433 645 1571 685 cum
1628 629 1970 685 Eleusinem

314 719 491 775 ibant
519 718 595 774 ad
623 734 838 790 magna
865 719 1171 790 mysteria,
1203 719 1267 773 in
1298 718 1392 774 via
1421 735 1483 775 se
1514 718 1740 774 mutuis
1768 718 1970 773 convi-

321 809 431 865 ciis
472 808 938 864 insectabantur.
999 807 1386 863 Alexandrini
1436 807 1580 863 olim
1635 808 1971 863 animarum

322 898 742 954 lustrationem
764 896 1275 953 faciebant.Certis
1292 897 1453 953 enim
1475 896 1686 953 diebus
1698 896 1971 952 homines

317 986 591 1043 curribus
621 986 794 1054 vecti,
828 985 1045 1057 quibus
1074 986 1186 1041 hoc
1214 987 1412 1058 ipsum
1467 1001 1687 1041 munus
1730 984 1973 1040 manda-

318 1080 447 1130 tum
479 1080 625 1143 erat,
659 1092 767 1147 per
796 1079 979 1129 totam
1000 1074 1209 1130 urbem
1231 1073 1417 1144 ibant,
1470 1080 1530 1130 et
1577 1077 1825 1138 stantes,
1868 1072 1970 1128 ubi

317 1164 563 1232 vellent,
589 1170 649 1219 et
672 1164 746 1219 ad
764 1163 1005 1219 domum
1029 1163 1445 1229 subsistentes,
1470 1162 1813 1233 ubicunque
1844 1161 1973 1233 pla-

317 1253 561 1322 cuisset,
583 1254 656 1310 de
678 1253 944 1326 plaustro
959 1252 1377 1324 loquebantur,
1402 1269 1523 1308 non
1535 1251 1686 1309 falsa
1705 1252 1972 1308 convicia

308 1342 628 1415 jactantes,
664 1343 766 1398 sed
795 1358 937 1399 vera
961 1343 1215 1398 crimina
1244 1342 1689 1415 exprobrantes,
1723 1347 1833 1398 etc.

387 1430 471 1486 Td
498 1426 589 1484 ἐπὶ
616 1428 895 1497 κοσκίνου,
922 1430 997 1486 ad
1042 1431 1285 1485 cribrum
1334 1430 1507 1498 dicta,
1562 1429 1635 1485 de
1684 1428 1827 1498 illis,
1869 1429 1972 1501 qui

315 1536 425 1594 per
451 1520 714 1577 cribrum
746 1527 804 1578 et
834 1520 1128 1592 tripodem
1158 1525 1261 1575 aut
1285 1536 1497 1576 aurum
1552 1520 1967 1576 vaticinantur.

390 1610 465 1663 Τὰ
492 1610 794 1677 Ναννάκου,
831 1626 1031 1682 supra,
1064 1612 1400 1666 Nannacus.

395 1697 701 1769 Ταντάλου,
735 1716 916 1772 supra
942 1701 1145 1755 Isaaus.

389 1788 469 1845 Τὰ
492 1788 740 1863 Σαμίων.
773 1790 981 1862 Supra,
1015 1787 1265 1861 Σαμίων.

396 1880 695 1935 Tatianus.
726 1879 831 1934 Hic
888 1878 997 1934 sub
1051 1878 1286 1935 Juliano
1343 1879 1629 1935 Parabate
1686 1877 1968 1950 martyrio

323 1970 473 2026 obiit
509 1973 655 2042 (una
710 1986 846 2025 cum
902 1968 1248 2039 Theodulo),
1306 1973 1373 2024 ut
1428 1975 1633 2025 narrat
1687 1967 1850 2025 Suid.
1908 1968 1972 2023 in

320 2059 617 2133 Ἀμάχιος.

392 2145 769 2225 Ταυροφάγος,
796 2148 1078 2219 Bacchus,
1099 2147 1259 2220 quod
1287 2147 1413 2204 illis
1443 2148 1543 2220 qui
1592 2145 1971 2220 dithyrambo

320 2240 601 2307 vicerant,
635 2238 742 2294 bos
786 2239 1030 2311 praemio
1088 2239 1346 2295 daretur.
1406 2240 1521 2295 Alii
1564 2239 1971 2296 Aristarchum

316 2328 445 2384 falli
467 2328 1274 2399 dicunt,putantem,taurum
1292 2328 1412 2384 illis
1432 2328 1615 2385 fuisse
1635 2329 1969 2402 prmmium.

318 2420 747 2492 Aristophanes
780 2418 1082 2475 Cratinum
1137 2418 1285 2474 dixit
1339 2418 1701 2496 ταυροφάγον,
1760 2418 1851 2475 vel
1906 2426 1975 2477 ut

319 2508 717 2578 crudivorum,
750 2507 841 2563 vel
871 2512 935 2562 ut
964 2507 1083 2562 vini
1136 2513 1456 2576 amantem,
1508 2508 1776 2580 adeoque
1830 2509 1971 2566 Bac-

320 2598 516 2663 chum,
542 2597 631 2652 vel
655 2597 812 2669 quod
832 2602 1024 2653 mater
1043 2596 1265 2653 Cratini
1297 2597 1480 2653 sacris
1510 2596 1721 2653 Bacchi
1755 2610 1975 2672 μδσχο-

324 2684 501 2762 ςοάγου
529 2690 687 2740 esset
713 2684 968 2752 tnitiata,
1004 2689 1115 2740 etc.

394 2775 641 2841 Taurus,
674 2774 965 2846 Berytius,
1010 2773 1403 2844 philosophus
1454 2773 1817 2846 Platonicus,
1871 2776 1971 2847 qui

320 2865 436 2920 fuit
465 2863 573 2919 sub
606 2864 908 2919 Antonino
967 2864 1092 2918 Pio.
1143 2863 1391 2935 Scripsit
1437 2886 1464 2914 «
1501 2865 1577 2920 De
1636 2864 1972 2922 differentia

319 2976 347 3005 «
383 2954 725 3027 dogmatum
754 2953 1019 3009 Platonis
1042 2958 1101 3008 et
1124 2953 1457 3009 Aristotelis
1482 2971 1496 3022 ;
1521 2955 1601 3010 De
1623 2953 1973 3027 corporibus

318 3066 346 3095 «ί
381 3050 439 3100 et
466 3045 837 3116 incorporeus
869 3043 1067 3112 rebus,
1102 3066 1129 3093 »
1165 3049 1224 3098 et
1251 3044 1369 3099 alia
1396 3044 1675 3116 plurima.

393 3135 676 3208 Telauges
708 3135 985 3207 (genitivo
1025 3131 1393 3207 Τηλαυγοῦς),
1452 3134 1705 3200 Samius,
1752 3134 1969 3207 Pytha-

315 3241 472 3297 gora)
504 3224 701 3297 magni
736 3223 896 3279 illius
927 3228 984 3278 et
1009 3222 1354 3294 discipulus,
1380 3223 1661 3295 magister
1680 3222 1967 3295 Empedo-

2078 630 2244 686 ribus
2273 646 2555 704 pugnare.
2594 631 2687 687 Sic
2718 630 3079 702 completum
3113 636 3203 686 est
3231 632 3565 703 oraculum,
3616 639 3727 692 etc.

2150 719 2429 787 Telestes,
2463 720 2747 777 comicus.
2783 720 2971 793 Hujus
3004 719 3274 778 dramata
3303 720 3482 796 ’Δργὼ
3510 729 3570 779 et
3603 724 3729 781 Ἀσ-

2077 805 2342 876 κληπιός,
2376 814 2443 864 ut
2472 815 2724 866 testatur
2754 809 3099 876 Athenaeus,
3129 810 3252 866 XIV
3282 811 3647 884 Dipnosoph.

2150 897 2232 951 De
2245 897 2567 954 Telmessia
2586 899 2759 970 vulpe
2772 914 2971 954 rerum
2983 898 3397 955 Thebanarum
3410 901 3731 973 scriptores

2080 987 2318 1058 copiose
2347 988 2742 1057 tradiderunt,
2775 996 2842 1045 ut
2868 989 3298 1058 Aristodemus,
3347 996 3456 1048 etc.
3508 992 3733 1050 Fabula

2080 1073 2393 1148 desumpta
2420 1094 2493 1133 ex
2518 1077 2692 1149 Cyclo
2720 1080 2908 1151 epico.

2149 1163 2492 1233 Telmissus,
2526 1166 2667 1221 urbs
2697 1166 2908 1237 Lycias,
2941 1184 2976 1222 a
3005 1167 3312 1240 Telmisso,
3346 1169 3470 1226 ﬁlio
3500 1169 3731 1242 Apolli-

2079 1252 2174 1308 nis
2200 1259 2260 1308 et
2279 1254 2456 1309 unius
2478 1254 2736 1310 filiarum
2758 1256 3097 1325 Antenoris,
3127 1274 3307 1330 quam
3323 1259 3729 1332 prodigiorum

2078 1340 2467 1414 interpretem
2496 1342 2893 1416 τιρατοσιόπον
2920 1344 3080 1413 fecit,
3104 1350 3171 1401 ut
3190 1352 3396 1403 auctor
3416 1347 3730 1419 Dionysius

2077 1426 2130 1483 ἂν
2164 1428 2379 1486 Κτίσεσι
2412 1432 2533 1488 sive
2562 1434 2901 1503 Originibus.

2147 1517 2339 1583 Τὲλος.
2373 1522 2571 1591 Solon,
2606 1529 2963 1595 praesentem
3014 1525 3195 1580 Croesi
3242 1525 3542 1582 fortunam
3585 1542 3731 1582 con-

2078 1614 2376 1681 temnens,
2401 1611 2586 1683 jussit
2614 1628 2751 1669 eum
2785 1613 2965 1669 totius
2995 1613 3127 1669 vitas
3160 1614 3341 1671 finem
3362 1619 3728 1687 exspectare,

2078 1704 2187 1755 etc.

2148 1789 2370 1858 Aristo,
2396 1790 2597 1855 Chius,
2618 1788 2801 1861 τὲΑος,
2831 1794 3015 1861 ﬁnem,
3040 1807 3170 1847 esse
3188 1791 3356 1860 dixit,
3385 1793 3730 1849 indiﬂ‘eren-

2077 1882 2169 1932 ter
2198 1894 2260 1933 se
2287 1877 2506 1934 habcre
2532 1878 2607 1935 ad
2638 1895 2708 1935 ea
2739 1896 2871 1951 quas
2903 1881 3061 1935 inter
3108 1881 3386 1937 virtutem
3421 1887 3480 1937 et
3523 1882 3730 1938 vitium

2076 1969 2276 2026 media
2297 1976 2455 2037 sunt,
2480 1988 2590 2027 nec
2606 1971 2697 2026 vel
2720 1970 3037 2027 minimum
3061 1972 3123 2028 in
3136 1972 3482 2029 alterutram
3500 1978 3730 2046 partem

2078 2059 2151 2115 ab
2177 2059 2341 2116 hisce
2363 2061 2586 2117 moveri
2611 2078 2625 2130 ;
2659 2060 2763 2116 sed
2783 2060 2844 2116 in
2868 2060 3147 2117 omnibus
3170 2061 3348 2118 rebus
3370 2063 3586 2134 asquali
3600 2079 3729 2119 esse

2078 2149 2300 2205 animo.
2335 2150 2671 2222 Sapientem
2703 2150 2863 2205 enim
2903 2149 3164 2207 similem
3214 2167 3343 2208 esse
3375 2150 3564 2225 ἀγαθῷ
3596 2150 3728 2206 ὑπο·

2077 2241 2261 2313 κριτῇ,
2294 2238 2570 2296 idoneam
2596 2255 2913 2312 personam
2939 2240 3001 2295 in
3032 2256 3211 2296 scena
3239 2241 3457 2313 agenti.

2150 2328 2508 2400 Terpander,
2540 2331 2808 2397 Arnaaus,
2842 2335 2945 2386 aut
2967 2346 3104 2386 vero
3134 2346 3206 2386 ex
3248 2330 3418 2386 Lesbi
3468 2330 3724 2398 civitate,

2080 2418 2340 2486 Antissa,
2372 2418 2463 2473 vel
2493 2419 2810 2476 Cumanus.
2843 2419 2956 2474 Alii
2987 2418 3061 2474 ab
3084 2414 3358 2484 Hesiodo,
3379 2418 3452 2475 ab
3475 2420 3727 2475 Homero

2080 2505 2179 2561 alii
2204 2522 2389 2577 genus
2411 2524 2544 2562 eum
2580 2508 2749 2563 aiunt
2768 2507 3337 2580 duxisse,fuisseque
3360 2508 3547 2564 filium
3568 2508 3729 2576 Boei,

2081 2596 2181 2667 qui
2215 2596 2374 2651 filius
2404 2596 2641 2664 Phocei,
2670 2613 2855 2668 nepos
2881 2597 3300 2669 Euryphontis,
3336 2598 3571 2652 Homeri
3595 2613 3732 2669 pro-

2080 2700 2266 2756 nepos
2289 2686 2597 2741 exstiterit.
2636 2686 2875 2757 Lyricus
2906 2686 3008 2741 ille
3039 2687 3229 2758 lyram
3258 2686 3488 2758 primus
3504 2692 3731 2758 septem

2082 2774 2321 2829 chordis
2343 2773 2645 2841 instruxit,
2671 2780 2729 2829 et
2755 2775 2950 2844 lyricos
2977 2791 3166 2831 nomos
3193 2775 3424 2847 primus
3473 2775 3733 2847 scripsit,

2082 2863 2354 2934 quamvis
2386 2863 2629 2935 quidam
2657 2863 2731 2919 ad
2760 2862 3237 2920 Philammonem
3265 2863 3377 2920 hoc
3406 2863 3696 2920 referunt.

2151 2951 2830 3025 Tetractys.Pythagorei
2852 2969 3092 3008 omnem
3117 2969 3435 3009 numerum
3446 2952 3736 3029 vocabant

2082 3042 2558 3113 quaternionem.
2592 3042 2798 3098 Omnis
2855 3042 3015 3097 enim
3065 3057 3352 3097 numerus
3399 3041 3736 3114 completur

2080 3129 2366 3199 denario;
2401 3129 2680 3186 denarius
2709 3146 2843 3185 vero
2876 3146 2947 3186 ex
2977 3130 3283 3200 quaternis
3333 3130 3728 3201 componitur.

2080 3219 2269 3292 Magni
2303 3219 2481 3275 etiam
2512 3218 2808 3274 faciebant
2836 3218 3284 3291 quaternarium
3307 3216 3383 3272 ob
3407 3222 3729 3287 quaternas

730 3277 801 3367 He
830 3277 1252 3381 Tetracty,sive
1279 3277 1650 3376 Quateriiione
1676 3277 1965 3368 librosVIV-
2000 3277 2049 3344 α
2078 3277 2236 3364 lunia
2265 3308 2506 3377 formas,
2541 3313 2653 3363 etc.

388 3402 715 3471 Telegonus
745 3401 975 3472 primus
1005 3400 1194 3456 artem
1226 3400 1527 3456 divinandi
1560 3398 1804 3471 invenit,
1839 3417 1890 3457 e.
1916 3417 1971 3473 g.

322 3493 372 3548 si
404 3491 467 3545 in
496 3496 647 3544 tecto
677 3490 931 3545 mustela
961 3489 1052 3544 vel
1083 3506 1327 3561 serpens
1357 3490 1719 3561 apparuerit,
1739 3491 1851 3545 hoc
1880 3489 1974 3545 vel

320 3579 475 3637 illud
507 3578 814 3652 significat.
845 3580 1052 3651 Supra,
1086 3580 1148 3634 in
1180 3576 1530 3648 Οἶωνιστική.

395 3669 707 3741 Telephus,
757 3672 1178 3743 Pergamenus,
1237 3671 1677 3743 grammaticus,
1739 3668 1978 3740 scripsit

325 3782 353 3810 ‹‹
387 3761 541 3825 Quot
570 3776 665 3816 res
695 3761 1145 3832 grammaticum
1176 3761 1327 3816 scire
1359 3765 1664 3833 oporteat;
1698 3761 1777 3815 De
1827 3759 1973 3833 ﬁgu-

295 3908 311 3929 τ
332 3869 360 3900 ιι
390 3849 474 3903 ris
503 3848 818 3904 rhetoricis
848 3848 1005 3921 apud
1036 3850 1357 3904 Homerum
1380 3849 1563 3904 libros
1592 3850 1640 3903 ll
1668 3865 1682 3916 ;
1716 3849 1797 3903 De
1847 3863 1973 3903 ser-

325 3961 354 3990 ι(
386 3938 582 3993 monis
608 3937 782 3992 Attici
804 3938 1247 3994 constructione
1269 3938 1450 3994 libros
1472 3939 1512 3991 V
1535 3938 1646 4005 ;De
1668 3937 1978 3993 Homerica

330 4048 352 4076 α
386 4027 720 4094 rhetorica;
777 4028 857 4082 De
912 4028 1145 4082 Homeri
1200 4032 1260 4083 et
1316 4027 1579 4083 Platonis
1631 4042 1975 4093 consensu;

328 4139 357 4166 α
396 4118 579 4172 Varia)
612 4116 967 4173 eruditionis
997 4113 1257 4186 ποικίλης
1306 4114 1634 4193 φιλομαθίας
1676 4114 1859 4170 libros
1888 4116 1978 4181 II;

325 4228 355 4256 ‹‹
387 4207 767 4278 Tragicorum
825 4211 886 4261 et
961 4207 1323 4263 comicorum
1411 4207 1588 4262 Vitas.
1673 4198 1978 4273 Βιϐλιακῆς

325 4318 353 4345 α
396 4291 702 4369 ἐμπειρίας,
734 4296 812 4350 De
874 4296 1087 4351 notitia
1134 4296 1422 4352 librorum
1471 4295 1657 4351 libros
1708 4296 1805 4366 III,
1838 4317 1866 4346 ››
1917 4294 1980 4351 in

333 4383 550 4454 quibus
580 4374 772 4453 docet,
801 4384 902 4455 qui
934 4384 1072 4440 libri
1105 4391 1245 4441 sunt
1264 4390 1605 4457 comparatu
1627 4385 1809 4458 digni.
1833 4385 1980 4440 Item

331 4493 361 4523 ι(
390 4473 710 4527 Homerum
735 4472 930 4529 solum
961 4490 1029 4529 ex
1062 4475 1322 4546 antiquis
1349 4492 1496 4548 puro
1528 4489 1803 4530 sermone
1825 4473 1980 4529 Grai-

328 4584 357 4612 «
392 4578 461 4617 co
502 4561 627 4630 uti;
676 4563 1149 4635 Descriptionem
1199 4565 1501 4637 Pergami;
1546 4566 1627 4619 De
1676 4562 1982 4636 Augustali

2149 3398 2494 3470 Tetralogia.
2521 3396 2856 3452 Secundum
2872 3396 3155 3468 tragicam
3171 3395 3540 3468 tetralogiam
3565 3394 3731 3451 Plato

2078 3487 2341 3558 dialogos
2383 3485 2587 3541 edidit.
2649 3485 2875 3558 Tragici
2929 3484 3090 3539 enim
3151 3484 3458 3555 quaternis
3512 3482 3732 3539 fabulis

2078 3576 2405 3643 certabant,
2442 3575 2759 3648 Dionysiis,
2794 3574 3037 3643 Lenteis,
3064 3574 3447 3642 Parthenmis,
3476 3572 3730 3644 Chytris,

2080 3682 2331 3737 quarum
2363 3670 2575 3736 quarta
2603 3669 2731 3720 erat
2760 3663 3034 3736 satyrica.
3069 3663 3291 3736 Dialogi
3322 3662 3585 3718 Platonis
3605 3677 3731 3717 om-

2080 3772 2186 3811 nes
2218 3756 2353 3821 LVI,
2386 3755 2447 3810 in
2480 3753 2729 3827 singulis
2759 3753 3069 3825 inscriptio
3129 3752 3367 3825 duplex,
3417 3766 3537 3807 una
3563 3768 3598 3807 a
3626 3767 3731 3806 no-

2082 3846 2264 3908 mine,
2305 3843 2492 3900 altera
2522 3860 2669 3900 are.
2718 3846 2784 3900 In
2834 3843 3145 3916 tetralogia
3195 3842 3386 3915 prima
3442 3841 3731 3896 familiam

2083 3934 2245 3990 ducit
2272 3934 2638 4006 Eutyphron,
2674 3932 2794 3988 sive
2827 3932 2899 3987 de
2930 3932 3266 3999 sanctitate,
3298 3931 3568 4005 dialogus
3614 3948 3731 3983 1m.-

2082 4023 2355 4096 ραστικός,
2390 4023 2509 4077 sive
2539 4020 2888 4094 explorandi
2920 4037 3099 4076 causa
3126 4021 3457 4077 institutus.
3511 4020 3733 4075 Secun-

2085 4110 2215 4175 dus,
2248 4110 2536 4182 Apologia
2567 4109 2844 4174 Socratis,
2879 4108 2979 4179 qui
3031 4112 3121 4162 est
3166 4107 3431 4163 moralis.
3481 4106 3731 4171 Tertius,

2083 4199 2305 4268 Criton,
2337 4198 2456 4252 sive
2486 4197 2559 4252 de
2592 4213 2660 4252 eo
2691 4194 2849 4267 quod
2878 4200 2968 4250 est
2990 4193 3350 4261 faciendum,
3383 4192 3591 4248 itidem
3611 4206 3733 4246 mo-

2084 4287 2241 4344 ralis.
2282 4288 2557 4352 Quartus,
2592 4284 2877 4352 Phaadon,
2909 4283 3028 4337 sive
3051 4283 3123 4339 de
3154 4283 3373 4351 anima,
3399 4281 3501 4352 qui
3530 4284 3590 4336 et
3608 4279 3734 4351 ipse

2086 4375 2329 4433 moralis
2360 4380 2469 4431 est.
2504 4376 2584 4429 De
2616 4372 2878 4429 secunda
2906 4371 3219 4445 tetralogia
3248 4376 3307 4427 et
3348 4367 3737 4441 sequentibus

2086 4466 2341 4522 habetur
2369 4465 2431 4520 in
2457 4463 2610 4519 libro
2672 4461 2948 4535 Diogenis
2996 4459 3211 4516 Laertii
3258 4460 3331 4516 De
3376 4460 3503 4513 uitis
3548 4456 3743 4528 philo-

2087 4556 2405 4627 sophorum.

330 4671 360 4702 ‹‹
381 4652 747 4724 Pergameno
764 4651 949 4707 libros
967 4654 1046 4721 II;
1068 4654 1143 4708 De
1159 4636 1492 4709 dicasteriis
1508 4652 1979 4719 Atheniensium;
2010 4648 2061 4712 D
2157 4643 2505 4700 Tetrametri
2537 4640 2822 4697 carminis
2851 4641 3125 4695 inventor
3155 4638 3267 4694 fuit
3315 4636 3744 4709 Aristophanes

328 4762 357 4790 α
390 4740 471 4795 De
492 4741 945 4797 Atheniensium
962 4741 1193 4815 legibus
1214 4748 1274 4797 et
1292 4742 1586 4809 moribus;
1610 4747 1689 4797 De
1711 4740 1981 4815 Pergami

328 4851 358 4879 α
383 4828 619 4901 regibus
640 4829 826 4886 libros
854 4832 898 4885 V
916 4849 930 4899 ;
946 4832 1027 4887 De
1052 4848 1186 4900 usu,
1214 4853 1241 4883 ιν
1271 4832 1394 4887 sive
1417 4830 1489 4886 de
1511 4830 1854 4888 nominibus
1866 4847 1982 4887 ves-

332 4916 478 4972 titus
510 4924 569 4972 et
596 4918 849 4974 aliarum
880 4937 1102 4988 rerum,
1136 4920 1352 4992 quibus
1406 4920 1649 4978 utimur,
1710 4942 1737 4970 «
1772 4920 1983 4976 ordine

333 5027 364 5057 ‹‹
398 5006 773 5077 alphabetico
802 5026 816 5076 ;
851 5011 930 5065 De
968 5011 1189 5081 Ulyssis
1222 5026 1423 5066 errore
1453 5026 1467 5077 ;
1501 5011 1841 5082 Ocytocion,
1872 5010 1986 5066 sive

332 5116 362 5145 ‹‹
397 5094 681 5152 Collectio
715 5097 1338 5169 epithetorum,eidem
1368 5099 1456 5155 rei
1483 5099 1984 5167 convenientium,

332 5207 361 5235 ‹‹
377 5182 451 5240 ad
467 5185 801 5256 expeditam
817 5185 1093 5243 dictionis
1109 5189 1328 5260 copiam
1339 5186 1853 5260 parandam,libris
1864 5189 1932 5243 Χ.
1959 5210 1986 5237 »

404 5271 702 5339 Telesilla,
764 5275 1011 5345 poetria.
1070 5276 1215 5332 Huic
1254 5283 1449 5333 statua
1495 5278 1689 5349 posita
1745 5282 1855 5344 est,
1915 5275 1990 5332 ad

328 5360 503 5431 cujus
536 5361 717 5432 pedes
749 5363 887 5419 libri
910 5365 1137 5435 jacent,
1171 5367 1339 5439 galea
1366 5384 1502 5423 vero
1528 5366 1704 5439 capiti
1732 5366 1859 5438 ejus
1884 5365 1991 5425 im-

325 5449 526 5521 posita
556 5456 666 5509 est.
704 5453 849 5508 Nam
880 5471 1015 5509 cum
1042 5455 1494 5526 Lacedaemonii,
1554 5455 1885 5511 interfectis
1916 5455 1990 5511 iis

330 5539 435 5608 qui
466 5539 528 5594 in
560 5541 851 5613 templum
884 5544 1293 5617 confugerant,
1319 5545 1664 5620 Argivorum
1687 5544 1764 5600 ad
1781 5545 1991 5600 urbem

327 5627 684 5698 capiendam
706 5630 881 5704 irent,
906 5634 1181 5690 Telesilla
1202 5636 1486 5691 mulieres
1516 5635 1765 5691 armavit
1795 5639 1854 5689 et
1881 5634 1990 5689 ho-

330 5716 526 5774 stibus
556 5718 794 5777 obviam
822 5724 1134 5794 processit.
1164 5724 1330 5790 Quod
1361 5724 1689 5798 conSpicati
1721 5723 1988 5781 Lacedae-

660 5849 925 5912 ΡΑτιιυι..
975 5850 1084 5910 Gn.
1121 5851 1352 5912 CXVII.

2135 4740 2286 4792 oeta.
2390 4747 2399 4755 ‘

2135 4753 2286 4792 oeta.
2391 4753 2398 4755 -

2092 4753 2129 4809 p
2163 4826 2405 4890 Teucer,
2436 4822 2776 4894 Cyzicenus,
2797 4819 2897 4891 qui
2920 4818 3160 4889 scripsit
3178 4840 3206 4867 ‹‹
3237 4818 3318 4872 De
3339 4815 3597 4873 aurifera
3624 4819 3746 4870 ter-

2099 4940 2118 4965 ι
2146 4931 2242 4982 ra;
2269 4915 2348 4969 De
2372 4911 2675 4984 Byzantio;
2700 4907 3232 4964 Mithridaticarum
3254 4922 3455 4961 rerum
3471 4905 3744 4979 librosV;

2100 5027 2121 5054 ι
2163 5005 2241 5059 De
2272 5004 2420 5074 Tyro
2449 4999 2638 5054 libros
2669 5000 2713 5051 V
2738 5015 2751 5063 ;
2780 4997 2860 5053 De
2906 4997 3087 5052 rebus
3140 4995 3408 5051 Arabicis
3451 4994 3636 5050 libros
3668 4994 3745 5061 V;

2098 5116 2125 5143 ‹‹
2156 5091 2460 5148 Iudaicam
2520 5086 2837 5143 Historiam
2895 5085 3066 5140 libris
3125 5086 3240 5150 VI;
3288 5083 3747 5139 Adolescentum

2099 5205 2125 5234 ιι
2149 5181 2567 5253 Cyzicenorum
2598 5175 3095 5231 Exercitationem
3127 5173 3298 5229 libris
3327 5175 3423 5241 IlI,
3456 5192 3488 5226 »
3520 5179 3580 5227 et
3606 5171 3746 5227 alia.

2170 5270 2402 5333 Thales,
2436 5265 2664 5322 Examii
2694 5270 2755 5320 et
2779 5263 3143 5319 Cleobulinae
3202 5263 3261 5319 F.
3308 5261 3591 5328 Milesius,
3635 5257 3747 5325 vel,

2098 5369 2168 5420 ut
2194 5359 2485 5417 Herodoto
2516 5357 2767 5423 videtur,
2798 5355 3064 5423 Phoenix,
3096 5358 3273 5409 natus
3312 5358 3447 5409 ante
3491 5358 3751 5406 Crassum

2101 5453 2322 5525 olymp.
2359 5448 2583 5511 XXXV,
2640 5444 2967 5500 secundum
3016 5442 3401 5514 Phlegontem
3450 5456 3585 5495 vero
3624 5438 3756 5510 jam

2100 5540 2317 5599 claruit
2334 5534 2670 5609 Olympiade
2694 5534 2810 5589 VIl.
2836 5531 3115 5588 Versibus
3141 5528 3503 5586 hexametris
3520 5526 3761 5599 scripsit

2102 5636 2175 5690 De
2207 5629 2498 5691 meteoris;
2529 5626 2601 5680 De
2656 5625 3007 5695 wquinoctio,
3060 5625 3120 5675 et
3167 5619 3285 5675 alia
3336 5616 3545 5674 multa.
3604 5615 3763 5672 Obiit

2107 5736 2309 5786 senex,
2340 5733 2375 5773 a
2405 5713 2577 5770 turba
2597 5711 2783 5768 elisus
2804 5715 2862 5766 et
2881 5713 3031 5764 aestu
3052 5706 3351 5763 resolutus
3373 5723 3508 5763 cum
3527 5703 3761 5780 gymni-

3439 5835 3517 5893 43
