  <div class='ocr_page' id='page_1' title='image "/cluster/home/n/w/nwhite01/storage/ocr_20150623/117/hvd.32044073502239/683.png"; bbox 0 0 4064 6214; ppageno 0'>
   <div class='ocr_carea' id='block_1_1' title="bbox 410 393 571 455">
    <p class='ocr_par' dir='ltr' id='par_1_1' title="bbox 410 393 571 455">
     <span class='ocr_line' id='line_1_1' title="bbox 410 393 571 455; baseline -0.019 0"><span class='ocrx_word' id='word_1_1' title='bbox 410 393 571 455; x_wconf 71' lang='grc'><strong>1355</strong></span> 
     </span>
    </p>
   </div>
   <div class='ocr_carea' id='block_1_2' title="bbox 1719 388 2519 455">
    <p class='ocr_par' dir='ltr' id='par_1_2' title="bbox 1719 388 2519 455">
     <span class='ocr_line' id='line_1_2' title="bbox 1719 388 2519 455; baseline 0 -3"><span class='ocrx_word' id='word_1_2' title='bbox 1719 389 1964 453; x_wconf 86' lang='lat' dir='ltr'><strong>INDEX</strong></span> <span class='ocrx_word' id='word_1_3' title='bbox 2005 388 2519 455; x_wconf 80' lang='lat' dir='ltr'><strong>SCRIPTORUM</strong></span> 
     </span>
    </p>
   </div>
   <div class='ocr_carea' id='block_1_3' title="bbox 3685 390 3847 451">
    <p class='ocr_par' dir='ltr' id='par_1_3' title="bbox 3685 390 3847 451">
     <span class='ocr_line' id='line_1_3' title="bbox 3685 390 3847 451; baseline 0 0"><span class='ocrx_word' id='word_1_4' title='bbox 3685 390 3847 451; x_wconf 73' lang='lat' dir='ltr'><strong>i356</strong></span> 
     </span>
    </p>
   </div>
   <div class='ocr_carea' id='block_1_4' title="bbox 414 522 3847 597">
    <p class='ocr_par' dir='ltr' id='par_1_4' title="bbox 414 522 3847 597">
     <span class='ocr_line' id='line_1_4' title="bbox 414 522 3847 597; baseline -0 -12"><span class='ocrx_word' id='word_1_5' title='bbox 414 543 551 585; x_wconf 90' lang='lat' dir='ltr'><strong>cum</strong></span> <span class='ocrx_word' id='word_1_6' title='bbox 584 530 886 584; x_wconf 76' lang='lat' dir='ltr'><strong>certamen</strong></span> <span class='ocrx_word' id='word_1_7' title='bbox 917 527 1230 597; x_wconf 80' lang='lat' dir='ltr'><strong>spectaret.</strong></span> <span class='ocrx_word' id='word_1_8' title='bbox 1263 524 1500 580; x_wconf 85' lang='lat' dir='ltr'><strong>Primus</strong></span> <span class='ocrx_word' id='word_1_9' title='bbox 1533 523 1771 596; x_wconf 82' lang='lat' dir='ltr'><strong>sapiens</strong></span> <span class='ocrx_word' id='word_1_10' title='bbox 1802 522 2066 596; x_wconf 89' lang='lat' dir='ltr'><strong>appella-</strong></span> <span class='ocrx_word' id='word_1_11' title='bbox 2095 525 2152 591; x_wconf 89' lang='grc' dir='ltr'><strong>Α</strong></span> <span class='ocrx_word' id='word_1_12' title='bbox 2183 523 2475 592; x_wconf 91' lang='lat' dir='ltr'><strong>Brontini,</strong></span> <span class='ocrx_word' id='word_1_13' title='bbox 2508 523 2882 597; x_wconf 77' lang='lat' dir='ltr'><strong>Pythagorei.</strong></span> <span class='ocrx_word' id='word_1_14' title='bbox 2934 522 3183 597; x_wconf 83' lang='lat' dir='ltr'><strong>Scripsit</strong></span> <span class='ocrx_word' id='word_1_15' title='bbox 3218 526 3295 580; x_wconf 84' lang='lat' dir='ltr'><strong>De</strong></span> <span class='ocrx_word' id='word_1_16' title='bbox 3347 523 3722 595; x_wconf 75' lang='lat' dir='ltr'><strong>Pythagora;</strong></span> <span class='ocrx_word' id='word_1_17' title='bbox 3772 528 3847 584; x_wconf 75' lang='lat' dir='ltr'><strong>De</strong></span> 
     </span>
    </p>
   </div>
   <div class='ocr_carea' id='block_1_5' title="bbox 420 612 2070 689">
    <p class='ocr_par' dir='ltr' id='par_1_5' title="bbox 420 612 2070 689">
     <span class='ocr_line' id='line_1_5' title="bbox 420 612 2070 689; baseline -0.003 -16"><span class='ocrx_word' id='word_1_18' title='bbox 420 624 514 673; x_wconf 89' lang='lat' dir='ltr'><strong>tus</strong></span> <span class='ocrx_word' id='word_1_19' title='bbox 544 622 653 684; x_wconf 90' lang='lat' dir='ltr'><strong>est,</strong></span> <span class='ocrx_word' id='word_1_20' title='bbox 679 622 739 672; x_wconf 89' lang='lat' dir='ltr'><strong>et</strong></span> <span class='ocrx_word' id='word_1_21' title='bbox 764 615 992 689; x_wconf 89' lang='lat' dir='ltr'><strong>primus</strong></span> <span class='ocrx_word' id='word_1_22' title='bbox 1021 615 1285 671; x_wconf 90' lang='lat' dir='ltr'><strong>animam</strong></span> <span class='ocrx_word' id='word_1_23' title='bbox 1338 613 1489 669; x_wconf 86' lang='lat' dir='ltr'><strong>dixit</strong></span> <span class='ocrx_word' id='word_1_24' title='bbox 1535 612 1957 680; x_wconf 77' lang='lat' dir='ltr'><strong>immortalem,</strong></span> <span class='ocrx_word' id='word_1_25' title='bbox 2009 617 2070 669; x_wconf 90' lang='lat' dir='ltr'><strong>et</strong></span> 
     </span>
    </p>
   </div>
   <div class='ocr_carea' id='block_1_6' title="bbox 416 702 2072 778">
    <p class='ocr_par' dir='ltr' id='par_1_6' title="bbox 416 702 2072 778">
     <span class='ocr_line' id='line_1_6' title="bbox 416 702 2072 778; baseline -0.003 -15"><span class='ocrx_word' id='word_1_26' title='bbox 416 707 668 778; x_wconf 82' lang='lat' dir='ltr'><strong>eclipses</strong></span> <span class='ocrx_word' id='word_1_27' title='bbox 700 711 760 761; x_wconf 88' lang='lat' dir='ltr'><strong>et</strong></span> <span class='ocrx_word' id='word_1_28' title='bbox 779 705 1139 776; x_wconf 80' lang='lat' dir='ltr'><strong>mquinoctia</strong></span> <span class='ocrx_word' id='word_1_29' title='bbox 1161 702 1574 776; x_wconf 85' lang='lat' dir='ltr'><strong>deprehendit.</strong></span> <span class='ocrx_word' id='word_1_30' title='bbox 1598 703 2072 776; x_wconf 88' lang='lat' dir='ltr'><strong>Ap0phtegmata</strong></span> 
     </span>
    </p>
   </div>
   <div class='ocr_carea' id='block_1_7' title="bbox 416 792 2072 869">
    <p class='ocr_par' dir='ltr' id='par_1_7' title="bbox 416 792 2072 869">
     <span class='ocr_line' id='line_1_7' title="bbox 416 792 2072 869; baseline -0.003 -17"><span class='ocrx_word' id='word_1_31' title='bbox 416 797 546 869; x_wconf 87' lang='lat' dir='ltr'><strong>ejus</strong></span> <span class='ocrx_word' id='word_1_32' title='bbox 568 801 708 851; x_wconf 87' lang='lat' dir='ltr'><strong>sunt</strong></span> <span class='ocrx_word' id='word_1_33' title='bbox 727 794 1009 866; x_wconf 86' lang='lat' dir='ltr'><strong>plurima,</strong></span> <span class='ocrx_word' id='word_1_34' title='bbox 1061 800 1127 849; x_wconf 89' lang='lat' dir='ltr'><strong>ut</strong></span> <span class='ocrx_word' id='word_1_35' title='bbox 1166 793 1531 850; x_wconf 85' lang='lat' dir='ltr'><strong>celebratum</strong></span> <span class='ocrx_word' id='word_1_36' title='bbox 1556 792 1739 849; x_wconf 87' lang='lat' dir='ltr'><strong>illud:</strong></span> <span class='ocrx_word' id='word_1_37' title='bbox 1774 794 1940 848; x_wconf 86' lang='lat' dir='ltr'><strong>Nosce</strong></span> <span class='ocrx_word' id='word_1_38' title='bbox 1986 797 2072 848; x_wconf 84' lang='lat' dir='ltr'><strong>te—</strong></span> 
     </span>
    </p>
   </div>
   <div class='ocr_carea' id='block_1_8' title="bbox 411 880 2068 957">
    <p class='ocr_par' dir='ltr' id='par_1_8' title="bbox 411 880 2068 957">
     <span class='ocr_line' id='line_1_8' title="bbox 411 880 2068 957; baseline -0.004 -15"><span class='ocrx_word' id='word_1_39' title='bbox 411 889 611 957; x_wconf 78' lang='lat' dir='ltr'><strong>ipsum.</strong></span> <span class='ocrx_word' id='word_1_40' title='bbox 645 885 789 940; x_wconf 88' lang='lat' dir='ltr'><strong>Nam</strong></span> <span class='ocrx_word' id='word_1_41' title='bbox 822 883 971 939; x_wconf 89' lang='lat' dir='ltr'><strong>illud</strong></span> <span class='ocrx_word' id='word_1_42' title='bbox 997 900 1010 938; x_wconf 92' lang='lat'>:</span> <span class='ocrx_word' id='word_1_43' title='bbox 1044 884 1287 954; x_wconf 84' lang='lat' dir='ltr'><strong>Sponde,</strong></span> <span class='ocrx_word' id='word_1_44' title='bbox 1311 889 1361 938; x_wconf 88' lang='lat' dir='ltr'><strong>et</strong></span> <span class='ocrx_word' id='word_1_45' title='bbox 1380 889 1589 953; x_wconf 66' lang='lat' dir='ltr'><strong>prasto</strong></span> <span class='ocrx_word' id='word_1_46' title='bbox 1619 888 1697 937; x_wconf 86' lang='lat' dir='ltr'><strong>est</strong></span> <span class='ocrx_word' id='word_1_47' title='bbox 1726 897 1897 950; x_wconf 69' lang='lat' dir='ltr'><strong>noxa,</strong></span> <span class='ocrx_word' id='word_1_48' title='bbox 1929 880 2068 936; x_wconf 88' lang='lat' dir='ltr'><strong>Chi-</strong></span> 
     </span>
    </p>
   </div>
   <div class='ocr_carea' id='block_1_9' title="bbox 410 970 2070 1045">
    <p class='ocr_par' dir='ltr' id='par_1_9' title="bbox 410 970 2070 1045">
     <span class='ocr_line' id='line_1_9' title="bbox 410 970 2070 1045; baseline -0.004 -15"><span class='ocrx_word' id='word_1_49' title='bbox 410 974 567 1030; x_wconf 90' lang='lat' dir='ltr'><strong>lonis</strong></span> <span class='ocrx_word' id='word_1_50' title='bbox 598 978 688 1028; x_wconf 90' lang='lat' dir='ltr'><strong>est</strong></span> <span class='ocrx_word' id='word_1_51' title='bbox 720 973 940 1045; x_wconf 88' lang='lat' dir='ltr'><strong>potius,</strong></span> <span class='ocrx_word' id='word_1_52' title='bbox 969 973 1070 1044; x_wconf 90' lang='lat' dir='ltr'><strong>qui</strong></span> <span class='ocrx_word' id='word_1_53' title='bbox 1103 971 1256 1027; x_wconf 89' lang='lat' dir='ltr'><strong>illud</strong></span> <span class='ocrx_word' id='word_1_54' title='bbox 1288 971 1402 1027; x_wconf 89' lang='lat' dir='ltr'><strong>sibi</strong></span> <span class='ocrx_word' id='word_1_55' title='bbox 1434 971 1772 1038; x_wconf 79' lang='lat' dir='ltr'><strong>vindicavit,</strong></span> <span class='ocrx_word' id='word_1_56' title='bbox 1805 970 2070 1041; x_wconf 86' lang='lat' dir='ltr'><strong>itemque</strong></span> 
     </span>
    </p>
   </div>
   <div class='ocr_carea' id='block_1_10' title="bbox 412 1057 2066 1133">
    <p class='ocr_par' dir='ltr' id='par_1_10' title="bbox 412 1057 2066 1133">
     <span class='ocr_line' id='line_1_10' title="bbox 412 1057 2066 1133; baseline -0.003 -16"><span class='ocrx_word' id='word_1_57' title='bbox 412 1061 563 1118; x_wconf 89' lang='lat' dir='ltr'><strong>illud</strong></span> <span class='ocrx_word' id='word_1_58' title='bbox 589 1079 602 1118; x_wconf 92' lang='lat'>:</span> <span class='ocrx_word' id='word_1_59' title='bbox 636 1062 711 1118; x_wconf 84' lang='lat' dir='ltr'><strong>Ne</strong></span> <span class='ocrx_word' id='word_1_60' title='bbox 748 1062 886 1133; x_wconf 85' lang='lat' dir='ltr'><strong>quid</strong></span> <span class='ocrx_word' id='word_1_61' title='bbox 913 1063 1095 1117; x_wconf 85' lang='lat' dir='ltr'><strong>nimis.</strong></span> <span class='ocrx_word' id='word_1_62' title='bbox 1121 1057 2066 1133; x_wconf 88' lang='lat' dir='ltr'><strong>Thales,philosophusphysicus,</strong></span> 
     </span>
    </p>
   </div>
   <div class='ocr_carea' id='block_1_11' title="bbox 412 1147 2067 1223">
    <p class='ocr_par' dir='ltr' id='par_1_11' title="bbox 412 1147 2067 1223">
     <span class='ocr_line' id='line_1_11' title="bbox 412 1147 2067 1223; baseline -0.004 -16"><span class='ocrx_word' id='word_1_63' title='bbox 412 1150 665 1223; x_wconf 88' lang='lat' dir='ltr'><strong>eclipsin</strong></span> <span class='ocrx_word' id='word_1_64' title='bbox 695 1150 970 1222; x_wconf 83' lang='lat' dir='ltr'><strong>praedixit</strong></span> <span class='ocrx_word' id='word_1_65' title='bbox 997 1147 1106 1205; x_wconf 87' lang='lat' dir='ltr'><strong>sub</strong></span> <span class='ocrx_word' id='word_1_66' title='bbox 1158 1148 1332 1204; x_wconf 91' lang='lat' dir='ltr'><strong>Dario</strong></span> <span class='ocrx_word' id='word_1_67' title='bbox 1388 1147 1581 1218; x_wconf 86' lang='lat' dir='ltr'><strong>(Medo</strong></span> <span class='ocrx_word' id='word_1_68' title='bbox 1626 1147 1745 1203; x_wconf 85' lang='lat' dir='ltr'><strong>sive</strong></span> <span class='ocrx_word' id='word_1_69' title='bbox 1795 1149 2067 1219; x_wconf 79' lang='lat' dir='ltr'><strong>Astyage.</strong></span> 
     </span>
    </p>
   </div>
   <div class='ocr_carea' id='block_1_12' title="bbox 416 1235 2069 1309">
    <p class='ocr_par' dir='ltr' id='par_1_12' title="bbox 416 1235 2069 1309">
     <span class='ocr_line' id='line_1_12' title="bbox 416 1235 2069 1309; baseline -0.002 -15"><span class='ocrx_word' id='word_1_70' title='bbox 416 1240 478 1294; x_wconf 91' lang='lat' dir='ltr'><strong>V.</strong></span> <span class='ocrx_word' id='word_1_71' title='bbox 512 1238 743 1294; x_wconf 86' lang='lat' dir='ltr'><strong>Kusteri</strong></span> <span class='ocrx_word' id='word_1_72' title='bbox 776 1243 899 1294; x_wconf 77' lang='lat' dir='ltr'><strong>not-</strong></span> <span class='ocrx_word' id='word_1_73' title='bbox 930 1240 986 1306; x_wconf 90' lang='lat'><strong>2,</strong></span> <span class='ocrx_word' id='word_1_74' title='bbox 1019 1242 1162 1293; x_wconf 91' lang='lat' dir='ltr'><strong>tom.</strong></span> <span class='ocrx_word' id='word_1_75' title='bbox 1196 1236 1267 1306; x_wconf 88' lang='lat' dir='ltr'><strong>ll,</strong></span> <span class='ocrx_word' id='word_1_76' title='bbox 1298 1252 1430 1309; x_wconf 91' lang='lat' dir='ltr'><strong>pag.</strong></span> <span class='ocrx_word' id='word_1_77' title='bbox 1464 1235 1611 1307; x_wconf 79' lang='grc'><strong>163).</strong></span> <span class='ocrx_word' id='word_1_78' title='bbox 1641 1235 2069 1307; x_wconf 83' lang='lat' dir='ltr'><strong>AristOphanes</strong></span> 
     </span>
    </p>
   </div>
   <div class='ocr_carea' id='block_1_13' title="bbox 412 1317 2066 1397">
    <p class='ocr_par' dir='ltr' id='par_1_13' title="bbox 412 1317 2066 1397">
     <span class='ocr_line' id='line_1_13' title="bbox 412 1317 2066 1397; baseline -0.003 -16"><span class='ocrx_word' id='word_1_79' title='bbox 412 1325 715 1381; x_wconf 81' lang='lat' dir='ltr'><strong>Thaletem</strong></span> <span class='ocrx_word' id='word_1_80' title='bbox 746 1330 915 1381; x_wconf 84' lang='lat' dir='ltr'><strong>vocat</strong></span> <span class='ocrx_word' id='word_1_81' title='bbox 960 1321 1245 1397; x_wconf 79' lang='grc' dir='ltr'><strong>ἄνθρωπον</strong></span> <span class='ocrx_word' id='word_1_82' title='bbox 1300 1318 1466 1396; x_wconf 71' lang='grc' dir='ltr'>ἄκρον</span> <span class='ocrx_word' id='word_1_83' title='bbox 1523 1321 1622 1389; x_wconf 81' lang='grc' dir='ltr'>τήν</span> <span class='ocrx_word' id='word_1_84' title='bbox 1674 1317 2066 1394; x_wconf 73' lang='grc' dir='ltr'><strong>ἀστρονομίαν.</strong></span> 
     </span>
    </p>
   </div>
   <div class='ocr_carea' id='block_1_14' title="bbox 413 1406 2073 1483">
    <p class='ocr_par' dir='ltr' id='par_1_14' title="bbox 413 1406 2073 1483">
     <span class='ocr_line' id='line_1_14' title="bbox 413 1406 2073 1483; baseline -0.004 -13"><span class='ocrx_word' id='word_1_85' title='bbox 413 1411 594 1483; x_wconf 75' lang='grc' dir='ltr'>Θάλης</span> <span class='ocrx_word' id='word_1_86' title='bbox 626 1411 805 1470; x_wconf 85' lang='lat' dir='ltr'><strong>habet</strong></span> <span class='ocrx_word' id='word_1_87' title='bbox 829 1408 1100 1480; x_wconf 74' lang='grc' dir='ltr'><strong>Θάλητος,</strong></span> <span class='ocrx_word' id='word_1_88' title='bbox 1134 1417 1195 1468; x_wconf 87' lang='lat' dir='ltr'><strong>at</strong></span> <span class='ocrx_word' id='word_1_89' title='bbox 1222 1410 1430 1480; x_wconf 70' lang='grc' dir='ltr'><strong>Θαλῆς,</strong></span> <span class='ocrx_word' id='word_1_90' title='bbox 1488 1406 1691 1466; x_wconf 77' lang='grc' dir='ltr'><strong>Θαλοῦ.</strong></span> <span class='ocrx_word' id='word_1_91' title='bbox 1741 1410 1966 1467; x_wconf 83' lang='lat' dir='ltr'><strong>Dicitur</strong></span> <span class='ocrx_word' id='word_1_92' title='bbox 2012 1413 2073 1467; x_wconf 85' lang='lat' dir='ltr'><strong>et</strong></span> 
     </span>
    </p>
   </div>
   <div class='ocr_carea' id='block_1_15' title="bbox 412 1500 1001 1575">
    <p class='ocr_par' dir='ltr' id='par_1_15' title="bbox 412 1500 1001 1575">
     <span class='ocr_line' id='line_1_15' title="bbox 412 1500 1001 1575; baseline -0.005 -16"><span class='ocrx_word' id='word_1_93' title='bbox 412 1500 618 1565; x_wconf 83' lang='grc' dir='ltr'><strong>Θαλέας</strong></span> <span class='ocrx_word' id='word_1_94' title='bbox 649 1510 716 1560; x_wconf 90' lang='lat' dir='ltr'><strong>ut</strong></span> <span class='ocrx_word' id='word_1_95' title='bbox 746 1500 1001 1575; x_wconf 65' lang='lat' dir='ltr'><strong>&#39;Epuéac.</strong></span> 
     </span>
    </p>
   </div>
   <div class='ocr_carea' id='block_1_16' title="bbox 481 1588 2068 1663">
    <p class='ocr_par' dir='ltr' id='par_1_16' title="bbox 481 1588 2068 1663">
     <span class='ocr_line' id='line_1_16' title="bbox 481 1588 2068 1663; baseline -0.003 -14"><span class='ocrx_word' id='word_1_96' title='bbox 481 1592 753 1649; x_wconf 90' lang='lat' dir='ltr'><strong>Thaletas</strong></span> <span class='ocrx_word' id='word_1_97' title='bbox 797 1592 933 1663; x_wconf 80' lang='lat'><strong>(29),</strong></span> <span class='ocrx_word' id='word_1_98' title='bbox 991 1589 1296 1646; x_wconf 86' lang='lat' dir='ltr'><strong>Cretensis</strong></span> <span class='ocrx_word' id='word_1_99' title='bbox 1352 1592 1455 1645; x_wconf 90' lang='lat' dir='ltr'><strong>aut</strong></span> <span class='ocrx_word' id='word_1_100' title='bbox 1502 1588 1763 1662; x_wconf 82' lang='lat' dir='ltr'><strong>Illyrius,</strong></span> <span class='ocrx_word' id='word_1_101' title='bbox 1820 1588 2068 1661; x_wconf 69' lang='lat' dir='ltr'><strong>lyricus,</strong></span> 
     </span>
    </p>
   </div>
   <div class='ocr_carea' id='block_1_17' title="bbox 413 1681 1613 1756">
    <p class='ocr_par' dir='ltr' id='par_1_17' title="bbox 413 1681 1613 1756">
     <span class='ocr_line' id='line_1_17' title="bbox 413 1681 1613 1756; baseline -0.005 -15"><span class='ocrx_word' id='word_1_102' title='bbox 413 1684 716 1756; x_wconf 87' lang='lat' dir='ltr'><strong>antiquior</strong></span> <span class='ocrx_word' id='word_1_103' title='bbox 748 1684 1020 1739; x_wconf 87' lang='lat' dir='ltr'><strong>llomero.</strong></span> <span class='ocrx_word' id='word_1_104' title='bbox 1054 1681 1295 1753; x_wconf 89' lang='lat' dir='ltr'><strong>scripsit</strong></span> <span class='ocrx_word' id='word_1_105' title='bbox 1326 1681 1613 1737; x_wconf 86' lang='lat' dir='ltr'><strong>carmina.</strong></span> 
     </span>
    </p>
   </div>
   <div class='ocr_carea' id='block_1_18' title="bbox 486 1768 2072 1843">
    <p class='ocr_par' dir='ltr' id='par_1_18' title="bbox 486 1768 2072 1843">
     <span class='ocr_line' id='line_1_18' title="bbox 486 1768 2072 1843; baseline -0.004 -14"><span class='ocrx_word' id='word_1_106' title='bbox 486 1773 778 1835; x_wconf 90' lang='lat' dir='ltr'><strong>Thaletas,</strong></span> <span class='ocrx_word' id='word_1_107' title='bbox 810 1771 1091 1827; x_wconf 90' lang='lat' dir='ltr'><strong>Cnossius</strong></span> <span class='ocrx_word' id='word_1_108' title='bbox 1124 1770 1478 1843; x_wconf 87' lang='lat' dir='ltr'><strong>rhapsodus,</strong></span> <span class='ocrx_word' id='word_1_109' title='bbox 1511 1768 1750 1841; x_wconf 86' lang='lat' dir='ltr'><strong>scripsit</strong></span> <span class='ocrx_word' id='word_1_110' title='bbox 1796 1772 2072 1840; x_wconf 89' lang='lat' dir='ltr'><strong>poemata</strong></span> 
     </span>
    </p>
   </div>
   <div class='ocr_carea' id='block_1_19' title="bbox 415 1861 1003 1935">
    <p class='ocr_par' dir='ltr' id='par_1_19' title="bbox 415 1861 1003 1935">
     <span class='ocr_line' id='line_1_19' title="bbox 415 1861 1003 1935; baseline -0.007 -16"><span class='ocrx_word' id='word_1_111' title='bbox 415 1861 689 1935; x_wconf 80' lang='lat' dir='ltr'><strong>quaedam</strong></span> <span class='ocrx_word' id='word_1_112' title='bbox 721 1861 1003 1934; x_wconf 84' lang='lat' dir='ltr'><strong>mythica.</strong></span> 
     </span>
    </p>
   </div>
   <div class='ocr_carea' id='block_1_20' title="bbox 484 1944 2083 2022">
    <p class='ocr_par' dir='ltr' id='par_1_20' title="bbox 484 1944 2083 2022">
     <span class='ocr_line' id='line_1_20' title="bbox 484 1944 2083 2022; baseline -0.001 -15"><span class='ocrx_word' id='word_1_113' title='bbox 484 1950 811 2022; x_wconf 88' lang='lat' dir='ltr'><strong>Thamyris.</strong></span> <span class='ocrx_word' id='word_1_114' title='bbox 866 1949 957 2005; x_wconf 87' lang='lat' dir='ltr'><strong>vel</strong></span> <span class='ocrx_word' id='word_1_115' title='bbox 1003 1948 1347 2021; x_wconf 88' lang='lat' dir='ltr'><strong>Thamyras,</strong></span> <span class='ocrx_word' id='word_1_116' title='bbox 1399 1948 1611 2015; x_wconf 81' lang='lat' dir='ltr'><strong>Thrax,</strong></span> <span class='ocrx_word' id='word_1_117' title='bbox 1663 1963 1733 2005; x_wconf 89' lang='lat' dir='ltr'><strong>ex</strong></span> <span class='ocrx_word' id='word_1_118' title='bbox 1782 1944 2083 2016; x_wconf 85' lang='lat' dir='ltr'><strong>Hedonis,.</strong></span> 
     </span>
    </p>
   </div>
   <div class='ocr_carea' id='block_1_21' title="bbox 412 2036 2065 2109">
    <p class='ocr_par' dir='ltr' id='par_1_21' title="bbox 412 2036 2065 2109">
     <span class='ocr_line' id='line_1_21' title="bbox 412 2036 2065 2109; baseline -0.004 -12"><span class='ocrx_word' id='word_1_119' title='bbox 412 2040 560 2098; x_wconf 87' lang='lat' dir='ltr'><strong>urbe</strong></span> <span class='ocrx_word' id='word_1_120' title='bbox 584 2038 1395 2105; x_wconf 87' lang='lat' dir='ltr'><strong>Brincorum,Philammonis</strong></span> <span class='ocrx_word' id='word_1_121' title='bbox 1413 2044 1472 2094; x_wconf 89' lang='lat' dir='ltr'><strong>et</strong></span> <span class='ocrx_word' id='word_1_122' title='bbox 1494 2037 1777 2094; x_wconf 79' lang='lat' dir='ltr'><strong>Arsinoes</strong></span> <span class='ocrx_word' id='word_1_123' title='bbox 1825 2037 1886 2093; x_wconf 86' lang='lat' dir='ltr'><strong>F.</strong></span> <span class='ocrx_word' id='word_1_124' title='bbox 1939 2036 2065 2109; x_wconf 91' lang='lat' dir='ltr'><strong>epi-</strong></span> 
     </span>
    </p>
   </div>
   <div class='ocr_carea' id='block_1_22' title="bbox 414 2125 2062 2197">
    <p class='ocr_par' dir='ltr' id='par_1_22' title="bbox 414 2125 2062 2197">
     <span class='ocr_line' id='line_1_22' title="bbox 414 2125 2062 2197; baseline -0.003 -11"><span class='ocrx_word' id='word_1_125' title='bbox 414 2146 517 2186; x_wconf 88' lang='lat' dir='ltr'><strong>cus</strong></span> <span class='ocrx_word' id='word_1_126' title='bbox 538 2135 675 2185; x_wconf 88' lang='lat' dir='ltr'><strong>ante</strong></span> <span class='ocrx_word' id='word_1_127' title='bbox 690 2129 1009 2185; x_wconf 85' lang='lat' dir='ltr'><strong>Homerum</strong></span> <span class='ocrx_word' id='word_1_128' title='bbox 1029 2126 1624 2197; x_wconf 88' lang='lat' dir='ltr'><strong>octavus,secuudum</strong></span> <span class='ocrx_word' id='word_1_129' title='bbox 1637 2126 1785 2181; x_wconf 89' lang='lat' dir='ltr'><strong>alios</strong></span> <span class='ocrx_word' id='word_1_130' title='bbox 1799 2125 2062 2197; x_wconf 90' lang='lat' dir='ltr'><strong>quintus.</strong></span> 
     </span>
    </p>
   </div>
   <div class='ocr_carea' id='block_1_23' title="bbox 410 2213 2067 2291">
    <p class='ocr_par' dir='ltr' id='par_1_23' title="bbox 410 2213 2067 2291">
     <span class='ocr_line' id='line_1_23' title="bbox 410 2213 2067 2291; baseline -0.003 -16"><span class='ocrx_word' id='word_1_131' title='bbox 410 2219 525 2275; x_wconf 83' lang='lat' dir='ltr'><strong>Alli</strong></span> <span class='ocrx_word' id='word_1_132' title='bbox 552 2217 868 2291; x_wconf 83' lang='lat' dir='ltr'><strong>Odrysium</strong></span> <span class='ocrx_word' id='word_1_133' title='bbox 898 2217 1083 2274; x_wconf 85' lang='lat' dir='ltr'><strong>fuisse</strong></span> <span class='ocrx_word' id='word_1_134' title='bbox 1108 2216 1336 2273; x_wconf 91' lang='lat' dir='ltr'><strong>dicunt.</strong></span> <span class='ocrx_word' id='word_1_135' title='bbox 1370 2217 1475 2272; x_wconf 81' lang='lat' dir='ltr'><strong>Hic</strong></span> <span class='ocrx_word' id='word_1_136' title='bbox 1525 2214 1857 2287; x_wconf 86' lang='lat' dir='ltr'><strong>Thamyris,</strong></span> <span class='ocrx_word' id='word_1_137' title='bbox 1907 2213 2067 2286; x_wconf 90' lang='lat' dir='ltr'><strong>quod</strong></span> 
     </span>
    </p>
   </div>
   <div class='ocr_carea' id='block_1_24' title="bbox 412 2305 2065 2376">
    <p class='ocr_par' dir='ltr' id='par_1_24' title="bbox 412 2305 2065 2376">
     <span class='ocr_line' id='line_1_24' title="bbox 412 2305 2065 2376; baseline -0.004 -12"><span class='ocrx_word' id='word_1_138' title='bbox 412 2310 605 2365; x_wconf 81' lang='lat' dir='ltr'><strong>Musas</strong></span> <span class='ocrx_word' id='word_1_139' title='bbox 625 2306 991 2365; x_wconf 89' lang='lat' dir='ltr'><strong>contumelia</strong></span> <span class='ocrx_word' id='word_1_140' title='bbox 1006 2306 1322 2376; x_wconf 73' lang='lat' dir='ltr'><strong>affecisset,</strong></span> <span class='ocrx_word' id='word_1_141' title='bbox 1355 2305 1429 2363; x_wconf 90' lang='lat' dir='ltr'><strong>ab</strong></span> <span class='ocrx_word' id='word_1_142' title='bbox 1462 2305 1583 2361; x_wconf 90' lang='lat' dir='ltr'><strong>illis</strong></span> <span class='ocrx_word' id='word_1_143' title='bbox 1606 2309 1932 2360; x_wconf 69' lang='lat' dir='ltr'><strong>excascatus</strong></span> <span class='ocrx_word' id='word_1_144' title='bbox 1956 2308 2065 2359; x_wconf 89' lang='lat' dir='ltr'><strong>est.</strong></span> 
     </span>
    </p>
   </div>
   <div class='ocr_carea' id='block_1_25' title="bbox 413 2393 2069 2469">
    <p class='ocr_par' dir='ltr' id='par_1_25' title="bbox 413 2393 2069 2469">
     <span class='ocr_line' id='line_1_25' title="bbox 413 2393 2069 2469; baseline -0.004 -13"><span class='ocrx_word' id='word_1_145' title='bbox 413 2401 616 2456; x_wconf 82' lang='lat' dir='ltr'><strong>Exstat</strong></span> <span class='ocrx_word' id='word_1_146' title='bbox 639 2400 746 2469; x_wconf 86' lang='lat'><strong>(30)</strong></span> <span class='ocrx_word' id='word_1_147' title='bbox 778 2398 908 2469; x_wconf 84' lang='lat' dir='ltr'><strong>ejus</strong></span> <span class='ocrx_word' id='word_1_148' title='bbox 942 2396 1243 2467; x_wconf 84' lang='lat' dir='ltr'><strong>Theologia</strong></span> <span class='ocrx_word' id='word_1_149' title='bbox 1283 2396 1549 2452; x_wconf 84' lang='lat' dir='ltr'><strong>versibus</strong></span> <span class='ocrx_word' id='word_1_150' title='bbox 1596 2395 1720 2451; x_wconf 83' lang='lat' dir='ltr'><strong>fere</strong></span> <span class='ocrx_word' id='word_1_151' title='bbox 1766 2400 1857 2451; x_wconf 90' lang='lat' dir='ltr'><strong>ter</strong></span> <span class='ocrx_word' id='word_1_152' title='bbox 1902 2393 2069 2449; x_wconf 90' lang='lat' dir='ltr'><strong>mille</strong></span> 
     </span>
    </p>
   </div>
   <div class='ocr_carea' id='block_1_26' title="bbox 415 2483 2072 2560">
    <p class='ocr_par' dir='ltr' id='par_1_26' title="bbox 415 2483 2072 2560">
     <span class='ocr_line' id='line_1_26' title="bbox 415 2483 2072 2560; baseline -0.004 -14"><span class='ocrx_word' id='word_1_153' title='bbox 415 2487 778 2546; x_wconf 81' lang='lat' dir='ltr'><strong>hexametris</strong></span> <span class='ocrx_word' id='word_1_154' title='bbox 807 2488 1259 2560; x_wconf 88' lang='lat' dir='ltr'><strong>comprehensa.</strong></span> <span class='ocrx_word' id='word_1_155' title='bbox 1292 2485 1527 2543; x_wconf 89' lang='lat' dir='ltr'><strong>Primus</strong></span> <span class='ocrx_word' id='word_1_156' title='bbox 1557 2500 1809 2557; x_wconf 90' lang='lat' dir='ltr'><strong>puerum</strong></span> <span class='ocrx_word' id='word_1_157' title='bbox 1834 2483 2072 2540; x_wconf 88' lang='lat' dir='ltr'><strong>adama-</strong></span> 
     </span>
    </p>
   </div>
   <div class='ocr_carea' id='block_1_27' title="bbox 415 2573 2071 2652">
    <p class='ocr_par' dir='ltr' id='par_1_27' title="bbox 415 2573 2071 2652">
     <span class='ocr_line' id='line_1_27' title="bbox 415 2573 2071 2652; baseline -0.004 -16"><span class='ocrx_word' id='word_1_158' title='bbox 415 2581 496 2637; x_wconf 90' lang='lat' dir='ltr'><strong>vit</strong></span> <span class='ocrx_word' id='word_1_159' title='bbox 526 2581 930 2652; x_wconf 67' lang='lat' dir='ltr'><strong>Hymenazum,</strong></span> <span class='ocrx_word' id='word_1_160' title='bbox 960 2577 1256 2650; x_wconf 86' lang='lat' dir='ltr'><strong>Calliopes</strong></span> <span class='ocrx_word' id='word_1_161' title='bbox 1286 2583 1345 2633; x_wconf 88' lang='lat' dir='ltr'><strong>et</strong></span> <span class='ocrx_word' id='word_1_162' title='bbox 1373 2575 1657 2649; x_wconf 83' lang='lat' dir='ltr'><strong>Magnetis</strong></span> <span class='ocrx_word' id='word_1_163' title='bbox 1682 2575 1740 2631; x_wconf 87' lang='lat' dir='ltr'><strong>F.</strong></span> <span class='ocrx_word' id='word_1_164' title='bbox 1771 2574 1885 2629; x_wconf 83' lang='lat' dir='ltr'><strong>Alii</strong></span> <span class='ocrx_word' id='word_1_165' title='bbox 1916 2573 2071 2630; x_wconf 82' lang='lat' dir='ltr'><strong>Rha-</strong></span> 
     </span>
    </p>
   </div>
   <div class='ocr_carea' id='block_1_28' title="bbox 417 2662 2070 2731">
    <p class='ocr_par' dir='ltr' id='par_1_28' title="bbox 417 2662 2070 2731">
     <span class='ocr_line' id='line_1_28' title="bbox 417 2662 2070 2731; baseline -0.005 -4"><span class='ocrx_word' id='word_1_166' title='bbox 417 2668 807 2727; x_wconf 89' lang='lat' dir='ltr'><strong>damanthum</strong></span> <span class='ocrx_word' id='word_1_167' title='bbox 837 2667 1007 2724; x_wconf 89' lang='lat' dir='ltr'><strong>aiunt</strong></span> <span class='ocrx_word' id='word_1_168' title='bbox 1035 2667 1377 2723; x_wconf 89' lang='lat' dir='ltr'><strong>adamatum</strong></span> <span class='ocrx_word' id='word_1_169' title='bbox 1412 2683 1446 2722; x_wconf 91' lang='lat' dir='ltr'><strong>a</strong></span> <span class='ocrx_word' id='word_1_170' title='bbox 1475 2665 1738 2730; x_wconf 89' lang='lat' dir='ltr'><strong>Tallone,</strong></span> <span class='ocrx_word' id='word_1_171' title='bbox 1780 2662 2070 2731; x_wconf 89' lang='lat' dir='ltr'><strong>Cretensi,</strong></span> 
     </span>
    </p>
   </div>
   <div class='ocr_carea' id='block_1_29' title="bbox 416 2751 2072 2829">
    <p class='ocr_par' dir='ltr' id='par_1_29' title="bbox 416 2751 2072 2829">
     <span class='ocr_line' id='line_1_29' title="bbox 416 2751 2072 2829; baseline -0.005 -14"><span class='ocrx_word' id='word_1_172' title='bbox 416 2758 511 2815; x_wconf 87' lang='lat' dir='ltr'><strong>vel</strong></span> <span class='ocrx_word' id='word_1_173' title='bbox 542 2758 961 2829; x_wconf 89' lang='lat' dir='ltr'><strong>Chrysippum,</strong></span> <span class='ocrx_word' id='word_1_174' title='bbox 986 2755 1224 2827; x_wconf 90' lang='lat' dir='ltr'><strong>Pelopis</strong></span> <span class='ocrx_word' id='word_1_175' title='bbox 1255 2756 1315 2810; x_wconf 91' lang='lat' dir='ltr'><strong>F.</strong></span> <span class='ocrx_word' id='word_1_176' title='bbox 1350 2771 1385 2810; x_wconf 91' lang='lat' dir='ltr'><strong>a</strong></span> <span class='ocrx_word' id='word_1_177' title='bbox 1418 2753 1576 2810; x_wconf 87' lang='lat' dir='ltr'><strong>Laio.</strong></span> <span class='ocrx_word' id='word_1_178' title='bbox 1599 2753 1711 2809; x_wconf 92' lang='lat' dir='ltr'><strong>Alii</strong></span> <span class='ocrx_word' id='word_1_179' title='bbox 1742 2752 1921 2808; x_wconf 87' lang='lat' dir='ltr'><strong>Italos</strong></span> <span class='ocrx_word' id='word_1_180' title='bbox 1940 2751 2072 2824; x_wconf 84' lang='lat' dir='ltr'><strong>pri-</strong></span> 
     </span>
    </p>
   </div>
   <div class='ocr_carea' id='block_1_30' title="bbox 413 2838 2072 2905">
    <p class='ocr_par' dir='ltr' id='par_1_30' title="bbox 413 2838 2072 2905">
     <span class='ocr_line' id='line_1_30' title="bbox 413 2838 2072 2905; baseline -0.007 0"><span class='ocrx_word' id='word_1_181' title='bbox 413 2865 543 2905; x_wconf 90' lang='lat' dir='ltr'><strong>mos</strong></span> <span class='ocrx_word' id='word_1_182' title='bbox 574 2848 685 2903; x_wconf 90' lang='lat' dir='ltr'><strong>hoc</strong></span> <span class='ocrx_word' id='word_1_183' title='bbox 718 2847 791 2903; x_wconf 90' lang='lat' dir='ltr'><strong>ob</strong></span> <span class='ocrx_word' id='word_1_184' title='bbox 824 2845 1055 2901; x_wconf 68' lang='lat' dir='ltr'><strong>militiae</strong></span> <span class='ocrx_word' id='word_1_185' title='bbox 1114 2843 1533 2899; x_wconf 89' lang='lat' dir='ltr'><strong>necessitatem</strong></span> <span class='ocrx_word' id='word_1_186' title='bbox 1587 2841 1907 2896; x_wconf 88' lang='lat' dir='ltr'><strong>invenisse.</strong></span> <span class='ocrx_word' id='word_1_187' title='bbox 1960 2838 2072 2895; x_wconf 90' lang='lat' dir='ltr'><strong>Sed</strong></span> 
     </span>
    </p>
   </div>
   <div class='ocr_carea' id='block_1_31' title="bbox 413 2928 2069 3009">
    <p class='ocr_par' dir='ltr' id='par_1_31' title="bbox 413 2928 2069 3009">
     <span class='ocr_line' id='line_1_31' title="bbox 413 2928 2069 3009; baseline -0.006 -17"><span class='ocrx_word' id='word_1_188' title='bbox 413 2935 884 3009; x_wconf 87' lang='lat' dir='ltr'><strong>primusJupiter</strong></span> <span class='ocrx_word' id='word_1_189' title='bbox 901 2931 1303 3004; x_wconf 87' lang='lat' dir='ltr'><strong>Ganymedem</strong></span> <span class='ocrx_word' id='word_1_190' title='bbox 1316 2929 1628 2986; x_wconf 87' lang='lat' dir='ltr'><strong>adamavit.</strong></span> <span class='ocrx_word' id='word_1_191' title='bbox 1647 2928 2028 2984; x_wconf 89' lang='lat' dir='ltr'><strong>Proverbium</strong></span> <span class='ocrx_word' id='word_1_192' title='bbox 2055 2943 2069 2982; x_wconf 93' lang='lat'><strong>:</strong></span> 
     </span>
    </p>
   </div>
   <div class='ocr_carea' id='block_1_32' title="bbox 420 3019 2073 3095">
    <p class='ocr_par' dir='ltr' id='par_1_32' title="bbox 420 3019 2073 3095">
     <span class='ocr_line' id='line_1_32' title="bbox 420 3019 2073 3095; baseline -0.005 -12"><span class='ocrx_word' id='word_1_193' title='bbox 420 3025 707 3095; x_wconf 78' lang='lat' dir='ltr'><strong>Thamyris</strong></span> <span class='ocrx_word' id='word_1_194' title='bbox 736 3024 965 3089; x_wconf 80' lang='lat' dir='ltr'><strong>insanit,</strong></span> <span class='ocrx_word' id='word_1_195' title='bbox 990 3021 1063 3078; x_wconf 90' lang='lat' dir='ltr'><strong>de</strong></span> <span class='ocrx_word' id='word_1_196' title='bbox 1086 3021 1158 3076; x_wconf 91' lang='lat' dir='ltr'><strong>iis</strong></span> <span class='ocrx_word' id='word_1_197' title='bbox 1191 3019 1291 3093; x_wconf 89' lang='lat' dir='ltr'><strong>qui</strong></span> <span class='ocrx_word' id='word_1_198' title='bbox 1324 3019 1624 3075; x_wconf 86' lang='lat' dir='ltr'><strong>industria</strong></span> <span class='ocrx_word' id='word_1_199' title='bbox 1654 3023 1712 3074; x_wconf 90' lang='lat' dir='ltr'><strong>et</strong></span> <span class='ocrx_word' id='word_1_200' title='bbox 1743 3023 1902 3074; x_wconf 88' lang='lat' dir='ltr'><strong>certo</strong></span> <span class='ocrx_word' id='word_1_201' title='bbox 1926 3033 2073 3074; x_wconf 85' lang='lat' dir='ltr'><strong>con-</strong></span> 
     </span>
    </p>
   </div>
   <div class='ocr_carea' id='block_1_33' title="bbox 417 3107 1994 3185">
    <p class='ocr_par' dir='ltr' id='par_1_33' title="bbox 417 3107 1994 3185">
     <span class='ocr_line' id='line_1_33' title="bbox 417 3107 1994 3185; baseline -0.006 -14"><span class='ocrx_word' id='word_1_202' title='bbox 417 3114 550 3172; x_wconf 84' lang='lat' dir='ltr'><strong>silio</strong></span> <span class='ocrx_word' id='word_1_203' title='bbox 582 3112 855 3185; x_wconf 70' lang='lat' dir='ltr'><strong>quaadam</strong></span> <span class='ocrx_word' id='word_1_204' title='bbox 888 3111 1066 3168; x_wconf 87' lang='lat' dir='ltr'><strong>stulte</strong></span> <span class='ocrx_word' id='word_1_205' title='bbox 1092 3109 1287 3167; x_wconf 80' lang='lat' dir='ltr'><strong>facere</strong></span> <span class='ocrx_word' id='word_1_206' title='bbox 1316 3108 1612 3175; x_wconf 90' lang='lat' dir='ltr'><strong>videntur,</strong></span> <span class='ocrx_word' id='word_1_207' title='bbox 1646 3108 1707 3163; x_wconf 93' lang='lat' dir='ltr'><strong>in</strong></span> <span class='ocrx_word' id='word_1_208' title='bbox 1737 3107 1994 3179; x_wconf 75' lang='grc' dir='ltr'><strong>Ἀμυρις.</strong></span> 
     </span>
    </p>
   </div>
   <div class='ocr_carea' id='block_1_34' title="bbox 486 3198 2072 3273">
    <p class='ocr_par' dir='ltr' id='par_1_34' title="bbox 486 3198 2072 3273">
     <span class='ocr_line' id='line_1_34' title="bbox 486 3198 2072 3273; baseline -0.003 -12"><span class='ocrx_word' id='word_1_209' title='bbox 486 3206 841 3268; x_wconf 58' lang='lat' dir='ltr'><strong>Theaetetus,</strong></span> <span class='ocrx_word' id='word_1_210' title='bbox 865 3201 1270 3269; x_wconf 86' lang='lat' dir='ltr'><strong>Atheniensis,</strong></span> <span class='ocrx_word' id='word_1_211' title='bbox 1293 3198 2072 3273; x_wconf 87' lang='lat' dir='ltr'><strong>astrologus,philosophus,</strong></span> 
     </span>
    </p>
   </div>
   <div class='ocr_carea' id='block_1_35' title="bbox 2095 1891 2146 1969">
    <p class='ocr_par' dir='ltr' id='par_1_35' title="bbox 2095 1891 2146 1969">
     <span class='ocr_line' id='line_1_35' title="bbox 2095 1891 2146 1969; baseline 0 0"><span class='ocrx_word' id='word_1_212' title='bbox 2095 1891 2146 1969; x_wconf 84' lang='lat' dir='ltr'><strong><em>B</em></strong></span> 
     </span>
    </p>
   </div>
   <div class='ocr_carea' id='block_1_36' title="bbox 2175 612 3845 686">
    <p class='ocr_par' dir='ltr' id='par_1_36' title="bbox 2175 612 3845 686">
     <span class='ocr_line' id='line_1_36' title="bbox 2175 612 3845 686; baseline 0.002 -17"><span class='ocrx_word' id='word_1_213' title='bbox 2175 612 2389 669; x_wconf 79' lang='lat' dir='ltr'><strong>virtute</strong></span> <span class='ocrx_word' id='word_1_214' title='bbox 2417 613 2491 670; x_wconf 91' lang='lat' dir='ltr'><strong>ad</strong></span> <span class='ocrx_word' id='word_1_215' title='bbox 2534 614 2994 686; x_wconf 84' lang='lat' dir='ltr'><strong>Hippodamum,</strong></span> <span class='ocrx_word' id='word_1_216' title='bbox 3038 614 3362 683; x_wconf 90' lang='lat' dir='ltr'><strong>Thurium;</strong></span> <span class='ocrx_word' id='word_1_217' title='bbox 3420 615 3845 673; x_wconf 74' lang='lat' dir='ltr'><strong>Admonitiones</strong></span> 
     </span>
    </p>
   </div>
   <div class='ocr_carea' id='block_1_37' title="bbox 2176 703 3549 774">
    <p class='ocr_par' dir='ltr' id='par_1_37' title="bbox 2176 703 3549 774">
     <span class='ocr_line' id='line_1_37' title="bbox 2176 703 3549 774; baseline 0.001 -15"><span class='ocrx_word' id='word_1_218' title='bbox 2176 703 2464 759; x_wconf 80' lang='lat' dir='ltr'><strong>muliebres</strong></span> <span class='ocrx_word' id='word_1_219' title='bbox 2492 707 2555 759; x_wconf 89' lang='lat' dir='ltr'><strong>et</strong></span> <span class='ocrx_word' id='word_1_220' title='bbox 2580 703 3021 774; x_wconf 78' lang='lat' dir='ltr'><strong>Apophtegmata</strong></span> <span class='ocrx_word' id='word_1_221' title='bbox 3055 703 3549 773; x_wconf 80' lang='lat' dir='ltr'><strong>Pythagoreorum.</strong></span> 
     </span>
    </p>
   </div>
   <div class='ocr_carea' id='block_1_38' title="bbox 2246 792 3841 864">
    <p class='ocr_par' dir='ltr' id='par_1_38' title="bbox 2246 792 3841 864">
     <span class='ocr_line' id='line_1_38' title="bbox 2246 792 3841 864; baseline 0.001 -17"><span class='ocrx_word' id='word_1_222' title='bbox 2246 792 2506 859; x_wconf 84' lang='lat' dir='ltr'><strong>Theano,</strong></span> <span class='ocrx_word' id='word_1_223' title='bbox 2537 792 2856 861; x_wconf 87' lang='lat' dir='ltr'><strong>Cretensis,</strong></span> <span class='ocrx_word' id='word_1_224' title='bbox 2888 792 3266 864; x_wconf 88' lang='lat' dir='ltr'><strong>philosopha,</strong></span> <span class='ocrx_word' id='word_1_225' title='bbox 3298 792 3423 848; x_wconf 82' lang='lat' dir='ltr'><strong>filia</strong></span> <span class='ocrx_word' id='word_1_226' title='bbox 3441 793 3841 864; x_wconf 81' lang='lat' dir='ltr'><strong>Pythonactis</strong></span> 
     </span>
    </p>
   </div>
   <div class='ocr_carea' id='block_1_39' title="bbox 2177 882 3841 956">
    <p class='ocr_par' dir='ltr' id='par_1_39' title="bbox 2177 882 3841 956">
     <span class='ocr_line' id='line_1_39' title="bbox 2177 882 3841 956; baseline 0.001 -18"><span class='ocrx_word' id='word_1_227' title='bbox 2177 892 2236 938; x_wconf 85' lang='lat' dir='ltr'><strong>et</strong></span> <span class='ocrx_word' id='word_1_228' title='bbox 2253 898 2404 938; x_wconf 86' lang='lat' dir='ltr'><strong>uxor</strong></span> <span class='ocrx_word' id='word_1_229' title='bbox 2424 882 2621 956; x_wconf 87' lang='lat' dir='ltr'><strong>magni</strong></span> <span class='ocrx_word' id='word_1_230' title='bbox 2648 882 3014 956; x_wconf 57' lang='lat' dir='ltr'><strong>Pythagoras,</strong></span> <span class='ocrx_word' id='word_1_231' title='bbox 3035 898 3105 938; x_wconf 88' lang='lat' dir='ltr'><strong>ex</strong></span> <span class='ocrx_word' id='word_1_232' title='bbox 3127 898 3245 953; x_wconf 90' lang='lat' dir='ltr'><strong>quo</strong></span> <span class='ocrx_word' id='word_1_233' title='bbox 3263 882 3841 955; x_wconf 81' lang='lat' dir='ltr'><strong>suscepitTelaugen</strong></span> 
     </span>
    </p>
   </div>
   <div class='ocr_carea' id='block_1_40' title="bbox 2175 971 3842 1044">
    <p class='ocr_par' dir='ltr' id='par_1_40' title="bbox 2175 971 3842 1044">
     <span class='ocr_line' id='line_1_40' title="bbox 2175 971 3842 1044; baseline 0.001 -17"><span class='ocrx_word' id='word_1_234' title='bbox 2175 976 2236 1028; x_wconf 87' lang='lat' dir='ltr'><strong>et</strong></span> <span class='ocrx_word' id='word_1_235' title='bbox 2264 972 2678 1028; x_wconf 81' lang='lat' dir='ltr'><strong>Mnesarchum</strong></span> <span class='ocrx_word' id='word_1_236' title='bbox 2710 977 2766 1028; x_wconf 91' lang='lat' dir='ltr'><strong>et</strong></span> <span class='ocrx_word' id='word_1_237' title='bbox 2798 973 2991 1044; x_wconf 85' lang='lat' dir='ltr'><strong>Myam</strong></span> <span class='ocrx_word' id='word_1_238' title='bbox 3045 977 3105 1028; x_wconf 90' lang='lat' dir='ltr'><strong>et</strong></span> <span class='ocrx_word' id='word_1_239' title='bbox 3160 971 3525 1044; x_wconf 88' lang='lat' dir='ltr'><strong>Arigontem.</strong></span> <span class='ocrx_word' id='word_1_240' title='bbox 3580 973 3842 1038; x_wconf 83' lang='lat' dir='ltr'><strong>Quidam</strong></span> 
     </span>
    </p>
   </div>
   <div class='ocr_carea' id='block_1_41' title="bbox 2179 1060 3841 1130">
    <p class='ocr_par' dir='ltr' id='par_1_41' title="bbox 2179 1060 3841 1130">
     <span class='ocr_line' id='line_1_41' title="bbox 2179 1060 3841 1130; baseline 0.001 -13"><span class='ocrx_word' id='word_1_241' title='bbox 2179 1060 2350 1117; x_wconf 88' lang='lat' dir='ltr'><strong>aiunt</strong></span> <span class='ocrx_word' id='word_1_242' title='bbox 2369 1060 2554 1118; x_wconf 84' lang='lat' dir='ltr'><strong>fuisse</strong></span> <span class='ocrx_word' id='word_1_243' title='bbox 2575 1077 2822 1118; x_wconf 86' lang='lat' dir='ltr'><strong>uxorem</strong></span> <span class='ocrx_word' id='word_1_244' title='bbox 2843 1060 3131 1130; x_wconf 88' lang='lat' dir='ltr'><strong>Brontini,</strong></span> <span class='ocrx_word' id='word_1_245' title='bbox 3145 1061 3469 1117; x_wconf 91' lang='lat' dir='ltr'><strong>etCrotone</strong></span> <span class='ocrx_word' id='word_1_246' title='bbox 3486 1061 3841 1119; x_wconf 76' lang='lat' dir='ltr'><strong>oriundum.</strong></span> 
     </span>
    </p>
   </div>
   <div class='ocr_carea' id='block_1_42' title="bbox 2180 1150 3848 1223">
    <p class='ocr_par' dir='ltr' id='par_1_42' title="bbox 2180 1150 3848 1223">
     <span class='ocr_line' id='line_1_42' title="bbox 2180 1150 3848 1223; baseline 0.002 -17"><span class='ocrx_word' id='word_1_247' title='bbox 2180 1150 2429 1222; x_wconf 90' lang='lat' dir='ltr'><strong>Scripsit</strong></span> <span class='ocrx_word' id='word_1_248' title='bbox 2447 1151 2874 1208; x_wconf 81' lang='lat' dir='ltr'><strong>Commentarios</strong></span> <span class='ocrx_word' id='word_1_249' title='bbox 2899 1151 3309 1223; x_wconf 82' lang='lat' dir='ltr'><strong>philosophicas</strong></span> <span class='ocrx_word' id='word_1_250' title='bbox 3337 1156 3397 1207; x_wconf 90' lang='lat' dir='ltr'><strong>et</strong></span> <span class='ocrx_word' id='word_1_251' title='bbox 3424 1152 3848 1222; x_wconf 80' lang='lat' dir='ltr'><strong>Apophtegma-</strong></span> 
     </span>
    </p>
   </div>
   <div class='ocr_carea' id='block_1_43' title="bbox 2176 1239 3172 1314">
    <p class='ocr_par' dir='ltr' id='par_1_43' title="bbox 2176 1239 3172 1314">
     <span class='ocr_line' id='line_1_43' title="bbox 2176 1239 3172 1314; baseline 0.004 -21"><span class='ocrx_word' id='word_1_252' title='bbox 2176 1244 2257 1310; x_wconf 88' lang='lat' dir='ltr'><strong>ta,</strong></span> <span class='ocrx_word' id='word_1_253' title='bbox 2289 1243 2349 1294; x_wconf 91' lang='lat' dir='ltr'><strong>et</strong></span> <span class='ocrx_word' id='word_1_254' title='bbox 2374 1256 2578 1310; x_wconf 81' lang='lat' dir='ltr'><strong>poema</strong></span> <span class='ocrx_word' id='word_1_255' title='bbox 2607 1239 2907 1314; x_wconf 89' lang='lat' dir='ltr'><strong>quoddam</strong></span> <span class='ocrx_word' id='word_1_256' title='bbox 2937 1242 3172 1312; x_wconf 83' lang='lat' dir='ltr'><strong>epicum.</strong></span> 
     </span>
    </p>
   </div>
   <div class='ocr_carea' id='block_1_44' title="bbox 2247 1327 3847 1401">
    <p class='ocr_par' dir='ltr' id='par_1_44' title="bbox 2247 1327 3847 1401">
     <span class='ocr_line' id='line_1_44' title="bbox 2247 1327 3847 1401; baseline 0.003 -20"><span class='ocrx_word' id='word_1_257' title='bbox 2247 1328 2614 1401; x_wconf 78' lang='grc' dir='ltr'><strong>Θιμιστιύειν,</strong></span> <span class='ocrx_word' id='word_1_258' title='bbox 2647 1329 2889 1386; x_wconf 90' lang='lat' dir='ltr'><strong>oracula</strong></span> <span class='ocrx_word' id='word_1_259' title='bbox 2917 1329 3117 1399; x_wconf 88' lang='lat' dir='ltr'><strong>edere,</strong></span> <span class='ocrx_word' id='word_1_260' title='bbox 3175 1327 3333 1400; x_wconf 92' lang='lat' dir='ltr'><strong>quod</strong></span> <span class='ocrx_word' id='word_1_261' title='bbox 3389 1329 3630 1385; x_wconf 88' lang='lat' dir='ltr'><strong>Themis</strong></span> <span class='ocrx_word' id='word_1_262' title='bbox 3688 1330 3847 1386; x_wconf 89' lang='lat' dir='ltr'><strong>olim</strong></span> 
     </span>
    </p>
   </div>
   <div class='ocr_carea' id='block_1_45' title="bbox 2175 1417 3845 1490">
    <p class='ocr_par' dir='ltr' id='par_1_45' title="bbox 2175 1417 3845 1490">
     <span class='ocr_line' id='line_1_45' title="bbox 2175 1417 3845 1490; baseline 0.001 -17"><span class='ocrx_word' id='word_1_263' title='bbox 2175 1422 2311 1474; x_wconf 91' lang='lat' dir='ltr'><strong>ante</strong></span> <span class='ocrx_word' id='word_1_264' title='bbox 2342 1417 2681 1490; x_wconf 83' lang='lat' dir='ltr'><strong>Apollinem</strong></span> <span class='ocrx_word' id='word_1_265' title='bbox 2711 1418 2953 1476; x_wconf 89' lang='lat' dir='ltr'><strong>oracula</strong></span> <span class='ocrx_word' id='word_1_266' title='bbox 2979 1417 3430 1475; x_wconf 86' lang='lat' dir='ltr'><strong>consulentibus</strong></span> <span class='ocrx_word' id='word_1_267' title='bbox 3478 1418 3845 1475; x_wconf 86' lang='lat' dir='ltr'><strong>reddiderit.</strong></span> 
     </span>
    </p>
   </div>
   <div class='ocr_carea' id='block_1_46' title="bbox 2175 1507 3845 1582">
    <p class='ocr_par' dir='ltr' id='par_1_46' title="bbox 2175 1507 3845 1582">
     <span class='ocr_line' id='line_1_46' title="bbox 2175 1507 3845 1582; baseline 0.001 -20"><span class='ocrx_word' id='word_1_268' title='bbox 2175 1507 2257 1563; x_wconf 88' lang='lat' dir='ltr'><strong>De</strong></span> <span class='ocrx_word' id='word_1_269' title='bbox 2278 1507 2593 1579; x_wconf 82' lang='lat' dir='ltr'><strong>Apollonio</strong></span> <span class='ocrx_word' id='word_1_270' title='bbox 2615 1508 3052 1580; x_wconf 86' lang='lat' dir='ltr'><strong>(Philostratus,</strong></span> <span class='ocrx_word' id='word_1_271' title='bbox 3084 1508 3191 1564; x_wconf 90' lang='lat' dir='ltr'><strong>lib.</strong></span> <span class='ocrx_word' id='word_1_272' title='bbox 3223 1525 3264 1579; x_wconf 82' lang='grc' dir='ltr'><strong>ι,</strong></span> <span class='ocrx_word' id='word_1_273' title='bbox 3295 1524 3426 1580; x_wconf 90' lang='lat' dir='ltr'><strong>cap.</strong></span> <span class='ocrx_word' id='word_1_274' title='bbox 3452 1510 3539 1577; x_wconf 84' lang='grc'><strong>13,</strong></span> <span class='ocrx_word' id='word_1_275' title='bbox 3564 1525 3709 1582; x_wconf 84' lang='lat' dir='ltr'><strong>pag.</strong></span> <span class='ocrx_word' id='word_1_276' title='bbox 3730 1511 3845 1581; x_wconf 81' lang='lat'><strong>23),</strong></span> 
     </span>
    </p>
   </div>
   <div class='ocr_carea' id='block_1_47' title="bbox 2173 1592 3846 1672">
    <p class='ocr_par' dir='ltr' id='par_1_47' title="bbox 2173 1592 3846 1672">
     <span class='ocr_line' id='line_1_47' title="bbox 2173 1592 3846 1672; baseline 0.002 -24"><span class='ocrx_word' id='word_1_277' title='bbox 2173 1592 2361 1650; x_wconf 76' lang='grc' dir='ltr'><strong>καὶτὰ</strong></span> <span class='ocrx_word' id='word_1_278' title='bbox 2390 1593 2658 1672; x_wconf 79' lang='grc' dir='ltr'><strong>λεγόμενα</strong></span> <span class='ocrx_word' id='word_1_279' title='bbox 2681 1596 2834 1671; x_wconf 81' lang='grc' dir='ltr'><strong>ἠχὼ,</strong></span> <span class='ocrx_word' id='word_1_280' title='bbox 2887 1617 2961 1659; x_wconf 85' lang='grc' dir='ltr'><strong>ως</strong></span> <span class='ocrx_word' id='word_1_281' title='bbox 3013 1596 3119 1652; x_wconf 67' lang='lat' dir='ltr'><strong>huc</strong></span> <span class='ocrx_word' id='word_1_282' title='bbox 3174 1598 3456 1671; x_wconf 80' lang='grc' dir='ltr'><strong>σκήπτρου</strong></span> <span class='ocrx_word' id='word_1_283' title='bbox 3509 1597 3846 1670; x_wconf 70' lang='grc' dir='ltr'><strong>θεμιστεῶ-</strong></span> 
     </span>
    </p>
   </div>
   <div class='ocr_carea' id='block_1_48' title="bbox 2179 1701 2332 1755">
    <p class='ocr_par' dir='ltr' id='par_1_48' title="bbox 2179 1701 2332 1755">
     <span class='ocr_line' id='line_1_48' title="bbox 2179 1701 2332 1755; baseline 0.02 -19"><span class='ocrx_word' id='word_1_284' title='bbox 2179 1701 2332 1755; x_wconf 76' lang='grc' dir='ltr'><strong>μενοι.</strong></span> 
     </span>
    </p>
   </div>
   <div class='ocr_carea' id='block_1_49' title="bbox 2244 1772 3841 1849">
    <p class='ocr_par' dir='ltr' id='par_1_49' title="bbox 2244 1772 3841 1849">
     <span class='ocr_line' id='line_1_49' title="bbox 2244 1772 3841 1849; baseline 0.003 -22"><span class='ocrx_word' id='word_1_285' title='bbox 2244 1772 2623 1844; x_wconf 88' lang='lat' dir='ltr'><strong>Themistius,</strong></span> <span class='ocrx_word' id='word_1_286' title='bbox 2656 1775 3071 1849; x_wconf 90' lang='lat' dir='ltr'><strong>philosophus,</strong></span> <span class='ocrx_word' id='word_1_287' title='bbox 3118 1775 3221 1846; x_wconf 90' lang='lat' dir='ltr'><strong>qui</strong></span> <span class='ocrx_word' id='word_1_288' title='bbox 3266 1775 3408 1831; x_wconf 87' lang='lat' dir='ltr'><strong>vixit</strong></span> <span class='ocrx_word' id='word_1_289' title='bbox 3458 1775 3841 1847; x_wconf 86' lang='lat' dir='ltr'><strong>temporibus</strong></span> 
     </span>
    </p>
   </div>
   <div class='ocr_carea' id='block_1_50' title="bbox 2174 1862 3847 1937">
    <p class='ocr_par' dir='ltr' id='par_1_50' title="bbox 2174 1862 3847 1937">
     <span class='ocr_line' id='line_1_50' title="bbox 2174 1862 3847 1937; baseline 0.002 -20"><span class='ocrx_word' id='word_1_290' title='bbox 2174 1862 2396 1919; x_wconf 72' lang='lat' dir='ltr'><strong>Iuliani</strong></span> <span class='ocrx_word' id='word_1_291' title='bbox 2427 1866 2744 1936; x_wconf 71' lang='lat' dir='ltr'><strong>Apostataa,</strong></span> <span class='ocrx_word' id='word_1_292' title='bbox 2777 1882 2813 1922; x_wconf 92' lang='lat' dir='ltr'><strong>a</strong></span> <span class='ocrx_word' id='word_1_293' title='bbox 2841 1882 2959 1937; x_wconf 90' lang='lat' dir='ltr'><strong>quo</strong></span> <span class='ocrx_word' id='word_1_294' title='bbox 2989 1865 3349 1921; x_wconf 89' lang='lat' dir='ltr'><strong>constitutus</strong></span> <span class='ocrx_word' id='word_1_295' title='bbox 3378 1870 3470 1920; x_wconf 88' lang='lat' dir='ltr'><strong>est</strong></span> <span class='ocrx_word' id='word_1_296' title='bbox 3516 1865 3847 1937; x_wconf 65' lang='lat' dir='ltr'><strong>praefectus</strong></span> 
     </span>
    </p>
   </div>
   <div class='ocr_carea' id='block_1_51' title="bbox 2174 1952 3845 2026">
    <p class='ocr_par' dir='ltr' id='par_1_51' title="bbox 2174 1952 3845 2026">
     <span class='ocr_line' id='line_1_51' title="bbox 2174 1952 3845 2026; baseline 0.002 -18"><span class='ocrx_word' id='word_1_297' title='bbox 2174 1952 2398 2009; x_wconf 90' lang='lat' dir='ltr'><strong>CPolis.</strong></span> <span class='ocrx_word' id='word_1_298' title='bbox 2433 1954 2681 2026; x_wconf 90' lang='lat' dir='ltr'><strong>Scripsit</strong></span> <span class='ocrx_word' id='word_1_299' title='bbox 2711 1978 2740 2006; x_wconf 87' lang='grc'><strong>‹‹</strong></span> <span class='ocrx_word' id='word_1_300' title='bbox 2772 1955 3106 2013; x_wconf 85' lang='lat' dir='ltr'><strong>Aristotelis</strong></span> <span class='ocrx_word' id='word_1_301' title='bbox 3126 1954 3417 2011; x_wconf 87' lang='lat' dir='ltr'><strong>naturalis</strong></span> <span class='ocrx_word' id='word_1_302' title='bbox 3439 1955 3845 2011; x_wconf 81' lang='lat' dir='ltr'><strong>auscultatio-</strong></span> 
     </span>
    </p>
   </div>
   <div class='ocr_carea' id='block_1_52' title="bbox 2172 2042 3849 2118">
    <p class='ocr_par' dir='ltr' id='par_1_52' title="bbox 2172 2042 3849 2118">
     <span class='ocr_line' id='line_1_52' title="bbox 2172 2042 3849 2118; baseline 0.005 -25"><span class='ocrx_word' id='word_1_303' title='bbox 2172 2061 2202 2092; x_wconf 85' lang='grc'><strong>‹‹</strong></span> <span class='ocrx_word' id='word_1_304' title='bbox 2233 2042 2327 2097; x_wconf 90' lang='lat' dir='ltr'><strong>nis</strong></span> <span class='ocrx_word' id='word_1_305' title='bbox 2356 2045 2748 2116; x_wconf 89' lang='lat' dir='ltr'><strong>paraphrasin</strong></span> <span class='ocrx_word' id='word_1_306' title='bbox 2769 2044 2939 2101; x_wconf 86' lang='lat' dir='ltr'><strong>libris</strong></span> <span class='ocrx_word' id='word_1_307' title='bbox 2964 2046 3087 2101; x_wconf 82' lang='lat' dir='ltr'><strong>VIII</strong></span> <span class='ocrx_word' id='word_1_308' title='bbox 3108 2064 3123 2113; x_wconf 78' lang='grc' dir='ltr'>ς</span> <span class='ocrx_word' id='word_1_309' title='bbox 3143 2045 3543 2118; x_wconf 87' lang='lat' dir='ltr'><strong>Paraphrasin</strong></span> <span class='ocrx_word' id='word_1_310' title='bbox 3568 2046 3849 2116; x_wconf 77' lang='lat' dir='ltr'><strong>Analyti-</strong></span> 
     </span>
    </p>
   </div>
   <div class='ocr_carea' id='block_1_53' title="bbox 2172 2133 3840 2207">
    <p class='ocr_par' dir='ltr' id='par_1_53' title="bbox 2172 2133 3840 2207">
     <span class='ocr_line' id='line_1_53' title="bbox 2172 2133 3840 2207; baseline 0.003 -24"><span class='ocrx_word' id='word_1_311' title='bbox 2172 2152 2202 2182; x_wconf 73' lang='grc' dir='ltr'><strong><em>κ</em></strong></span> <span class='ocrx_word' id='word_1_312' title='bbox 2234 2148 2439 2188; x_wconf 89' lang='lat' dir='ltr'><strong>corum</strong></span> <span class='ocrx_word' id='word_1_313' title='bbox 2469 2133 2638 2190; x_wconf 89' lang='lat' dir='ltr'><strong>libris</strong></span> <span class='ocrx_word' id='word_1_314' title='bbox 2680 2134 2780 2202; x_wconf 83' lang='lat' dir='ltr'><strong>II;</strong></span> <span class='ocrx_word' id='word_1_315' title='bbox 2836 2133 3321 2207; x_wconf 83' lang='lat' dir='ltr'><strong>Apodicticorum</strong></span> <span class='ocrx_word' id='word_1_316' title='bbox 3380 2134 3555 2189; x_wconf 88' lang='lat' dir='ltr'><strong>libris</strong></span> <span class='ocrx_word' id='word_1_317' title='bbox 3616 2134 3717 2200; x_wconf 85' lang='lat' dir='ltr'><strong>II;</strong></span> <span class='ocrx_word' id='word_1_318' title='bbox 3765 2135 3840 2189; x_wconf 86' lang='lat' dir='ltr'><strong>De</strong></span> 
     </span>
    </p>
   </div>
   <div class='ocr_carea' id='block_1_54' title="bbox 2175 2223 3847 2297">
    <p class='ocr_par' dir='ltr' id='par_1_54' title="bbox 2175 2223 3847 2297">
     <span class='ocr_line' id='line_1_54' title="bbox 2175 2223 3847 2297; baseline 0.004 -24"><span class='ocrx_word' id='word_1_319' title='bbox 2175 2242 2206 2273; x_wconf 75' lang='grc' dir='ltr'><strong>α</strong></span> <span class='ocrx_word' id='word_1_320' title='bbox 2234 2224 2439 2280; x_wconf 90' lang='lat' dir='ltr'><strong>anima</strong></span> <span class='ocrx_word' id='word_1_321' title='bbox 2466 2223 2637 2280; x_wconf 89' lang='lat' dir='ltr'><strong>libris</strong></span> <span class='ocrx_word' id='word_1_322' title='bbox 2664 2225 2779 2281; x_wconf 87' lang='lat' dir='ltr'><strong>VII.</strong></span> <span class='ocrx_word' id='word_1_323' title='bbox 2807 2247 2828 2275; x_wconf 77' lang='grc' dir='ltr'>ι</span> <span class='ocrx_word' id='word_1_324' title='bbox 2864 2227 2931 2280; x_wconf 92' lang='lat' dir='ltr'><strong>In</strong></span> <span class='ocrx_word' id='word_1_325' title='bbox 2962 2225 3077 2281; x_wconf 90' lang='lat' dir='ltr'><strong>hoc</strong></span> <span class='ocrx_word' id='word_1_326' title='bbox 3105 2240 3285 2297; x_wconf 91' lang='lat' dir='ltr'><strong>opere</strong></span> <span class='ocrx_word' id='word_1_327' title='bbox 3318 2223 3653 2297; x_wconf 86' lang='lat' dir='ltr'><strong>singularia</strong></span> <span class='ocrx_word' id='word_1_328' title='bbox 3688 2241 3847 2296; x_wconf 69' lang='lat' dir='ltr'><strong>qum-</strong></span> 
     </span>
    </p>
   </div>
   <div class='ocr_carea' id='block_1_55' title="bbox 2177 2312 3848 2386">
    <p class='ocr_par' dir='ltr' id='par_1_55' title="bbox 2177 2312 3848 2386">
     <span class='ocr_line' id='line_1_55' title="bbox 2177 2312 3848 2386; baseline 0.001 -17"><span class='ocrx_word' id='word_1_329' title='bbox 2177 2312 2314 2369; x_wconf 89' lang='lat' dir='ltr'><strong>dam</strong></span> <span class='ocrx_word' id='word_1_330' title='bbox 2345 2313 2573 2385; x_wconf 83' lang='lat' dir='ltr'><strong>profert</strong></span> <span class='ocrx_word' id='word_1_331' title='bbox 2601 2313 2674 2370; x_wconf 88' lang='lat' dir='ltr'><strong>de</strong></span> <span class='ocrx_word' id='word_1_332' title='bbox 2702 2330 2879 2386; x_wconf 89' lang='lat' dir='ltr'><strong>scopo</strong></span> <span class='ocrx_word' id='word_1_333' title='bbox 2911 2320 2972 2370; x_wconf 91' lang='lat' dir='ltr'><strong>et</strong></span> <span class='ocrx_word' id='word_1_334' title='bbox 3002 2314 3426 2386; x_wconf 90' lang='lat' dir='ltr'><strong>inscriptione:</strong></span> <span class='ocrx_word' id='word_1_335' title='bbox 3450 2336 3481 2363; x_wconf 83' lang='grc'><strong>‹‹</strong></span> <span class='ocrx_word' id='word_1_336' title='bbox 3504 2314 3848 2386; x_wconf 78' lang='lat' dir='ltr'><strong>Paraphra-</strong></span> 
     </span>
    </p>
   </div>
   <div class='ocr_carea' id='block_1_56' title="bbox 2179 2401 3847 2475">
    <p class='ocr_par' dir='ltr' id='par_1_56' title="bbox 2179 2401 3847 2475">
     <span class='ocr_line' id='line_1_56' title="bbox 2179 2401 3847 2475; baseline 0.001 -19"><span class='ocrx_word' id='word_1_337' title='bbox 2179 2422 2207 2450; x_wconf 87' lang='grc'><strong>‹‹</strong></span> <span class='ocrx_word' id='word_1_338' title='bbox 2228 2401 2323 2457; x_wconf 90' lang='lat' dir='ltr'><strong>sin</strong></span> <span class='ocrx_word' id='word_1_339' title='bbox 2342 2401 2806 2475; x_wconf 89' lang='lat' dir='ltr'><strong>Categoriarum,</strong></span> <span class='ocrx_word' id='word_1_340' title='bbox 2825 2402 2978 2458; x_wconf 90' lang='lat' dir='ltr'><strong>libro</strong></span> <span class='ocrx_word' id='word_1_341' title='bbox 2999 2404 3278 2458; x_wconf 82' lang='lat' dir='ltr'><strong>uno.Item</strong></span> <span class='ocrx_word' id='word_1_342' title='bbox 3297 2401 3794 2458; x_wconf 83' lang='lat' dir='ltr'><strong>Dissertationes.</strong></span> <span class='ocrx_word' id='word_1_343' title='bbox 3818 2423 3847 2450; x_wconf 73' lang='grc' dir='ltr'><strong><em>ι</em></strong></span> 
     </span>
    </p>
   </div>
   <div class='ocr_carea' id='block_1_57' title="bbox 2251 2491 3850 2565">
    <p class='ocr_par' dir='ltr' id='par_1_57' title="bbox 2251 2491 3850 2565">
     <span class='ocr_line' id='line_1_57' title="bbox 2251 2491 3850 2565; baseline 0.001 -18"><span class='ocrx_word' id='word_1_344' title='bbox 2251 2491 2696 2561; x_wconf 87' lang='lat' dir='ltr'><strong>Themistocles,</strong></span> <span class='ocrx_word' id='word_1_345' title='bbox 2729 2497 2866 2559; x_wconf 90' lang='lat' dir='ltr'><strong>etc.,</strong></span> <span class='ocrx_word' id='word_1_346' title='bbox 2898 2492 3139 2565; x_wconf 88' lang='lat' dir='ltr'><strong>scripsit</strong></span> <span class='ocrx_word' id='word_1_347' title='bbox 3166 2492 3460 2564; x_wconf 88' lang='lat' dir='ltr'><strong>Epistolas</strong></span> <span class='ocrx_word' id='word_1_348' title='bbox 3489 2508 3850 2565; x_wconf 84' lang='lat' dir='ltr'><strong>generosum</strong></span> 
     </span>
    </p>
   </div>
   <div class='ocr_carea' id='block_1_58' title="bbox 2180 2581 3474 2654">
    <p class='ocr_par' dir='ltr' id='par_1_58' title="bbox 2180 2581 3474 2654">
     <span class='ocr_line' id='line_1_58' title="bbox 2180 2581 3474 2654; baseline 0.001 -19"><span class='ocrx_word' id='word_1_349' title='bbox 2180 2584 2239 2635; x_wconf 88' lang='lat' dir='ltr'><strong>et</strong></span> <span class='ocrx_word' id='word_1_350' title='bbox 2267 2581 2564 2637; x_wconf 89' lang='lat' dir='ltr'><strong>excelsum</strong></span> <span class='ocrx_word' id='word_1_351' title='bbox 2597 2582 2866 2638; x_wconf 90' lang='lat' dir='ltr'><strong>animum</strong></span> <span class='ocrx_word' id='word_1_352' title='bbox 2895 2581 3117 2653; x_wconf 89' lang='lat' dir='ltr'><strong>ubique</strong></span> <span class='ocrx_word' id='word_1_353' title='bbox 3157 2582 3474 2654; x_wconf 90' lang='lat' dir='ltr'><strong>spirantes.</strong></span> 
     </span>
    </p>
   </div>
   <div class='ocr_carea' id='block_1_59' title="bbox 2251 2672 3853 2746">
    <p class='ocr_par' dir='ltr' id='par_1_59' title="bbox 2251 2672 3853 2746">
     <span class='ocr_line' id='line_1_59' title="bbox 2251 2672 3853 2746; baseline 0 -19"><span class='ocrx_word' id='word_1_354' title='bbox 2251 2673 2751 2746; x_wconf 88' lang='lat' dir='ltr'><strong>Themistogenes,</strong></span> <span class='ocrx_word' id='word_1_355' title='bbox 2777 2674 3205 2744; x_wconf 82' lang='lat' dir='ltr'><strong>Syracusanus,</strong></span> <span class='ocrx_word' id='word_1_356' title='bbox 3230 2672 3583 2737; x_wconf 87' lang='lat' dir='ltr'><strong>historicus,</strong></span> <span class='ocrx_word' id='word_1_357' title='bbox 3604 2673 3853 2744; x_wconf 83' lang='lat' dir='ltr'><strong>scripsit</strong></span> 
     </span>
    </p>
   </div>
   <div class='ocr_carea' id='block_1_60' title="bbox 2184 2761 3846 2835">
    <p class='ocr_par' dir='ltr' id='par_1_60' title="bbox 2184 2761 3846 2835">
     <span class='ocr_line' id='line_1_60' title="bbox 2184 2761 3846 2835; baseline 0.001 -18"><span class='ocrx_word' id='word_1_358' title='bbox 2184 2761 2312 2832; x_wconf 81' lang='lat' dir='ltr'><strong>Cyri</strong></span> <span class='ocrx_word' id='word_1_359' title='bbox 2340 2764 2783 2834; x_wconf 65' lang='lat' dir='ltr'><strong>Expeditionem,</strong></span> <span class='ocrx_word' id='word_1_360' title='bbox 2814 2780 2946 2835; x_wconf 70' lang='lat' dir='ltr'><strong>quas</strong></span> <span class='ocrx_word' id='word_1_361' title='bbox 2976 2764 3134 2819; x_wconf 90' lang='lat' dir='ltr'><strong>inter</strong></span> <span class='ocrx_word' id='word_1_362' title='bbox 3188 2763 3609 2834; x_wconf 78' lang='lat' dir='ltr'><strong>Xenophontis</strong></span> <span class='ocrx_word' id='word_1_363' title='bbox 3658 2778 3846 2834; x_wconf 84' lang='lat' dir='ltr'><strong>opera</strong></span> 
     </span>
    </p>
   </div>
   <div class='ocr_carea' id='block_1_61' title="bbox 2183 2850 3849 2924">
    <p class='ocr_par' dir='ltr' id='par_1_61' title="bbox 2183 2850 3849 2924">
     <span class='ocr_line' id='line_1_61' title="bbox 2183 2850 3849 2924; baseline 0.001 -19"><span class='ocrx_word' id='word_1_364' title='bbox 2183 2856 2392 2919; x_wconf 84' lang='lat' dir='ltr'><strong>exstat,</strong></span> <span class='ocrx_word' id='word_1_365' title='bbox 2427 2858 2487 2908; x_wconf 90' lang='lat' dir='ltr'><strong>et</strong></span> <span class='ocrx_word' id='word_1_366' title='bbox 2513 2852 2632 2908; x_wconf 90' lang='lat' dir='ltr'><strong>alia</strong></span> <span class='ocrx_word' id='word_1_367' title='bbox 2659 2852 2931 2924; x_wconf 78' lang='lat' dir='ltr'><strong>quaedam</strong></span> <span class='ocrx_word' id='word_1_368' title='bbox 2966 2850 3037 2907; x_wconf 88' lang='lat' dir='ltr'><strong>de</strong></span> <span class='ocrx_word' id='word_1_369' title='bbox 3066 2852 3260 2924; x_wconf 86' lang='lat' dir='ltr'><strong>patria</strong></span> <span class='ocrx_word' id='word_1_370' title='bbox 3290 2868 3417 2907; x_wconf 87' lang='lat' dir='ltr'><strong>sua.</strong></span> <span class='ocrx_word' id='word_1_371' title='bbox 3484 2852 3547 2905; x_wconf 92' lang='lat' dir='ltr'><strong>V.</strong></span> <span class='ocrx_word' id='word_1_372' title='bbox 3609 2852 3849 2907; x_wconf 82' lang='lat' dir='ltr'><strong>Kusteri</strong></span> 
     </span>
    </p>
   </div>
   <div class='ocr_carea' id='block_1_62' title="bbox 2181 2942 3891 3016">
    <p class='ocr_par' dir='ltr' id='par_1_62' title="bbox 2181 2942 3891 3016">
     <span class='ocr_line' id='line_1_62' title="bbox 2181 2942 3891 3016; baseline -0.001 -18"><span class='ocrx_word' id='word_1_373' title='bbox 2181 2942 2419 3016; x_wconf 91' lang='lat' dir='ltr'><strong>longam</strong></span> <span class='ocrx_word' id='word_1_374' title='bbox 2450 2949 2652 3000; x_wconf 87' lang='lat' dir='ltr'><strong>notam</strong></span> <span class='ocrx_word' id='word_1_375' title='bbox 2685 2948 2738 3010; x_wconf 87' lang='lat'><strong>7,</strong></span> <span class='ocrx_word' id='word_1_376' title='bbox 2772 2942 2845 2999; x_wconf 88' lang='lat' dir='ltr'><strong>de</strong></span> <span class='ocrx_word' id='word_1_377' title='bbox 2874 2943 2980 2999; x_wconf 90' lang='lat' dir='ltr'><strong>illa</strong></span> <span class='ocrx_word' id='word_1_378' title='bbox 3009 2944 3377 3015; x_wconf 67' lang='lat' dir='ltr'><strong>quaestione:</strong></span> <span class='ocrx_word' id='word_1_379' title='bbox 3412 2944 3567 2998; x_wconf 81' lang='lat' dir='ltr'><strong>Num</strong></span> <span class='ocrx_word' id='word_1_380' title='bbox 3604 2942 3851 2999; x_wconf 77' lang='lat' dir='ltr'><strong>Themi-</strong></span> <span class='ocrx_word' id='word_1_381' title='bbox 3878 2948 3891 2967; x_wconf 89' lang='lat'>‘</span> 
     </span>
    </p>
   </div>
   <div class='ocr_carea' id='block_1_63' title="bbox 2183 3032 3853 3106">
    <p class='ocr_par' dir='ltr' id='par_1_63' title="bbox 2183 3032 3853 3106">
     <span class='ocr_line' id='line_1_63' title="bbox 2183 3032 3853 3106; baseline -0.001 -18"><span class='ocrx_word' id='word_1_382' title='bbox 2183 3038 2561 3106; x_wconf 87' lang='lat' dir='ltr'><strong>stogenes,an</strong></span> <span class='ocrx_word' id='word_1_383' title='bbox 2573 3033 2904 3106; x_wconf 83' lang='lat' dir='ltr'><strong>Xenophon</strong></span> <span class='ocrx_word' id='word_1_384' title='bbox 2918 3033 3223 3105; x_wconf 88' lang='lat' dir='ltr'><strong>scripserit</strong></span> <span class='ocrx_word' id='word_1_385' title='bbox 3234 3032 3399 3087; x_wconf 89' lang='lat' dir='ltr'><strong>illam</strong></span> <span class='ocrx_word' id='word_1_386' title='bbox 3414 3033 3853 3103; x_wconf 66' lang='lat' dir='ltr'><strong>Expeditionem</strong></span> 
     </span>
    </p>
   </div>
   <div class='ocr_carea' id='block_1_64' title="bbox 2183 3121 3820 3196">
    <p class='ocr_par' dir='ltr' id='par_1_64' title="bbox 2183 3121 3820 3196">
     <span class='ocr_line' id='line_1_64' title="bbox 2183 3121 3820 3196; baseline 0.001 -18"><span class='ocrx_word' id='word_1_387' title='bbox 2183 3122 2246 3178; x_wconf 88' lang='lat' dir='ltr'><strong>in</strong></span> <span class='ocrx_word' id='word_1_388' title='bbox 2276 3128 2421 3179; x_wconf 90' lang='lat' dir='ltr'><strong>tom.</strong></span> <span class='ocrx_word' id='word_1_389' title='bbox 2454 3125 2524 3192; x_wconf 92' lang='lat' dir='ltr'><strong>II,</strong></span> <span class='ocrx_word' id='word_1_390' title='bbox 2556 3140 2685 3196; x_wconf 91' lang='lat' dir='ltr'><strong>pag.</strong></span> <span class='ocrx_word' id='word_1_391' title='bbox 2722 3124 2857 3192; x_wconf 72' lang='lat'><strong>171;</strong></span> <span class='ocrx_word' id='word_1_392' title='bbox 2889 3122 3038 3178; x_wconf 88' lang='lat' dir='ltr'><strong>adde</strong></span> <span class='ocrx_word' id='word_1_393' title='bbox 3070 3139 3270 3194; x_wconf 88' lang='lat' dir='ltr'><strong>supra,</strong></span> <span class='ocrx_word' id='word_1_394' title='bbox 3302 3121 3415 3177; x_wconf 92' lang='lat' dir='ltr'><strong>vol.</strong></span> <span class='ocrx_word' id='word_1_395' title='bbox 3456 3122 3553 3188; x_wconf 87' lang='lat' dir='ltr'><strong>Ill,</strong></span> <span class='ocrx_word' id='word_1_396' title='bbox 3590 3138 3729 3193; x_wconf 82' lang='lat' dir='ltr'><strong>pag.</strong></span> <span class='ocrx_word' id='word_1_397' title='bbox 3763 3125 3820 3179; x_wconf 78' lang='lat'><strong>7.</strong></span> 
     </span>
    </p>
   </div>
   <div class='ocr_carea' id='block_1_65' title="bbox 2253 3210 3858 3287">
    <p class='ocr_par' dir='ltr' id='par_1_65' title="bbox 2253 3210 3858 3287">
     <span class='ocr_line' id='line_1_65' title="bbox 2253 3210 3858 3287; baseline -0.001 -19"><span class='ocrx_word' id='word_1_398' title='bbox 2253 3212 2631 3281; x_wconf 88' lang='lat' dir='ltr'><strong>Theocrines,</strong></span> <span class='ocrx_word' id='word_1_399' title='bbox 2656 3212 3042 3287; x_wconf 85' lang='lat' dir='ltr'><strong>sycophanta,</strong></span> <span class='ocrx_word' id='word_1_400' title='bbox 3062 3228 3243 3283; x_wconf 89' lang='lat' dir='ltr'><strong>quem</strong></span> <span class='ocrx_word' id='word_1_401' title='bbox 3266 3210 3611 3284; x_wconf 87' lang='lat' dir='ltr'><strong>perstringil</strong></span> <span class='ocrx_word' id='word_1_402' title='bbox 3639 3212 3858 3266; x_wconf 87' lang='lat' dir='ltr'><strong>Demo-</strong></span> 
     </span>
    </p>
   </div>
   <div class='ocr_carea' id='block_1_66' title="bbox 418 3264 2987 3375">
    <p class='ocr_par' dir='ltr' id='par_1_66' title="bbox 418 3264 2987 3375">
     <span class='ocr_line' id='line_1_66' title="bbox 418 3264 2987 3375; baseline -0.004 -24"><span class='ocrx_word' id='word_1_403' title='bbox 418 3293 750 3367; x_wconf 89' lang='lat' dir='ltr'><strong>discipulus</strong></span> <span class='ocrx_word' id='word_1_404' title='bbox 779 3264 1057 3359; x_wconf 80' lang='lat' dir='ltr'><strong>socratis,</strong></span> <span class='ocrx_word' id='word_1_405' title='bbox 1085 3264 1287 3346; x_wconf 81' lang='lat' dir='ltr'><strong>docuit</strong></span> <span class='ocrx_word' id='word_1_406' title='bbox 1316 3264 1641 3346; x_wconf 64' lang='lat' dir='ltr'><strong>Heracleae.</strong></span> <span class='ocrx_word' id='word_1_407' title='bbox 1659 3264 2069 3345; x_wconf 48' lang='lat' dir='ltr'><strong>Primus-scri;</strong></span> <span class='ocrx_word' id='word_1_408' title='bbox 2096 3264 2152 3333; x_wconf 68' lang='lat' dir='ltr'><strong>CI</strong></span> <span class='ocrx_word' id='word_1_409' title='bbox 2183 3264 2987 3375; x_wconf 45' lang='lat' dir='ltr'><strong>stﬁe&quot;n&#39;gs&#39;§,§,&#39;ﬁtgg{lgﬁggg;</strong></span> 
     </span>
    </p>
   </div>
   <div class='ocr_carea' id='block_1_67' title="bbox 414 3375 2072 3459">
    <p class='ocr_par' dir='ltr' id='par_1_67' title="bbox 414 3375 2072 3459">
     <span class='ocr_line' id='line_1_67' title="bbox 414 3375 2072 3459; baseline -0.005 -18"><span class='ocrx_word' id='word_1_410' title='bbox 414 3386 535 3459; x_wconf 91' lang='lat' dir='ltr'><strong>psit</strong></span> <span class='ocrx_word' id='word_1_411' title='bbox 562 3385 634 3440; x_wconf 90' lang='lat' dir='ltr'><strong>de</strong></span> <span class='ocrx_word' id='word_1_412' title='bbox 666 3382 932 3455; x_wconf 89' lang='lat' dir='ltr'><strong>quinque</strong></span> <span class='ocrx_word' id='word_1_413' title='bbox 991 3379 1340 3452; x_wconf 89' lang='lat' dir='ltr'><strong>corporibus</strong></span> <span class='ocrx_word' id='word_1_414' title='bbox 1393 3378 1600 3435; x_wconf 89' lang='lat' dir='ltr'><strong>solidis</strong></span> <span class='ocrx_word' id='word_1_415' title='bbox 1650 3378 1765 3451; x_wconf 81' lang='lat' dir='ltr'><strong>(3t)</strong></span> <span class='ocrx_word' id='word_1_416' title='bbox 1800 3377 1868 3431; x_wconf 72' lang='grc' dir='ltr'><strong>τὰ</strong></span> <span class='ocrx_word' id='word_1_417' title='bbox 1911 3375 2072 3433; x_wconf 76' lang='grc' dir='ltr'><strong>πέντε</strong></span> 
     </span>
    </p>
   </div>
   <div class='ocr_carea' id='block_1_68' title="bbox 415 3465 2070 3547">
    <p class='ocr_par' dir='ltr' id='par_1_68' title="bbox 415 3465 2070 3547">
     <span class='ocr_line' id='line_1_68' title="bbox 415 3465 2070 3547; baseline -0.004 -18"><span class='ocrx_word' id='word_1_418' title='bbox 415 3470 726 3545; x_wconf 70' lang='grc' dir='ltr'><strong>καλούμενα</strong></span> <span class='ocrx_word' id='word_1_419' title='bbox 755 3470 963 3547; x_wconf 72' lang='grc' dir='ltr'><strong>στερεά,</strong></span> <span class='ocrx_word' id='word_1_420' title='bbox 995 3465 1257 3542; x_wconf 81' lang='lat' dir='ltr'><strong>vixitque</strong></span> <span class='ocrx_word' id='word_1_421' title='bbox 1287 3474 1423 3542; x_wconf 89' lang='lat' dir='ltr'><strong>post</strong></span> <span class='ocrx_word' id='word_1_422' title='bbox 1450 3468 1675 3524; x_wconf 89' lang='lat' dir='ltr'><strong>bellum</strong></span> <span class='ocrx_word' id='word_1_423' title='bbox 1703 3467 2070 3540; x_wconf 85' lang='lat' dir='ltr'><strong>Peloponne-</strong></span> 
     </span>
    </p>
   </div>
   <div class='ocr_carea' id='block_1_69' title="bbox 418 3565 664 3621">
    <p class='ocr_par' dir='ltr' id='par_1_69' title="bbox 418 3565 664 3621">
     <span class='ocr_line' id='line_1_69' title="bbox 418 3565 664 3621; baseline -0.016 0"><span class='ocrx_word' id='word_1_424' title='bbox 418 3565 664 3621; x_wconf 90' lang='lat' dir='ltr'><strong>siacum.</strong></span> 
     </span>
    </p>
   </div>
   <div class='ocr_carea' id='block_1_70' title="bbox 488 3646 2067 3721">
    <p class='ocr_par' dir='ltr' id='par_1_70' title="bbox 488 3646 2067 3721">
     <span class='ocr_line' id='line_1_70' title="bbox 488 3646 2067 3721; baseline -0.006 -12"><span class='ocrx_word' id='word_1_425' title='bbox 488 3654 841 3721; x_wconf 82' lang='lat' dir='ltr'><strong>Theaetetus,</strong></span> <span class='ocrx_word' id='word_1_426' title='bbox 861 3668 932 3707; x_wconf 89' lang='lat' dir='ltr'><strong>ex</strong></span> <span class='ocrx_word' id='word_1_427' title='bbox 951 3649 1234 3707; x_wconf 88' lang='lat' dir='ltr'><strong>Heraclea</strong></span> <span class='ocrx_word' id='word_1_428' title='bbox 1258 3646 1766 3712; x_wconf 90' lang='lat' dir='ltr'><strong>Pontica,auditor</strong></span> <span class='ocrx_word' id='word_1_429' title='bbox 1785 3646 2067 3702; x_wconf 87' lang='lat' dir='ltr'><strong>Platonis.</strong></span> 
     </span>
    </p>
   </div>
   <div class='ocr_carea' id='block_1_71' title="bbox 489 3733 2072 3811">
    <p class='ocr_par' dir='ltr' id='par_1_71' title="bbox 489 3733 2072 3811">
     <span class='ocr_line' id='line_1_71' title="bbox 489 3733 2072 3811; baseline -0.002 -16"><span class='ocrx_word' id='word_1_430' title='bbox 489 3741 851 3811; x_wconf 89' lang='lat' dir='ltr'><strong>Theagenes,</strong></span> <span class='ocrx_word' id='word_1_431' title='bbox 896 3740 1119 3795; x_wconf 89' lang='lat' dir='ltr'><strong>archon</strong></span> <span class='ocrx_word' id='word_1_432' title='bbox 1154 3735 1623 3801; x_wconf 83' lang='lat' dir='ltr'><strong>Atheniensium,</strong></span> <span class='ocrx_word' id='word_1_433' title='bbox 1662 3733 1916 3789; x_wconf 88' lang='lat' dir='ltr'><strong>multum</strong></span> <span class='ocrx_word' id='word_1_434' title='bbox 1967 3751 2072 3806; x_wconf 89' lang='lat' dir='ltr'><strong>pe-</strong></span> 
     </span>
    </p>
   </div>
   <div class='ocr_carea' id='block_1_72' title="bbox 423 3822 2074 3894">
    <p class='ocr_par' dir='ltr' id='par_1_72' title="bbox 423 3822 2074 3894">
     <span class='ocr_line' id='line_1_72' title="bbox 423 3822 2074 3894; baseline -0.002 -10"><span class='ocrx_word' id='word_1_435' title='bbox 423 3827 615 3884; x_wconf 66' lang='lat' dir='ltr'><strong>cuniae</strong></span> <span class='ocrx_word' id='word_1_436' title='bbox 644 3828 705 3882; x_wconf 92' lang='lat' dir='ltr'><strong>in</strong></span> <span class='ocrx_word' id='word_1_437' title='bbox 737 3827 1009 3883; x_wconf 89' lang='lat' dir='ltr'><strong>doctores</strong></span> <span class='ocrx_word' id='word_1_438' title='bbox 1032 3832 1090 3882; x_wconf 91' lang='lat' dir='ltr'><strong>et</strong></span> <span class='ocrx_word' id='word_1_439' title='bbox 1108 3824 1371 3881; x_wconf 90' lang='lat' dir='ltr'><strong>medicos</strong></span> <span class='ocrx_word' id='word_1_440' title='bbox 1395 3823 1580 3878; x_wconf 88' lang='lat' dir='ltr'><strong>etalia</strong></span> <span class='ocrx_word' id='word_1_441' title='bbox 1596 3822 1801 3894; x_wconf 62' lang='lat' dir='ltr'><strong>patriae</strong></span> <span class='ocrx_word' id='word_1_442' title='bbox 1814 3840 2074 3881; x_wconf 84' lang='lat' dir='ltr'><strong>commo-</strong></span> 
     </span>
    </p>
   </div>
   <div class='ocr_carea' id='block_1_73' title="bbox 425 3913 2072 3988">
    <p class='ocr_par' dir='ltr' id='par_1_73' title="bbox 425 3913 2072 3988">
     <span class='ocr_line' id='line_1_73' title="bbox 425 3913 2072 3988; baseline -0.001 -15"><span class='ocrx_word' id='word_1_443' title='bbox 425 3917 500 3973; x_wconf 91' lang='lat' dir='ltr'><strong>da</strong></span> <span class='ocrx_word' id='word_1_444' title='bbox 529 3916 841 3988; x_wconf 90' lang='lat' dir='ltr'><strong>impendit.</strong></span> <span class='ocrx_word' id='word_1_445' title='bbox 894 3918 1044 3970; x_wconf 84' lang='lat' dir='ltr'><strong>Eum</strong></span> <span class='ocrx_word' id='word_1_446' title='bbox 1096 3914 1377 3978; x_wconf 87' lang='lat' dir='ltr'><strong>Marinus,</strong></span> <span class='ocrx_word' id='word_1_447' title='bbox 1424 3913 1663 3985; x_wconf 87' lang='lat' dir='ltr'><strong>dignam</strong></span> <span class='ocrx_word' id='word_1_448' title='bbox 1718 3913 2072 3986; x_wconf 89' lang='lat' dir='ltr'><strong>philosopho</strong></span> 
     </span>
    </p>
   </div>
   <div class='ocr_carea' id='block_1_74' title="bbox 415 4000 2069 4080">
    <p class='ocr_par' dir='ltr' id='par_1_74' title="bbox 415 4000 2069 4080">
     <span class='ocr_line' id='line_1_74' title="bbox 415 4000 2069 4080; baseline -0.002 -17"><span class='ocrx_word' id='word_1_449' title='bbox 415 4005 759 4080; x_wconf 84' lang='lat' dir='ltr'><strong>gravitatem</strong></span> <span class='ocrx_word' id='word_1_450' title='bbox 789 4005 1076 4071; x_wconf 87' lang='lat' dir='ltr'><strong>retinens,</strong></span> <span class='ocrx_word' id='word_1_451' title='bbox 1108 4000 1477 4069; x_wconf 88' lang='lat' dir='ltr'><strong>observabat,</strong></span> <span class='ocrx_word' id='word_1_452' title='bbox 1510 4000 1765 4067; x_wconf 88' lang='lat' dir='ltr'><strong>colebat,</strong></span> <span class='ocrx_word' id='word_1_453' title='bbox 1789 4007 1847 4056; x_wconf 91' lang='lat' dir='ltr'><strong>et</strong></span> <span class='ocrx_word' id='word_1_454' title='bbox 1872 4003 2069 4074; x_wconf 87' lang='lat' dir='ltr'><strong>palam</strong></span> 
     </span>
    </p>
   </div>
   <div class='ocr_carea' id='block_1_75' title="bbox 414 4090 2069 4169">
    <p class='ocr_par' dir='ltr' id='par_1_75' title="bbox 414 4090 2069 4169">
     <span class='ocr_line' id='line_1_75' title="bbox 414 4090 2069 4169; baseline -0.001 -18"><span class='ocrx_word' id='word_1_455' title='bbox 414 4094 871 4169; x_wconf 67' lang='lat' dir='ltr'><strong>praestolabatur</strong></span> <span class='ocrx_word' id='word_1_456' title='bbox 883 4095 1194 4150; x_wconf 88' lang='lat' dir='ltr'><strong>etdomum</strong></span> <span class='ocrx_word' id='word_1_457' title='bbox 1207 4090 1317 4148; x_wconf 89' lang='lat' dir='ltr'><strong>ded</strong></span> <span class='ocrx_word' id='word_1_458' title='bbox 1327 4090 2069 4149; x_wconf 87' lang='lat' dir='ltr'><strong>ucebatetconvenientem</strong></span> 
     </span>
    </p>
   </div>
   <div class='ocr_carea' id='block_1_76' title="bbox 418 4180 2072 4253">
    <p class='ocr_par' dir='ltr' id='par_1_76' title="bbox 418 4180 2072 4253">
     <span class='ocr_line' id='line_1_76' title="bbox 418 4180 2072 4253; baseline -0.002 -12"><span class='ocrx_word' id='word_1_459' title='bbox 418 4184 709 4242; x_wconf 91' lang='lat' dir='ltr'><strong>honorem</strong></span> <span class='ocrx_word' id='word_1_460' title='bbox 745 4185 797 4241; x_wconf 89' lang='lat' dir='ltr'><strong>ei</strong></span> <span class='ocrx_word' id='word_1_461' title='bbox 832 4182 1109 4251; x_wconf 86' lang='lat' dir='ltr'><strong>habebat,</strong></span> <span class='ocrx_word' id='word_1_462' title='bbox 1140 4181 1336 4253; x_wconf 90' lang='lat' dir='ltr'><strong>qualis</strong></span> <span class='ocrx_word' id='word_1_463' title='bbox 1366 4180 1487 4237; x_wconf 84' lang='lat' dir='ltr'><strong>viro</strong></span> <span class='ocrx_word' id='word_1_464' title='bbox 1520 4180 1775 4252; x_wconf 91' lang='lat' dir='ltr'><strong>principi</strong></span> <span class='ocrx_word' id='word_1_465' title='bbox 1813 4181 1981 4237; x_wconf 90' lang='lat' dir='ltr'><strong>urbis</strong></span> <span class='ocrx_word' id='word_1_466' title='bbox 2012 4186 2072 4239; x_wconf 88' lang='lat' dir='ltr'><strong>et</strong></span> 
     </span>
    </p>
   </div>
   <div class='ocr_carea' id='block_1_77' title="bbox 416 4270 2068 4345">
    <p class='ocr_par' dir='ltr' id='par_1_77' title="bbox 416 4270 2068 4345">
     <span class='ocr_line' id='line_1_77' title="bbox 416 4270 2068 4345; baseline -0.003 -13"><span class='ocrx_word' id='word_1_467' title='bbox 416 4276 671 4332; x_wconf 82' lang='lat' dir='ltr'><strong>fortasse</strong></span> <span class='ocrx_word' id='word_1_468' title='bbox 702 4275 883 4330; x_wconf 88' lang='lat' dir='ltr'><strong>totius</strong></span> <span class='ocrx_word' id='word_1_469' title='bbox 911 4274 1057 4345; x_wconf 86' lang='lat' dir='ltr'><strong>reip.</strong></span> <span class='ocrx_word' id='word_1_470' title='bbox 1084 4274 1362 4329; x_wconf 78' lang='lat' dir='ltr'><strong>Romanae</strong></span> <span class='ocrx_word' id='word_1_471' title='bbox 1389 4270 1735 4337; x_wconf 89' lang='lat' dir='ltr'><strong>debebatur,</strong></span> <span class='ocrx_word' id='word_1_472' title='bbox 1758 4276 1886 4326; x_wconf 83' lang='lat' dir='ltr'><strong>erat</strong></span> <span class='ocrx_word' id='word_1_473' title='bbox 1907 4272 2068 4328; x_wconf 90' lang='lat' dir='ltr'><strong>enim</strong></span> 
     </span>
    </p>
   </div>
   <div class='ocr_carea' id='block_1_78' title="bbox 417 4360 2066 4434">
    <p class='ocr_par' dir='ltr' id='par_1_78' title="bbox 417 4360 2066 4434">
     <span class='ocr_line' id='line_1_78' title="bbox 417 4360 2066 4434; baseline -0.004 -13"><span class='ocrx_word' id='word_1_474' title='bbox 417 4381 573 4421; x_wconf 89' lang='lat' dir='ltr'><strong>unus</strong></span> <span class='ocrx_word' id='word_1_475' title='bbox 613 4380 680 4420; x_wconf 86' lang='lat' dir='ltr'><strong>ex</strong></span> <span class='ocrx_word' id='word_1_476' title='bbox 742 4362 1025 4421; x_wconf 80' lang='lat' dir='ltr'><strong>Romanis</strong></span> <span class='ocrx_word' id='word_1_477' title='bbox 1078 4360 1346 4434; x_wconf 89' lang='lat' dir='ltr'><strong>patribus</strong></span> <span class='ocrx_word' id='word_1_478' title='bbox 1404 4364 1465 4414; x_wconf 90' lang='lat' dir='ltr'><strong>et</strong></span> <span class='ocrx_word' id='word_1_479' title='bbox 1518 4366 1761 4415; x_wconf 77' lang='lat' dir='ltr'><strong>senatus</strong></span> <span class='ocrx_word' id='word_1_480' title='bbox 1813 4360 2066 4417; x_wconf 88' lang='lat' dir='ltr'><strong>Palatini</strong></span> 
     </span>
    </p>
   </div>
   <div class='ocr_carea' id='block_1_79' title="bbox 413 4455 811 4528">
    <p class='ocr_par' dir='ltr' id='par_1_79' title="bbox 413 4455 811 4528">
     <span class='ocr_line' id='line_1_79' title="bbox 413 4455 811 4528; baseline -0.005 -18"><span class='ocrx_word' id='word_1_481' title='bbox 413 4455 664 4528; x_wconf 87' lang='lat' dir='ltr'><strong>primus,</strong></span> <span class='ocrx_word' id='word_1_482' title='bbox 697 4458 811 4509; x_wconf 88' lang='lat' dir='ltr'><strong>etc.</strong></span> 
     </span>
    </p>
   </div>
   <div class='ocr_carea' id='block_1_80' title="bbox 485 4536 2066 4615">
    <p class='ocr_par' dir='ltr' id='par_1_80' title="bbox 485 4536 2066 4615">
     <span class='ocr_line' id='line_1_80' title="bbox 485 4536 2066 4615; baseline -0.002 -17"><span class='ocrx_word' id='word_1_483' title='bbox 485 4543 800 4615; x_wconf 88' lang='lat' dir='ltr'><strong>Theaginis</strong></span> <span class='ocrx_word' id='word_1_484' title='bbox 834 4546 892 4598; x_wconf 91' lang='lat' dir='ltr'><strong>et</strong></span> <span class='ocrx_word' id='word_1_485' title='bbox 920 4539 1213 4595; x_wconf 66' lang='lat' dir='ltr'><strong>Eschinis</strong></span> <span class='ocrx_word' id='word_1_486' title='bbox 1242 4554 1420 4609; x_wconf 87' lang='lat' dir='ltr'><strong>opes:</strong></span> <span class='ocrx_word' id='word_1_487' title='bbox 1444 4536 1518 4592; x_wconf 90' lang='lat' dir='ltr'><strong>de</strong></span> <span class='ocrx_word' id='word_1_488' title='bbox 1549 4536 1930 4609; x_wconf 90' lang='lat' dir='ltr'><strong>pauperibus,</strong></span> <span class='ocrx_word' id='word_1_489' title='bbox 1964 4539 2066 4610; x_wconf 91' lang='lat' dir='ltr'><strong>qui</strong></span> 
     </span>
    </p>
   </div>
   <div class='ocr_carea' id='block_1_81' title="bbox 2252 3389 3851 3462">
    <p class='ocr_par' dir='ltr' id='par_1_81' title="bbox 2252 3389 3851 3462">
     <span class='ocr_line' id='line_1_81' title="bbox 2252 3389 3851 3462; baseline 0 -15"><span class='ocrx_word' id='word_1_490' title='bbox 2252 3392 2617 3461; x_wconf 89' lang='lat' dir='ltr'><strong>Theocritus,</strong></span> <span class='ocrx_word' id='word_1_491' title='bbox 2649 3392 2849 3459; x_wconf 88' lang='lat' dir='ltr'><strong>Chius,</strong></span> <span class='ocrx_word' id='word_1_492' title='bbox 2878 3398 3097 3457; x_wconf 88' lang='lat' dir='ltr'><strong>orator,</strong></span> <span class='ocrx_word' id='word_1_493' title='bbox 3132 3389 3463 3462; x_wconf 89' lang='lat' dir='ltr'><strong>discipulus</strong></span> <span class='ocrx_word' id='word_1_494' title='bbox 3518 3389 3851 3447; x_wconf 83' lang='lat' dir='ltr'><strong>Metrodori</strong></span> 
     </span>
    </p>
   </div>
   <div class='ocr_carea' id='block_1_82' title="bbox 2180 3479 3842 3554">
    <p class='ocr_par' dir='ltr' id='par_1_82' title="bbox 2180 3479 3842 3554">
     <span class='ocr_line' id='line_1_82' title="bbox 2180 3479 3842 3554; baseline -0.001 -17"><span class='ocrx_word' id='word_1_495' title='bbox 2180 3482 2503 3538; x_wconf 83' lang='lat' dir='ltr'><strong>Isocratici.</strong></span> <span class='ocrx_word' id='word_1_496' title='bbox 2536 3482 2783 3554; x_wconf 88' lang='lat' dir='ltr'><strong>Scripsit</strong></span> <span class='ocrx_word' id='word_1_497' title='bbox 2814 3483 3004 3539; x_wconf 73' lang='lat' dir='ltr'><strong>(.‘hrias</strong></span> <span class='ocrx_word' id='word_1_498' title='bbox 3024 3483 3301 3553; x_wconf 87' lang='lat' dir='ltr'><strong>idemque</strong></span> <span class='ocrx_word' id='word_1_499' title='bbox 3322 3479 3580 3536; x_wconf 82' lang='lat' dir='ltr'><strong>factione</strong></span> <span class='ocrx_word' id='word_1_500' title='bbox 3614 3479 3681 3534; x_wconf 91' lang='lat' dir='ltr'><strong>in</strong></span> <span class='ocrx_word' id='word_1_501' title='bbox 3716 3495 3842 3550; x_wconf 75' lang='lat' dir='ltr'><strong>rep,</strong></span> 
     </span>
    </p>
   </div>
   <div class='ocr_carea' id='block_1_83' title="bbox 2178 3568 3843 3644">
    <p class='ocr_par' dir='ltr' id='par_1_83' title="bbox 2178 3568 3843 3644">
     <span class='ocr_line' id='line_1_83' title="bbox 2178 3568 3843 3644; baseline -0.004 -16"><span class='ocrx_word' id='word_1_502' title='bbox 2178 3588 2315 3628; x_wconf 89' lang='lat' dir='ltr'><strong>cum</strong></span> <span class='ocrx_word' id='word_1_503' title='bbox 2345 3572 2723 3644; x_wconf 88' lang='lat' dir='ltr'><strong>Theopompo</strong></span> <span class='ocrx_word' id='word_1_504' title='bbox 2754 3571 3060 3641; x_wconf 86' lang='lat' dir='ltr'><strong>historico,</strong></span> <span class='ocrx_word' id='word_1_505' title='bbox 3092 3570 3354 3628; x_wconf 88' lang='lat' dir='ltr'><strong>certavit.</strong></span> <span class='ocrx_word' id='word_1_506' title='bbox 3379 3570 3596 3624; x_wconf 88' lang='lat' dir='ltr'><strong>Fertur</strong></span> <span class='ocrx_word' id='word_1_507' title='bbox 3626 3573 3689 3623; x_wconf 89' lang='lat' dir='ltr'><strong>et</strong></span> <span class='ocrx_word' id='word_1_508' title='bbox 3712 3568 3843 3639; x_wconf 87' lang='lat' dir='ltr'><strong>ejus</strong></span> 
     </span>
    </p>
   </div>
   <div class='ocr_carea' id='block_1_84' title="bbox 2175 3658 3482 3731">
    <p class='ocr_par' dir='ltr' id='par_1_84' title="bbox 2175 3658 3482 3731">
     <span class='ocr_line' id='line_1_84' title="bbox 2175 3658 3482 3731; baseline -0.002 -16"><span class='ocrx_word' id='word_1_509' title='bbox 2175 3663 2425 3716; x_wconf 82' lang='lat' dir='ltr'><strong>Historia</strong></span> <span class='ocrx_word' id='word_1_510' title='bbox 2452 3661 2675 3730; x_wconf 78' lang='lat' dir='ltr'><strong>Libyca,</strong></span> <span class='ocrx_word' id='word_1_511' title='bbox 2707 3666 2767 3716; x_wconf 93' lang='lat' dir='ltr'><strong>et</strong></span> <span class='ocrx_word' id='word_1_512' title='bbox 2796 3661 3049 3731; x_wconf 67' lang='lat' dir='ltr'><strong>Epistolz</strong></span> <span class='ocrx_word' id='word_1_513' title='bbox 3077 3658 3482 3715; x_wconf 87' lang='lat' dir='ltr'><strong>admirabiles.</strong></span> 
     </span>
    </p>
   </div>
   <div class='ocr_carea' id='block_1_85' title="bbox 2247 3745 3817 3822">
    <p class='ocr_par' dir='ltr' id='par_1_85' title="bbox 2247 3745 3817 3822">
     <span class='ocr_line' id='line_1_85' title="bbox 2247 3745 3817 3822; baseline -0.004 -16"><span class='ocrx_word' id='word_1_514' title='bbox 2247 3750 2593 3806; x_wconf 90' lang='lat' dir='ltr'><strong>Theocritus</strong></span> <span class='ocrx_word' id='word_1_515' title='bbox 2623 3750 2794 3817; x_wconf 91' lang='lat' dir='ltr'><strong>alter,</strong></span> <span class='ocrx_word' id='word_1_516' title='bbox 2834 3752 3179 3822; x_wconf 67' lang='lat' dir='ltr'><strong>Praxagoras</strong></span> <span class='ocrx_word' id='word_1_517' title='bbox 3209 3753 3270 3804; x_wconf 88' lang='lat' dir='ltr'><strong>et</strong></span> <span class='ocrx_word' id='word_1_518' title='bbox 3292 3747 3593 3803; x_wconf 74' lang='lat' dir='ltr'><strong>Philinnm</strong></span> <span class='ocrx_word' id='word_1_519' title='bbox 3626 3747 3685 3801; x_wconf 85' lang='lat' dir='ltr'><strong>F.</strong></span> <span class='ocrx_word' id='word_1_520' title='bbox 3722 3745 3817 3801; x_wconf 87' lang='lat' dir='ltr'><strong>vel</strong></span> 
     </span>
    </p>
   </div>
   <div class='ocr_carea' id='block_1_86' title="bbox 2173 3835 3839 3926">
    <p class='ocr_par' dir='ltr' id='par_1_86' title="bbox 2173 3835 3839 3926">
     <span class='ocr_line' id='line_1_86' title="bbox 2173 3835 3839 3926; baseline -0.004 -31"><span class='ocrx_word' id='word_1_521' title='bbox 2173 3844 2241 3896; x_wconf 95' lang='lat' dir='ltr'><strong>ut</strong></span> <span class='ocrx_word' id='word_1_522' title='bbox 2268 3840 2392 3909; x_wconf 91' lang='lat' dir='ltr'><strong>alii,</strong></span> <span class='ocrx_word' id='word_1_523' title='bbox 2426 3840 2755 3907; x_wconf 90' lang='lat' dir='ltr'><strong>Simmichi,</strong></span> <span class='ocrx_word' id='word_1_524' title='bbox 2790 3839 3214 3911; x_wconf 85' lang='lat' dir='ltr'><strong>Syracusanus.</strong></span> <span class='ocrx_word' id='word_1_525' title='bbox 3266 3837 3380 3893; x_wconf 86' lang='lat' dir='ltr'><strong>Alii</strong></span> <span class='ocrx_word' id='word_1_526' title='bbox 3426 3838 3617 3892; x_wconf 85' lang='lat' dir='ltr'><strong>Coum</strong></span> <span class='ocrx_word' id='word_1_527' title='bbox 3665 3835 3839 3926; x_wconf 56' lang='lat' dir='ltr'><strong>aiun;</strong></span> 
     </span>
    </p>
   </div>
   <div class='ocr_carea' id='block_1_87' title="bbox 2175 3925 3843 4001">
    <p class='ocr_par' dir='ltr' id='par_1_87' title="bbox 2175 3925 3843 4001">
     <span class='ocr_line' id='line_1_87' title="bbox 2175 3925 3843 4001; baseline -0.004 -16"><span class='ocrx_word' id='word_1_528' title='bbox 2175 3934 2235 3986; x_wconf 91' lang='lat' dir='ltr'><strong>et</strong></span> <span class='ocrx_word' id='word_1_529' title='bbox 2265 3928 2483 3985; x_wconf 89' lang='lat' dir='ltr'><strong>deinde</strong></span> <span class='ocrx_word' id='word_1_530' title='bbox 2514 3930 2832 4001; x_wconf 89' lang='lat' dir='ltr'><strong>Syracusas</strong></span> <span class='ocrx_word' id='word_1_531' title='bbox 2892 3929 3201 4001; x_wconf 88' lang='lat' dir='ltr'><strong>migrasse.</strong></span> <span class='ocrx_word' id='word_1_532' title='bbox 3263 3925 3509 3997; x_wconf 90' lang='lat' dir='ltr'><strong>Scripsit</strong></span> <span class='ocrx_word' id='word_1_533' title='bbox 3569 3925 3843 3979; x_wconf 74' lang='lat' dir='ltr'><strong>Carmina</strong></span> 
     </span>
    </p>
   </div>
   <div class='ocr_carea' id='block_1_88' title="bbox 2176 4013 3847 4087">
    <p class='ocr_par' dir='ltr' id='par_1_88' title="bbox 2176 4013 3847 4087">
     <span class='ocr_line' id='line_1_88' title="bbox 2176 4013 3847 4087; baseline -0.004 -12"><span class='ocrx_word' id='word_1_534' title='bbox 2176 4018 2661 4087; x_wconf 85' lang='lat' dir='ltr'><strong>bucolica,Dorica</strong></span> <span class='ocrx_word' id='word_1_535' title='bbox 2683 4017 2934 4073; x_wconf 90' lang='lat' dir='ltr'><strong>dialecto</strong></span> <span class='ocrx_word' id='word_1_536' title='bbox 2963 4017 3212 4083; x_wconf 89' lang='lat' dir='ltr'><strong>Quidam</strong></span> <span class='ocrx_word' id='word_1_537' title='bbox 3235 4016 3413 4070; x_wconf 89' lang='lat' dir='ltr'><strong>etiam</strong></span> <span class='ocrx_word' id='word_1_538' title='bbox 3431 4014 3541 4086; x_wconf 88' lang='lat' dir='ltr'><strong>ipsi</strong></span> <span class='ocrx_word' id='word_1_539' title='bbox 3562 4013 3847 4068; x_wconf 89' lang='lat' dir='ltr'><strong>tribuunt</strong></span> 
     </span>
    </p>
   </div>
   <div class='ocr_carea' id='block_1_89' title="bbox 2177 4103 3851 4180">
    <p class='ocr_par' dir='ltr' id='par_1_89' title="bbox 2177 4103 3851 4180">
     <span class='ocr_line' id='line_1_89' title="bbox 2177 4103 3851 4180; baseline -0.001 -19"><span class='ocrx_word' id='word_1_540' title='bbox 2177 4133 2204 4161; x_wconf 74' lang='grc' dir='ltr'><strong>ι(</strong></span> <span class='ocrx_word' id='word_1_541' title='bbox 2237 4109 2541 4174; x_wconf 73' lang='lat' dir='ltr'><strong>Prmtidas,</strong></span> <span class='ocrx_word' id='word_1_542' title='bbox 2574 4108 2834 4180; x_wconf 86' lang='lat' dir='ltr'><strong>Elpidas,</strong></span> <span class='ocrx_word' id='word_1_543' title='bbox 2872 4108 3154 4180; x_wconf 82' lang='lat' dir='ltr'><strong>Hymnos,</strong></span> <span class='ocrx_word' id='word_1_544' title='bbox 3198 4106 3501 4171; x_wconf 86' lang='lat' dir='ltr'><strong>Heroinas,</strong></span> <span class='ocrx_word' id='word_1_545' title='bbox 3551 4103 3851 4159; x_wconf 84' lang='lat' dir='ltr'><strong>Carmina</strong></span> 
     </span>
    </p>
   </div>
   <div class='ocr_carea' id='block_1_90' title="bbox 2175 4195 3845 4271">
    <p class='ocr_par' dir='ltr' id='par_1_90' title="bbox 2175 4195 3845 4271">
     <span class='ocr_line' id='line_1_90' title="bbox 2175 4195 3845 4271; baseline -0.004 -20"><span class='ocrx_word' id='word_1_546' title='bbox 2175 4222 2203 4251; x_wconf 84' lang='lat'>«</span> <span class='ocrx_word' id='word_1_547' title='bbox 2239 4198 2522 4271; x_wconf 88' lang='lat' dir='ltr'><strong>epicedia,</strong></span> <span class='ocrx_word' id='word_1_548' title='bbox 2582 4197 2831 4270; x_wconf 86' lang='lat' dir='ltr'><strong>Elegias,</strong></span> <span class='ocrx_word' id='word_1_549' title='bbox 2887 4195 3125 4252; x_wconf 83' lang='lat' dir='ltr'><strong>lumbos</strong></span> <span class='ocrx_word' id='word_1_550' title='bbox 3180 4201 3231 4250; x_wconf 83' lang='lat' dir='ltr'><strong>et</strong></span> <span class='ocrx_word' id='word_1_551' title='bbox 3282 4195 3748 4266; x_wconf 82' lang='lat' dir='ltr'><strong>Epigrammata.</strong></span> <span class='ocrx_word' id='word_1_552' title='bbox 3814 4214 3845 4242; x_wconf 72' lang='grc' dir='ltr'><strong>ι</strong></span> 
     </span>
    </p>
   </div>
   <div class='ocr_carea' id='block_1_91' title="bbox 2175 4282 3849 4353">
    <p class='ocr_par' dir='ltr' id='par_1_91' title="bbox 2175 4282 3849 4353">
     <span class='ocr_line' id='line_1_91' title="bbox 2175 4282 3849 4353; baseline -0.005 -9"><span class='ocrx_word' id='word_1_553' title='bbox 2175 4287 2492 4344; x_wconf 89' lang='lat' dir='ltr'><strong>Sciendum</strong></span> <span class='ocrx_word' id='word_1_554' title='bbox 2524 4292 2616 4342; x_wconf 91' lang='lat' dir='ltr'><strong>est</strong></span> <span class='ocrx_word' id='word_1_555' title='bbox 2642 4286 2826 4342; x_wconf 89' lang='lat' dir='ltr'><strong>fuisse</strong></span> <span class='ocrx_word' id='word_1_556' title='bbox 2863 4284 3199 4341; x_wconf 85' lang='lat' dir='ltr'><strong>carminum</strong></span> <span class='ocrx_word' id='word_1_557' title='bbox 3244 4282 3655 4338; x_wconf 84' lang='lat' dir='ltr'><strong>bucolicorum</strong></span> <span class='ocrx_word' id='word_1_558' title='bbox 3688 4298 3849 4353; x_wconf 83' lang='lat' dir='ltr'><strong>poe—</strong></span> 
     </span>
    </p>
   </div>
   <div class='ocr_carea' id='block_1_92' title="bbox 2175 4370 3850 4443">
    <p class='ocr_par' dir='ltr' id='par_1_92' title="bbox 2175 4370 3850 4443">
     <span class='ocr_line' id='line_1_92' title="bbox 2175 4370 3850 4443; baseline -0.004 -9"><span class='ocrx_word' id='word_1_559' title='bbox 2175 4384 2286 4443; x_wconf 86' lang='lat' dir='ltr'><strong>tas,</strong></span> <span class='ocrx_word' id='word_1_560' title='bbox 2318 4377 2478 4433; x_wconf 91' lang='lat' dir='ltr'><strong>hunc</strong></span> <span class='ocrx_word' id='word_1_561' title='bbox 2508 4376 2905 4443; x_wconf 82' lang='lat' dir='ltr'><strong>Theocritum,</strong></span> <span class='ocrx_word' id='word_1_562' title='bbox 2936 4376 3239 4431; x_wconf 88' lang='lat' dir='ltr'><strong>Moschum</strong></span> <span class='ocrx_word' id='word_1_563' title='bbox 3271 4371 3555 4439; x_wconf 89' lang='lat' dir='ltr'><strong>Siculum,</strong></span> <span class='ocrx_word' id='word_1_564' title='bbox 3586 4374 3647 4426; x_wconf 89' lang='lat' dir='ltr'><strong>et</strong></span> <span class='ocrx_word' id='word_1_565' title='bbox 3700 4370 3850 4427; x_wconf 83' lang='lat' dir='ltr'><strong>Bio-</strong></span> 
     </span>
    </p>
   </div>
   <div class='ocr_carea' id='block_1_93' title="bbox 2175 4460 3849 4539">
    <p class='ocr_par' dir='ltr' id='par_1_93' title="bbox 2175 4460 3849 4539">
     <span class='ocr_line' id='line_1_93' title="bbox 2175 4460 3849 4539; baseline -0.005 -15"><span class='ocrx_word' id='word_1_566' title='bbox 2175 4484 2314 4524; x_wconf 91' lang='lat' dir='ltr'><strong>nem</strong></span> <span class='ocrx_word' id='word_1_567' title='bbox 2375 4467 2764 4539; x_wconf 77' lang='lat' dir='ltr'><strong>Smyrnmum,</strong></span> <span class='ocrx_word' id='word_1_568' title='bbox 2822 4482 2893 4521; x_wconf 89' lang='lat' dir='ltr'><strong>ex</strong></span> <span class='ocrx_word' id='word_1_569' title='bbox 2947 4463 3208 4536; x_wconf 90' lang='lat' dir='ltr'><strong>quodam</strong></span> <span class='ocrx_word' id='word_1_570' title='bbox 3284 4460 3593 4534; x_wconf 87' lang='lat' dir='ltr'><strong>oppidulo,</strong></span> <span class='ocrx_word' id='word_1_571' title='bbox 3675 4460 3849 4531; x_wconf 86' lang='lat' dir='ltr'><strong>quod</strong></span> 
     </span>
    </p>
   </div>
   <div class='ocr_carea' id='block_1_94' title="bbox 2174 4554 3166 4624">
    <p class='ocr_par' dir='ltr' id='par_1_94' title="bbox 2174 4554 3166 4624">
     <span class='ocr_line' id='line_1_94' title="bbox 2174 4554 3166 4624; baseline -0.002 -11"><span class='ocrx_word' id='word_1_572' title='bbox 2174 4556 2425 4613; x_wconf 88' lang='lat' dir='ltr'><strong>Phlossa</strong></span> <span class='ocrx_word' id='word_1_573' title='bbox 2453 4556 2792 4624; x_wconf 88' lang='lat' dir='ltr'><strong>vocabatur,</strong></span> <span class='ocrx_word' id='word_1_574' title='bbox 2826 4554 3166 4611; x_wconf 91' lang='lat' dir='ltr'><strong>oriundum.</strong></span> 
     </span>
    </p>
   </div>
   <div class='ocr_carea' id='block_1_95' title="bbox 413 4623 2065 4717">
    <p class='ocr_par' dir='ltr' id='par_1_95' title="bbox 413 4623 2065 4702">
     <span class='ocr_line' id='line_1_95' title="bbox 413 4623 2065 4702; baseline -0.002 -16"><span class='ocrx_word' id='word_1_575' title='bbox 413 4648 476 4688; x_wconf 88' lang='lat' dir='ltr'><strong>se</strong></span> <span class='ocrx_word' id='word_1_576' title='bbox 508 4631 717 4686; x_wconf 89' lang='lat' dir='ltr'><strong>divites</strong></span> <span class='ocrx_word' id='word_1_577' title='bbox 739 4632 990 4702; x_wconf 89' lang='lat' dir='ltr'><strong>jactant.</strong></span> <span class='ocrx_word' id='word_1_578' title='bbox 1015 4629 1165 4683; x_wconf 89' lang='lat' dir='ltr'><strong>Sunt</strong></span> <span class='ocrx_word' id='word_1_579' title='bbox 1183 4631 1242 4683; x_wconf 91' lang='lat' dir='ltr'><strong>et</strong></span> <span class='ocrx_word' id='word_1_580' title='bbox 1260 4625 1362 4681; x_wconf 89' lang='lat' dir='ltr'><strong>alii</strong></span> <span class='ocrx_word' id='word_1_581' title='bbox 1385 4623 1502 4681; x_wconf 91' lang='lat' dir='ltr'><strong>duo</strong></span> <span class='ocrx_word' id='word_1_582' title='bbox 1522 4624 2065 4697; x_wconf 84' lang='lat' dir='ltr'><strong>Theagenes,unus,</strong></span> 
     </span>
    </p>
   </div>
   <div class='ocr_carea' id='block_1_96' title="bbox 2191 4623 3849 4717">
    <p class='ocr_par' dir='ltr' id='par_1_96' title="bbox 2246 4623 3849 4717">
     <span class='ocr_line' id='line_1_96' title="bbox 2246 4623 3849 4717; baseline -0.006 -15"><span class='ocrx_word' id='word_1_583' title='bbox 2246 4646 2627 4717; x_wconf 89' lang='lat' dir='ltr'><strong>Theodectes,</strong></span> <span class='ocrx_word' id='word_1_584' title='bbox 2660 4623 2993 4701; x_wconf 80' lang='lat' dir='ltr'><strong>Aristandri</strong></span> <span class='ocrx_word' id='word_1_585' title='bbox 3024 4645 3085 4699; x_wconf 86' lang='lat' dir='ltr'><strong>F.</strong></span> <span class='ocrx_word' id='word_1_586' title='bbox 3108 4642 3458 4711; x_wconf 82' lang='lat' dir='ltr'><strong>Phaselites,</strong></span> <span class='ocrx_word' id='word_1_587' title='bbox 3481 4645 3713 4707; x_wconf 87' lang='lat' dir='ltr'><strong>orator,</strong></span> <span class='ocrx_word' id='word_1_588' title='bbox 3740 4640 3849 4695; x_wconf 85' lang='lat' dir='ltr'><strong>sed</strong></span> 
     </span>
    </p>
   </div>
   <div class='ocr_carea' id='block_1_97' title="bbox 416 4714 2062 4793">
    <p class='ocr_par' dir='ltr' id='par_1_97' title="bbox 416 4714 2062 4793">
     <span class='ocr_line' id='line_1_97' title="bbox 416 4714 2062 4793; baseline -0.002 -17"><span class='ocrx_word' id='word_1_589' title='bbox 416 4721 517 4793; x_wconf 89' lang='lat' dir='ltr'><strong>qui</strong></span> <span class='ocrx_word' id='word_1_590' title='bbox 539 4721 612 4776; x_wconf 90' lang='lat' dir='ltr'><strong>de</strong></span> <span class='ocrx_word' id='word_1_591' title='bbox 636 4722 877 4776; x_wconf 84' lang='lat' dir='ltr'><strong>Homero</strong></span> <span class='ocrx_word' id='word_1_592' title='bbox 906 4718 1162 4789; x_wconf 89' lang='lat' dir='ltr'><strong>scripsit,</strong></span> <span class='ocrx_word' id='word_1_593' title='bbox 1198 4721 1257 4773; x_wconf 90' lang='lat' dir='ltr'><strong>et</strong></span> <span class='ocrx_word' id='word_1_594' title='bbox 1284 4715 1455 4781; x_wconf 88' lang='lat' dir='ltr'><strong>alter,</strong></span> <span class='ocrx_word' id='word_1_595' title='bbox 1480 4714 1581 4786; x_wconf 90' lang='lat' dir='ltr'><strong>qui</strong></span> <span class='ocrx_word' id='word_1_596' title='bbox 1604 4720 1847 4786; x_wconf 90' lang='lat' dir='ltr'><strong>propter</strong></span> <span class='ocrx_word' id='word_1_597' title='bbox 1862 4715 2062 4772; x_wconf 87' lang='lat' dir='ltr'><strong>molli-</strong></span> 
     </span>
    </p>
   </div>
   <div class='ocr_carea' id='block_1_98' title="bbox 417 4801 2059 4873">
    <p class='ocr_par' dir='ltr' id='par_1_98' title="bbox 417 4801 2059 4873">
     <span class='ocr_line' id='line_1_98' title="bbox 417 4801 2059 4873; baseline -0.002 -8"><span class='ocrx_word' id='word_1_598' title='bbox 417 4810 561 4865; x_wconf 89' lang='lat' dir='ltr'><strong>tiam</strong></span> <span class='ocrx_word' id='word_1_599' title='bbox 592 4810 724 4865; x_wconf 75' lang='lat' dir='ltr'><strong>vitaa</strong></span> <span class='ocrx_word' id='word_1_600' title='bbox 756 4807 1157 4865; x_wconf 85' lang='lat' dir='ltr'><strong>deridebatur.</strong></span> <span class='ocrx_word' id='word_1_601' title='bbox 1192 4808 1444 4861; x_wconf 88' lang='lat' dir='ltr'><strong>Vocatus</strong></span> <span class='ocrx_word' id='word_1_602' title='bbox 1466 4809 1556 4859; x_wconf 88' lang='lat' dir='ltr'><strong>est</strong></span> <span class='ocrx_word' id='word_1_603' title='bbox 1583 4801 1806 4873; x_wconf 79' lang='grc' dir='ltr'><strong>καπνός,</strong></span> <span class='ocrx_word' id='word_1_604' title='bbox 1837 4805 2059 4872; x_wconf 85' lang='lat' dir='ltr'><strong>fumus,</strong></span> 
     </span>
    </p>
   </div>
   <div class='ocr_carea' id='block_1_99' title="bbox 414 4892 2062 4971">
    <p class='ocr_par' dir='ltr' id='par_1_99' title="bbox 414 4892 2062 4971">
     <span class='ocr_line' id='line_1_99' title="bbox 414 4892 2062 4971; baseline -0.001 -18"><span class='ocrx_word' id='word_1_605' title='bbox 414 4899 572 4971; x_wconf 88' lang='lat' dir='ltr'><strong>quia,</strong></span> <span class='ocrx_word' id='word_1_606' title='bbox 600 4915 735 4954; x_wconf 91' lang='lat' dir='ltr'><strong>cum</strong></span> <span class='ocrx_word' id='word_1_607' title='bbox 757 4898 946 4953; x_wconf 89' lang='lat' dir='ltr'><strong>multa</strong></span> <span class='ocrx_word' id='word_1_608' title='bbox 961 4897 1363 4969; x_wconf 89' lang='lat' dir='ltr'><strong>polliceretur,</strong></span> <span class='ocrx_word' id='word_1_609' title='bbox 1388 4892 2062 4963; x_wconf 73' lang='lat' dir='ltr'><strong>nihilprmstabatJdem</strong></span> 
     </span>
    </p>
   </div>
   <div class='ocr_carea' id='block_1_100' title="bbox 412 4982 2064 5055">
    <p class='ocr_par' dir='ltr' id='par_1_100' title="bbox 412 4982 2064 5055">
     <span class='ocr_line' id='line_1_100' title="bbox 412 4982 2064 5055; baseline -0.002 -12"><span class='ocrx_word' id='word_1_610' title='bbox 412 4987 678 5055; x_wconf 91' lang='lat' dir='ltr'><strong>timidus,</strong></span> <span class='ocrx_word' id='word_1_611' title='bbox 704 4992 762 5040; x_wconf 86' lang='lat' dir='ltr'><strong>et</strong></span> <span class='ocrx_word' id='word_1_612' title='bbox 782 4986 1028 5042; x_wconf 85' lang='lat' dir='ltr'><strong>Hecates</strong></span> <span class='ocrx_word' id='word_1_613' title='bbox 1050 4984 1431 5041; x_wconf 89' lang='lat' dir='ltr'><strong>simulacrum</strong></span> <span class='ocrx_word' id='word_1_614' title='bbox 1462 4982 1905 5054; x_wconf 86' lang='lat' dir='ltr'><strong>habebat,quod</strong></span> <span class='ocrx_word' id='word_1_615' title='bbox 1920 5001 2064 5041; x_wconf 89' lang='lat' dir='ltr'><strong>con-</strong></span> 
     </span>
    </p>
   </div>
   <div class='ocr_carea' id='block_1_101' title="bbox 411 5071 2067 5146">
    <p class='ocr_par' dir='ltr' id='par_1_101' title="bbox 411 5071 2067 5146">
     <span class='ocr_line' id='line_1_101' title="bbox 411 5071 2067 5146; baseline -0.001 -13"><span class='ocrx_word' id='word_1_616' title='bbox 411 5075 649 5134; x_wconf 89' lang='lat' dir='ltr'><strong>sulebat</strong></span> <span class='ocrx_word' id='word_1_617' title='bbox 676 5091 1032 5146; x_wconf 88' lang='lat' dir='ltr'><strong>quocunque</strong></span> <span class='ocrx_word' id='word_1_618' title='bbox 1063 5074 1195 5131; x_wconf 87' lang='lat' dir='ltr'><strong>iret.</strong></span> <span class='ocrx_word' id='word_1_619' title='bbox 1230 5073 1371 5130; x_wconf 91' lang='lat' dir='ltr'><strong>Inde</strong></span> <span class='ocrx_word' id='word_1_620' title='bbox 1390 5071 1767 5144; x_wconf 90' lang='lat' dir='ltr'><strong>proverbium</strong></span> <span class='ocrx_word' id='word_1_621' title='bbox 1800 5074 2067 5145; x_wconf 80' lang='lat' dir='ltr'><strong>:Theage-</strong></span> 
     </span>
    </p>
   </div>
   <div class='ocr_carea' id='block_1_102' title="bbox 408 5157 1989 5233">
    <p class='ocr_par' dir='ltr' id='par_1_102' title="bbox 408 5157 1989 5233">
     <span class='ocr_line' id='line_1_102' title="bbox 408 5157 1989 5233; baseline -0.004 -10"><span class='ocrx_word' id='word_1_622' title='bbox 408 5168 498 5223; x_wconf 84' lang='lat' dir='ltr'><strong>nis</strong></span> <span class='ocrx_word' id='word_1_623' title='bbox 528 5168 862 5222; x_wconf 72' lang='lat' dir='ltr'><strong>Hecataeum.</strong></span> <span class='ocrx_word' id='word_1_624' title='bbox 896 5166 976 5220; x_wconf 91' lang='lat' dir='ltr'><strong>De</strong></span> <span class='ocrx_word' id='word_1_625' title='bbox 1006 5163 1278 5220; x_wconf 61' lang='lat' dir='ltr'><strong>zEschine</strong></span> <span class='ocrx_word' id='word_1_626' title='bbox 1311 5177 1490 5233; x_wconf 87' lang='lat' dir='ltr'><strong>supra</strong></span> <span class='ocrx_word' id='word_1_627' title='bbox 1514 5160 1577 5215; x_wconf 85' lang='lat' dir='ltr'><strong>in</strong></span> <span class='ocrx_word' id='word_1_628' title='bbox 1610 5157 1989 5218; x_wconf 78' lang='grc' dir='ltr'><strong>Σεσελλίσθαι.</strong></span> 
     </span>
    </p>
   </div>
   <div class='ocr_carea' id='block_1_103' title="bbox 479 5249 2061 5326">
    <p class='ocr_par' dir='ltr' id='par_1_103' title="bbox 479 5249 2061 5326">
     <span class='ocr_line' id='line_1_103' title="bbox 479 5249 2061 5326; baseline -0.003 -15"><span class='ocrx_word' id='word_1_629' title='bbox 479 5256 741 5321; x_wconf 89' lang='lat' dir='ltr'><strong>Theano,</strong></span> <span class='ocrx_word' id='word_1_630' title='bbox 772 5254 1197 5326; x_wconf 86' lang='lat' dir='ltr'><strong>Metapontina,</strong></span> <span class='ocrx_word' id='word_1_631' title='bbox 1240 5251 1333 5307; x_wconf 89' lang='lat' dir='ltr'><strong>vel</strong></span> <span class='ocrx_word' id='word_1_632' title='bbox 1391 5249 1626 5314; x_wconf 78' lang='lat' dir='ltr'><strong>Thurin,</strong></span> <span class='ocrx_word' id='word_1_633' title='bbox 1672 5250 2061 5323; x_wconf 87' lang='lat' dir='ltr'><strong>Pythagorea,</strong></span> 
     </span>
    </p>
   </div>
   <div class='ocr_carea' id='block_1_104' title="bbox 416 5337 2064 5418">
    <p class='ocr_par' dir='ltr' id='par_1_104' title="bbox 416 5337 2064 5418">
     <span class='ocr_line' id='line_1_104' title="bbox 416 5337 2064 5418; baseline -0.002 -16"><span class='ocrx_word' id='word_1_634' title='bbox 416 5345 541 5402; x_wconf 81' lang='lat' dir='ltr'><strong>filia</strong></span> <span class='ocrx_word' id='word_1_635' title='bbox 570 5344 957 5418; x_wconf 86' lang='lat' dir='ltr'><strong>LeOphronis,</strong></span> <span class='ocrx_word' id='word_1_636' title='bbox 1006 5360 1156 5399; x_wconf 83' lang='lat' dir='ltr'><strong>uxor</strong></span> <span class='ocrx_word' id='word_1_637' title='bbox 1183 5339 1430 5412; x_wconf 86' lang='lat' dir='ltr'><strong>Carysti,</strong></span> <span class='ocrx_word' id='word_1_638' title='bbox 1491 5337 1585 5393; x_wconf 91' lang='lat' dir='ltr'><strong>vel</strong></span> <span class='ocrx_word' id='word_1_639' title='bbox 1634 5338 1927 5410; x_wconf 90' lang='lat' dir='ltr'><strong>Crotonis,</strong></span> <span class='ocrx_word' id='word_1_640' title='bbox 1972 5341 2064 5398; x_wconf 86' lang='lat' dir='ltr'><strong>vel</strong></span> 
     </span>
    </p>
   </div>
   <div class='ocr_carea' id='block_1_105' title="bbox 475 5499 2063 5580">
    <p class='ocr_par' dir='ltr' id='par_1_105' title="bbox 475 5499 2063 5580">
     <span class='ocr_line' id='line_1_105' title="bbox 475 5499 2063 5580; baseline 0.004 -27"><span class='ocrx_word' id='word_1_641' title='bbox 475 5505 769 5580; x_wconf 55' lang='lat' dir='ltr'><strong>(29}Quod</strong></span> <span class='ocrx_word' id='word_1_642' title='bbox 795 5504 994 5562; x_wconf 84' lang='lat' dir='ltr'><strong>Strabo</strong></span> <span class='ocrx_word' id='word_1_643' title='bbox 1014 5503 1119 5580; x_wconf 89' lang='lat' dir='ltr'><strong>lib.</strong></span> <span class='ocrx_word' id='word_1_644' title='bbox 1140 5519 1212 5580; x_wconf 53' lang='grc' dir='ltr'><strong>μ.</strong></span> <span class='ocrx_word' id='word_1_645' title='bbox 1254 5517 1383 5580; x_wconf 75' lang='lat' dir='ltr'><strong>pag.</strong></span> <span class='ocrx_word' id='word_1_646' title='bbox 1418 5500 1540 5563; x_wconf 69' lang='grc'><strong>482,</strong></span> <span class='ocrx_word' id='word_1_647' title='bbox 1577 5499 2063 5580; x_wconf 66' lang='lat' dir='ltr'><strong>antiquissimum</strong></span> 
     </span>
    </p>
   </div>
   <div class='ocr_carea' id='block_1_106' title="bbox 404 5572 2062 5649">
    <p class='ocr_par' dir='ltr' id='par_1_106' title="bbox 404 5572 2062 5649">
     <span class='ocr_line' id='line_1_106' title="bbox 404 5572 2062 5649; baseline -0.004 -13"><span class='ocrx_word' id='word_1_648' title='bbox 404 5572 579 5636; x_wconf 81' lang='lat' dir='ltr'><strong>illum</strong></span> <span class='ocrx_word' id='word_1_649' title='bbox 606 5572 855 5649; x_wconf 63' lang='lat' dir='ltr'><strong>lyricum</strong></span> <span class='ocrx_word' id='word_1_650' title='bbox 888 5580 1054 5649; x_wconf 82' lang='lat' dir='ltr'><strong>vocat</strong></span> <span class='ocrx_word' id='word_1_651' title='bbox 1082 5572 1284 5640; x_wconf 64' lang='grc' dir='ltr'><em>Θάληέ,</em></span> <span class='ocrx_word' id='word_1_652' title='bbox 1318 5572 1429 5649; x_wconf 70' lang='lat' dir='ltr'><strong>hoc</strong></span> <span class='ocrx_word' id='word_1_653' title='bbox 1460 5588 1678 5649; x_wconf 81' lang='lat' dir='ltr'><strong>nomen</strong></span> <span class='ocrx_word' id='word_1_654' title='bbox 1707 5572 1911 5649; x_wconf 71' lang='lat' dir='ltr'><strong>etiam,</strong></span> <span class='ocrx_word' id='word_1_655' title='bbox 1932 5574 2062 5630; x_wconf 83' lang='lat' dir='ltr'><strong>Sui-</strong></span> 
     </span>
    </p>
   </div>
   <div class='ocr_carea' id='block_1_107' title="bbox 404 5642 2056 5716">
    <p class='ocr_par' dir='ltr' id='par_1_107' title="bbox 404 5642 2056 5716">
     <span class='ocr_line' id='line_1_107' title="bbox 404 5642 2056 5716; baseline -0.002 -10"><span class='ocrx_word' id='word_1_656' title='bbox 404 5651 493 5706; x_wconf 76' lang='lat' dir='ltr'><strong>dm</strong></span> <span class='ocrx_word' id='word_1_657' title='bbox 524 5642 1088 5705; x_wconf 49' lang='lat' dir='ltr'><strong>hic&#39;restituendum</strong></span> <span class='ocrx_word' id='word_1_658' title='bbox 1120 5651 1289 5716; x_wconf 87' lang='lat' dir='ltr'><strong>putat</strong></span> <span class='ocrx_word' id='word_1_659' title='bbox 1320 5646 1529 5699; x_wconf 75' lang='lat' dir='ltr'><strong>Kuster</strong></span> <span class='ocrx_word' id='word_1_660' title='bbox 1560 5642 1599 5697; x_wconf 88' lang='lat' dir='ltr'><strong>l.</strong></span> <span class='ocrx_word' id='word_1_661' title='bbox 1636 5659 1815 5714; x_wconf 87' lang='lat' dir='ltr'><strong>supra</strong></span> <span class='ocrx_word' id='word_1_662' title='bbox 1855 5645 2056 5703; x_wconf 85' lang='lat' dir='ltr'><strong>citato.</strong></span> 
     </span>
    </p>
   </div>
   <div class='ocr_carea' id='block_1_108' title="bbox 404 5723 578 5778">
    <p class='ocr_par' dir='ltr' id='par_1_108' title="bbox 404 5723 578 5778">
     <span class='ocr_line' id='line_1_108' title="bbox 404 5723 578 5778; baseline -0.006 -1"><span class='ocrx_word' id='word_1_663' title='bbox 404 5723 578 5778; x_wconf 70' lang='lat' dir='ltr'><strong>Hum.</strong></span> 
     </span>
    </p>
   </div>
   <div class='ocr_carea' id='block_1_109' title="bbox 2171 4728 3847 4808">
    <p class='ocr_par' dir='ltr' id='par_1_109' title="bbox 2171 4728 3847 4808">
     <span class='ocr_line' id='line_1_109' title="bbox 2171 4728 3847 4808; baseline -0.005 -17"><span class='ocrx_word' id='word_1_664' title='bbox 2171 4736 2273 4808; x_wconf 87' lang='lat' dir='ltr'><strong>qui</strong></span> <span class='ocrx_word' id='word_1_665' title='bbox 2304 4734 2379 4791; x_wconf 90' lang='lat' dir='ltr'><strong>ad</strong></span> <span class='ocrx_word' id='word_1_666' title='bbox 2409 4734 2756 4791; x_wconf 88' lang='lat' dir='ltr'><strong>scribendas</strong></span> <span class='ocrx_word' id='word_1_667' title='bbox 2787 4732 3100 4807; x_wconf 71' lang='lat' dir='ltr'><strong>tragoedias</strong></span> <span class='ocrx_word' id='word_1_668' title='bbox 3123 4749 3185 4787; x_wconf 90' lang='lat' dir='ltr'><strong>se</strong></span> <span class='ocrx_word' id='word_1_669' title='bbox 3205 4730 3479 4794; x_wconf 90' lang='lat' dir='ltr'><strong>contulit,</strong></span> <span class='ocrx_word' id='word_1_670' title='bbox 3500 4728 3847 4800; x_wconf 81' lang='lat' dir='ltr'><strong>discipulus</strong></span> 
     </span>
    </p>
   </div>
   <div class='ocr_carea' id='block_1_110' title="bbox 2172 4818 3847 4894">
    <p class='ocr_par' dir='ltr' id='par_1_110' title="bbox 2172 4818 3847 4894">
     <span class='ocr_line' id='line_1_110' title="bbox 2172 4818 3847 4894; baseline -0.005 -13"><span class='ocrx_word' id='word_1_671' title='bbox 2172 4826 2459 4894; x_wconf 90' lang='lat' dir='ltr'><strong>Platonis,</strong></span> <span class='ocrx_word' id='word_1_672' title='bbox 2492 4824 2764 4881; x_wconf 89' lang='lat' dir='ltr'><strong>Isocratis</strong></span> <span class='ocrx_word' id='word_1_673' title='bbox 2794 4829 2854 4879; x_wconf 90' lang='lat' dir='ltr'><strong>et</strong></span> <span class='ocrx_word' id='word_1_674' title='bbox 2880 4822 3234 4878; x_wconf 88' lang='lat' dir='ltr'><strong>Aristotelis.</strong></span> <span class='ocrx_word' id='word_1_675' title='bbox 3267 4821 3373 4875; x_wconf 86' lang='lat' dir='ltr'><strong>Ilio</strong></span> <span class='ocrx_word' id='word_1_676' title='bbox 3403 4824 3461 4874; x_wconf 90' lang='lat' dir='ltr'><strong>et</strong></span> <span class='ocrx_word' id='word_1_677' title='bbox 3485 4818 3847 4889; x_wconf 71' lang='lat' dir='ltr'><strong>Erythrmus</strong></span> 
     </span>
    </p>
   </div>
   <div class='ocr_carea' id='block_1_111' title="bbox 2174 4910 3851 4983">
    <p class='ocr_par' dir='ltr' id='par_1_111' title="bbox 2174 4910 3851 4983">
     <span class='ocr_line' id='line_1_111' title="bbox 2174 4910 3851 4983; baseline -0.007 -11"><span class='ocrx_word' id='word_1_678' title='bbox 2174 4919 2493 4973; x_wconf 86' lang='lat' dir='ltr'><strong>Naucrates</strong></span> <span class='ocrx_word' id='word_1_679' title='bbox 2544 4921 2602 4970; x_wconf 87' lang='lat' dir='ltr'><strong>et</strong></span> <span class='ocrx_word' id='word_1_680' title='bbox 2658 4912 2945 4969; x_wconf 86' lang='lat' dir='ltr'><strong>Isocrates</strong></span> <span class='ocrx_word' id='word_1_681' title='bbox 3000 4910 3425 4983; x_wconf 87' lang='lat' dir='ltr'><strong>Apolloniates,</strong></span> <span class='ocrx_word' id='word_1_682' title='bbox 3487 4914 3720 4975; x_wconf 87' lang='lat' dir='ltr'><strong>orator,</strong></span> <span class='ocrx_word' id='word_1_683' title='bbox 3788 4910 3851 4962; x_wconf 87' lang='lat' dir='ltr'><strong>et</strong></span> 
     </span>
    </p>
   </div>
   <div class='ocr_carea' id='block_1_112' title="bbox 2173 4996 3844 5077">
    <p class='ocr_par' dir='ltr' id='par_1_112' title="bbox 2173 4996 3844 5077">
     <span class='ocr_line' id='line_1_112' title="bbox 2173 4996 3844 5077; baseline -0.005 -16"><span class='ocrx_word' id='word_1_684' title='bbox 2173 5007 2588 5077; x_wconf 89' lang='lat' dir='ltr'><strong>Theopompus</strong></span> <span class='ocrx_word' id='word_1_685' title='bbox 2618 5003 2839 5075; x_wconf 89' lang='lat' dir='ltr'><strong>olymp.</strong></span> <span class='ocrx_word' id='word_1_686' title='bbox 2888 5002 3031 5069; x_wconf 88' lang='lat' dir='ltr'><strong>CIII,</strong></span> <span class='ocrx_word' id='word_1_687' title='bbox 3074 4999 3356 5055; x_wconf 85' lang='lat' dir='ltr'><strong>funebres</strong></span> <span class='ocrx_word' id='word_1_688' title='bbox 3405 4996 3733 5053; x_wconf 81' lang='lat' dir='ltr'><strong>Orationes</strong></span> <span class='ocrx_word' id='word_1_689' title='bbox 3781 4997 3844 5052; x_wconf 86' lang='lat' dir='ltr'><strong>in</strong></span> 
     </span>
    </p>
   </div>
   <div class='ocr_carea' id='block_1_113' title="bbox 2172 5086 3853 5158">
    <p class='ocr_par' dir='ltr' id='par_1_113' title="bbox 2172 5086 3853 5158">
     <span class='ocr_line' id='line_1_113' title="bbox 2172 5086 3853 5158; baseline -0.007 -7"><span class='ocrx_word' id='word_1_690' title='bbox 2172 5094 2417 5151; x_wconf 80' lang='lat' dir='ltr'><strong>Mausoli</strong></span> <span class='ocrx_word' id='word_1_691' title='bbox 2442 5093 2682 5149; x_wconf 89' lang='lat' dir='ltr'><strong>laudem</strong></span> <span class='ocrx_word' id='word_1_692' title='bbox 2706 5092 3065 5158; x_wconf 88' lang='lat' dir='ltr'><strong>habuerunt,</strong></span> <span class='ocrx_word' id='word_1_693' title='bbox 3085 5088 3438 5155; x_wconf 73' lang='lat' dir='ltr'><strong>Artemisim,</strong></span> <span class='ocrx_word' id='word_1_694' title='bbox 3463 5086 3853 5153; x_wconf 83' lang='lat' dir='ltr'><strong>uxoris,bor—</strong></span> 
     </span>
    </p>
   </div>
   <div class='ocr_carea' id='block_1_114' title="bbox 2174 5176 3848 5255">
    <p class='ocr_par' dir='ltr' id='par_1_114' title="bbox 2174 5176 3848 5255">
     <span class='ocr_line' id='line_1_114' title="bbox 2174 5176 3848 5255; baseline -0.005 -15"><span class='ocrx_word' id='word_1_695' title='bbox 2174 5189 2519 5255; x_wconf 77' lang='lat' dir='ltr'><strong>tatu.Atque</strong></span> <span class='ocrx_word' id='word_1_696' title='bbox 2544 5199 2631 5247; x_wconf 91' lang='lat' dir='ltr'><strong>ea,</strong></span> <span class='ocrx_word' id='word_1_697' title='bbox 2665 5198 2843 5255; x_wconf 89' lang='lat' dir='ltr'><strong>quam</strong></span> <span class='ocrx_word' id='word_1_698' title='bbox 2874 5180 3098 5247; x_wconf 87' lang='lat' dir='ltr'><strong>docuit,</strong></span> <span class='ocrx_word' id='word_1_699' title='bbox 3132 5176 3415 5248; x_wconf 75' lang='lat' dir='ltr'><strong>tragoedia</strong></span> <span class='ocrx_word' id='word_1_700' title='bbox 3446 5191 3664 5247; x_wconf 85' lang='lat' dir='ltr'><strong>magno</strong></span> <span class='ocrx_word' id='word_1_701' title='bbox 3705 5192 3848 5232; x_wconf 89' lang='lat' dir='ltr'><strong>cum</strong></span> 
     </span>
    </p>
   </div>
   <div class='ocr_carea' id='block_1_115' title="bbox 2175 5265 3849 5347">
    <p class='ocr_par' dir='ltr' id='par_1_115' title="bbox 2175 5265 3849 5347">
     <span class='ocr_line' id='line_1_115' title="bbox 2175 5265 3849 5347; baseline -0.006 -16"><span class='ocrx_word' id='word_1_702' title='bbox 2175 5275 2465 5347; x_wconf 88' lang='lat' dir='ltr'><strong>applausu</strong></span> <span class='ocrx_word' id='word_1_703' title='bbox 2486 5272 2793 5329; x_wconf 88' lang='lat' dir='ltr'><strong>victoriam</strong></span> <span class='ocrx_word' id='word_1_704' title='bbox 2819 5272 2871 5328; x_wconf 89' lang='lat' dir='ltr'><strong>ei</strong></span> <span class='ocrx_word' id='word_1_705' title='bbox 2895 5268 3265 5343; x_wconf 87' lang='lat' dir='ltr'><strong>peperit.Alii</strong></span> <span class='ocrx_word' id='word_1_706' title='bbox 3282 5266 3491 5322; x_wconf 86' lang='lat' dir='ltr'><strong>dicunt</strong></span> <span class='ocrx_word' id='word_1_707' title='bbox 3508 5265 3849 5337; x_wconf 86' lang='lat' dir='ltr'><strong>Theopom—</strong></span> 
     </span>
    </p>
   </div>
   <div class='ocr_carea' id='block_1_116' title="bbox 2174 5355 3843 5439">
    <p class='ocr_par' dir='ltr' id='par_1_116' title="bbox 2174 5355 3843 5439">
     <span class='ocr_line' id='line_1_116' title="bbox 2174 5355 3843 5439; baseline -0.011 -12"><span class='ocrx_word' id='word_1_708' title='bbox 2174 5383 2316 5439; x_wconf 75' lang='lat' dir='ltr'><strong>pum</strong></span> <span class='ocrx_word' id='word_1_709' title='bbox 2345 5365 2570 5438; x_wconf 89' lang='lat' dir='ltr'><strong>primas</strong></span> <span class='ocrx_word' id='word_1_710' title='bbox 2594 5362 2823 5421; x_wconf 90' lang='lat' dir='ltr'><strong>tulisse.</strong></span> <span class='ocrx_word' id='word_1_711' title='bbox 2851 5362 3129 5416; x_wconf 88' lang='lat' dir='ltr'><strong>Dramata</strong></span> <span class='ocrx_word' id='word_1_712' title='bbox 3156 5355 3843 5428; x_wconf 77' lang='lat' dir='ltr'><strong>docuitquiuquaginta.</strong></span> 
     </span>
    </p>
   </div>
   <div class='ocr_carea' id='block_1_117' title="bbox 2245 5496 3779 5577">
    <p class='ocr_par' dir='ltr' id='par_1_117' title="bbox 2245 5496 3779 5577">
     <span class='ocr_line' id='line_1_117' title="bbox 2245 5496 3779 5577; baseline -0.007 -13"><span class='ocrx_word' id='word_1_713' title='bbox 2245 5509 2358 5577; x_wconf 88' lang='lat'><strong>(30)</strong></span> <span class='ocrx_word' id='word_1_714' title='bbox 2392 5508 2497 5562; x_wconf 85' lang='lat' dir='ltr'><strong>Vix</strong></span> <span class='ocrx_word' id='word_1_715' title='bbox 2526 5506 2598 5564; x_wconf 93' lang='lat' dir='ltr'><strong>de</strong></span> <span class='ocrx_word' id='word_1_716' title='bbox 2629 5504 2823 5561; x_wconf 64' lang='lat' dir='ltr'><strong>Suidas</strong></span> <span class='ocrx_word' id='word_1_717' title='bbox 2856 5502 3223 5577; x_wconf 75' lang='lat' dir='ltr'><strong>temporibus</strong></span> <span class='ocrx_word' id='word_1_718' title='bbox 3252 5502 3361 5557; x_wconf 91' lang='lat' dir='ltr'><strong>hoc</strong></span> <span class='ocrx_word' id='word_1_719' title='bbox 3393 5514 3601 5577; x_wconf 75' lang='lat' dir='ltr'><strong>verum</strong></span> <span class='ocrx_word' id='word_1_720' title='bbox 3634 5496 3779 5577; x_wconf 56' lang='lat' dir='ltr'><strong>fuit:</strong></span> 
     </span>
    </p>
   </div>
   <div class='ocr_carea' id='block_1_118' title="bbox 2244 5509 3861 5651">
    <p class='ocr_par' dir='ltr' id='par_1_118' title="bbox 2244 5509 3861 5651">
     <span class='ocr_line' id='line_1_118' title="bbox 2245 5509 3779 5577; baseline -0.007 -13"><span class='ocrx_word' id='word_1_721' title='bbox 2245 5512 2337 5577; x_wconf 88' lang='lat'><strong>(30</strong></span> <span class='ocrx_word' id='word_1_722' title='bbox 2392 5509 2497 5562; x_wconf 85' lang='lat' dir='ltr'><strong>Vix</strong></span> <span class='ocrx_word' id='word_1_723' title='bbox 2526 5509 2598 5564; x_wconf 93' lang='lat' dir='ltr'><strong>de</strong></span> <span class='ocrx_word' id='word_1_724' title='bbox 2629 5509 2823 5561; x_wconf 64' lang='lat' dir='ltr'><strong>Suidas</strong></span> <span class='ocrx_word' id='word_1_725' title='bbox 2856 5509 3223 5577; x_wconf 88' lang='lat' dir='ltr'><strong>temporibus</strong></span> <span class='ocrx_word' id='word_1_726' title='bbox 3252 5509 3361 5557; x_wconf 86' lang='lat' dir='ltr'><strong>hoc</strong></span> <span class='ocrx_word' id='word_1_727' title='bbox 3393 5514 3601 5555; x_wconf 87' lang='lat' dir='ltr'><strong>verum</strong></span> <span class='ocrx_word' id='word_1_728' title='bbox 3634 5509 3779 5554; x_wconf 79' lang='lat' dir='ltr'><strong>luit.</strong></span> 
     </span>
     <span class='ocr_line' id='line_1_119' title="bbox 2244 5509 3861 5651; baseline -0.005 -16"><span class='ocrx_word' id='word_1_729' title='bbox 2244 5509 2358 5651; x_wconf 54' lang='lat' dir='ltr'><strong>(3t;</strong></span> <span class='ocrx_word' id='word_1_730' title='bbox 2388 5580 2497 5635; x_wconf 88' lang='lat' dir='ltr'><strong>Illa</strong></span> <span class='ocrx_word' id='word_1_731' title='bbox 2522 5584 2660 5635; x_wconf 88' lang='lat' dir='ltr'><strong>sunt</strong></span> <span class='ocrx_word' id='word_1_732' title='bbox 2688 5577 2972 5651; x_wconf 85' lang='lat' dir='ltr'><strong>pyramis,</strong></span> <span class='ocrx_word' id='word_1_733' title='bbox 3005 5574 3216 5639; x_wconf 87' lang='lat' dir='ltr'><strong>cubus,</strong></span> <span class='ocrx_word' id='word_1_734' title='bbox 3270 5571 3621 5643; x_wconf 85' lang='lat' dir='ltr'><strong>octaedron,</strong></span> <span class='ocrx_word' id='word_1_735' title='bbox 3656 5570 3861 5628; x_wconf 78' lang='lat' dir='ltr'><strong>dode-</strong></span> 
     </span>
    </p>
   </div>
   <div class='ocr_carea' id='block_1_119' title="bbox 2173 5651 2853 5719">
    <p class='ocr_par' dir='ltr' id='par_1_119' title="bbox 2173 5651 2853 5719">
     <span class='ocr_line' id='line_1_120' title="bbox 2173 5651 2853 5719; baseline -0.007 -11"><span class='ocrx_word' id='word_1_736' title='bbox 2173 5653 2450 5719; x_wconf 87' lang='lat' dir='ltr'><strong>caedron,</strong></span> <span class='ocrx_word' id='word_1_737' title='bbox 2485 5651 2853 5706; x_wconf 77' lang='lat' dir='ltr'><strong>icosaedron.</strong></span> 
     </span>
    </p>
   </div>
  </div>
