4064 6214
442 346 599 408 1359
1747 342 1991 404 INDEX
2043 343 2055 401 ε

2186 341 2559 406 ,IPTORUM
3738 339 3892 399 13m

446 479 551 535 sed
566 478 833 535 discendi
849 476 1098 550 cupidus
1114 476 1403 533 etlaboris
1416 492 1594 549 supra
1609 475 1853 532 modum
1866 490 2094 531 amans.
2126 478 2179 541 Α
2208 474 2369 546 phon
2392 474 2695 542 desinunt,
2729 471 3276 545 etcomplectuntur
3291 486 3362 528 ea
3390 487 3529 543 qum
3542 476 3741 544 gesta
3756 478 3893 527 sunt

450 566 849 634 Quamobrem
873 567 1031 622 brevi
1054 566 1340 638 temporis
1388 565 1578 637 spatio
1614 564 1932 619 maximam
1966 580 2100 619 eru-
2208 568 2344 635 post
2370 564 2593 619 bellum
2626 562 3220 636 Peloponnesiacum,
3254 567 3313 617 et
3339 568 3592 618 caetera.
3633 560 3893 633 Scripsit

453 658 741 713 ditionem
772 656 883 712 sibi
908 656 1289 727 comparavit,
1326 660 1385 709 et
1415 660 1528 709 tam
1565 655 1947 724 antiquarum
1996 669 2100 708 re-
2206 657 2266 707 et
2293 653 2411 708 alia
2443 654 2718 726 plurima.

451 764 583 802 rum
616 763 792 817 quam
817 746 1148 800 recentium
1181 743 1494 800 scientiam
1524 744 1725 798 animo
1756 742 2102 814 complexus
2275 743 2710 815 Theopompus,
2764 742 3113 799 Theodectis
3170 742 3287 797 sive
3343 740 3665 796 Theodori
3702 740 3885 805 ﬁlius,

448 841 558 891 est.
591 839 656 905 (E
688 836 1042 904 Damascio.)
2206 832 2915 901 Atheniensis,comicus,
2944 832 3132 887 edidit
3156 830 3390 886 fabulas
3414 830 3579 884 XXII
3604 848 3623 895 ;
3650 830 3887 902 fuitque

521 926 903 998 Theophilus,
962 924 1245 981 comicus.
1306 926 1387 978 Ex
1460 923 1591 995 ejus
1665 922 1883 979 fabulis
1962 925 2103 978 sunt
2204 923 2468 993 antiqua;
2494 923 2796 979 comoediae
2822 927 2999 995 poeta
3023 920 3885 991 secundumAristophanem;

448 1014 677 1086 Ἰατρὸς,
759 1010 1110 1087 Ἐπίδαυρος,
1171 1011 1510 1086 Παγκράτεια
1588 1013 1892 1083 (Αὶὴθηωο
1960 1016 2055 1065 Πα·

2205 1012 2561 1084 scripsitque
2588 1013 2791 1085 plures
2817 1011 2966 1067 alias
2990 1010 3241 1075 fabulas,
3275 1015 3385 1064 etc.

446 1102 820 1179 κρατιαστὴς),
852 1100 1111 1169 Βοιωτία,
1138 1098 1437 1175 Προιτίδες,
1472 1097 1882 1171 Νεοπτόλεμος.

2273 1099 2556 1174 Θεῴρηκα.
2592 1099 3395 1173 Arcesilaus,philosophus,
3454 1104 3594 1154 erat
3658 1107 3887 1156 natura

521 1193 900 1267 Theophilus,
930 1193 1099 1265 imp.,
1154 1190 1457 1246 Michaelis
1513 1190 1801 1246 Amorraei
1859 1190 1943 1257 F.,
1994 1191 2055 1245 Mi

2201 1191 2408 1247 tardus
2439 1199 2498 1247 et
2526 1192 2807 1263 oscitans,
2865 1189 2916 1244 ἐν
2978 1190 3037 1244 δὲ
3084 1193 3155 1263 τῇ
3185 1191 3355 1263 τέχνῃ
3414 1189 3887 1263 τεθεωρημένος,

447 1283 670 1338 chaelis
701 1286 890 1354 pater,
922 1280 1280 1353 Copronymi
1338 1280 1615 1334 haeresim
1646 1280 1727 1350 (n.
1767 1295 2092 1335 uconoma-
2201 1280 2305 1335 sed
2337 1281 2482 1336 artis
2505 1287 2703 1337 tamen
2732 1280 2916 1353 probe
2946 1280 3197 1353 peritus.
3220 1279 3325 1335 Hic
3346 1278 3499 1334 dixit
3519 1279 3711 1335 hianti
3747 1281 3887 1336 sibi

442 1372 659 1443 chiam)
717 1370 1046 1442 amplexus,
1096 1370 1346 1441 ipsoque
1422 1368 1590 1424 nulla
1636 1369 1698 1423 in
1740 1384 1803 1423 re
1856 1369 2091 1426 melior.
2198 1370 2585 1441 geometriam
2634 1370 2695 1425 in
2752 1373 2861 1426 hos
2935 1370 3254 1426 involasse.
3313 1370 3485 1426 Pana.
3538 1372 3883 1427 Enimvero

440 1462 586 1519 Cum
617 1460 796 1531 igitur
824 1458 1033 1514 eadem
1063 1459 1346 1524 amentia,
1408 1475 1539 1529 quae
1596 1457 1986 1513 Manichaeum
2037 1463 2096 1514 et
2196 1459 2540 1528 (Pearsonio
2569 1465 2629 1515 et
2658 1461 2904 1515 Kustero
2934 1458 3009 1514 ad
3040 1459 3097 1515 h.
3132 1458 3171 1515 l.
3208 1464 3349 1515 tom.
3406 1462 3480 1531 Il,
3532 1477 3675 1532 pag.
3748 1462 3879 1531 183,

440 1548 647 1605 Arium
679 1548 844 1616 olim,
869 1548 1139 1603 animum
1171 1547 1302 1619 ejus
1355 1547 1689 1615 invasisset,
1725 1547 2094 1619 persecutio-
2193 1552 2317 1602 not.
2348 1551 2401 1618 5,
2434 1548 3439 1621 animadvertentibus)compilator
3459 1550 3877 1605 Arcesilaoea

440 1655 580 1694 nem
611 1642 670 1693 et
724 1638 852 1709 ipse
905 1644 1113 1693 contra
1167 1637 1489 1693 Ecclesiam
1519 1638 1697 1709 C(Bpit
1756 1637 2087 1709 instituere,
2194 1636 2422 1704 tribuit,
2456 1652 2587 1709 quae
2617 1638 2773 1711 apud
2820 1640 3121 1705 Laertium,
3181 1637 3284 1694 lib.
3317 1639 3411 1705 IV,
3442 1655 3508 1692 n.
3543 1640 3663 1707 32;
3703 1640 3877 1694 unde

436 1727 589 1783 alter
618 1727 976 1795 Nectanebo,
1007 1726 1343 1799 adjutorem
1375 1731 1586 1782 nactus
1614 1727 1924 1793 Joannem,
1980 1742 2084 1798 pa-
2192 1725 2291 1782 hic
2321 1726 2488 1782 locus
2520 1732 2833 1799 excerptus
2858 1732 2967 1797 est,
2990 1726 3062 1783 ab
3088 1726 3385 1783 Arcesilae
3404 1727 3479 1783 de
3510 1729 3875 1798 Hipponico,

435 1817 777 1885 triarcham,
800 1816 889 1871 vel
912 1816 1108 1888 potius
1128 1816 1574 1882 Mantiarcham,
1598 1821 1701 1871 aut
1724 1815 2088 1871 Daemoniar-
2119 1841 2163 1908 Β
2193 1821 2515 1888 geometra,
2551 1816 2851 1873 dicuntur.
2883 1817 3119 1873 Hamas.

436 1909 628 1979 cham,
657 1924 875 1963 novum
907 1923 1109 1962 revera
1136 1907 1487 1979 Apollonius
1513 1912 1617 1962 aut
1646 1906 2086 1962 Balaamnostri
2138 1906 2149 1908 ἡ
2263 1906 2525 1976 Theoris,
2558 1907 2820 1976 fatidica,
2845 1907 2919 1962 ob
2950 1907 3273 1979 impietatis
3304 1909 3535 1964 crimen
3598 1909 3871 1966 multata

438 1997 744 2070 temporis,
776 1996 1271 2053 lecanomantem.
1306 1995 1391 2052 Ab
1450 1995 1562 2051 hoc
1622 1996 1805 2051 etiam
1854 1996 2085 2051 litteras
2190 2001 2400 2051 morte.
2433 1997 2865 2052 Demosthenes
2893 2004 3103 2052 contra
3130 1998 3616 2070 Aristogitonem.

437 2086 703 2155 edoctus,
734 2086 913 2142 homo
935 2086 1132 2143 varius
1163 2091 1222 2140 et
1251 2084 1597 2151 sceleratus,
1631 2090 1741 2140 etc.
2259 2083 2490 2156 Θεωροι,
2525 2086 2627 2158 qui
2658 2085 2731 2141 ad
2759 2086 3067 2142 oraculum
3102 2086 3515 2156 mittebantur,
3549 2092 3613 2140 et
3644 2103 3867 2144 omnes

506 2177 885 2249 Theophilus.
949 2176 1052 2231 Hic
1105 2192 1174 2231 ex
1213 2175 1384 2231 India
1441 2192 1714 2231 reversus
1758 2175 2083 2231 Antiochia)
2185 2189 2386 2228 rerum
2432 2174 2766 2230 divinarum
2809 2174 3085 2232 custodes
3178 2181 3236 2231 et
3277 2181 3640 2242 curatores;
3706 2175 3859 2249 ὥρη,

434 2268 597 2333 vixit,
630 2271 688 2323 et
715 2266 1027 2322 ecclesiam
1059 2263 1300 2336 quidem
1323 2264 1550 2320 nullam
1584 2264 1944 2337 assignatam
1978 2264 2081 2321 ha-
2187 2261 2347 2316 enim
2372 2279 2560 2318 curam
2593 2263 2908 2337 significat.

430 2358 561 2415 buit
590 2373 604 2424 ;
639 2355 743 2412 sed
772 2354 941 2426 quasi
991 2354 1326 2411 communis
1354 2353 1595 2425 quidam
1624 2353 1738 2409 fuit
1764 2353 1996 2425 (doctor
2025 2359 2084 2410 et
2257 2349 2406 2411 Θεός.
2432 2351 2619 2421 Philo,
2643 2369 2779 2408 cum
2808 2352 2987 2409 verba
3041 2352 3174 2414 θεὸς
3229 2351 3434 2424 Κύριος
3479 2354 3858 2428 interpreta-

429 2446 967 2519 episcopus),quem
1002 2443 1324 2515 imperator
1352 2442 1516 2497 omni
1548 2441 1771 2497 honore
1794 2441 2080 2498 etobser-
2184 2445 2367 2509 retur,
2397 2458 2646 2498 summae
2674 2443 2979 2499 Trinitatis
3020 2444 3331 2499 notionem
3390 2443 3626 2499 habuit.
3664 2446 3857 2500 Graeci

426 2534 630 2591 vantia
662 2533 903 2588 coleret.
932 2533 1071 2587 Erat
1112 2532 1213 2586 ille
1246 2533 1517 2603 quaedam
1577 2532 1745 2603 quasi
1778 2531 2077 2603 apostolo-
2184 2534 2453 2585 statuunt
2507 2533 2691 2587 Deum
2751 2548 2880 2588 esse
2928 2532 3150 2588 animal
3208 2533 3573 2603 immortale,
3609 2535 3852 2590 ratione

425 2641 561 2679 rum
594 2624 811 2693 imago,
847 2639 1023 2692 quem
1054 2621 1394 2677 Thalassius
1421 2639 1543 2676 non
1576 2622 1784 2690 exiguo
1812 2628 2079 2694 tempore
2182 2619 2520 2691 prmditum,
2544 2622 2893 2693 perfectum,
2925 2623 3287 2695 intelligens,
3322 2622 3666 2691 beatum,in
3690 2624 3855 2695 quod

428 2729 563 2769 cum
587 2712 693 2766 illo
716 2717 1003 2777 versatus,
1033 2716 1090 2765 et
1120 2710 1181 2764 in
1206 2710 1553 2781 hujusmodi
1578 2710 1755 2765 rebus
1782 2710 2078 2767 mendacii
2184 2707 2411 2763 malum
2434 2709 2763 2777 non'cadit,
2795 2726 3000 2765 curam
3030 2725 3241 2783 gerens
3270 2710 3481 2764 mundi
3511 2717 3573 2765 et
3624 2727 3837 2766 eorum

429 2801 677 2857 minime
710 2805 1041 2871 suspectus,
1075 2798 1177 2864 ait,
1217 2798 1483 2853 Iudaeam
1546 2798 1864 2869 quamdam
1905 2800 2076 2856 femi-
2184 2813 2316 2867 quas
2343 2798 2404 2851 in
2434 2798 2658 2853 mundo
2699 2805 2859 2867 sunt,
2893 2816 3013 2854 non
3073 2804 3270 2854 tamen
3331 2799 3601 2854 humana
3652 2801 3845 2855 forma

429 2906 569 2946 nam
602 2894 900 2945 mortuam
932 2887 1007 2943 ad
1040 2888 1217 2942 vitam
1249 2904 1576 2943 revocasse.
2186 2885 2501 2957 praeditum
2535 2904 2550 2952 ;
2581 2887 2869 2958 Opiﬁcem
2929 2888 3106 2961 hujus
3165 2887 3427 2943 universi
3460 2893 3522 2942 et
3554 2894 3839 2960 tanquam

499 2977 959 3051 Theophrastus,
996 2976 1254 3045 Melanti,
1280 2976 1544 3041 fullonis,
1599 2976 1687 3032 vel
1746 2977 1957 3033 Leonis
2014 2979 2075 3034 F.
2179 2975 2413 3030 Patrem
2441 2976 2705 3031 omnium
2734 2994 2750 3042 ;
2782 2982 3131 3049 partemque
3154 2977 3285 3049 ejus
3306 2994 3414 3048 per
3434 2978 3841 3050 omniapene-

429 3067 721 3133 Eressius,
754 3065 991 3122 auditor
1020 3064 1375 3133 Aristotelis,
1419 3072 1479 3120 et
1527 3083 1833 3122 successor
1858 3066 2075 3122 schola;
2178 3067 2434 3118 trantem
2460 3065 2635 3120 variis
2663 3066 3007 3122 nominibus
3035 3083 3142 3139 pro
3165 3066 3411 3121 diversis
3441 3068 3837 3123 facultatibus

426 3156 854 3230 Peripateticaa,
887 3155 959 3211 ab
991 3172 1081 3221 eo,
1106 3154 1446 3211 Chalcidem
1480 3155 1793 3228 migrante,
1826 3156 2068 3212 relictas.
2104 3205 2145 3230 η
2184 3153 2494 3225 appellari.

424 3246 526 3302 Hic
556 3205 692 3303 a—nte
723 3205 964 3301 vocatus
1021 3205 1111 3299 est
1160 3246 1470 3316 Tyrtamus
1500 3266 1516 3312 ;
1549 3205 1653 3300 εἶά
1683 3245 1756 3301 ob
1781 3205 1793 3227 '
1813 3245 2071 3302 divinam
2103 3205 2146 3272 ρ
2220 3205 2383 3304 ῑδεὸς
2413 3244 2449 3310 ἡ
2478 3239 2737 3301 ἀναίδεια.
2790 3244 3104 3301 Colebatur
3140 3245 3391 3301 Athenis
3446 3246 3837 3315 Impuderitia,

421 3334 825 3408 eloquentiam
856 3333 929 3389 ab
982 3333 1298 3389 Aristotele
1342 3334 1706 3406 Euphrastus
1737 3333 1931 3390 dictus
1963 3340 2070 3403 est,
2178 3331 2351 3402 eique
2384 3332 2669 3404 templum
2693 3339 2841 3401 erat,
2874 3339 2939 3389 ut
2962 3333 3142 3391 tradit
3167 3336 3316 3391 Ister
3346 3334 3495 3389 libro
3527 3335 3687 3391 XIV.

419 3431 477 3480 et
505 3431 711 3498 postea
738 3423 1202 3496 Theophrastus,
1237 3423 1390 3478 sicut
1419 3424 1585 3479 Plato
1624 3420 1713 3477 διὰ
1757 3423 1819 3478 τὸ
1872 3421 1927 3478 ἐν
1955 3428 2072 3485 τοῖς
2243 3420 2662 3489 Theramenes,
2697 3422 3080 3479 Atheniensis
3111 3430 3330 3491 orator,
3389 3423 3657 3493 Prodici,
3692 3426 3832 3495 Ceii,

419 3511 609 3588 λόγοις
651 3510 857 3573 πλάτος
918 3517 1162 3584 propter
1227 3512 1489 3585 amplam
1546 3512 1783 3569 dicendi
1837 3515 2070 3586 cepiam
2173 3508 2524 3583 discipulus,
2560 3513 3010 3585 cognominatus
3056 3514 3372 3569 cothurnus.
3425 3514 3685 3586 Scripsit
3740 3517 3832 3570 de-

2174 3599 2528 3657 clamationes
2549 3602 2873 3671 rhetoricas,
2904 3608 2964 3659 et
2991 3603 3109 3660 alia
3138 3603 3431 3675 quaedam.

2243 3689 2650 3761 Therapeutaa.
2683 3691 2927 3748 Philoin
2946 3691 3096 3748 libro
3112 3694 3193 3749 De
3224 3693 3341 3748 vita
3368 3694 3834 3765 contemplativa

2174 3779 2414 3850 scripsit
2447 3780 2520 3835 de
2558 3781 2777 3837 ascetis
2808 3782 3209 3850 Hebraeorum,
3245 3790 3356 3840 etc.

2242 3868 3124 3944 Theseus,historicus,scripsit
3143 3895 3173 3922 «
3209 3872 3481 3928 Virorum
3497 3873 3829 3930 illustrium

2171 3983 2197 4009 α
2222 3960 2379 4016 Vitas
2403 3960 2570 4016 libris
2594 3964 2653 4027 V,
2679 3963 3193 4021 Corinthiacorum
3227 3964 3412 4021 libros
3446 3967 3540 4029 III,
3563 3989 3590 4013 υ
3612 3967 3677 4021 in
3712 3984 3828 4038 quo

415 4044 488 4101 ad
520 4061 740 4118 paucos
770 4042 897 4097 dies
949 4043 1217 4097 animum
1276 4041 1619 4100 relaxasset.
1673 4045 1903 4118 Scripta
1934 4049 2065 4120 ejus
2168 4065 2343 4121 opere
2371 4050 2443 4106 de
2464 4051 2884 4108 Isthmicorum
2906 4053 3182 4109 ludorum
3207 4054 3579 4111 institutione
3600 4058 3755 4126 agit.

415 4140 555 4191 sunt
576 4133 853 4206 plurima,
889 4133 949 4186 in
982 4131 1076 4186 his
1101 4154 1127 4183 ‹‹
1180 4131 1630 4202 Analyticorum
1664 4136 1928 4206 priorum
1967 4138 2055 4204 ΙΙΙ¹

2237 4138 2753 4207 Θὲσις,εε(>ιιηὰιιῐη
2772 4144 3151 4199 Aristotelem
3179 4150 3271 4200 est
3303 4145 3597 4217 paradoxa
3611 4146 3831 4216 Opinio

412 4222 855 4279 «Posteriorum
874 4222 967 4275 VII
992 4237 1006 4285 ;
1027 4220 1298 4292 Analysis
1330 4221 2060 4299 syllogismorum;Analy-
2166 4228 2420 4301 alicujus
2450 4231 2578 4298 viri,
2608 4231 2668 4285 in
2701 4231 3084 4304 philosophia
3122 4233 3289 4300 clari,
3328 4236 3453 4289 sive
3486 4234 3829 4305 problema.

414 4335 437 4367 (ι
464 4314 715 4369 ticorum
738 4311 1024 4384 Epitome.
1056 4310 1408 4384 Ἀνηγμένων
1434 4311 1616 4364 τόπων
1666 4317 1776 4370 sive
1805 4316 1940 4372 Loci
1974 4335 2055 4373 re-

2186 4317 2382 4385 Veluti,
2417 4326 2616 4375 utrum
2647 4322 2849 4376 omnia
2900 4322 3186 4379 continuo
3218 4323 3430 4390 ﬂuant,
3485 4330 3546 4379 et
3580 4342 3833 4398 semper

413 4427 439 4452 α
476 4402 673 4469 ducti;
708 4402 787 4455 De
819 4399 1152 4471 lapidibus;
1190 4400 1266 4453 De
1298 4399 1557 4470 plantis;
1610 4401 1689 4458 De
1749 4405 2010 4461 metallis
2041 4423 2057 4474 ;
2163 4407 2500 4479 gignantur,
2535 4414 2592 4464 et
2618 4409 2765 4464 nihil
2791 4426 3054 4481 unquam
3083 4412 3177 4477 sit,
3204 4412 3530 4468 secundum
3554 4413 3829 4470 Heracli-

412 4516 441 4545 «
471 4494 550 4549 De
580 4491 860 4548 odoribus
894 4508 908 4559 ;
941 4490 1324 4545 Charactercs
1350 4513 1377 4538 ››
1404 4497 1460 4544 et
1490 4491 1625 4546 alia.
2165 4501 2289 4551 tum
2319 4514 2333 4563 ;
2368 4497 2458 4552 vel
2486 4504 2685 4552 utrum
2720 4498 2779 4553 id
2811 4499 2968 4571 quod
3000 4505 3091 4555 est
3118 4517 3329 4569 unum,
3362 4502 3439 4557 sit
3496 4507 3555 4556 et
3602 4503 3829 4559 immo—

411 4584 487 4651 Δή
519 4583 637 4667 γὰρ.
654 4578 1141 4667 καὶθεόφραςτςς,
1166 4572 1269 4667 Ep?
1298 4576 1479 4667 sativa:
1514 4579 1633 4650 μὲν,
1669 4579 1888 4667 dar,pr

2186 4585 2306 4654 )ile,
2329 4592 2397 4641 ut
2425 4587 2766 4642 Parmenidi
2797 4588 3061 4655 videtur;
3094 4590 3184 4645 vel
3215 4597 3415 4646 utrum
3464 4598 3669 4647 motus
3726 4594 3823 4661 sit,

616 4654 715 4707 Ἦν
749 4649 938 4724 δὲμαξς
973 4649 1296 4710 εἷτ⁹ἀνεθεὶς
1334 4649 1561 4712 κάτθανε
1591 4649 1944 4725 πηρομὲλής.

2186 4691 2235 4731 tn
2263 4691 2405 4745 non,
2428 4681 2491 4730 ut
2509 4677 2728 4732 Zenoni
2754 4677 2943 4733 visum
2969 4678 3090 4745 ;vel
3118 4685 3319 4735 utrum
3350 4681 3824 4738 sanitasbonum

403 4790 624 4859 Integer
649 4803 766 4843 ecce
795 4788 939 4843 valet
975 4785 1395 4859 Theophrastus,
1431 4785 1562 4841 dum
1590 4785 1746 4843 labor
1774 4798 1953 4859 urget.
2159 4764 2365 4859 δην-ἴλη
2398 4781 2538 4859 οοιξτ
2572 4770 2639 4820 ιη
2693 4766 2890 4838 Placet
2918 4767 3245 4840 ChI‘YSiPPO
3266 4787 3293 4859 κς
3329 4774 3386 4859 εἰ
3414 4775 3621 4825 utrum
3675 4789 3823 4827 con-

545 4853 789 4914 Laaratus
818 4860 1002 4914 studio
1021 4853 1252 4912 soluitur
1281 4863 1335 4911 et
1362 4859 1617 4913 moritur.
1846 4853 1868 4859 ⁷
2157 4853 2446 4909 tradicere
2500 4855 2698 4919 liceat,
2730 4872 2807 4910 an
2835 4872 2981 4924 non,
3019 4863 3087 4912 ut
3138 4858 3477 4913 Antistheni
3500 4859 3820 4930 probatur.

474 4947 969 5020 Theophylactus,
1048 4946 1332 5019 sophista,
1382 4944 1477 5001 cui
1544 4963 1871 5020 cognomen
1921 4957 2047 5009 erat
2156 4942 2487 5015 Opponitur
2514 4944 2597 5012 id,
2642 4944 2801 5015 quod
2832 4944 2972 4998 θέσει
3015 4952 3105 5001 est
3155 4952 3214 5002 et
3259 4946 3419 5019 quod
3474 4946 3633 5020 φύσει
3698 4951 3819 5005 sive

401 5039 740 5105 Simocatta,
2154 5039 2389 5089 natura.
2418 5036 2607 5089 Etiam
2636 5034 2937 5090 rhetorica
2964 5035 3336 5107 problemata
3350 5036 3595 5108 quidam
3615 5039 3820 5096 theses

468 5129 903 5199 Theopompus,
961 5123 1162 5191 Chius,
1230 5129 1447 5193 orator,
1506 5123 1916 5185 Damasistrati
1977 5132 2038 5187 F.
2151 5124 2777 5191 νοοᾶΠῑςΑΓίεῐοῐΘΙΘε
2807 5124 3188 5196 hypotheses.

390 5217 536 5273 vixit
587 5222 853 5288 tempore
913 5213 1240 5283 interregni
1315 5213 1794 5285 Atheniensium,
1856 5219 2041 5293 olym-
2221 5213 2676 5280 Thesmothetm,
2710 5212 3093 5285 magistratus
3115 5216 3383 5283 Athenis,
3413 5217 3521 5272 viri
3553 5236 3687 5287 sex,
3749 5237 3825 5277 ex

389 5306 562 5378 piade
591 5305 779 5369 XCIII,
813 5302 1051 5375 quando
1075 5306 1133 5356 et
1167 5300 1443 5372 ephorus,
1474 5303 1749 5360 Isocratis
1780 5308 2036 5380 auditor,
2149 5321 2357 5361 novem
2389 5301 2921 5360 archontibusﬂos
2947 5304 3440 5377 legesquotannis
3455 5311 3822 5368 correxisse.

386 5394 860 5466 ﬂoruit.Scripsit
890 5392 1111 5463 pariter
1140 5406 1207 5444 ac
1240 5391 1498 5460 ephorus
1530 5392 1829 5462 epitomen
1854 5399 2034 5455 Histo-
2146 5394 2319 5450 docet
2346 5393 2656 5449 zEschines
2685 5398 2895 5448 contra
2925 5394 3395 5467 Ctesiphontem.

380 5488 593 5543 riarum
624 5483 890 5541 Herodoti
920 5482 1087 5536 libros
1112 5482 1163 5535 Il
1184 5498 1206 5543 ;
1240 5478 1557 5551 Philippica
1590 5483 1747 5539 libris
1787 5489 1983 5543 LXXII
2009 5507 2033 5554 ,-
2213 5483 2481 5554 Thespis,
2518 5480 2831 5550 exleario,
2867 5483 3076 5541 Atticae
3118 5486 3355 5558 populo,
3390 5488 3681 5556 tragicus,
3712 5489 3821 5546 de.

380 5577 650 5632 Historias
680 5576 920 5643 Graecas,
956 5588 1086 5643 qua)
1158 5570 1315 5623 libris
1344 5569 1413 5623 XI
1455 5576 1749 5642 constant,
1785 5582 1843 5630 et
1890 5577 2028 5633 inde

382 5665 788 5722 narrationem
828 5661 1165 5729 ordiuntur,
1198 5658 1299 5715 ubi
1330 5659 1698 5731 Thucydides
1730 5670 1787 5718 et
1835 5666 2027 5723 Xeno-

418 3603 577 3657 Plato
608 3602 721 3656 fuit
750 3606 1008 3666 vocatus,
1036 3617 1172 3656 cum
1189 3606 1366 3656 antea
1390 3601 1708 3657 Aristocles
1738 3607 2065 3659 vocaretur.

418 3690 755 3761 Discipulos
782 3688 992 3744 habuit
1022 3688 1223 3759 plures
1254 3706 1435 3759 quam
1460 3689 1551 3745 bis
1576 3690 1779 3757 mille;
1806 3692 2069 3748 amasius

417 3778 546 3850 ejus
576 3777 689 3832 fuit
712 3777 1123 3843 Nicomachus,
1158 3777 1492 3832 Aristotelis
1519 3779 1578 3832 F.
1603 3796 1617 3844 ;
1651 3795 1685 3834 a
1712 3779 2068 3851 Cassandro,

416 3865 709 3938 Antipatri
732 3866 793 3920 F.
828 3865 889 3920 in
922 3864 1147 3920 honore
1176 3864 1413 3919 habitus
1446 3871 1555 3921 est.
1618 3868 1884 3924 Decessit
1913 3870 2065 3925 assi-

415 3956 532 4011 dua
562 3954 883 4027 scriptione
914 3954 1221 4026 fatigatus,
1252 3970 1387 4009 cum
1423 3954 1496 4009 ob
1531 3955 1805 4028 discipuli
1826 3960 2066 4031 nuptias

2140 5575 2331 5629 cimus
2364 5578 2562 5629 sextus
2583 5572 2656 5627 ab
2689 5572 2950 5643 Epigene
2978 5574 3275 5647 Sicyonio,
3308 5578 3503 5650 primo
3540 5582 3817 5654 tragico;

2137 5663 2239 5718 alii
2271 5663 2598 5719 secundum
2630 5661 2702 5716 ab
2724 5678 2791 5717 eo
2824 5662 3071 5738 faciunt,
3102 5666 3204 5723 alii
3234 5668 3811 5744 primumtragicum

3976 570 3996 983 ’ἦ
