4086 6212
340 286 492 348 ὶ361
526 341 531 346 .

1644 288 1750 348 DE
1792 288 2080 361 QUIBUS
2125 292 2431 358 SUIDAS.

3602 296 3756 361 l362

331 421 518 477 fuisse
550 420 871 477 afﬁrmant.
927 422 1028 478 Hic
1063 424 1323 494 primum
1386 440 1629 481 cerussa
1660 424 1809 481 facie
1840 424 1993 482 illita
2025 431 2081 498 Α
2110 429 2269 501 quod
2299 431 2448 488 alios
2505 434 2716 490 acerbe
2772 436 3122 492 criminetur
3147 437 3221 494 ob
3255 452 3344 503 ea,
3378 432 3595 507 quibus
3625 432 3753 504 ipse

334 509 651 582 tragcedias
674 511 813 583 egit,
836 511 1049 566 deinde
1070 511 1282 569 faciem
1303 513 1650 570 andrachna
1679 515 1741 569 in
1773 513 1990 571 docen-

335 601 430 656 dis
452 599 672 655 fabulis
698 600 880 666 texit;
912 607 1119 672 postea
1141 602 1439 659 larvarum
1463 604 1785 659 lintearum
1812 620 1988 660 usum

334 688 683 745 introduxit.
714 689 920 751 Docuit
948 690 1178 748 fabulas
1209 693 1546 765 Olympiade
1580 694 1715 760 LXI,
1750 698 1810 749 et
1832 695 1990 750 inter

336 778 654 851 tragoedias
712 779 840 851 ejus
892 788 1438 837 commemorantur
1487 780 1666 845 Ἀθλα
1714 778 1919 837 Ιιελὶοο
1948 782 1984 852 ἢ

338 861 583 941 Φορϐἀς,
614 866 827 943 Ἰερεὺς,
862 866 1085 938 Ἠΐθεοι,
1121 870 1368 933 Πενθεύς.

402 958 671 1029 Thespis,
702 958 1082 1028 citharmdus,
1107 960 1181 1016 de
1212 978 1329 1033 quo
1360 962 1661 1034 Aristoph.

402 1047 795 1119 Thucydides,
855 1047 1015 1104 Olori
1073 1051 1130 1104 F.
1194 1050 1598 1119 Atheniensis,
1652 1051 1844 1109 filium
1874 1052 1981 1108 ha-

331 1137 463 1192 buit
480 1136 874 1193 Timotheum.
904 1139 1234 1194 Maternum
1261 1156 1447 1212 genus
1464 1157 1499 1196 a
1518 1140 1777 1195 Miltiade
1809 1139 1979 1211 duce,

326 1231 648 1299 paternum
666 1225 740 1281 ab
762 1226 962 1292 Oloro,
978 1227 1267 1284 Thracum
1292 1245 1429 1301 rege
1451 1229 1638 1299 duxit,
1656 1229 1986 1301 Antiphon-

325 1317 404 1371 tis
432 1315 783 1387 discipulus,
814 1315 1010 1372 clarus
1037 1316 1196 1373 circa
1233 1317 1633 1391 Olympiadem
1666 1319 1978 1376 LXXXVII.

331 1406 578 1478 Scripsit
615 1406 1136 1477 Peloponnesin
1182 1414 1233 1463 et
1290 1408 1699 1464 Atheniensium
1756 1409 1978 1466 bellum.

333 1496 438 1551 Hic
494 1512 642 1567 puer
693 1495 885 1551 adhuc
943 1496 1326 1567 Herodotum,
1386 1498 1662 1570 olympim
1702 1498 1981 1555 historias

334 1603 472 1642 suas
502 1586 874 1653 recitantem,
935 1602 1071 1641 eum
1127 1587 1450 1643 audivisset
1501 1588 1669 1659 quasi
1717 1588 1982 1644 numinis

328 1675 587 1747 alicujus
608 1675 894 1731 instinctu
914 1675 1229 1748 lacrymari
1243 1678 1438 1749 cmpit.
1454 1677 1784 1734 Herodotus
1803 1678 1984 1751 igitur

328 1765 485 1837 patri
516 1764 846 1838 gratulatus
866 1769 958 1819 est
982 1764 1054 1819 de
1086 1765 1195 1820 ﬁlii
1217 1766 1439 1821 indole.
1473 1767 1685 1838 (Supra
1710 1767 1771 1822 in
1802 1765 1978 1842 ὀργῶ-

326 1856 466 1924 σαν),
497 1870 609 1910 nec
658 1869 794 1908 eum
835 1853 1132 1926 judicium
1192 1871 1367 1910 suum
1422 1855 1651 1911 fefellit.
1685 1856 1788 1911 Hic
1818 1857 1970 1913 Thu-

324 1942 567 2014 cydides
614 1943 833 1997 artium
888 1948 1186 2014 praecepta
1231 1944 1416 2015 probe
1455 1944 1728 2015 callebat,
1762 1951 1821 2000 et
1849 1945 1971 2000 ele-

2104 522 2549 595 constringitur,
2583 529 2708 579 tum
2740 524 2898 596 quod
2949 526 3149 581 animo
3180 530 3456 596 corrupto
3488 523 3667 578 fuerit
3696 526 3756 577 et

2098 607 2402 680 improbas
2434 614 2762 669 sententias
2792 614 2961 671 libris
2993 615 3115 671 suis
3144 614 3485 671 inseruerit.
3508 611 3675 677 Quod
3697 612 3748 666 si

2099 696 2490 757 Callisthenes
2520 703 2732 758 merito
2782 720 2985 775 pmnas
3041 704 3267 777 pendit,
3303 702 3460 775 quod
3490 701 3748 757 Alexan-

2098 787 2272 845 drum
2301 789 2364 845 in
2423 790 2671 847 deorum
2730 809 3049 849 numerum
3102 793 3325 849 referre
3366 792 3572 860 voluit,
3607 789 3749 862 quid

2098 879 2317 933 meruit
2346 879 2598 935 Timaeus
2628 880 2730 951 qui
2760 882 3188 940 Timoleontem
3234 881 3405 953 μείζω
3462 882 3611 933 ποιεῖ
3639 881 3748 931 τῶν

2096 963 2529 1043 ἐπιφανεστάτων
2591 969 2748 1039 θεῶν,
2809 988 2991 1044 supra
3043 969 3561 1043 splendidissimos
3604 969 3749 1024 deos

2095 1055 2345 1121 extollit,
2381 1062 2491 1112 etc.
2544 1058 2790 1131 Scripsit
2846 1062 2916 1116 De
2971 1062 3137 1132 Syria
3165 1061 3389 1132 ejusque
3416 1058 3663 1126 urbibus,
3695 1063 3747 1113 et

2095 1146 2316 1215 regibus
2346 1147 2515 1201 libros
2543 1149 2643 1203 III.
3185 1200 3191 1209 ,

2165 1234 2437 1303 Timaeus,
2524 1237 2761 1307 Locrus,
2846 1239 3237 1312 philosOphus
3320 1238 3744 1310 Pythagoreus.

2093 1323 2341 1396 Scripsit
2381 1326 2809 1383 Mathematica:
2865 1330 2938 1384 De
2987 1334 3232 1392 natura;
3285 1328 3360 1383 De
3414 1326 3745 1396 Pythagora:

2091 1415 2229 1469 vita.

2165 1519 2439 1591 Timaaus,
2466 1522 2861 1580 Andromachi
2878 1526 2966 1593 F.,
2987 1524 3455 1589 Tauromenites,
3478 1522 3741 1589 Philisci,

2094 1610 2686 1684 Milesii,discipulus,
2716 1614 2942 1670 multus
2990 1615 3053 1670 in
3106 1614 3242 1671 aliis
3288 1608 3742 1686 reprehenden-

2094 1699 2206 1767 dis,
2241 1699 2398 1756 unde
2430 1701 2624 1757 dictus
2656 1708 2746 1758 est
2775 1702 3146 1775 Ἐπιτίμαιος,
3180 1705 3359 1759 etiam
3398 1698 3741 1772 Γραοσολλὲ-

2011 1805 2058 1871 Β
2088 1806 2266 1861 mpm,
2301 1791 2460 1862 quod
2483 1793 2703 1863 quasvis
2724 1794 2852 1849 sine
2882 1793 3116 1850 delectu
3142 1794 3206 1848 in
3228 1794 3449 1865 scripta
3466 1792 3735 1847 referret.

2089 1878 2336 1951 Scripsit
2362 1882 2560 1937 Italica
2598 1887 2651 1937 et
2704 1882 2893 1938 Sicula
2951 1883 3106 1939 libris
3142 1884 3270 1939 VIII
3289 1899 3309 1943 ,ο
3341 1882 3535 1938 Graeca
3563 1886 3617 1935 et
3646 1881 3734 1935 Si-

2078 1967 2244 2036 cula;
2299 1970 2674 2026 Collectionem
2701 1976 3145 2042 argumentorum
3196 1972 3616 2031 rhetoricorum.
3650 1968 3721 2024 li-

322 2032 523 2132 gantia
547 2032 857 2133 orationis,
887 2036 1165 2133 accurata
1217 2048 1419 2133 rerum
1450 2034 1722 2133 ‘notitia,.
1747 2033 1973 2089 artibus
2082 2032 2525 2125 bros'LXVHI;
2580 2032 3005 2132 Olymp}onicas’
3066 2062 3185 2117 sive
3240 2059 3474 2133 χρονικᾶ
3528 2055 3727 2130 mst

324 2121 724 2221 imperatoriis
780 2120 1176 2221 censimng
1221 2121 1658 2221 excellebat._et
1706 2123 1974 2221 femen:
2081 2140 2192 2214 δια,
2222 2148 2365 2203 Acta
2420 2120 2698 2206 chronica.
2730 2120 2864 2206 ‘Hic
2917 2120 3323 2221 Timaeus,qui
3361 2120 3727 2204 anterioru'm

322 2210 541 2310 mentis
570 2210 962 2310 panegyricis.
1023 2210 1190 2310 Solet
1228 2226 1265 2310 a
1305 2227 1546 2310 genere.
1577 2211 1870 2310 feminipo
1893 2210 1972 2310 fld
2080 2234 2345 2292 historias
2366 2238 2721 2310 scriptorum
2743 2256 2979 2295 errores
2998 2210 3379 2295 acerbissime
3406 2236 3730 2304 castigavit,

321 2306 601 2356 neutrum
653 2300 929 2368 transire,
986 2305 1089 2354 ut:
1149 2300 1446 2373 Τρέπονται
1502 2297 1579 2361 εἷς
1632 2296 1970 2355 Μακεδονίαν

2097 2325 2192 2382 iuit
2219 2326 2465 2398 quidem
2486 2296 2551 2383 in
2582 2329 2811 2385 caeteris
2841 2330 3105 2385 historias
3133 2327 3400 2401 partibus
3429 2296 3737 2383 studiosis-

324 2387 406 2465 ἐφ’
431 2388 561 2462 ὅπερ
586 2389 716 2460 (pro
747 2386 826 2464 ἐφ’
855 2388 1071 2462 ἥνπερ.)

395 2478 869 2534 Thuriomantes.
898 2479 1292 2536 Athenienses
1321 2479 1397 2535 ad
1425 2480 1656 2547 urbem,
1689 2481 1972 2537 Thurium

327 2567 700 2625 condendam
729 2567 935 2623 decem
964 2568 1121 2623 viros
1150 2568 1465 2637 miserunt,
1497 2570 1656 2625 inter
1684 2586 1832 2641 quos
1860 2569 1975 2627 fuit

328 2661 591 2728 Lampon,
622 2662 801 2725 vates,
862 2658 963 2728 qui
1018 2657 1181 2713 urbis
1236 2658 1561 2714 condendas
1590 2659 1884 2715 rationem
1914 2665 1974 2715 et

319 2746 563 2801 modum
594 2744 745 2801 alios
776 2744 1035 2801 doceret.

391 2834 575 2901 Θῦϊνα,
611 2850 681 2890 ex
742 2834 947 2905 thyino
1004 2834 1165 2907 ligno
1220 2834 1510 2891 confecta.
1568 2835 1685 2891 Sub
1714 2837 1968 2904 Zenone,

322 2924 462 2996 imp.
505 2924 566 2979 in
624 2923 813 2995 Cypro
871 2923 1124 2979 inventas
1178 2930 1317 2979 sunt
1362 2924 1632 2996 reliquiae
1662 2925 1966 2993 Barnabas,

319 3013 594 3085 apostoli,
614 3013 715 3083 qui
740 3012 920 3066 Paulo
950 3010 1063 3067 fuit
1090 3014 1517 3086 peregrationis
1539 3030 1758 3071 comes.
1783 3014 1969 3086 Hujus

318 3103 601 3158 Barnabas
632 3101 859 3174 pectori
900 3102 1247 3174 impositum
1298 3108 1425 3159 erat
1466 3103 1845 3176 Evangelium
1874 3119 1967 3159 se-

315 3191 578 3247 cundum
609 3173 1221 3262 Matthaaum,thyina
1278 3191 1504 3246 habens
1559 3173 1721 3248 folia.
1784 3191 1965 3264 (Conf.
2000 3173 2044 3239 Ο

315 3281 547 3335 Kusteri
575 3285 699 3336 not.
732 3282 786 3345 2,
820 3284 965 3335 tom.
998 3280 1068 3348 ll,
1099 3296 1231 3352 pag.
1262 3280 1412 3347 210.)

387 3369 677 3438 Tiberius,
708 3368 928 3426 Octavii
960 3369 1141 3439 illius,
1173 3371 1576 3426 Romanorum
1616 3369 1759 3442 imp.
1793 3370 1970 3426 homo

316 3458 605 3526 crudelis,
633 3463 927 3529 versutus,
962 3464 1073 3515 etc.
1125 3459 1423 3529 (Attamen
1455 3458 1683 3515 litteras
1713 3459 1967 3516 amabat.

322 3548 386 3603 V.
420 3548 643 3617 Sigism.
674 3549 818 3604 Justi
864 3548 1173 3604 Ehrhardti
1219 3552 1601 3605 commentat.
1635 3547 1717 3603 De
1747 3548 1970 3605 Claudii

319 3636 533 3691 Tiberii
568 3637 815 3692 Neronis
872 3637 936 3693 in
990 3637 1326 3694 litterarum
1358 3637 1554 3694 studia
1581 3637 1832 3706 meritis,
1865 3639 1971 3694 Co-

318 3724 488 3799 burgi
522 3727 679 3791 1733,
706 3725 785 3798 8.)

389 3811 847 3885 Θυρεπανοίκτης.
882 3815 1089 3886 Supra,
1121 3816 1344 3881 Crates,
1382 3814 1717 3873 Thebanus.

389 3904 677 3974 Tiberius,
709 3904 1101 3977 philosophus
1134 3909 1193 3960 et
1239 3906 1524 3978 sophista,
1558 3905 1796 3978 scripsit
1825 3929 1853 3957 ‹‹
1887 3905 1969 3963 De

323 4015 350 4044 α
372 3992 579 4049 formis
601 3994 888 4049 orationis
917 3993 1102 4049 libros
1122 3996 1236 4062 III;
1264 3996 1344 4049 De
1366 3995 1829 4050 commutatione
1850 4012 1864 4063 ;
1891 3997 1969 4051 De

319 4083 708 4150 «historia;De
723 4084 1113 4156 dispositione
1136 4089 1194 4139 et
1213 4084 1641 4156 compositione
1658 4086 1966 4153 orationis;

317 4194 345 4220 ‹‹
373 4173 451 4228 De
475 4172 662 4229 civilis
680 4173 968 4228 orationis
989 4173 1345 4239 mutatione;
1371 4174 1451 4227 De
1468 4173 1967 4244 demonstrativis;

317 4262 778 4329 «orationibus;
812 4263 891 4318 De
939 4261 1389 4333 prmfationibus
1420 4268 1479 4318 et
1510 4263 1853 4331 Proaemiis;
1889 4266 1968 4320 De

319 4369 346 4402 ι
371 4352 768 4424 argumentis;
802 4353 881 4407 De
913 4351 1309 4407 Demosthene
1342 4357 1401 4406 et
1428 4352 1853 4424 Xenophonte;
1888 4355 1968 4410 De

319 4461 339 4489 ι
370 4439 662 4496 Herodoto
694 4445 753 4495 et
776 4438 1137 4513 Thucydide.
1176 4463 1197 4489 ι

388 4534 709 4608 Θυμελικοί.
744 4538 1072 4594 llistriones
1102 4538 1344 4595 scenici.

388 4635 780 4698 Timachidas,
832 4635 1116 4706 Rhodius,
1166 4652 1365 4703 camus,
1412 4637 1531 4691 sive
1571 4635 1807 4692 Δείπνων
1841 4637 1969 4694 ἀνα-

314 4722 527 4797 γραφὰς
558 4724 798 4797 scripsit
845 4724 1107 4780 carmine
1162 4724 1402 4780 heroico
1444 4725 1599 4781 libris
1626 4728 1717 4783 ΧΙ.
1750 4729 1820 4782 Et
1848 4731 1967 4785 Nu-

314 4813 552 4868 menius
584 4813 1014 4887 Ὸψαρτοτικῶν,
1075 4813 1217 4881 sive,
1277 4815 1348 4868 De
1400 4816 1611 4869 ratione
1659 4816 1801 4872 cibos
1838 4835 1966 4874 con-

312 4902 504 4956 diendi
535 4902 724 4969 libros,
748 4901 1083 4973 composuit
1112 4908 1172 4956 et
1198 4903 1478 4957 Mastreas
1509 4900 1787 4978 (Μητρὲας
1810 4907 1966 4978 apud

312 4989 663 5046 Athenaeum
695 4992 740 5061 Ι,
770 5006 900 5063 pag.
935 4991 1010 5060 5).
1044 4990 1361 5057 Pitanaaus,
1395 4995 1454 5046 et
1483 4992 1965 5065 Hegemon,Tha-

310 5079 456 5147 sius,
490 5080 843 5153 cognomine
876 5078 1055 5148 Φακή,
1089 5079 1213 5135 sive
1253 5082 1412 5149 Lens,
1445 5084 1502 5135 et
1534 5082 1963 5155 Artemidorus,

308 5167 541 5224 Pseudo
562 5168 1037 5240 AristOphanius,
1058 5168 1160 5239 qui
1191 5168 1468 5224 culinaria
1494 5172 1757 5226 vocabula
1784 5173 1962 5230 colle-

306 5256 410 5329 git,
458 5262 513 5312 et
564 5257 946 5325 Philoxenus,
996 5257 1225 5313 Claudii
1284 5259 1344 5312 F.
1395 5259 1574 5330 (apud
1614 5261 1961 5318 Athenaeum

303 5341 622 5417 Λευκάδιος)
651 5363 687 5403 a
715 5363 833 5418 quo
887 5347 1065 5403 etiam
1113 5346 1477 5403 Philoxeniaa
1530 5348 1821 5419 placentae
1850 5368 1963 5408 no-

304 5450 445 5491 men
472 5435 712 5493 habent.

376 5524 650 5596 Timaaus,
685 5526 1025 5593 historicus,
1058 5525 1357 5597 Ephorum
1390 5525 1773 5583 vehementer
1802 5530 1953 5587 inse-

304 5619 497 5671 ctatus
556 5621 668 5687 est,
726 5615 958 5672 duobus
1016 5615 1143 5687 ipse
1200 5615 1459 5687 peccatis
1489 5614 1805 5690 obnoxius,
1835 5626 1959 5680 tum

1998 4548 2046 4612 D

2083 2415 2272 2470 simus
2300 2417 2446 2482 veri,
2470 2417 2574 2473 sed
2599 2417 2661 2473 in
2682 2418 2947 2489 quinque
2975 2416 3145 2473 libris
3173 2414 3735 2489 postremis,quibus

2082 2521 2176 2561 res
2209 2506 2539 2579 Agathoclis
2586 2508 2931 2579 complexus
2980 2512 3089 2576 est,
3122 2512 3441 2578 tyrannum
3473 2504 3668 2575 illum,
3699 2520 3735 2559 a

2081 2610 2198 2666 quo
2229 2594 2289 2649 in
2322 2595 2599 2651 exsilium
2642 2596 2850 2668 pulsus
2897 2596 3108 2663 fuerat,
3141 2594 3421 2651 omnibus
3451 2593 3729 2650 conviciis

2080 2688 2309 2751 onerat,
2331 2684 2757 2755 hominemque
2779 2685 3227 2757 ignavissimum
3248 2683 3431 2739 fuisse
3452 2682 3730 2750 affirmat,

2079 2772 2249 2827 illum
2306 2773 2812 2844 Syracusanorum
2865 2774 3169 2839 victorem,
3228 2789 3485 2844 quorum
3527 2776 3729 2828 tamen

2073 2861 2488 2917 fortitudinem
2519 2863 2796 2919 omnibus
2827 2865 2998 2919 effert
3022 2863 3274 2936 paginis,
3308 2867 3420 2919 etc.

2147 2952 2514 3024 Timagenes.
2574 2954 2721 3027 regii
2771 2955 3086 3027 argentarii
3134 2955 3219 3021 F.,
3270 2953 3731 3024 Alexandrinus,

2077 3041 2317 3108 rhetor;
2344 3042 2458 3111 vel,
2517 3046 2584 3097 ut
2630 3042 2893 3113 quidam,
2923 3044 3245 3115 )Egyptius,
3279 3043 3382 3113 qui
3411 3043 3522 3098 sub
3554 3045 3731 3097 Pom-

2080 3131 2215 3202 peio
2246 3132 2450 3203 Magno
2482 3134 2728 3187 Romam
2758 3148 2793 3187 a
2824 3132 3070 3187 Gabinio
3117 3132 3380 3202 captivus
3409 3131 3642 3200 ductus,
3676 3135 3735 3185 et

2080 3235 2115 3275 a
2140 3221 2377 3285 Fausto,
2411 3220 2583 3291 Syllae
2614 3221 2698 3288 F.,
2724 3220 3067 3292 redemptus
3099 3222 3297 3276 Romae
3330 3219 3732 3291 eloquentiam

2078 3308 2298 3379 docuit,
2339 3325 2475 3365 cum
2530 3308 2638 3364 sub
2698 3309 2825 3381 ipso
2882 3310 3184 3381 Pompeio,
3216 3314 3342 3364 tum
3373 3313 3508 3381 post
3537 3308 3734 3381 ipsum

2080 3397 2189 3452 sub
2221 3397 2449 3453 Caesare
2480 3399 2743 3469 Augusto
2775 3402 2834 3453 et
2875 3403 3105 3469 postea,
3138 3397 3367 3466 eodem,
3401 3413 3516 3469 quo
3549 3397 3733 3452 Caeci-

2079 3485 2218 3554 lius,
2250 3490 2537 3558 tempore.
2571 3486 2718 3541 Cum
2757 3491 2957 3542 autem
3005 3486 3080 3542 ob
3127 3485 3363 3541 dicendi
3394 3484 3731 3543 libertatem

2078 3575 2284 3632 schola
2302 3575 2637 3643 excidisset,
2663 3575 2725 3630 in
2748 3576 2970 3647 praadio
2989 3575 3322 3631 Tusculano
3339 3576 3515 3631 vitam
3536 3580 3731 3631 trans-

2079 3665 2216 3739 egit.
2273 3664 2430 3721 Obiit
2479 3664 2703 3720 Dabani
2760 3670 2897 3737 post
2952 3681 3202 3731 cuinam,
3261 3681 3399 3721 cum
3424 3663 3608 3719 vellet
3634 3681 3729 3720 vo-

2077 3770 2261 3823 mere,
2294 3752 2620 3830 σφηνωθείς,
2653 3754 2783 3810 cibo
2816 3755 3042 3811 exitum
3085 3771 3205 3811 non
3234 3753 3574 3809 inveniente
3605 3752 3727 3809 suf-

2076 3845 2323 3901 focatus.
2357 3843 2569 3900 Multos
2598 3843 2784 3900 libros
2815 3844 3071 3916 scripsit.

2148 3970 2516 4041 Timagenes,
2572 3969 2911 4037 historicus,
2972 3972 3141 4025 totius
3223 3970 3393 4024 maris
3447 3967 3728 4040 periplum

2079 4058 2316 4130 scripsit
2338 4059 2492 4113 libris
2524 4061 2588 4114 V.
2958 4127 2962 4131 1

2146 4148 2513 4220 Timagenes,
2547 4148 2665 4203 sive
2695 4149 3063 4221 Timogenes,
3099 4147 3379 4212 Milesius,
3412 4146 3731 4205 historicus

2079 4242 2139 4292 et
2192 4237 2414 4304 rhetor,
2477 4236 2714 4308 scripsit
2769 4237 2840 4292 De
2893 4236 3163 4292 Heraclea
3222 4237 3447 4291 Pontica
3488 4240 3537 4289 et
3564 4232 3734 4289 claris

2077 4327 2195 4396 ejus
2225 4324 2361 4381 viris
2388 4325 2553 4380 libros
2580 4324 2847 4396 quinque.
2879 4327 3025 4380 Item
3054 4323 3351 4396 Epistolas.

2150 4413 2516 4483 Timarchus,
2538 4412 2749 4470 Arizeli
2772 4414 2857 4482 F.,
2877 4412 3156 4486 prodigus
3178 4417 3237 4467 et
3256 4409 3730 4482 cinaedus,quem

2081 4502 2385 4558 :Eschines
2418 4518 2615 4557 rerum
2647 4502 2896 4575 peregit,
2930 4507 3039 4556 etc.

2149 4593 2469 4661 Timasion,
2497 4594 2844 4650 adolescens
2900 4594 3222 4667 Egyptius,
3279 4610 3457 4666 quem
3487 4592 3730 4666 Apollo-

2077 4681 2234 4751 nius,
2253 4684 2541 4754 Tyaneus,
2568 4699 2702 4737 cum
2728 4688 3000 4738 moneret
3029 4688 3094 4737 ut
3122 4699 3323 4738 secum
3346 4683 3723 4755 philosopha-

2075 4775 2276 4826 retur:
2332 4772 2375 4827 Ο
2425 4771 2529 4841 dii,
2586 4772 2798 4842 inquit,
2860 4771 3098 4842 qualem
3155 4787 3250 4826 me
3297 4771 3540 4828 dicam?
3581 4773 3727 4828 Nam

2076 4859 2270 4914 malus
2299 4859 2543 4930 quidem
2591 4876 2711 4915 non
2758 4876 2912 4927 sum,
2962 4859 3187 4915 bonum
3232 4875 3368 4917 vero
3408 4867 3606 4917 utrum
3632 4877 3728 4917 me

2077 4946 2403 5002 existimari
2458 4952 2728 5019 oporteat
2781 4947 3006 5016 nescio,
3066 4953 3177 5003 etc.
3228 4949 3319 5019 (ex
3349 4950 3727 5020 Philostrato,

2074 5034 2177 5090 lib.
2211 5053 2264 5090 v1
2296 5038 2375 5092 De
2405 5036 2520 5092 vita
2548 5036 2742 5109 Apoll.
2775 5053 2902 5109 cap.
2938 5040 2992 5091 2.

2143 5178 2557 5245 Timesitheus,
2594 5179 2870 5250 tragicus,
2895 5180 3024 5250 ejus
3049 5180 3320 5237 dramata
3349 5187 3510 5250 sunt,
3542 5177 3730 5248 Δαναΐ,

2072 5263 2158 5329 δες
2192 5267 2259 5343 β’,
2289 5267 2555 5340 Ἕκτορος
2610 5265 2800 5342 λύτρα,
2849 5266 3153 5339 Ἡρακλῆς,
3207 5268 3398 5342 Ἰξίων,
3434 5266 3732 5338 Καπανεὺς,

2070 5355 2325 5429 Μέμνων,
2383 5361 2724 5431 Μνηστῆρες,
2781 5358 2948 5427 Ζηνὸς
3005 5356 3184 5433 γοναὶ,
3238 5357 3466 5428 Ἑλένης
3492 5356 3727 5427 ἀπαίτη-

2070 5466 2177 5513 σις,
2210 5445 2493 5521 Ὀρέστης,
2526 5442 2805 5516 Πυλάδης,
2833 5445 3060 5522 Κάστωρ
3086 5448 3175 5502 καὶ
3206 5444 3582 5518 Πολυδεύκης.

2137 5536 2450 5605 Timocles,
2483 5536 2886 5608 Atheniensis,
2920 5537 3204 5594 comicus.
3231 5540 3311 5593 Ex
3340 5553 3473 5609 ejus
3501 5536 3722 5594 fabulis

2071 5632 2246 5685 sunt:
2301 5625 2706 5700 Δημοσάτυροι,
2778 5624 3096 5701 Κένταυρος,
3174 5623 3419 5697 Καύνιοι,
3475 5626 3726 5685 Ἐπιστο.
