4064 6214
345 330 499 395 1363

343 464 459 535 λαὶ,
491 457 974 538 Ἑπιχαιρέκακος,
1022 452 1452 524 Φιλοδικαστής,
1504 454 1742 527 Πύκτης.
1776 459 1997 515 Memo-
2024 460 2076 530 Α

342 561 437 614 rat
466 556 788 611 Athenaeus
818 551 881 606 in
911 549 1082 605 libris
1114 547 1730 621 Dipnosophistarum.

415 642 708 700 Timocles
737 640 911 705 alter,
943 643 1003 694 et
1030 637 1157 710 ipse
1189 636 1453 692 comicus
1483 653 1555 692 ex
1582 638 1757 709 cujus
1786 636 2005 693 fabulis

347 740 415 793 ut
444 734 614 790 testis
644 730 803 787 idem
836 728 1174 795 Athenmus,
1207 732 1343 782 svnt
1389 726 1858 794 Διονυσιάζουσαι,
1893 731 2006 782 Ilo-

349 824 711 900 Λυπράγμων,
748 818 998 892 Ἰκάριοι,
1058 814 1262 887 Δῆλος,
1322 816 1477 886 Λήθη
1533 814 1811 883 Διόνυσος,
1844 814 2008 873 Κονί-

349 911 537 980 σαλος,
570 906 830 987 Πορφύρα
859 907 1014 981 (quae
1062 906 1197 962 aliis
1246 906 1533 962 Xenarchi
1565 922 1695 963 esse
1726 906 2005 979 videtur,)

347 1004 580 1076 Ἥρωες,
615 995 964 1073 Δραιόντιον,
990 995 1194 1070 Νέαιρα
1216 995 1568 1067 (meretricis
1592 996 1704 1051 hoc
1734 996 2004 1068 nomen),

348 1091 629 1167 Ὀρέστης,
660 1084 1033 1161 Μαραθώνιοι.
1067 1086 1214 1141 Sunt
1244 1091 1301 1140 et
1359 1084 1490 1140 alim
1523 1084 1816 1156 quaedam.
1850 1084 2005 1157 [Sed

347 1183 636 1247 Meursius,
671 1179 731 1233 in
764 1176 911 1233 Bibl.
944 1175 1137 1230 Attica
1167 1179 1225 1230 et
1253 1174 1484 1243 Suidas,
1508 1173 1583 1229 ad
1614 1174 1672 1229 h.
1698 1174 1737 1229 l.
1762 1174 1879 1231 vol.
1905 1175 2001 1243 III,

345 1288 478 1344 pag.
512 1272 636 1338 475,
670 1270 917 1323 censent
947 1263 1191 1321 Suidam
1240 1262 1395 1319 male
1426 1263 1584 1319 hunc
1612 1264 2002 1335 posteriorem

345 1360 559 1417 fecisse
588 1357 887 1413 diversum
917 1370 953 1409 a
982 1352 1201 1426 priore,
1233 1368 1366 1408 cum
1400 1351 1559 1407 idem
1589 1353 1666 1407 sit
1694 1353 2003 1424 comicus.)

416 1449 785 1511 Timocreon,
820 1442 1105 1509 Rhodius,
1164 1441 1427 1497 comicus
1483 1447 1567 1499 et,
1608 1442 1732 1514 ipse
1786 1442 2002 1497 veteris

344 1535 669 1595 comoediae.
704 1533 848 1588 lluic
880 1530 1211 1587 inimicitiae
1242 1531 1713 1587 intercesserunt
1742 1548 1877 1587 cum
1911 1531 2000 1586 Si-

342 1625 585 1684 monide
610 1623 814 1678 Melico
839 1627 897 1676 et
914 1619 1307 1676 Themistocle
1332 1621 1704 1687 Atheniensi,
1730 1621 1792 1676 in
1825 1637 2002 1692 quem

345 1717 525 1773 etiam
555 1713 820 1770 carmine
852 1707 945 1779 (δι’
994 1707 1276 1781 ἐμμελοῦς
1307 1729 1456 1771 τινος
1485 1711 1824 1781 ποιήματος)
1854 1712 2002 1766 vitu-

344 1804 717 1878 perationem
743 1799 1066 1856 contexuit.
1103 1798 1348 1870 Scripsit
1372 1814 1508 1854 vero
1537 1798 1887 1856 comoediam
1938 1800 2001 1855 in
2032 1832 2080 1899 Β

343 1890 802 1951 Themistoclem
824 1895 891 1944 ‘et
921 1887 1307 1956 Simonidem,
1342 1888 1599 1960 aliaque.

416 1981 739 2048 Timolaus,
768 1981 1110 2048 Larissaeus,
1142 1977 1397 2045 Macedo,
1430 1978 1654 2045 rhetor,
1688 1979 2002 2035 Anaxime-

347 2074 444 2130 nis
475 2067 859 2143 Lampsaceni
911 2066 1263 2139 discipulus,
1294 2068 1395 2138 qui
1428 2084 1563 2123 cum
1596 2068 1834 2140 ingenio
1862 2086 2003 2141 poe-

348 2164 465 2218 tico
479 2166 638 2218 esset
653 2156 1216 2232 praeditus,singulis
1233 2156 1437 2213 Iliadis
1452 2158 1718 2214 versibus
1740 2158 2005 2231 singulos

347 2268 553 2308 versus
583 2247 946 2316 interseruit,
994 2251 1054 2302 et
1108 2245 1170 2300 id
1224 2261 1373 2317 opus
1402 2244 1645 2320 Τρωϊκὸν
1679 2247 2002 2319 inscripsit,

350 2342 461 2398 hoc
490 2339 665 2396 modo
691 2356 704 2393 :

346 2441 531 2519 Mf,th
555 2430 720 2519 ἄειξξ,
751 2432 877 2519 ese,
910 2425 1244 2519 Πηλῃϊάδςω
1272 2429 1567 2519 Ἀχιλῆος,

346 2498 448 2566 ’Ἢν
480 2505 626 2563 ἔθετο
654 2498 871 2577 Χρύσοο
900 2498 1502 2577 κεχολωμένος-εῖνεδεοι
1528 2498 1754 2577 κούρης,

351 2569 762 2661 ρὺλομὲνην,’ἢ
791 2573 948 2661 ’μορ-ς
970 2569 1232 2661 ’Ἀχαιοῖς
1263 2569 1605 2661 ἄλγεᾲέθγᾎκε

349 2642 764 2723 Μαρνέιμίίνοιςί
786 2642 883 2723 δτέ
905 2642 1114 2723 Τρῳάῖν
1148 2646 1272 2723 iii-{sp
1310 2642 1618 2723 πολέμιζον
1650 2643 1896 2717 ἄνακτος,

349 2662 753 2723 Μαρναμὲνοις,
786 2662 876 2702 ets
905 2662 1114 2715 Ἔρωσιν
1148 2662 1272 2772 aug
1310 2662 1604 2718 ποΑεμιςοη

348 2723 568 2808 β-ολλᾶς
601 2717 660 2808 δ’⁹
683 2718 938 2808 ἰφθίμους
1179 2713 1289 2808 ἄϊιι
1320 2717 1604 2808 προΐαψεν,

348 2740 568 2782 unam:
601 2740 629 2775 0
685 2740 938 2847 ιφυιῗους
966 2740 1147 2808 ψυχας
1179 2740 1289 2772 αιοι
1320 2740 1604 2789 προιαψεν,

346 2798 614 2868 ’Έκτορος
642 2791 695 2847 ἐν
723 2812 797 2845 πα
839 2789 1012 2864 άμῃσι
1035 2787 1372 2861 οαϊζομὲνων
1407 2788 1511 2844 ὑπὸ
1542 2785 1719 2863 δουρί.

350 2885 597 2957 Scripsit
629 2888 686 2938 et
715 2882 834 2938 alia
864 2880 1161 2952 quaedam.

422 2975 652 3039 Timon,
683 2969 1150 3041 misanthropus,
1198 2967 1613 3040 philosophus,
1647 2967 1747 3041 qui
1776 2972 2003 3024 sectam

353 3078 592 3121 omnem
624 3060 1026 3124 aversabatur,
1059 3061 1127 3114 ut
1163 3058 1390 3114 invisus
1438 3057 1718 3113 omnibus
1747 3057 1843 3129 (ab
1876 3057 2008 3113 Ari-

355 3154 643 3226 stopbane
674 3151 736 3205 in
768 3148 1109 3221 Lysistrata)
1156 3147 1593 3220 perstringitur.
1628 3148 1793 3204 Hunc
1822 3149 2006 3203 Nean-

353 3245 486 3299 thes
516 3241 618 3308 ait,
639 3256 775 3296 cum
805 3238 878 3294 de
910 3254 1056 3310 pyro
1083 3237 1337 3293 silvestri
1365 3237 1700 3305 cecidisset,
1725 3237 2003 3293 claudum

349 3333 573 3389 factum
605 3345 774 3386 esse:
807 3344 1065 3398 cumque
1112 3326 1409 3382 medicum
1448 3327 1638 3382 nollet
1665 3326 2001 3396 admittere,

353 3421 670 3495 putredine
692 3422 1113 3489 consumptum
1132 3416 1337 3472 fuisse.
1364 3418 1502 3471 Post
1522 3422 1775 3473 mortem
1804 3424 2004 3473 autem

353 3513 504 3584 ejus,
536 3509 900 3582 sepulcrum,
934 3507 996 3561 in
1027 3523 1144 3578 quo
1173 3505 1451 3561 conditus
1480 3511 1629 3571 erat,
1651 3507 1823 3577 juxta
1852 3506 2002 3562 viam

348 3599 630 3659 fluctibus
659 3597 910 3654 marinis
937 3612 973 3652 a
998 3595 1234 3667 reliqua
1262 3601 1435 3652 terrae
1466 3600 1632 3666 parte
1662 3595 1916 3651 divisum
1948 3599 2006 3651 et

349 3690 721 3745 inaccessum
745 3686 967 3742 factum
998 3701 1151 3740 esse.

417 3778 647 3839 Timon,
680 3774 998 3838 Phliasius,
1031 3779 1090 3827 et
1117 3772 1245 3842 ipse
1276 3773 1690 3844 phiIOSOphus,
1723 3773 1826 3843 qui
1856 3772 2006 3828 scri-

349 3864 471 3936 psit
502 3861 689 3931 Sillos,
720 3861 833 3916 hoc
862 3864 954 3914 est
980 3859 1447 3930 vituperationes
1486 3860 2004 3933 philosophorum,

349 3945 507 4008 libris
535 3951 637 4005 III.

422 4038 786 4105 Timotheus,
818 4037 1221 4105 Atheniensis,
1255 4036 1517 4094 comicus
1562 4037 1773 4094 mediae
1798 4056 2012 4095 comm-

355 4130 597 4187 diaa.Ex
627 4129 758 4201 ejus
810 4126 1029 4183 fabulis
1085 4131 1263 4183 sunt:
1330 4124 1564 4196 Ιιύκτης,
1623 4128 2009 4202 Παρακαταθή-

354 4239 450 4289 κη,
506 4209 1007 4287 Μετοϐαλλόμενος
1064 4213 1101 4284 ἢ
1160 4214 1632 4294 Μεταφερόμενος.
1676 4220 1778 4273 Est
1830 4218 2010 4274 etiam

356 4307 644 4382 Κυνάριον.
701 4306 995 4362 Timothei
1046 4305 1359 4372 commdia,
1421 4311 1569 4362 teste
1626 4308 1910 4364 Athenaeo
1950 4309 2013 4364 in

358 4395 857 4471 Dipnosophistis,
891 4394 1014 4465 (lib.
1047 4395 1138 4461 VI,
1172 4412 1226 4467 p.
1260 4394 1411 4466 243.)

429 4486 795 4552 Timotheus,
839 4483 1219 4554 Thersandri,
1277 4484 1367 4539 vel
1425 4487 1723 4559 Neomysi,
1754 4487 1845 4543 vel
1875 4487 2012 4542 Phi-

1649 324 1885 385 INDEX
1929 324 2449 391 SCRIPTORUM

3618 318 3812 381 136‘

2107 461 2447 534 prosiliret;
2477 461 2852 518 Timotheum
2910 462 3110 515 autem
3170 456 3409 523 dixisse,
3458 453 3614 511 talia
3648 471 3811 510 esse

2110 550 2328 608 debere
2357 551 2626 608 carmina
2672 551 2853 623 regia.
2906 550 3009 605 Hic
3065 555 3225 614 tunc,
3257 547 3456 602 missis
3488 545 3815 601 celeriter

2111 642 2362 710 nuntiis,
2396 647 2524 697 erat
2552 641 2625 697 ab
2668 639 3006 697 Alexandro
3050 637 3387 693 arcessitus.
3420 635 3627 707 (Conf.
3663 636 3811 690 Ku-

2111 731 2253 786 steri
2285 737 2408 788 not.
2446 737 2584 788 tom.
2620 730 2717 798 lll,
2740 746 2871 803 pag.
2899 731 3006 784 474-
3035 728 3191 799 sqq.)

2180 820 2543 890 Timotheus,
2577 822 2831 889 Gazzeus,
2892 817 3332 893 grammaticus,
3392 814 3805 887 temporibus

2110 911 2424 981 Anastasii,
2457 911 2599 982 imp.
2632 909 2694 964 in
2727 925 2906 981 quem
2937 908 3115 963 etiam
3142 904 3485 978 tragoediam
3518 904 3675 959 fecit
3709 903 3803 959 de

2110 999 2377 1072 vectigali
2401 998 2829 1071 publico,quod
2852 997 3304 1069 chrysargyrum
3326 994 3800 1067 appellabatur.

2108 1089 2354 1160 Scripsit
2373 1090 2553 1144 etiam
2575 1087 2842 1144 versibus
2866 1085 2941 1143 de
2962 1084 3319 1141 animalibus
3358 1082 3796 1155 quadrupedis

2110 1184 2171 1235 et
2196 1178 2340 1234 feris
2369 1194 2502 1250 qum
2534 1182 2674 1233 sunt
2715 1177 2871 1249 apud
2916 1176 3114 1242 Indos,
3143 1174 3364 1229 Arabes
3396 1180 3456 1227 et
3484 1174 3797 1246 Egytios,

2110 1282 2376 1339 quasque
2410 1266 2605 1323 Africa
2633 1265 2776 1333 alit;
2810 1266 3071 1336 itemque
3100 1263 3175 1319 de
3204 1261 3409 1320 avibus
3434 1262 3791 1334 peregrinis

2109 1362 2169 1411 et
2200 1355 2270 1411 de
2301 1355 2682 1427 serpentibus
2712 1354 2898 1410 libros
2927 1355 3020 1409 IV.

2179 1442 2556 1517 Τιθύμαλλος.
2589 1446 3035 1500 Consueverunt
3086 1441 3301 1498 medici
3344 1441 3789 1497 ostentationis

2108 1535 2297 1608 gratia
2325 1535 2548 1607 patrias
2578 1533 2899 1590 herbarum
2947 1533 3281 1598 nominare,
3312 1548 3363 1585 v.
3397 1547 3450 1604 g.
3486 1530 3650 1585 lafer
3679 1532 3797 1603 Cy-

2109 1624 2438 1691 renaicum,
2473 1623 2823 1695 tithymalus
2856 1622 3198 1689 Laconicus,
3231 1626 3343 1676 etc.

2177 1710 2399 1773 Τίτλος.
2432 1712 2661 1768 Titulus
2691 1729 2726 1767 a
2755 1712 2947 1783 capite
3003 1711 3225 1766 ditl‘ert.
3284 1712 3427 1766 Nam
3454 1710 3793 1765 Mattheus

2108 1801 2289 1858 habet
2307 1801 2511 1856 titulos
2533 1801 2769 1869 LXVIII,
2802 1800 2996 1872 capita
3016 1799 3268 1865 CCCLV;
3302 1799 3793 1866 Marcus,titulos

2111 1891 2350 1961 XLVIII,
2385 1891 2579 1963 capita
2604 1890 2919 1946 CCXXXVI
2943 1907 2956 1957 ;
2992 1890 3193 1957 Lucas,
3222 1888 3425 1944 titulos
3446 1889 3743 1944 LXXXIII
3768 1905 3787 1953 ;

2110 1980 2306 2053 capita
2335 1979 2719 2045 CCCXLVIII;
2777 1980 3058 2046 Joannes,
3114 1977 3319 2033 titulos
3373 1977 3579 2045 XVIII,
3613 1979 3789 2050 capi-

2113 2075 2172 2126 ta
2198 2069 2502 2124 CCXXXII.
2552 2069 2624 2122 Et
2675 2063 2978 2143 τιτλάριον,
3036 2067 3388 2135 titularium,
3422 2066 3785 2139 pugillares,

2111 2158 2352 2214 tabella.

2179 2248 2361 2303 Titus.
2398 2249 2799 2303 Romanorum
2829 2246 2974 2318 imp.
3010 2246 3349 2318 Vespasiani
3380 2247 3466 2313 F.,
3488 2247 3583 2301 vir
3606 2247 3789 2302 omni

2111 2337 2343 2392 virtutis
2374 2351 2592 2409 genere
2621 2341 2886 2404 ornatus,
2920 2339 2987 2391 ut
3031 2335 3104 2391 ab
3157 2335 3436 2392 omnibus
3462 2336 3661 2409 Ἔρως
3690 2335 3786 2389 καὶ

2111 2426 2313 2502 τρυφή,
2345 2442 2502 2481 amor
2530 2433 2583 2480 et
2635 2426 2848 2482 deliciae
2905 2427 3121 2496 generis
3175 2426 3403 2481 humani
3432 2432 3783 2483 vocaretur.

2113 2519 2257 2572 Nam
2288 2520 2348 2570 et
2378 2514 2909 2586 eloquentissimus
2932 2520 3074 2579 erat,
3103 2518 3163 2569 et
3191 2514 3785 2580 bellicosissimus,et

2113 2604 2651 2659 moderatissimus-
2684 2605 2753 2657 Et
2777 2604 2983 2658 Latina
3003 2603 3207 2677 lingua
3228 2603 3469 2675 quidem
3493 2605 3559 2659 in
3591 2605 3786 2661 admio

2112 2693 2441 2749 nistrandis
2464 2692 2722 2765 publicis
2752 2693 3003 2764 negotiis
3025 2709 3168 2749 usus
3198 2699 3304 2761 est,
3330 2700 3609 2765 poemata
3638 2712 3779 2749 vero

2113 2788 2173 2839 et
2200 2783 2515 2854 tragmdias
2547 2784 2744 2839 Greece
2792 2783 3145 2854 composuit.
3180 2783 3542 2856 Expugnatis
3572 2789 3779 2840 autem

2113 2871 2538 2944 Hierosolymis
2568 2886 2842 2939 coronas,
2866 2888 2901 2927 a
2921 2872 3129 2945 legatis
3157 2872 3553 2929 ﬁnitimarum
3586 2874 3777 2930 Palae-

2113 2961 2286 3016 stinae
2315 2961 2583 3034 gentium
2614 2960 2847 3031 missas,
2907 2962 3257 3034 repudiavit,
3290 2963 3619 3034 professus,
3654 2982 3779 3021 non

2114 3067 2175 3107 se
2207 3066 2278 3107 ea
2327 3050 2561 3117 fecisse,
2622 3050 2726 3107 sed
2785 3052 2924 3120 Deo,
2981 3050 3199 3108 Iudaeis
3264 3052 3520 3124 infenso,
3560 3070 3782 3110 manus

2113 3139 2604 3207 commodavisse,
2641 3146 2752 3197 etc.

2180 3229 2253 3286 Τὸ
2285 3226 2488 3289 Δίωνος
2516 3228 2643 3302 γρύ.
2697 3231 2856 3295 Dion,
2907 3232 3344 3298 Alexandrinus,
3377 3232 3781 3305 philosophus

2112 3318 2385 3387 celebris,
2418 3335 2555 3374 cum
2583 3334 2618 3374 a
2647 3319 3004 3390 quibusdam
3035 3319 3394 3377 adversariis
3421 3322 3617 3379 fratris
3647 3326 3778 3394 sui,

2113 3408 2332 3482 Topsii,
2360 3408 2690 3476 luctatoris,
2719 3409 3054 3466 maledictis
3078 3411 3585 3484 proscinderetur,
3619 3414 3779 3470 nihil

2112 3498 2443 3570 respondit,
2475 3502 2654 3569 atque
2685 3498 2747 3552 in
2779 3498 2936 3554 aedes
2989 3516 3129 3556 suas
3168 3517 3436 3556 reversus
3468 3502 3625 3557 nihil
3658 3505 3780 3560 ira-

2113 3585 2346 3642 cundias
2377 3602 2498 3658 prae
2551 3601 2613 3640 se
2662 3585 2862 3642 ferens
2891 3585 3254 3644 adolescenti
3275 3590 3531 3662 (Topsio)
3566 3608 3646 3646 ne
3675 3590 3777 3665 τρὶ»

2116 3675 2359 3747 quidem
2391 3674 2558 3729 dixit.
2592 3672 2722 3748 Γρύ,
2755 3674 2962 3732 sordes
2993 3679 3302 3749 unguium.

2186 3763 2259 3819 Τὸ
2313 3757 2617 3834 Ἠσιὸδειον
2673 3768 2866 3838 γῆρας.
2924 3766 3192 3822 Hesiodea
3245 3774 3507 3835 senectus,
3572 3769 3649 3825 de
3706 3771 3779 3826 iis

2116 3854 2218 3926 qui
2249 3858 2539 3925 provectas
2573 3851 2896 3909 admodum
2955 3860 3096 3909 sunt
3152 3857 3495 3913 senectutis.
3531 3859 3779 3915 Pindari

2121 3943 2491 4016 epigramma
2514 3958 2528 3995 :

2117 4051 2321 4127 Χαῖρε,⁸
2366 4045 2467 4127 eis
2508 4044 2722 4127 ἧϐήσοις
2775 4047 2869 4103 καὶ
2920 4045 3009 4127 δὶς
3067 4052 3239 4127 τᾴιρου
3298 4047 3688 4127 ἆντιβολὴςας,

2258 4116 2490 4189 ,Ησίοδοθ
2520 4116 2836 4196 ἀνθρώποις
2870 4121 3065 4198 μέτρον
3119 4116 3265 4199 ἔχων
3300 4125 3522 4204 σοφίης.

2121 4250 2282 4306 Salve
2312 4248 2391 4303 bis
2407 4247 2651 4322 juvenis,
2682 4249 2828 4304 salve
2856 4250 2935 4305 bis
2964 4255 3122 4322 nacte
3158 4252 3490 4322 sepulcrum,

2261 4322 2519 4375 Mensura
2549 4319 2797 4388 humani,
2831 4338 2862 4376 ο
2888 4321 3140 4389 Hesiode,
3174 4319 3411 4394 ingenii.

2193 4409 2323 4468 Τοῖς
2353 4406 2754 4479 Ἱπποκράτους
2785 4406 2953 4463 υἳὲσιν
3004 4407 3180 4480 εἴξεις.
3216 4413 3584 4485 Hippocratis
3611 4417 3784 4485 (non,

2124 4495 2391 4564 medici,)
2426 4495 2582 4552 filios
2614 4498 3024 4571 perstringunt
3051 4501 3285 4567 comici,
3318 4507 3383 4557 ut
3421 4503 3694 4561 indoctos
3725 4512 3789 4567 et

356 4576 638 4651 Ῑοροῖίάίδ
668 4576 756 4665 Fu
787 4573 1169 4665 13'_“i°}1§3flui
1198 4573 1482 4665 ἀθοίωδω
1514 4581 1573 4632 et
1614 4576 2012 4632 mndeCimﬂm
2045 4579 2093 4644 D
2123 4587 2353 4659 spurcis
2385 4587 2670 4642 moribus.
2705 4589 2919 4643 Eerum
2950 4590 3233 4646 nomina:
3265 4591 3637 4665 Telesippus,
3670 4596 3787 4651 De-

358 4666 645 4723 chordam
677 4662 860 4736 (lyrm)
892 4661 1142 4727 addidit,
1175 4667 1233 4718 et
1281 4664 1590 4735 antiquam
1621 4665 1910 4722 musicam
1942 4667 2017 4723 ad

356 4754 690 4811 molliorem
713 4751 955 4807 modum
978 4751 1257 4807 traduxit.
1278 4752 1409 4807 Fuit
1432 4758 1631 4809 autem
1652 4755 2017 4827 temporibus

361 4842 683 4913 Euripidis,
716 4841 942 4909 tragici,
976 4840 1193 4912 quibus
1220 4846 1279 4896 et
1308 4841 1617 4915 Philippus
1655 4844 1892 4900 Macedo
1923 4862 2019 4900 re-

365 4931 604 5007 gnabat.
636 4930 793 4986 Obiit
830 4931 1020 4985 aetatis
1076 4947 1236 4986 anno
1294 4931 1508 4987 XCVII.
1564 4933 1810 5005 Scripsit
1837 4936 2020 4991 versi-

367 5022 482 5078 bus
513 5036 726 5075 nomos
756 5019 1017 5074 musicos
1060 5018 1214 5087 XIX,
1254 5021 1544 5092 procemia
1571 5022 1832 5091 XXXVI;
1886 5025 2022 5081 Dia-

368 5127 548 5177 nam;
602 5109 911 5164 Diascevas
969 5109 1131 5177 VIII;
1190 5111 1577 5179 Encomium;
1636 5115 1843 5170 Persas
1902 5116 2021 5171 sive

372 5198 719 5273 Nauplium;
744 5196 1055 5263 Phinidae;
1082 5199 1377 5265 Laertem;
1402 5201 1810 5273 dithyrambos
1827 5206 2023 5275 XVIII;

371 5293 630 5365 hymnos
668 5289 813 5351 XXI.
847 5296 905 5344 et
927 5289 1045 5345 alia
1075 5290 1366 5362 quaedam.
1405 5292 1740 5348 Alexander
1770 5297 2025 5353 musico-

374 5405 508 5446 rum
529 5384 984 5445 audiendorum.
1010 5385 1056 5440 si
1083 5386 1397 5456 quisquam
1422 5386 1596 5449 alius,
1620 5388 1873 5459 cupidus
1893 5391 2028 5460 fuit,

376 5478 753 5536 Timotheum
785 5477 967 5537 enim.
1001 5476 1326 5537 tibicinem.
1359 5477 1546 5543 aiunt,
1580 5496 1714 5535 cum
1754 5480 2027 5553 aliquan-

382 5568 457 5624 do
490 5567 760 5622 Minervai
782 5561 966 5637 ὃρθιον
993 5562 1162 5636 νόμον
1184 5565 1330 5621 tibia
1349 5573 1603 5623 caneret.
1632 5569 2033 5626 Alexandrum

384 5657 529 5713 adeo
573 5654 983 5723 commovisse,
1044 5659 1110 5711 ut
1162 5654 1319 5711 inter
1373 5655 1738 5715 audiendum
1768 5659 1842 5716 ad
1873 5676 2038 5717 arma

2125 4676 2412 4747 mophon,
2443 4675 2726 4732 Pericles.

2196 4764 2298 4820 Τὸν
2329 4761 2632 4842 Κολοφῶνα
2687 4763 2888 4833 ἐπίθες,
2948 4768 3311 4840 Colaphonem
3349 4773 3509 4828 adde.
3547 4774 3785 4831 Duode-

2126 4854 2244 4912 oim
2274 4853 2538 4911 civitates
2569 4855 2748 4911 Ioniae
2770 4855 2830 4911 in
2862 4857 3204 4924 concilium,
3234 4860 3393 4931 quod
3418 4862 3781 4921 Panionium

2132 4943 2461 5012 dicebatur,
2493 4944 2565 5000 de
2598 4945 3015 5002 communibus
3061 4950 3316 5022 negotiis
3345 4949 3770 5012 deliberaturm

2129 5033 2445 5091 convenire
2467 5033 2756 5089 solebant.
2782 5034 2949 5100 Quod
2971 5037 3019 5092 si
3042 5036 3221 5110 igitur
3243 5041 3523 5113 sullragia
3552 5053 3790 5104 esssent

2131 5123 2318 5197 paria,
2343 5123 2692 5195 Colophonii
2716 5123 3011 5181 calculum
3038 5127 3327 5199 imparem
3358 5130 3789 5208 addebant,qui

2133 5218 2380 5270 caeteros
2418 5212 2708 5280 vincebat,
2742 5218 2851 5269 etc.

2207 5303 2328 5357 Τῶν
2360 5298 2437 5359 εἷς
2485 5300 2585 5367 τήν
2636 5298 2919 5374 φαρέτραν.
2982 5304 3181 5373 Aiunt,
3214 5307 3482 5380 Scythas,
3522 5312 3791 5372 cubitum

2138 5394 2349 5451 ituros.
2403 5390 2464 5444 in
2516 5395 2791 5462 promptu
2832 5391 3052 5449 habere
3101 5395 3480 5466 pharetram:
3533 5406 3712 5473 atque
3744 5407 3793 5461 si

2142 5482 2298 5539 diem
2322 5480 2492 5534 illum
2519 5480 2745 5551 absque
2769 5480 3033 5538 molestis
3055 5488 3468 5559 transegerint,
3490 5491 3792 5552 calculum

2143 5570 2344 5628 album
2374 5570 2434 5624 in
2467 5569 2805 5641 pharetram
2853 5572 3184 5645 conjicere;
3227 5575 3274 5631 si
3306 5593 3496 5649 secus,
3529 5582 3789 5655 nigrum.

2143 5662 2286 5716 Cum
2311 5658 2488 5733 igitur
2501 5658 2718 5731 aliquis
2734 5663 3339 5737 moreretur,prolatis
3354 5665 3794 5742 pharetris,cal-
