  <div class='ocr_page' id='page_1' title='image "/cluster/home/n/w/nwhite01/storage/ocr_20150623/117/hvd.32044073502239/688.png"; bbox 0 0 4086 6212; ppageno 0'>
   <div class='ocr_carea' id='block_1_1' title="bbox 326 336 485 400">
    <p class='ocr_par' dir='ltr' id='par_1_1' title="bbox 326 336 485 400">
     <span class='ocr_line' id='line_1_1' title="bbox 326 336 485 400; baseline -0.006 -1"><span class='ocrx_word' id='word_1_1' title='bbox 326 336 485 400; x_wconf 72' lang='lat' dir='ltr'><strong>I365</strong></span> 
     </span>
    </p>
   </div>
   <div class='ocr_carea' id='block_1_2' title="bbox 1646 344 2423 418">
    <p class='ocr_par' dir='ltr' id='par_1_2' title="bbox 1646 344 2423 418">
     <span class='ocr_line' id='line_1_2' title="bbox 1646 344 2423 418; baseline 0.003 -12"><span class='ocrx_word' id='word_1_2' title='bbox 1646 344 1744 407; x_wconf 84' lang='lat' dir='ltr'><strong>DE</strong></span> <span class='ocrx_word' id='word_1_3' title='bbox 1787 345 2073 418; x_wconf 84' lang='lat' dir='ltr'><strong>QUIBUS</strong></span> <span class='ocrx_word' id='word_1_4' title='bbox 2117 347 2423 410; x_wconf 88' lang='lat' dir='ltr'><strong>SUIDAS.</strong></span> 
     </span>
    </p>
   </div>
   <div class='ocr_carea' id='block_1_3' title="bbox 3580 349 3739 413">
    <p class='ocr_par' dir='ltr' id='par_1_3' title="bbox 3580 349 3739 413">
     <span class='ocr_line' id='line_1_3' title="bbox 3580 349 3739 413; baseline 0.013 -2"><span class='ocrx_word' id='word_1_5' title='bbox 3580 349 3739 413; x_wconf 69' lang='lat'><strong>1366</strong></span> 
     </span>
    </p>
   </div>
   <div class='ocr_carea' id='block_1_4' title="bbox 325 471 3731 553">
    <p class='ocr_par' dir='ltr' id='par_1_4' title="bbox 325 471 3731 553">
     <span class='ocr_line' id='line_1_4' title="bbox 325 471 3731 553; baseline 0.003 -24"><span class='ocrx_word' id='word_1_6' title='bbox 325 471 493 529; x_wconf 88' lang='lat' dir='ltr'><strong>culos</strong></span> <span class='ocrx_word' id='word_1_7' title='bbox 510 474 926 541; x_wconf 88' lang='lat' dir='ltr'><strong>numerabant,</strong></span> <span class='ocrx_word' id='word_1_8' title='bbox 942 477 1280 549; x_wconf 89' lang='lat' dir='ltr'><strong>etpluribus</strong></span> <span class='ocrx_word' id='word_1_9' title='bbox 1297 479 1447 535; x_wconf 81' lang='lat' dir='ltr'>albis</span> <span class='ocrx_word' id='word_1_10' title='bbox 1468 480 1720 552; x_wconf 75' lang='lat' dir='ltr'><strong>repertis</strong></span> <span class='ocrx_word' id='word_1_11' title='bbox 1736 479 1973 535; x_wconf 85' lang='lat' dir='ltr'><strong>felicem</strong></span> <span class='ocrx_word' id='word_1_12' title='bbox 2005 481 2055 548; x_wconf 73' lang='grc' dir='ltr'><strong>Α</strong></span> <span class='ocrx_word' id='word_1_13' title='bbox 2088 478 2268 534; x_wconf 91' lang='lat' dir='ltr'><strong>Deum</strong></span> <span class='ocrx_word' id='word_1_14' title='bbox 2294 479 2597 551; x_wconf 77' lang='lat' dir='ltr'><strong>praeditus.</strong></span> <span class='ocrx_word' id='word_1_15' title='bbox 2624 485 2664 534; x_wconf 85' lang='grc' dir='ltr'><strong>Λ</strong></span> <span class='ocrx_word' id='word_1_16' title='bbox 2697 480 3033 537; x_wconf 82' lang='lat' dir='ltr'><strong>Iustiniano</strong></span> <span class='ocrx_word' id='word_1_17' title='bbox 3056 482 3394 553; x_wconf 79' lang='lat' dir='ltr'><strong>impetravit</strong></span> <span class='ocrx_word' id='word_1_18' title='bbox 3422 482 3731 551; x_wconf 87' lang='lat' dir='ltr'><strong>Chosroes,</strong></span> 
     </span>
    </p>
   </div>
   <div class='ocr_carea' id='block_1_5' title="bbox 325 562 1974 643">
    <p class='ocr_par' dir='ltr' id='par_1_5' title="bbox 325 562 1974 643">
     <span class='ocr_line' id='line_1_5' title="bbox 325 562 1974 643; baseline 0.005 -26"><span class='ocrx_word' id='word_1_19' title='bbox 325 562 1114 635; x_wconf 70' lang='lat' dir='ltr'><strong>prmdicabantdefunctum.</strong></span> <span class='ocrx_word' id='word_1_20' title='bbox 1146 569 1293 625; x_wconf 85' lang='lat' dir='ltr'><strong>Hinc</strong></span> <span class='ocrx_word' id='word_1_21' title='bbox 1319 570 1446 626; x_wconf 89' lang='lat' dir='ltr'><strong>dies</strong></span> <span class='ocrx_word' id='word_1_22' title='bbox 1474 570 1648 625; x_wconf 87' lang='lat' dir='ltr'><strong>albus</strong></span> <span class='ocrx_word' id='word_1_23' title='bbox 1668 588 1775 643; x_wconf 91' lang='lat' dir='ltr'><strong>pro</strong></span> <span class='ocrx_word' id='word_1_24' title='bbox 1793 571 1974 627; x_wconf 81' lang='lat' dir='ltr'><strong>felici.</strong></span> 
     </span>
    </p>
   </div>
   <div class='ocr_carea' id='block_1_6' title="bbox 394 651 1977 733">
    <p class='ocr_par' dir='ltr' id='par_1_6' title="bbox 394 651 1977 733">
     <span class='ocr_line' id='line_1_6' title="bbox 394 651 1977 733; baseline 0.008 -28"><span class='ocrx_word' id='word_1_25' title='bbox 394 651 595 714; x_wconf 82' lang='grc' dir='ltr'><strong>Τόπος.</strong></span> <span class='ocrx_word' id='word_1_26' title='bbox 630 654 966 712; x_wconf 81' lang='lat' dir='ltr'><strong>Aristotelis</strong></span> <span class='ocrx_word' id='word_1_27' title='bbox 991 658 1207 730; x_wconf 82' lang='lat' dir='ltr'><strong>Topica</strong></span> <span class='ocrx_word' id='word_1_28' title='bbox 1235 660 1584 716; x_wconf 78' lang='lat' dir='ltr'><strong>inscribitur</strong></span> <span class='ocrx_word' id='word_1_29' title='bbox 1615 677 1784 732; x_wconf 82' lang='lat' dir='ltr'><strong>Opus,</strong></span> <span class='ocrx_word' id='word_1_30' title='bbox 1816 660 1977 733; x_wconf 90' lang='lat' dir='ltr'><strong>quod</strong></span> 
     </span>
    </p>
   </div>
   <div class='ocr_carea' id='block_1_7' title="bbox 325 742 1981 821">
    <p class='ocr_par' dir='ltr' id='par_1_7' title="bbox 325 742 1981 821">
     <span class='ocr_line' id='line_1_7' title="bbox 325 742 1981 821; baseline 0.004 -23"><span class='ocrx_word' id='word_1_31' title='bbox 325 742 431 798; x_wconf 87' lang='lat' dir='ltr'><strong>loci</strong></span> <span class='ocrx_word' id='word_1_32' title='bbox 450 742 513 796; x_wconf 88' lang='lat' dir='ltr'><strong>in</strong></span> <span class='ocrx_word' id='word_1_33' title='bbox 550 742 670 798; x_wconf 90' lang='lat' dir='ltr'><strong>illis</strong></span> <span class='ocrx_word' id='word_1_34' title='bbox 700 745 1034 813; x_wconf 88' lang='lat' dir='ltr'><strong>traduntur,</strong></span> <span class='ocrx_word' id='word_1_35' title='bbox 1058 748 1298 818; x_wconf 88' lang='lat' dir='ltr'><strong>qmibus</strong></span> <span class='ocrx_word' id='word_1_36' title='bbox 1320 749 1594 805; x_wconf 82' lang='lat' dir='ltr'><strong>instructi</strong></span> <span class='ocrx_word' id='word_1_37' title='bbox 1620 750 1692 806; x_wconf 93' lang='lat' dir='ltr'><strong>de</strong></span> <span class='ocrx_word' id='word_1_38' title='bbox 1715 750 1981 821; x_wconf 87' lang='lat' dir='ltr'><strong>qualibet</strong></span> 
     </span>
    </p>
   </div>
   <div class='ocr_carea' id='block_1_8' title="bbox 322 834 1976 912">
    <p class='ocr_par' dir='ltr' id='par_1_8' title="bbox 322 834 1976 912">
     <span class='ocr_line' id='line_1_8' title="bbox 322 834 1976 912; baseline 0.001 -23"><span class='ocrx_word' id='word_1_39' title='bbox 322 847 390 890; x_wconf 87' lang='lat' dir='ltr'><strong>re</strong></span> <span class='ocrx_word' id='word_1_40' title='bbox 423 834 725 904; x_wconf 89' lang='lat' dir='ltr'><strong>proposita</strong></span> <span class='ocrx_word' id='word_1_41' title='bbox 755 834 1144 906; x_wconf 83' lang='lat' dir='ltr'><strong>probabiliter</strong></span> <span class='ocrx_word' id='word_1_42' title='bbox 1186 840 1587 909; x_wconf 73' lang='lat' dir='ltr'><strong>argumentari</strong></span> <span class='ocrx_word' id='word_1_43' title='bbox 1637 856 1976 912; x_wconf 86' lang='lat' dir='ltr'><strong>possumus.</strong></span> 
     </span>
    </p>
   </div>
   <div class='ocr_carea' id='block_1_9' title="bbox 330 921 1978 1002">
    <p class='ocr_par' dir='ltr' id='par_1_9' title="bbox 330 921 1978 1002">
     <span class='ocr_line' id='line_1_9' title="bbox 330 921 1978 1002; baseline 0.005 -25"><span class='ocrx_word' id='word_1_44' title='bbox 330 921 581 988; x_wconf 86' lang='lat' dir='ltr'><strong>Quidam</strong></span> <span class='ocrx_word' id='word_1_45' title='bbox 598 930 847 979; x_wconf 88' lang='lat' dir='ltr'><strong>censent</strong></span> <span class='ocrx_word' id='word_1_46' title='bbox 864 925 1085 983; x_wconf 88' lang='lat' dir='ltr'><strong>librum</strong></span> <span class='ocrx_word' id='word_1_47' title='bbox 1109 928 1362 999; x_wconf 87' lang='lat' dir='ltr'><strong>primum</strong></span> <span class='ocrx_word' id='word_1_48' title='bbox 1384 946 1526 997; x_wconf 91' lang='lat' dir='ltr'><strong>non,</strong></span> <span class='ocrx_word' id='word_1_49' title='bbox 1550 930 1852 1002; x_wconf 87' lang='lat' dir='ltr'><strong>Topicum,</strong></span> <span class='ocrx_word' id='word_1_50' title='bbox 1874 929 1978 985; x_wconf 92' lang='lat' dir='ltr'><strong>sed</strong></span> 
     </span>
    </p>
   </div>
   <div class='ocr_carea' id='block_1_10' title="bbox 327 1009 1972 1085">
    <p class='ocr_par' dir='ltr' id='par_1_10' title="bbox 327 1009 1972 1085">
     <span class='ocr_line' id='line_1_10' title="bbox 327 1009 1972 1085; baseline 0.006 -20"><span class='ocrx_word' id='word_1_51' title='bbox 327 1009 445 1085; x_wconf 79' lang='grc' dir='ltr'><strong>Πρὸ</strong></span> <span class='ocrx_word' id='word_1_52' title='bbox 471 1013 579 1064; x_wconf 79' lang='grc' dir='ltr'>τῶν</span> <span class='ocrx_word' id='word_1_53' title='bbox 607 1009 790 1065; x_wconf 82' lang='grc' dir='ltr'>τόπων</span> <span class='ocrx_word' id='word_1_54' title='bbox 821 1021 952 1069; x_wconf 85' lang='lat' dir='ltr'><strong>ante</strong></span> <span class='ocrx_word' id='word_1_55' title='bbox 983 1016 1142 1085; x_wconf 76' lang='lat' dir='ltr'><strong>locos,</strong></span> <span class='ocrx_word' id='word_1_56' title='bbox 1191 1018 1637 1074; x_wconf 88' lang='lat' dir='ltr'><strong>inscribendum</strong></span> <span class='ocrx_word' id='word_1_57' title='bbox 1678 1035 1828 1085; x_wconf 89' lang='lat' dir='ltr'><strong>esse,</strong></span> <span class='ocrx_word' id='word_1_58' title='bbox 1861 1024 1972 1076; x_wconf 90' lang='lat' dir='ltr'><strong>etc.</strong></span> 
     </span>
    </p>
   </div>
   <div class='ocr_carea' id='block_1_11' title="bbox 401 1102 1976 1180">
    <p class='ocr_par' dir='ltr' id='par_1_11' title="bbox 401 1102 1976 1180">
     <span class='ocr_line' id='line_1_11' title="bbox 401 1102 1976 1180; baseline 0.006 -25"><span class='ocrx_word' id='word_1_59' title='bbox 401 1102 884 1174; x_wconf 80' lang='lat' dir='ltr'><strong>Tragiamborum</strong></span> <span class='ocrx_word' id='word_1_60' title='bbox 932 1106 1162 1176; x_wconf 88' lang='lat' dir='ltr'><strong>primus</strong></span> <span class='ocrx_word' id='word_1_61' title='bbox 1232 1108 1507 1165; x_wconf 81' lang='lat' dir='ltr'><strong>inventor</strong></span> <span class='ocrx_word' id='word_1_62' title='bbox 1557 1108 1976 1180; x_wconf 80' lang='lat' dir='ltr'><strong>Apollodorus,</strong></span> 
     </span>
    </p>
   </div>
   <div class='ocr_carea' id='block_1_12' title="bbox 328 1190 1977 1270">
    <p class='ocr_par' dir='ltr' id='par_1_12' title="bbox 328 1190 1977 1270">
     <span class='ocr_line' id='line_1_12' title="bbox 328 1190 1977 1270; baseline 0.002 -22"><span class='ocrx_word' id='word_1_63' title='bbox 328 1190 693 1262; x_wconf 80' lang='lat' dir='ltr'><strong>Asclepiadis</strong></span> <span class='ocrx_word' id='word_1_64' title='bbox 716 1193 801 1262; x_wconf 82' lang='lat' dir='ltr'><strong>F,.</strong></span> <span class='ocrx_word' id='word_1_65' title='bbox 836 1197 1269 1265; x_wconf 87' lang='lat' dir='ltr'><strong>grammaticus.</strong></span> <span class='ocrx_word' id='word_1_66' title='bbox 1294 1198 1505 1269; x_wconf 89' lang='lat' dir='ltr'><strong>(Supra</strong></span> <span class='ocrx_word' id='word_1_67' title='bbox 1535 1197 1977 1270; x_wconf 80' lang='lat' dir='ltr'><strong>Apollodorus.)</strong></span> 
     </span>
    </p>
   </div>
   <div class='ocr_carea' id='block_1_13' title="bbox 397 1281 1978 1355">
    <p class='ocr_par' dir='ltr' id='par_1_13' title="bbox 397 1281 1978 1355">
     <span class='ocr_line' id='line_1_13' title="bbox 397 1281 1978 1355; baseline 0.006 -21"><span class='ocrx_word' id='word_1_68' title='bbox 397 1281 707 1353; x_wconf 87' lang='lat' dir='ltr'><strong>Trajanus;</strong></span> <span class='ocrx_word' id='word_1_69' title='bbox 740 1283 1045 1353; x_wconf 88' lang='lat' dir='ltr'><strong>patricius.</strong></span> <span class='ocrx_word' id='word_1_70' title='bbox 1081 1285 1183 1340; x_wconf 87' lang='lat' dir='ltr'><strong>Hic</strong></span> <span class='ocrx_word' id='word_1_71' title='bbox 1215 1286 1323 1341; x_wconf 90' lang='lat' dir='ltr'><strong>sub</strong></span> <span class='ocrx_word' id='word_1_72' title='bbox 1344 1286 1702 1355; x_wconf 77' lang='lat' dir='ltr'><strong>Iustiniano,</strong></span> <span class='ocrx_word' id='word_1_73' title='bbox 1744 1288 1978 1343; x_wconf 86' lang='lat' dir='ltr'><strong>rhinot-</strong></span> 
     </span>
    </p>
   </div>
   <div class='ocr_carea' id='block_1_14' title="bbox 328 1369 1976 1449">
    <p class='ocr_par' dir='ltr' id='par_1_14' title="bbox 328 1369 1976 1449">
     <span class='ocr_line' id='line_1_14' title="bbox 328 1369 1976 1449; baseline 0.003 -23"><span class='ocrx_word' id='word_1_74' title='bbox 328 1374 508 1437; x_wconf 90' lang='lat' dir='ltr'><strong>meto,</strong></span> <span class='ocrx_word' id='word_1_75' title='bbox 531 1369 754 1437; x_wconf 80' lang='lat' dir='ltr'><strong>floruit,</strong></span> <span class='ocrx_word' id='word_1_76' title='bbox 777 1370 1259 1446; x_wconf 85' lang='lat' dir='ltr'><strong>Chronicumque</strong></span> <span class='ocrx_word' id='word_1_77' title='bbox 1303 1375 1475 1431; x_wconf 83' lang='lat' dir='ltr'><strong>breve</strong></span> <span class='ocrx_word' id='word_1_78' title='bbox 1505 1392 1573 1431; x_wconf 89' lang='lat' dir='ltr'><strong>ac</strong></span> <span class='ocrx_word' id='word_1_79' title='bbox 1603 1378 1976 1449; x_wconf 77' lang='lat' dir='ltr'><strong>prmstantis-</strong></span> 
     </span>
    </p>
   </div>
   <div class='ocr_carea' id='block_1_15' title="bbox 331 1456 1979 1538">
    <p class='ocr_par' dir='ltr' id='par_1_15' title="bbox 331 1456 1979 1538">
     <span class='ocr_line' id='line_1_15' title="bbox 331 1456 1979 1538; baseline 0.004 -25"><span class='ocrx_word' id='word_1_80' title='bbox 331 1459 547 1514; x_wconf 82' lang='lat' dir='ltr'><strong>simum</strong></span> <span class='ocrx_word' id='word_1_81' title='bbox 604 1456 887 1531; x_wconf 70' lang='grc' dir='ltr'>Σύντομον</span> <span class='ocrx_word' id='word_1_82' title='bbox 942 1460 1081 1514; x_wconf 70' lang='grc' dir='ltr'>πάνυ</span> <span class='ocrx_word' id='word_1_83' title='bbox 1137 1462 1436 1536; x_wconf 72' lang='grc' dir='ltr'><strong>θαυμάσιον</strong></span> <span class='ocrx_word' id='word_1_84' title='bbox 1496 1466 1781 1538; x_wconf 85' lang='lat' dir='ltr'><strong>scripsit.</strong></span> <span class='ocrx_word' id='word_1_85' title='bbox 1840 1469 1979 1522; x_wconf 86' lang='lat' dir='ltr'><strong>Erat</strong></span> 
     </span>
    </p>
   </div>
   <div class='ocr_carea' id='block_1_16' title="bbox 330 1549 1847 1613">
    <p class='ocr_par' dir='ltr' id='par_1_16' title="bbox 330 1549 1847 1613">
     <span class='ocr_line' id='line_1_16' title="bbox 330 1549 1847 1613; baseline 0.005 -8"><span class='ocrx_word' id='word_1_86' title='bbox 330 1549 490 1606; x_wconf 87' lang='lat' dir='ltr'><strong>idem</strong></span> <span class='ocrx_word' id='word_1_87' title='bbox 521 1549 1061 1609; x_wconf 84' lang='lat' dir='ltr'><strong>Christianissimus</strong></span> <span class='ocrx_word' id='word_1_88' title='bbox 1092 1560 1151 1609; x_wconf 88' lang='lat' dir='ltr'><strong>et</strong></span> <span class='ocrx_word' id='word_1_89' title='bbox 1176 1557 1433 1611; x_wconf 81' lang='lat' dir='ltr'><strong>maxime</strong></span> <span class='ocrx_word' id='word_1_90' title='bbox 1465 1556 1847 1613; x_wconf 85' lang='lat' dir='ltr'><strong>orthodoxus.</strong></span> 
     </span>
    </p>
   </div>
   <div class='ocr_carea' id='block_1_17' title="bbox 400 1657 1973 1736">
    <p class='ocr_par' dir='ltr' id='par_1_17' title="bbox 400 1657 1973 1736">
     <span class='ocr_line' id='line_1_17' title="bbox 400 1657 1973 1736; baseline 0.007 -26"><span class='ocrx_word' id='word_1_91' title='bbox 400 1657 1152 1731; x_wconf 86' lang='lat' dir='ltr'><strong>Suetonius,Tranquillus,</strong></span> <span class='ocrx_word' id='word_1_92' title='bbox 1198 1664 1619 1735; x_wconf 89' lang='lat' dir='ltr'><strong>grammaticus</strong></span> <span class='ocrx_word' id='word_1_93' title='bbox 1650 1667 1973 1736; x_wconf 85' lang='lat' dir='ltr'><strong>Romanus,</strong></span> 
     </span>
    </p>
   </div>
   <div class='ocr_carea' id='block_1_18' title="bbox 331 1747 1977 1821">
    <p class='ocr_par' dir='ltr' id='par_1_18' title="bbox 331 1747 1977 1821">
     <span class='ocr_line' id='line_1_18' title="bbox 331 1747 1977 1821; baseline 0.007 -20"><span class='ocrx_word' id='word_1_94' title='bbox 331 1747 569 1819; x_wconf 86' lang='lat' dir='ltr'><strong>scripsit</strong></span> <span class='ocrx_word' id='word_1_95' title='bbox 592 1768 619 1796; x_wconf 76' lang='grc' dir='ltr'>α</span> <span class='ocrx_word' id='word_1_96' title='bbox 644 1749 722 1804; x_wconf 90' lang='lat' dir='ltr'><strong>De</strong></span> <span class='ocrx_word' id='word_1_97' title='bbox 746 1750 1078 1806; x_wconf 86' lang='lat' dir='ltr'><strong>Graecorum</strong></span> <span class='ocrx_word' id='word_1_98' title='bbox 1100 1751 1257 1808; x_wconf 89' lang='lat' dir='ltr'><strong>ludis</strong></span> <span class='ocrx_word' id='word_1_99' title='bbox 1272 1753 1489 1809; x_wconf 91' lang='lat' dir='ltr'><strong>librum</strong></span> <span class='ocrx_word' id='word_1_100' title='bbox 1506 1755 1528 1808; x_wconf 90' lang='grc' dir='ltr'><strong>Ι</strong></span> <span class='ocrx_word' id='word_1_101' title='bbox 1547 1771 1560 1821; x_wconf 89' lang='grc'>;</span> <span class='ocrx_word' id='word_1_102' title='bbox 1586 1755 1665 1809; x_wconf 89' lang='lat' dir='ltr'><strong>De</strong></span> <span class='ocrx_word' id='word_1_103' title='bbox 1684 1757 1977 1812; x_wconf 85' lang='lat' dir='ltr'><strong>Romano-</strong></span> 
     </span>
    </p>
   </div>
   <div class='ocr_carea' id='block_1_19' title="bbox 2085 570 3735 641">
    <p class='ocr_par' dir='ltr' id='par_1_19' title="bbox 2085 570 3735 641">
     <span class='ocr_line' id='line_1_19' title="bbox 2085 570 3735 641; baseline 0.002 -18"><span class='ocrx_word' id='word_1_104' title='bbox 2085 573 2152 624; x_wconf 89' lang='lat' dir='ltr'><strong>ut</strong></span> <span class='ocrx_word' id='word_1_105' title='bbox 2179 570 2335 641; x_wconf 89' lang='lat' dir='ltr'><strong>apud</strong></span> <span class='ocrx_word' id='word_1_106' title='bbox 2368 586 2431 625; x_wconf 87' lang='lat' dir='ltr'><strong>se</strong></span> <span class='ocrx_word' id='word_1_107' title='bbox 2459 587 2577 625; x_wconf 90' lang='lat' dir='ltr'><strong>uno</strong></span> <span class='ocrx_word' id='word_1_108' title='bbox 2623 586 2780 626; x_wconf 90' lang='lat' dir='ltr'><strong>anno</strong></span> <span class='ocrx_word' id='word_1_109' title='bbox 2834 587 3077 627; x_wconf 88' lang='lat' dir='ltr'><strong>manere</strong></span> <span class='ocrx_word' id='word_1_110' title='bbox 3133 571 3305 626; x_wconf 90' lang='lat' dir='ltr'><strong>illum</strong></span> <span class='ocrx_word' id='word_1_111' title='bbox 3362 571 3604 630; x_wconf 91' lang='lat' dir='ltr'><strong>sineret.</strong></span> <span class='ocrx_word' id='word_1_112' title='bbox 3626 573 3735 628; x_wconf 90' lang='lat' dir='ltr'><strong>Illo</strong></span> 
     </span>
    </p>
   </div>
   <div class='ocr_carea' id='block_1_20' title="bbox 2084 656 3735 732">
    <p class='ocr_par' dir='ltr' id='par_1_20' title="bbox 2084 656 3735 732">
     <span class='ocr_line' id='line_1_20' title="bbox 2084 656 3735 732; baseline 0.005 -21"><span class='ocrx_word' id='word_1_113' title='bbox 2084 656 2286 730; x_wconf 89' lang='lat' dir='ltr'><strong>elapso</strong></span> <span class='ocrx_word' id='word_1_114' title='bbox 2309 659 2491 730; x_wconf 83' lang='lat' dir='ltr'><strong>jussit</strong></span> <span class='ocrx_word' id='word_1_115' title='bbox 2516 666 2716 730; x_wconf 85' lang='lat' dir='ltr'><strong>petere</strong></span> <span class='ocrx_word' id='word_1_116' title='bbox 2746 677 2781 716; x_wconf 87' lang='lat' dir='ltr'><strong>a</strong></span> <span class='ocrx_word' id='word_1_117' title='bbox 2810 677 2872 716; x_wconf 89' lang='lat' dir='ltr'><strong>se</strong></span> <span class='ocrx_word' id='word_1_118' title='bbox 2902 661 3194 732; x_wconf 88' lang='lat' dir='ltr'><strong>quidquid</strong></span> <span class='ocrx_word' id='word_1_119' title='bbox 3224 660 3421 717; x_wconf 88' lang='lat' dir='ltr'><strong>vellet.</strong></span> <span class='ocrx_word' id='word_1_120' title='bbox 3454 662 3560 717; x_wconf 91' lang='lat' dir='ltr'><strong>Ille</strong></span> <span class='ocrx_word' id='word_1_121' title='bbox 3581 663 3735 719; x_wconf 89' lang='lat' dir='ltr'><strong>nihil</strong></span> 
     </span>
    </p>
   </div>
   <div class='ocr_carea' id='block_1_21' title="bbox 2083 745 3732 825">
    <p class='ocr_par' dir='ltr' id='par_1_21' title="bbox 2083 745 3732 825">
     <span class='ocr_line' id='line_1_21' title="bbox 2083 745 3732 825; baseline 0.004 -23"><span class='ocrx_word' id='word_1_122' title='bbox 2083 745 2268 816; x_wconf 80' lang='lat' dir='ltr'><strong>aliud,</strong></span> <span class='ocrx_word' id='word_1_123' title='bbox 2302 765 2480 820; x_wconf 87' lang='lat' dir='ltr'><strong>quam</strong></span> <span class='ocrx_word' id='word_1_124' title='bbox 2520 750 2880 820; x_wconf 86' lang='lat' dir='ltr'><strong>captivorum</strong></span> <span class='ocrx_word' id='word_1_125' title='bbox 2932 750 3161 821; x_wconf 84' lang='lat' dir='ltr'><strong>aliquot</strong></span> <span class='ocrx_word' id='word_1_126' title='bbox 3191 752 3594 807; x_wconf 81' lang='lat' dir='ltr'><strong>Romanorum</strong></span> <span class='ocrx_word' id='word_1_127' title='bbox 3625 769 3732 825; x_wconf 87' lang='lat' dir='ltr'><strong>po-</strong></span> 
     </span>
    </p>
   </div>
   <div class='ocr_carea' id='block_1_22' title="bbox 2085 836 3731 910">
    <p class='ocr_par' dir='ltr' id='par_1_22' title="bbox 2085 836 3731 910">
     <span class='ocr_line' id='line_1_22' title="bbox 2085 836 3731 910; baseline 0.005 -21"><span class='ocrx_word' id='word_1_128' title='bbox 2085 836 2324 892; x_wconf 88' lang='lat' dir='ltr'><strong>stulavit</strong></span> <span class='ocrx_word' id='word_1_129' title='bbox 2380 837 2734 907; x_wconf 86' lang='lat' dir='ltr'><strong>libertatem,</strong></span> <span class='ocrx_word' id='word_1_130' title='bbox 2769 838 2985 910; x_wconf 87' lang='lat' dir='ltr'><strong>quibus</strong></span> <span class='ocrx_word' id='word_1_131' title='bbox 3038 839 3189 895; x_wconf 87' lang='lat' dir='ltr'><strong>alios</strong></span> <span class='ocrx_word' id='word_1_132' title='bbox 3231 845 3321 895; x_wconf 90' lang='lat' dir='ltr'><strong>ter</strong></span> <span class='ocrx_word' id='word_1_133' title='bbox 3350 840 3516 896; x_wconf 91' lang='lat' dir='ltr'><strong>mille</strong></span> <span class='ocrx_word' id='word_1_134' title='bbox 3547 842 3731 898; x_wconf 90' lang='lat' dir='ltr'><strong>Chos-</strong></span> 
     </span>
    </p>
   </div>
   <div class='ocr_carea' id='block_1_23' title="bbox 2085 927 2498 983">
    <p class='ocr_par' dir='ltr' id='par_1_23' title="bbox 2085 927 2498 983">
     <span class='ocr_line' id='line_1_23' title="bbox 2085 927 2498 983; baseline 0.002 -2"><span class='ocrx_word' id='word_1_135' title='bbox 2085 942 2219 983; x_wconf 87' lang='lat' dir='ltr'><strong>roes</strong></span> <span class='ocrx_word' id='word_1_136' title='bbox 2248 927 2498 983; x_wconf 89' lang='lat' dir='ltr'><strong>addidit.</strong></span> 
     </span>
    </p>
   </div>
   <div class='ocr_carea' id='block_1_24' title="bbox 2156 1017 3733 1094">
    <p class='ocr_par' dir='ltr' id='par_1_24' title="bbox 2156 1017 3733 1094">
     <span class='ocr_line' id='line_1_24' title="bbox 2156 1017 3733 1094; baseline 0.004 -23"><span class='ocrx_word' id='word_1_137' title='bbox 2156 1017 2544 1089; x_wconf 87' lang='lat' dir='ltr'><strong>Triphyllius,</strong></span> <span class='ocrx_word' id='word_1_138' title='bbox 2597 1018 2933 1091; x_wconf 89' lang='lat' dir='ltr'><strong>episcopus,</strong></span> <span class='ocrx_word' id='word_1_139' title='bbox 2977 1019 3308 1092; x_wconf 88' lang='lat' dir='ltr'><strong>discipulus</strong></span> <span class='ocrx_word' id='word_1_140' title='bbox 3364 1020 3733 1094; x_wconf 84' lang='lat' dir='ltr'><strong>Spyridonis,</strong></span> 
     </span>
    </p>
   </div>
   <div class='ocr_carea' id='block_1_25' title="bbox 2084 1120 3735 1196">
    <p class='ocr_par' dir='ltr' id='par_1_25' title="bbox 2084 1120 3735 1196">
     <span class='ocr_line' id='line_1_25' title="bbox 2084 1120 3735 1196; baseline 0.004 -20"><span class='ocrx_word' id='word_1_141' title='bbox 2084 1120 2301 1193; x_wconf 86' lang='lat' dir='ltr'><strong>Cyprii,</strong></span> <span class='ocrx_word' id='word_1_142' title='bbox 2331 1121 2752 1196; x_wconf 88' lang='lat' dir='ltr'><strong>thaumaturgi,</strong></span> <span class='ocrx_word' id='word_1_143' title='bbox 2786 1124 2958 1195; x_wconf 88' lang='lat' dir='ltr'><strong>cujus</strong></span> <span class='ocrx_word' id='word_1_144' title='bbox 3000 1124 3290 1181; x_wconf 89' lang='lat' dir='ltr'><strong>miracula</strong></span> <span class='ocrx_word' id='word_1_145' title='bbox 3321 1123 3534 1181; x_wconf 85' lang='lat' dir='ltr'><strong>litteris</strong></span> <span class='ocrx_word' id='word_1_146' title='bbox 3564 1142 3735 1183; x_wconf 80' lang='lat' dir='ltr'><strong>man-</strong></span> 
     </span>
    </p>
   </div>
   <div class='ocr_carea' id='block_1_26' title="bbox 2085 1208 3737 1288">
    <p class='ocr_par' dir='ltr' id='par_1_26' title="bbox 2085 1208 3737 1288">
     <span class='ocr_line' id='line_1_26' title="bbox 2085 1208 3737 1288; baseline 0.004 -24"><span class='ocrx_word' id='word_1_147' title='bbox 2085 1208 2260 1266; x_wconf 90' lang='lat' dir='ltr'><strong>davit.</strong></span> <span class='ocrx_word' id='word_1_148' title='bbox 2294 1210 2475 1266; x_wconf 82' lang='lat' dir='ltr'><strong>Multa</strong></span> <span class='ocrx_word' id='word_1_149' title='bbox 2504 1212 2665 1266; x_wconf 90' lang='lat' dir='ltr'><strong>enim</strong></span> <span class='ocrx_word' id='word_1_150' title='bbox 2722 1211 2864 1267; x_wconf 90' lang='lat' dir='ltr'><strong>fecit</strong></span> <span class='ocrx_word' id='word_1_151' title='bbox 2895 1212 3207 1285; x_wconf 88' lang='lat' dir='ltr'><strong>Spyridon,</strong></span> <span class='ocrx_word' id='word_1_152' title='bbox 3261 1219 3327 1269; x_wconf 88' lang='lat' dir='ltr'><strong>ut</strong></span> <span class='ocrx_word' id='word_1_153' title='bbox 3356 1214 3417 1270; x_wconf 91' lang='lat' dir='ltr'><strong>in</strong></span> <span class='ocrx_word' id='word_1_154' title='bbox 3452 1216 3580 1271; x_wconf 89' lang='lat' dir='ltr'><strong>Vita</strong></span> <span class='ocrx_word' id='word_1_155' title='bbox 3609 1217 3737 1288; x_wconf 87' lang='lat' dir='ltr'><strong>ejus</strong></span> 
     </span>
    </p>
   </div>
   <div class='ocr_carea' id='block_1_27' title="bbox 2081 1298 3740 1375">
    <p class='ocr_par' dir='ltr' id='par_1_27' title="bbox 2081 1298 3740 1375">
     <span class='ocr_line' id='line_1_27' title="bbox 2081 1298 3740 1375; baseline 0.005 -22"><span class='ocrx_word' id='word_1_156' title='bbox 2081 1298 2351 1355; x_wconf 83' lang='lat' dir='ltr'><strong>versibus</strong></span> <span class='ocrx_word' id='word_1_157' title='bbox 2381 1299 2652 1355; x_wconf 88' lang='lat' dir='ltr'><strong>iambicis</strong></span> <span class='ocrx_word' id='word_1_158' title='bbox 2683 1302 2902 1373; x_wconf 89' lang='lat' dir='ltr'><strong>scripta</strong></span> <span class='ocrx_word' id='word_1_159' title='bbox 2931 1301 3207 1369; x_wconf 88' lang='lat' dir='ltr'><strong>traditur,</strong></span> <span class='ocrx_word' id='word_1_160' title='bbox 3240 1320 3371 1375; x_wconf 75' lang='lat' dir='ltr'><strong>qute</strong></span> <span class='ocrx_word' id='word_1_161' title='bbox 3416 1306 3740 1375; x_wconf 68' lang='lat' dir='ltr'><strong>quaerenda</strong></span> 
     </span>
    </p>
   </div>
   <div class='ocr_carea' id='block_1_28' title="bbox 2083 1388 2771 1457">
    <p class='ocr_par' dir='ltr' id='par_1_28' title="bbox 2083 1388 2771 1457">
     <span class='ocr_line' id='line_1_28' title="bbox 2083 1388 2771 1457; baseline -0.001 -13"><span class='ocrx_word' id='word_1_162' title='bbox 2083 1393 2240 1457; x_wconf 89' lang='lat' dir='ltr'><strong>sunt,</strong></span> <span class='ocrx_word' id='word_1_163' title='bbox 2271 1392 2337 1443; x_wconf 90' lang='lat' dir='ltr'><strong>ut</strong></span> <span class='ocrx_word' id='word_1_164' title='bbox 2378 1388 2547 1444; x_wconf 87' lang='lat' dir='ltr'><strong>valde</strong></span> <span class='ocrx_word' id='word_1_165' title='bbox 2578 1389 2771 1444; x_wconf 87' lang='lat' dir='ltr'><strong>utilia.</strong></span> 
     </span>
    </p>
   </div>
   <div class='ocr_carea' id='block_1_29' title="bbox 2150 1493 3735 1572">
    <p class='ocr_par' dir='ltr' id='par_1_29' title="bbox 2150 1493 3735 1572">
     <span class='ocr_line' id='line_1_29' title="bbox 2150 1493 3735 1572; baseline 0.006 -27"><span class='ocrx_word' id='word_1_166' title='bbox 2150 1493 2618 1567; x_wconf 74' lang='grc' dir='ltr'><strong>Τριταγωνιστής.</strong></span> <span class='ocrx_word' id='word_1_167' title='bbox 2643 1494 3041 1551; x_wconf 68' lang='grc' dir='ltr'><strong>Ᾰέειίοὶιθηθῐῐι</strong></span> <span class='ocrx_word' id='word_1_168' title='bbox 3072 1496 3277 1552; x_wconf 90' lang='lat' dir='ltr'><strong>multis</strong></span> <span class='ocrx_word' id='word_1_169' title='bbox 3330 1498 3391 1553; x_wconf 90' lang='lat' dir='ltr'><strong>in</strong></span> <span class='ocrx_word' id='word_1_170' title='bbox 3423 1497 3567 1554; x_wconf 91' lang='lat' dir='ltr'><strong>locis</strong></span> <span class='ocrx_word' id='word_1_171' title='bbox 3600 1516 3735 1572; x_wconf 89' lang='lat' dir='ltr'><strong>per-</strong></span> 
     </span>
    </p>
   </div>
   <div class='ocr_carea' id='block_1_30' title="bbox 2082 1583 3734 1657">
    <p class='ocr_par' dir='ltr' id='par_1_30' title="bbox 2082 1583 3734 1657">
     <span class='ocr_line' id='line_1_30' title="bbox 2082 1583 3734 1657; baseline 0.002 -16"><span class='ocrx_word' id='word_1_172' title='bbox 2082 1583 2318 1655; x_wconf 80' lang='lat' dir='ltr'><strong>stringit</strong></span> <span class='ocrx_word' id='word_1_173' title='bbox 2346 1584 2775 1639; x_wconf 88' lang='lat' dir='ltr'><strong>Demosthenes</strong></span> <span class='ocrx_word' id='word_1_174' title='bbox 2801 1590 2866 1639; x_wconf 92' lang='lat' dir='ltr'><strong>ut</strong></span> <span class='ocrx_word' id='word_1_175' title='bbox 2896 1584 3249 1641; x_wconf 87' lang='lat' dir='ltr'><strong>histrionem</strong></span> <span class='ocrx_word' id='word_1_176' title='bbox 3274 1588 3563 1657; x_wconf 83' lang='lat' dir='ltr'><strong>tragicum</strong></span> <span class='ocrx_word' id='word_1_177' title='bbox 3578 1589 3734 1644; x_wconf 84' lang='lat' dir='ltr'><strong>vilis-</strong></span> 
     </span>
    </p>
   </div>
   <div class='ocr_carea' id='block_1_31' title="bbox 2083 1672 3737 1732">
    <p class='ocr_par' dir='ltr' id='par_1_31' title="bbox 2083 1672 3737 1732">
     <span class='ocr_line' id='line_1_31' title="bbox 2083 1672 3737 1732; baseline 0.002 -4"><span class='ocrx_word' id='word_1_178' title='bbox 2083 1672 2301 1728; x_wconf 90' lang='lat' dir='ltr'><strong>simum</strong></span> <span class='ocrx_word' id='word_1_179' title='bbox 2341 1672 2402 1728; x_wconf 90' lang='lat' dir='ltr'><strong>in</strong></span> <span class='ocrx_word' id='word_1_180' title='bbox 2433 1672 2606 1727; x_wconf 89' lang='lat' dir='ltr'><strong>tertio</strong></span> <span class='ocrx_word' id='word_1_181' title='bbox 2664 1673 2872 1729; x_wconf 86' lang='lat' dir='ltr'><strong>ordine</strong></span> <span class='ocrx_word' id='word_1_182' title='bbox 2933 1689 3067 1728; x_wconf 89' lang='lat' dir='ltr'><strong>eum</strong></span> <span class='ocrx_word' id='word_1_183' title='bbox 3127 1691 3472 1731; x_wconf 87' lang='lat' dir='ltr'><strong>numerans.</strong></span> <span class='ocrx_word' id='word_1_184' title='bbox 3505 1677 3737 1732; x_wconf 86' lang='lat' dir='ltr'><strong>Primus</strong></span> 
     </span>
    </p>
   </div>
   <div class='ocr_carea' id='block_1_32' title="bbox 2083 1761 3730 1839">
    <p class='ocr_par' dir='ltr' id='par_1_32' title="bbox 2083 1761 3730 1839">
     <span class='ocr_line' id='line_1_32' title="bbox 2083 1761 3730 1839; baseline 0.004 -23"><span class='ocrx_word' id='word_1_185' title='bbox 2083 1761 2403 1835; x_wconf 85' lang='lat' dir='ltr'><strong>SOphocles</strong></span> <span class='ocrx_word' id='word_1_186' title='bbox 2430 1776 2572 1817; x_wconf 90' lang='lat' dir='ltr'><strong>usus</strong></span> <span class='ocrx_word' id='word_1_187' title='bbox 2605 1766 2693 1817; x_wconf 91' lang='lat' dir='ltr'><strong>est</strong></span> <span class='ocrx_word' id='word_1_188' title='bbox 2748 1762 2939 1817; x_wconf 88' lang='lat' dir='ltr'><strong>tribus</strong></span> <span class='ocrx_word' id='word_1_189' title='bbox 2979 1763 3374 1821; x_wconf 89' lang='lat' dir='ltr'><strong>histrionibus</strong></span> <span class='ocrx_word' id='word_1_190' title='bbox 3402 1771 3461 1821; x_wconf 90' lang='lat' dir='ltr'><strong>et</strong></span> <span class='ocrx_word' id='word_1_191' title='bbox 3491 1767 3730 1839; x_wconf 87' lang='lat' dir='ltr'><strong>tritago-</strong></span> 
     </span>
    </p>
   </div>
   <div class='ocr_carea' id='block_1_33' title="bbox 333 1835 2955 1924">
    <p class='ocr_par' dir='ltr' id='par_1_33' title="bbox 333 1835 2955 1924">
     <span class='ocr_line' id='line_1_33' title="bbox 333 1835 2955 1924; baseline 0.008 -40"><span class='ocrx_word' id='word_1_192' title='bbox 333 1849 502 1888; x_wconf 80' lang='lat' dir='ltr'><strong>«rum</strong></span> <span class='ocrx_word' id='word_1_193' title='bbox 524 1835 880 1906; x_wconf 88' lang='lat' dir='ltr'><strong>spectaculis</strong></span> <span class='ocrx_word' id='word_1_194' title='bbox 893 1836 1319 1895; x_wconf 87' lang='lat' dir='ltr'><strong>etludislibros</strong></span> <span class='ocrx_word' id='word_1_195' title='bbox 1338 1840 1389 1894; x_wconf 89' lang='lat' dir='ltr'><strong>II</strong></span> <span class='ocrx_word' id='word_1_196' title='bbox 1410 1856 1423 1907; x_wconf 87' lang='lat'>;</span> <span class='ocrx_word' id='word_1_197' title='bbox 1446 1841 1523 1895; x_wconf 91' lang='lat' dir='ltr'><strong>De</strong></span> <span class='ocrx_word' id='word_1_198' title='bbox 1545 1856 1701 1895; x_wconf 88' lang='lat' dir='ltr'><strong>anno</strong></span> <span class='ocrx_word' id='word_1_199' title='bbox 1714 1843 1978 1898; x_wconf 76' lang='lat' dir='ltr'><strong>Romano</strong></span> <span class='ocrx_word' id='word_1_200' title='bbox 2013 1854 2058 1920; x_wconf 76' lang='grc' dir='ltr'><strong>Β</strong></span> <span class='ocrx_word' id='word_1_201' title='bbox 2088 1851 2265 1907; x_wconf 75' lang='lat' dir='ltr'><strong>nista.</strong></span> <span class='ocrx_word' id='word_1_202' title='bbox 2299 1852 2510 1922; x_wconf 85' lang='lat' dir='ltr'><strong>(Supra</strong></span> <span class='ocrx_word' id='word_1_203' title='bbox 2531 1851 2593 1905; x_wconf 88' lang='lat' dir='ltr'><strong>in</strong></span> <span class='ocrx_word' id='word_1_204' title='bbox 2618 1851 2955 1924; x_wconf 81' lang='lat' dir='ltr'><strong>Sephocle.)</strong></span> 
     </span>
    </p>
   </div>
   <div class='ocr_carea' id='block_1_34' title="bbox 332 1921 1978 2005">
    <p class='ocr_par' dir='ltr' id='par_1_34' title="bbox 332 1921 1978 2005">
     <span class='ocr_line' id='line_1_34' title="bbox 332 1921 1978 2005; baseline 0.006 -31"><span class='ocrx_word' id='word_1_205' title='bbox 332 1942 361 1971; x_wconf 85' lang='lat'><strong>«</strong></span> <span class='ocrx_word' id='word_1_206' title='bbox 393 1921 611 1978; x_wconf 90' lang='lat' dir='ltr'><strong>librum</strong></span> <span class='ocrx_word' id='word_1_207' title='bbox 634 1925 657 1977; x_wconf 92' lang='lat' dir='ltr'><strong>I</strong></span> <span class='ocrx_word' id='word_1_208' title='bbox 678 1942 699 1988; x_wconf 87' lang='lat'><strong><em>;</em></strong></span> <span class='ocrx_word' id='word_1_209' title='bbox 724 1924 796 1979; x_wconf 93' lang='lat' dir='ltr'><strong>de</strong></span> <span class='ocrx_word' id='word_1_210' title='bbox 820 1925 997 1995; x_wconf 88' lang='lat' dir='ltr'><strong>notis,</strong></span> <span class='ocrx_word' id='word_1_211' title='bbox 1023 1943 1276 1998; x_wconf 89' lang='lat' dir='ltr'><strong>quarum</strong></span> <span class='ocrx_word' id='word_1_212' title='bbox 1291 1945 1433 1984; x_wconf 90' lang='lat' dir='ltr'><strong>usus</strong></span> <span class='ocrx_word' id='word_1_213' title='bbox 1457 1934 1547 1984; x_wconf 91' lang='lat' dir='ltr'><strong>est</strong></span> <span class='ocrx_word' id='word_1_214' title='bbox 1565 1927 1626 1984; x_wconf 91' lang='lat' dir='ltr'><strong>in</strong></span> <span class='ocrx_word' id='word_1_215' title='bbox 1650 1929 1820 1986; x_wconf 87' lang='lat' dir='ltr'><strong>libris</strong></span> <span class='ocrx_word' id='word_1_216' title='bbox 1848 1928 1978 2005; x_wconf 79' lang='grc' dir='ltr'><strong>Περὶ</strong></span> 
     </span>
    </p>
   </div>
   <div class='ocr_carea' id='block_1_35' title="bbox 334 2007 1979 2088">
    <p class='ocr_par' dir='ltr' id='par_1_35' title="bbox 334 2007 1979 2088">
     <span class='ocr_line' id='line_1_35' title="bbox 334 2007 1979 2088; baseline 0.009 -25"><span class='ocrx_word' id='word_1_217' title='bbox 334 2031 361 2062; x_wconf 75' lang='grc' dir='ltr'>ι</span> <span class='ocrx_word' id='word_1_218' title='bbox 382 2014 488 2064; x_wconf 79' lang='grc' dir='ltr'><strong>τῶν</strong></span> <span class='ocrx_word' id='word_1_219' title='bbox 522 2009 575 2065; x_wconf 82' lang='grc' dir='ltr'>ἐν</span> <span class='ocrx_word' id='word_1_220' title='bbox 590 2015 709 2073; x_wconf 81' lang='grc' dir='ltr'>τοῖς</span> <span class='ocrx_word' id='word_1_221' title='bbox 737 2007 980 2087; x_wconf 70' lang='grc' dir='ltr'><strong>βιϐλίοις</strong></span> <span class='ocrx_word' id='word_1_222' title='bbox 1000 2012 1242 2087; x_wconf 75' lang='grc' dir='ltr'><strong>σημείων</strong></span> <span class='ocrx_word' id='word_1_223' title='bbox 1258 2017 1478 2074; x_wconf 88' lang='lat' dir='ltr'><strong>librum</strong></span> <span class='ocrx_word' id='word_1_224' title='bbox 1500 2020 1523 2073; x_wconf 90' lang='grc' dir='ltr'>Ι</span> <span class='ocrx_word' id='word_1_225' title='bbox 1542 2037 1556 2088; x_wconf 87' lang='lat'><strong>;</strong></span> <span class='ocrx_word' id='word_1_226' title='bbox 1577 2022 1655 2077; x_wconf 90' lang='lat' dir='ltr'><strong>De</strong></span> <span class='ocrx_word' id='word_1_227' title='bbox 1679 2021 1979 2077; x_wconf 84' lang='lat' dir='ltr'><strong>Ciceronis</strong></span> 
     </span>
    </p>
   </div>
   <div class='ocr_carea' id='block_1_36' title="bbox 331 2101 1977 2178">
    <p class='ocr_par' dir='ltr' id='par_1_36' title="bbox 331 2101 1977 2178">
     <span class='ocr_line' id='line_1_36' title="bbox 331 2101 1977 2178; baseline 0.008 -25"><span class='ocrx_word' id='word_1_228' title='bbox 331 2121 361 2150; x_wconf 85' lang='lat'><strong><em>«</em></strong></span> <span class='ocrx_word' id='word_1_229' title='bbox 375 2101 518 2173; x_wconf 84' lang='lat' dir='ltr'><strong>Rep.</strong></span> <span class='ocrx_word' id='word_1_230' title='bbox 543 2101 757 2157; x_wconf 87' lang='lat' dir='ltr'><strong>librum</strong></span> <span class='ocrx_word' id='word_1_231' title='bbox 774 2104 817 2172; x_wconf 90' lang='grc' dir='ltr'><strong>Ι,</strong></span> <span class='ocrx_word' id='word_1_232' title='bbox 832 2102 892 2158; x_wconf 82' lang='lat' dir='ltr'><strong>in</strong></span> <span class='ocrx_word' id='word_1_233' title='bbox 912 2120 1019 2174; x_wconf 85' lang='lat' dir='ltr'><strong>quo</strong></span> <span class='ocrx_word' id='word_1_234' title='bbox 1040 2106 1373 2162; x_wconf 78' lang='lat' dir='ltr'><strong>contradicit</strong></span> <span class='ocrx_word' id='word_1_235' title='bbox 1395 2109 1619 2178; x_wconf 84' lang='lat' dir='ltr'><strong>Dydimo</strong></span> <span class='ocrx_word' id='word_1_236' title='bbox 1642 2127 1664 2173; x_wconf 87' lang='lat'><em>;</em></span> <span class='ocrx_word' id='word_1_237' title='bbox 1686 2111 1764 2165; x_wconf 91' lang='lat' dir='ltr'><strong>De</strong></span> <span class='ocrx_word' id='word_1_238' title='bbox 1786 2110 1977 2166; x_wconf 85' lang='lat' dir='ltr'><strong>nomi-</strong></span> 
     </span>
    </p>
   </div>
   <div class='ocr_carea' id='block_1_37' title="bbox 334 2188 1982 2268">
    <p class='ocr_par' dir='ltr' id='par_1_37' title="bbox 334 2188 1982 2268">
     <span class='ocr_line' id='line_1_37' title="bbox 334 2188 1982 2268; baseline 0.007 -26"><span class='ocrx_word' id='word_1_239' title='bbox 334 2210 357 2241; x_wconf 76' lang='grc' dir='ltr'>ι</span> <span class='ocrx_word' id='word_1_240' title='bbox 383 2188 559 2245; x_wconf 89' lang='lat' dir='ltr'><strong>nibus</strong></span> <span class='ocrx_word' id='word_1_241' title='bbox 582 2191 837 2263; x_wconf 89' lang='lat' dir='ltr'><strong>propriis</strong></span> <span class='ocrx_word' id='word_1_242' title='bbox 860 2198 919 2247; x_wconf 90' lang='lat' dir='ltr'><strong>et</strong></span> <span class='ocrx_word' id='word_1_243' title='bbox 945 2192 1154 2250; x_wconf 84' lang='lat' dir='ltr'><strong>formis</strong></span> <span class='ocrx_word' id='word_1_244' title='bbox 1183 2196 1436 2252; x_wconf 88' lang='lat' dir='ltr'><strong>vestium</strong></span> <span class='ocrx_word' id='word_1_245' title='bbox 1459 2202 1519 2254; x_wconf 89' lang='lat' dir='ltr'><strong>et</strong></span> <span class='ocrx_word' id='word_1_246' title='bbox 1538 2198 1897 2268; x_wconf 88' lang='lat' dir='ltr'><strong>calceorum,</strong></span> <span class='ocrx_word' id='word_1_247' title='bbox 1922 2204 1982 2254; x_wconf 89' lang='lat' dir='ltr'><strong>et</strong></span> 
     </span>
    </p>
   </div>
   <div class='ocr_carea' id='block_1_38' title="bbox 329 2279 1975 2360">
    <p class='ocr_par' dir='ltr' id='par_1_38' title="bbox 329 2279 1975 2360">
     <span class='ocr_line' id='line_1_38' title="bbox 329 2279 1975 2360; baseline 0.005 -27"><span class='ocrx_word' id='word_1_248' title='bbox 329 2300 359 2329; x_wconf 85' lang='grc'><strong>‹‹</strong></span> <span class='ocrx_word' id='word_1_249' title='bbox 386 2279 754 2351; x_wconf 91' lang='lat' dir='ltr'><strong>reliquorum</strong></span> <span class='ocrx_word' id='word_1_250' title='bbox 777 2280 991 2352; x_wconf 89' lang='lat' dir='ltr'><strong>quibus</strong></span> <span class='ocrx_word' id='word_1_251' title='bbox 1015 2282 1149 2355; x_wconf 90' lang='lat' dir='ltr'><strong>quis</strong></span> <span class='ocrx_word' id='word_1_252' title='bbox 1181 2285 1466 2354; x_wconf 88' lang='lat' dir='ltr'><strong>vestitur;</strong></span> <span class='ocrx_word' id='word_1_253' title='bbox 1513 2286 1642 2359; x_wconf 79' lang='grc' dir='ltr'><strong>Περῖ</strong></span> <span class='ocrx_word' id='word_1_254' title='bbox 1674 2282 1975 2360; x_wconf 78' lang='grc' dir='ltr'><strong>δυσφήμων</strong></span> 
     </span>
    </p>
   </div>
   <div class='ocr_carea' id='block_1_39' title="bbox 329 2364 1978 2445">
    <p class='ocr_par' dir='ltr' id='par_1_39' title="bbox 329 2364 1978 2445">
     <span class='ocr_line' id='line_1_39' title="bbox 329 2364 1978 2445; baseline 0.008 -26"><span class='ocrx_word' id='word_1_255' title='bbox 329 2389 358 2419; x_wconf 85' lang='grc'><strong>‹‹</strong></span> <span class='ocrx_word' id='word_1_256' title='bbox 380 2364 576 2438; x_wconf 80' lang='grc' dir='ltr'><strong>λέξεων</strong></span> <span class='ocrx_word' id='word_1_257' title='bbox 602 2371 680 2425; x_wconf 91' lang='lat' dir='ltr'><strong>De</strong></span> <span class='ocrx_word' id='word_1_258' title='bbox 698 2370 888 2425; x_wconf 88' lang='lat' dir='ltr'><strong>verbis</strong></span> <span class='ocrx_word' id='word_1_259' title='bbox 920 2372 1060 2427; x_wconf 90' lang='lat' dir='ltr'><strong>mali</strong></span> <span class='ocrx_word' id='word_1_260' title='bbox 1088 2373 1324 2442; x_wconf 88' lang='lat' dir='ltr'><strong>ominis,</strong></span> <span class='ocrx_word' id='word_1_261' title='bbox 1349 2378 1462 2431; x_wconf 83' lang='lat' dir='ltr'><strong>sive</strong></span> <span class='ocrx_word' id='word_1_262' title='bbox 1482 2377 1558 2432; x_wconf 89' lang='lat' dir='ltr'><strong>De</strong></span> <span class='ocrx_word' id='word_1_263' title='bbox 1578 2378 1900 2445; x_wconf 80' lang='lat' dir='ltr'><strong>maledictis,</strong></span> <span class='ocrx_word' id='word_1_264' title='bbox 1926 2382 1978 2433; x_wconf 85' lang='lat' dir='ltr'><strong>et</strong></span> 
     </span>
    </p>
   </div>
   <div class='ocr_carea' id='block_1_40' title="bbox 329 2457 1980 2536">
    <p class='ocr_par' dir='ltr' id='par_1_40' title="bbox 329 2457 1980 2536">
     <span class='ocr_line' id='line_1_40' title="bbox 329 2457 1980 2536; baseline 0.008 -27"><span class='ocrx_word' id='word_1_265' title='bbox 329 2477 359 2507; x_wconf 88' lang='grc'><strong>‹‹</strong></span> <span class='ocrx_word' id='word_1_266' title='bbox 384 2457 576 2513; x_wconf 82' lang='lat' dir='ltr'><strong>horum</strong></span> <span class='ocrx_word' id='word_1_267' title='bbox 597 2458 870 2530; x_wconf 80' lang='lat' dir='ltr'><strong>quodque.</strong></span> <span class='ocrx_word' id='word_1_268' title='bbox 893 2460 971 2515; x_wconf 90' lang='lat' dir='ltr'><strong>De</strong></span> <span class='ocrx_word' id='word_1_269' title='bbox 994 2462 1179 2517; x_wconf 85' lang='lat' dir='ltr'><strong>Roma</strong></span> <span class='ocrx_word' id='word_1_270' title='bbox 1200 2463 1448 2536; x_wconf 80' lang='lat' dir='ltr'><strong>ejusque</strong></span> <span class='ocrx_word' id='word_1_271' title='bbox 1467 2465 1759 2521; x_wconf 87' lang='lat' dir='ltr'><strong>institutis</strong></span> <span class='ocrx_word' id='word_1_272' title='bbox 1782 2471 1841 2522; x_wconf 90' lang='lat' dir='ltr'><strong>et</strong></span> <span class='ocrx_word' id='word_1_273' title='bbox 1856 2483 1980 2521; x_wconf 86' lang='lat' dir='ltr'><strong>mo-</strong></span> 
     </span>
    </p>
   </div>
   <div class='ocr_carea' id='block_1_41' title="bbox 329 2547 1983 2628">
    <p class='ocr_par' dir='ltr' id='par_1_41' title="bbox 329 2547 1983 2628">
     <span class='ocr_line' id='line_1_41' title="bbox 329 2547 1983 2628; baseline 0.01 -31"><span class='ocrx_word' id='word_1_274' title='bbox 329 2568 357 2597; x_wconf 89' lang='grc'><strong>‹‹</strong></span> <span class='ocrx_word' id='word_1_275' title='bbox 374 2547 538 2602; x_wconf 86' lang='lat' dir='ltr'><strong>ribus</strong></span> <span class='ocrx_word' id='word_1_276' title='bbox 561 2549 742 2603; x_wconf 88' lang='lat' dir='ltr'><strong>libros</strong></span> <span class='ocrx_word' id='word_1_277' title='bbox 761 2550 843 2616; x_wconf 87' lang='lat' dir='ltr'><strong>II;</strong></span> <span class='ocrx_word' id='word_1_278' title='bbox 871 2551 1193 2625; x_wconf 71' lang='grc' dir='ltr'>ΣυΠενικόν</span> <span class='ocrx_word' id='word_1_279' title='bbox 1211 2551 1518 2628; x_wconf 80' lang='grc' dir='ltr'><strong>Καισάρων,</strong></span> <span class='ocrx_word' id='word_1_280' title='bbox 1534 2556 1843 2612; x_wconf 85' lang='lat' dir='ltr'><strong>Familiam</strong></span> <span class='ocrx_word' id='word_1_281' title='bbox 1863 2560 1983 2614; x_wconf 73' lang='grc' dir='ltr'><strong>οω-</strong></span> 
     </span>
    </p>
   </div>
   <div class='ocr_carea' id='block_1_42' title="bbox 331 2638 1977 2711">
    <p class='ocr_par' dir='ltr' id='par_1_42' title="bbox 331 2638 1977 2711">
     <span class='ocr_line' id='line_1_42' title="bbox 331 2638 1977 2711; baseline 0.007 -20"><span class='ocrx_word' id='word_1_282' title='bbox 331 2657 361 2687; x_wconf 90' lang='grc'><strong>‹‹</strong></span> <span class='ocrx_word' id='word_1_283' title='bbox 386 2652 606 2701; x_wconf 87' lang='lat' dir='ltr'><strong>sarum,</strong></span> <span class='ocrx_word' id='word_1_284' title='bbox 638 2662 657 2685; x_wconf 78' lang='grc' dir='ltr'>ιι</span> <span class='ocrx_word' id='word_1_285' title='bbox 686 2638 843 2708; x_wconf 87' lang='lat' dir='ltr'><strong>quod</strong></span> <span class='ocrx_word' id='word_1_286' title='bbox 865 2657 1014 2711; x_wconf 90' lang='lat' dir='ltr'><strong>opus</strong></span> <span class='ocrx_word' id='word_1_287' title='bbox 1035 2642 1304 2697; x_wconf 88' lang='lat' dir='ltr'><strong>continet</strong></span> <span class='ocrx_word' id='word_1_288' title='bbox 1329 2659 1533 2699; x_wconf 92' lang='lat' dir='ltr'><strong>eorum</strong></span> <span class='ocrx_word' id='word_1_289' title='bbox 1566 2646 1726 2701; x_wconf 82' lang='lat' dir='ltr'><strong>Vitas</strong></span> <span class='ocrx_word' id='word_1_290' title='bbox 1753 2651 1811 2701; x_wconf 93' lang='lat' dir='ltr'><strong>et</strong></span> <span class='ocrx_word' id='word_1_291' title='bbox 1836 2663 1977 2703; x_wconf 89' lang='lat' dir='ltr'><strong>suc-</strong></span> 
     </span>
    </p>
   </div>
   <div class='ocr_carea' id='block_1_43' title="bbox 327 2726 1980 2803">
    <p class='ocr_par' dir='ltr' id='par_1_43' title="bbox 327 2726 1980 2803">
     <span class='ocr_line' id='line_1_43' title="bbox 327 2726 1980 2803; baseline 0.005 -21"><span class='ocrx_word' id='word_1_292' title='bbox 327 2726 626 2782; x_wconf 87' lang='lat' dir='ltr'><strong>cessiones</strong></span> <span class='ocrx_word' id='word_1_293' title='bbox 648 2728 848 2783; x_wconf 83' lang='lat' dir='ltr'><strong>aJulio</strong></span> <span class='ocrx_word' id='word_1_294' title='bbox 868 2745 1059 2801; x_wconf 90' lang='lat' dir='ltr'><strong>usque</strong></span> <span class='ocrx_word' id='word_1_295' title='bbox 1080 2732 1148 2785; x_wconf 72' lang='lat' dir='ltr'><strong>ad</strong></span> <span class='ocrx_word' id='word_1_296' title='bbox 1171 2731 1574 2788; x_wconf 84' lang='lat' dir='ltr'><strong>Domitianum</strong></span> <span class='ocrx_word' id='word_1_297' title='bbox 1600 2753 1630 2786; x_wconf 75' lang='grc' dir='ltr'><strong><em>α</em></strong></span> <span class='ocrx_word' id='word_1_298' title='bbox 1646 2734 1814 2791; x_wconf 90' lang='lat' dir='ltr'><strong>libris</strong></span> <span class='ocrx_word' id='word_1_299' title='bbox 1834 2736 1980 2803; x_wconf 87' lang='lat' dir='ltr'><strong>VIII;</strong></span> 
     </span>
    </p>
   </div>
   <div class='ocr_carea' id='block_1_44' title="bbox 333 2815 1815 2878">
    <p class='ocr_par' dir='ltr' id='par_1_44' title="bbox 333 2815 1815 2878">
     <span class='ocr_line' id='line_1_44' title="bbox 333 2815 1815 2878; baseline 0.003 -9"><span class='ocrx_word' id='word_1_300' title='bbox 333 2836 355 2863; x_wconf 75' lang='grc' dir='ltr'>ι</span> <span class='ocrx_word' id='word_1_301' title='bbox 391 2815 651 2871; x_wconf 90' lang='lat' dir='ltr'><strong>Stemma</strong></span> <span class='ocrx_word' id='word_1_302' title='bbox 680 2815 1005 2873; x_wconf 88' lang='lat' dir='ltr'><strong>illustrium</strong></span> <span class='ocrx_word' id='word_1_303' title='bbox 1038 2819 1298 2875; x_wconf 90' lang='lat' dir='ltr'><strong>virorum</strong></span> <span class='ocrx_word' id='word_1_304' title='bbox 1330 2822 1751 2878; x_wconf 82' lang='lat' dir='ltr'><strong>Romanorum.</strong></span> <span class='ocrx_word' id='word_1_305' title='bbox 1787 2846 1815 2875; x_wconf 83' lang='grc'><strong>››</strong></span> 
     </span>
    </p>
   </div>
   <div class='ocr_carea' id='block_1_45' title="bbox 396 2921 1979 3004">
    <p class='ocr_par' dir='ltr' id='par_1_45' title="bbox 396 2921 1979 3004">
     <span class='ocr_line' id='line_1_45' title="bbox 396 2921 1979 3004; baseline 0.008 -29"><span class='ocrx_word' id='word_1_306' title='bbox 396 2922 533 2995; x_wconf 76' lang='grc' dir='ltr'><strong>Τρία</strong></span> <span class='ocrx_word' id='word_1_307' title='bbox 566 2921 938 2999; x_wconf 79' lang='grc' dir='ltr'><strong>Στησιχόρου,</strong></span> <span class='ocrx_word' id='word_1_308' title='bbox 974 2928 1085 2982; x_wconf 81' lang='lat' dir='ltr'><strong>tria</strong></span> <span class='ocrx_word' id='word_1_309' title='bbox 1113 2928 1430 2996; x_wconf 82' lang='lat' dir='ltr'><strong>Stesichori,</strong></span> <span class='ocrx_word' id='word_1_310' title='bbox 1458 2929 1518 2985; x_wconf 91' lang='lat' dir='ltr'><strong>id</strong></span> <span class='ocrx_word' id='word_1_311' title='bbox 1542 2935 1632 2986; x_wconf 90' lang='lat' dir='ltr'><strong>est</strong></span> <span class='ocrx_word' id='word_1_312' title='bbox 1661 2930 1979 3004; x_wconf 86' lang='lat' dir='ltr'><strong>Stropben,</strong></span> 
     </span>
    </p>
   </div>
   <div class='ocr_carea' id='block_1_46' title="bbox 330 3013 1980 3094">
    <p class='ocr_par' dir='ltr' id='par_1_46' title="bbox 330 3013 1980 3094">
     <span class='ocr_line' id='line_1_46' title="bbox 330 3013 1980 3094; baseline 0.007 -28"><span class='ocrx_word' id='word_1_313' title='bbox 330 3013 780 3085; x_wconf 84' lang='lat' dir='ltr'><strong>Antistrophen,</strong></span> <span class='ocrx_word' id='word_1_314' title='bbox 799 3014 1061 3087; x_wconf 90' lang='lat' dir='ltr'><strong>Epodon.</strong></span> <span class='ocrx_word' id='word_1_315' title='bbox 1091 3016 1237 3073; x_wconf 89' lang='lat' dir='ltr'><strong>Tota</strong></span> <span class='ocrx_word' id='word_1_316' title='bbox 1258 3019 1419 3074; x_wconf 88' lang='lat' dir='ltr'><strong>enim</strong></span> <span class='ocrx_word' id='word_1_317' title='bbox 1466 3020 1818 3077; x_wconf 89' lang='lat' dir='ltr'><strong>Stesichoris</strong></span> <span class='ocrx_word' id='word_1_318' title='bbox 1840 3039 1980 3094; x_wconf 83' lang='lat' dir='ltr'><strong>poe-</strong></span> 
     </span>
    </p>
   </div>
   <div class='ocr_carea' id='block_1_47' title="bbox 332 3102 1982 3183">
    <p class='ocr_par' dir='ltr' id='par_1_47' title="bbox 332 3102 1982 3183">
     <span class='ocr_line' id='line_1_47' title="bbox 332 3102 1982 3183; baseline 0.007 -26"><span class='ocrx_word' id='word_1_319' title='bbox 332 3102 413 3158; x_wconf 87' lang='lat' dir='ltr'><strong>sis</strong></span> <span class='ocrx_word' id='word_1_320' title='bbox 444 3108 534 3158; x_wconf 87' lang='lat' dir='ltr'><strong>est</strong></span> <span class='ocrx_word' id='word_1_321' title='bbox 567 3103 814 3175; x_wconf 82' lang='lat' dir='ltr'><strong>epodica</strong></span> <span class='ocrx_word' id='word_1_322' title='bbox 866 3106 935 3160; x_wconf 88' lang='lat' dir='ltr'><strong>Et</strong></span> <span class='ocrx_word' id='word_1_323' title='bbox 972 3106 1280 3163; x_wconf 89' lang='lat' dir='ltr'><strong>hominem</strong></span> <span class='ocrx_word' id='word_1_324' title='bbox 1336 3126 1580 3182; x_wconf 88' lang='lat' dir='ltr'><strong>prorsus</strong></span> <span class='ocrx_word' id='word_1_325' title='bbox 1638 3110 1982 3183; x_wconf 90' lang='lat' dir='ltr'><strong>imperitum</strong></span> 
     </span>
    </p>
   </div>
   <div class='ocr_carea' id='block_1_48' title="bbox 2161 1940 3739 2017">
    <p class='ocr_par' dir='ltr' id='par_1_48' title="bbox 2161 1940 3739 2017">
     <span class='ocr_line' id='line_1_48' title="bbox 2161 1940 3739 2017; baseline 0.002 -22"><span class='ocrx_word' id='word_1_326' title='bbox 2161 1940 2423 2005; x_wconf 88' lang='lat' dir='ltr'><strong>Troilus,</strong></span> <span class='ocrx_word' id='word_1_327' title='bbox 2485 1940 2771 2012; x_wconf 80' lang='lat' dir='ltr'><strong>sophista,</strong></span> <span class='ocrx_word' id='word_1_328' title='bbox 2818 1940 2919 2013; x_wconf 89' lang='lat' dir='ltr'><strong>qui</strong></span> <span class='ocrx_word' id='word_1_329' title='bbox 2981 1941 3152 1996; x_wconf 90' lang='lat' dir='ltr'><strong>CPoIi</strong></span> <span class='ocrx_word' id='word_1_330' title='bbox 3213 1941 3431 1999; x_wconf 90' lang='lat' dir='ltr'><strong>docuit.</strong></span> <span class='ocrx_word' id='word_1_331' title='bbox 3493 1943 3739 2017; x_wconf 87' lang='lat' dir='ltr'><strong>Scripsit</strong></span> 
     </span>
    </p>
   </div>
   <div class='ocr_carea' id='block_1_49' title="bbox 2090 2029 3596 2102">
    <p class='ocr_par' dir='ltr' id='par_1_49' title="bbox 2090 2029 3596 2102">
     <span class='ocr_line' id='line_1_49' title="bbox 2090 2029 3596 2102; baseline 0 -21"><span class='ocrx_word' id='word_1_332' title='bbox 2090 2051 2119 2081; x_wconf 77' lang='grc' dir='ltr'><strong><em>α</em></strong></span> <span class='ocrx_word' id='word_1_333' title='bbox 2154 2030 2463 2086; x_wconf 87' lang='lat' dir='ltr'><strong>Orationes</strong></span> <span class='ocrx_word' id='word_1_334' title='bbox 2492 2029 2696 2084; x_wconf 86' lang='lat' dir='ltr'><strong>civiles</strong></span> <span class='ocrx_word' id='word_1_335' title='bbox 2723 2054 2736 2097; x_wconf 85' lang='lat'><strong>;</strong></span> <span class='ocrx_word' id='word_1_336' title='bbox 2768 2030 3167 2102; x_wconf 87' lang='lat' dir='ltr'><strong>Epistolarum</strong></span> <span class='ocrx_word' id='word_1_337' title='bbox 3199 2030 3382 2087; x_wconf 89' lang='lat' dir='ltr'><strong>libros</strong></span> <span class='ocrx_word' id='word_1_338' title='bbox 3420 2032 3532 2088; x_wconf 91' lang='lat' dir='ltr'><strong>VII.</strong></span> <span class='ocrx_word' id='word_1_339' title='bbox 3567 2055 3596 2083; x_wconf 91' lang='grc'><strong>››</strong></span> 
     </span>
    </p>
   </div>
   <div class='ocr_carea' id='block_1_50' title="bbox 2159 2117 3743 2192">
    <p class='ocr_par' dir='ltr' id='par_1_50' title="bbox 2159 2117 3743 2192">
     <span class='ocr_line' id='line_1_50' title="bbox 2159 2117 3743 2192; baseline 0.001 -18"><span class='ocrx_word' id='word_1_340' title='bbox 2159 2117 2471 2192; x_wconf 82' lang='grc' dir='ltr'><strong>Τρόμητος.</strong></span> <span class='ocrx_word' id='word_1_341' title='bbox 2535 2119 2961 2191; x_wconf 88' lang='lat' dir='ltr'><strong>Demostpenes</strong></span> <span class='ocrx_word' id='word_1_342' title='bbox 3030 2120 3364 2176; x_wconf 66' lang='lat' dir='ltr'><strong>Eschinem</strong></span> <span class='ocrx_word' id='word_1_343' title='bbox 3422 2120 3581 2176; x_wconf 89' lang='lat' dir='ltr'><strong>inter</strong></span> <span class='ocrx_word' id='word_1_344' title='bbox 3623 2121 3743 2177; x_wconf 89' lang='lat' dir='ltr'><strong>alia</strong></span> 
     </span>
    </p>
   </div>
   <div class='ocr_carea' id='block_1_51' title="bbox 2089 2209 3742 2287">
    <p class='ocr_par' dir='ltr' id='par_1_51' title="bbox 2089 2209 3742 2287">
     <span class='ocr_line' id='line_1_51' title="bbox 2089 2209 3742 2287; baseline 0.001 -22"><span class='ocrx_word' id='word_1_345' title='bbox 2089 2209 2339 2265; x_wconf 89' lang='lat' dir='ltr'><strong>dicteria</strong></span> <span class='ocrx_word' id='word_1_346' title='bbox 2396 2214 2562 2264; x_wconf 90' lang='lat' dir='ltr'><strong>vocat</strong></span> <span class='ocrx_word' id='word_1_347' title='bbox 2610 2209 2788 2264; x_wconf 91' lang='lat' dir='ltr'><strong>etiam</strong></span> <span class='ocrx_word' id='word_1_348' title='bbox 2863 2210 3383 2287; x_wconf 68' lang='grc' dir='ltr'><strong>γραμματοκύφωνα</strong></span> <span class='ocrx_word' id='word_1_349' title='bbox 3435 2216 3492 2266; x_wconf 90' lang='lat' dir='ltr'><strong>et</strong></span> <span class='ocrx_word' id='word_1_350' title='bbox 3550 2211 3742 2267; x_wconf 80' lang='lat' dir='ltr'><strong>tilium</strong></span> 
     </span>
    </p>
   </div>
   <div class='ocr_carea' id='block_1_52' title="bbox 2090 2298 3740 2373">
    <p class='ocr_par' dir='ltr' id='par_1_52' title="bbox 2090 2298 3740 2373">
     <span class='ocr_line' id='line_1_52' title="bbox 2090 2298 3740 2373; baseline 0.002 -19"><span class='ocrx_word' id='word_1_351' title='bbox 2090 2299 2399 2371; x_wconf 87' lang='lat' dir='ltr'><strong>cujusdem</strong></span> <span class='ocrx_word' id='word_1_352' title='bbox 2463 2300 2747 2366; x_wconf 80' lang='lat' dir='ltr'><strong>Trometis,</strong></span> <span class='ocrx_word' id='word_1_353' title='bbox 2808 2298 3175 2369; x_wconf 88' lang='lat' dir='ltr'><strong>litteratoris,</strong></span> <span class='ocrx_word' id='word_1_354' title='bbox 3235 2299 3354 2354; x_wconf 88' lang='lat' dir='ltr'><strong>sive</strong></span> <span class='ocrx_word' id='word_1_355' title='bbox 3410 2300 3740 2373; x_wconf 88' lang='lat' dir='ltr'><strong>primorum</strong></span> 
     </span>
    </p>
   </div>
   <div class='ocr_carea' id='block_1_53' title="bbox 2090 2387 2848 2445">
    <p class='ocr_par' dir='ltr' id='par_1_53' title="bbox 2090 2387 2848 2445">
     <span class='ocr_line' id='line_1_53' title="bbox 2090 2387 2848 2445; baseline 0.001 -2"><span class='ocrx_word' id='word_1_356' title='bbox 2090 2387 2524 2445; x_wconf 88' lang='lat' dir='ltr'><strong>elementorum</strong></span> <span class='ocrx_word' id='word_1_357' title='bbox 2566 2389 2848 2445; x_wconf 90' lang='lat' dir='ltr'><strong>doctoris.</strong></span> 
     </span>
    </p>
   </div>
   <div class='ocr_carea' id='block_1_54' title="bbox 2156 2477 3741 2553">
    <p class='ocr_par' dir='ltr' id='par_1_54' title="bbox 2156 2477 3741 2553">
     <span class='ocr_line' id='line_1_54' title="bbox 2156 2477 3741 2553; baseline 0.004 -23"><span class='ocrx_word' id='word_1_358' title='bbox 2156 2477 2420 2549; x_wconf 78' lang='grc' dir='ltr'><strong>Τρόπαμα.</strong></span> <span class='ocrx_word' id='word_1_359' title='bbox 2456 2478 2697 2549; x_wconf 87' lang='lat' dir='ltr'><strong>Antiqui</strong></span> <span class='ocrx_word' id='word_1_360' title='bbox 2726 2478 2902 2533; x_wconf 84' lang='lat' dir='ltr'><strong>Attici</strong></span> <span class='ocrx_word' id='word_1_361' title='bbox 2935 2478 3412 2535; x_wconf 79' lang='lat' dir='ltr'><strong>circumflectunt</strong></span> <span class='ocrx_word' id='word_1_362' title='bbox 3440 2479 3502 2535; x_wconf 88' lang='lat' dir='ltr'><strong>in</strong></span> <span class='ocrx_word' id='word_1_363' title='bbox 3534 2480 3741 2553; x_wconf 82' lang='lat' dir='ltr'><strong>penul-</strong></span> 
     </span>
    </p>
   </div>
   <div class='ocr_carea' id='block_1_55' title="bbox 2090 2567 3738 2641">
    <p class='ocr_par' dir='ltr' id='par_1_55' title="bbox 2090 2567 3738 2641">
     <span class='ocr_line' id='line_1_55' title="bbox 2090 2567 3738 2641; baseline 0.002 -19"><span class='ocrx_word' id='word_1_364' title='bbox 2090 2568 2254 2636; x_wconf 88' lang='lat' dir='ltr'><strong>tima,</strong></span> <span class='ocrx_word' id='word_1_365' title='bbox 2282 2570 2570 2636; x_wconf 69' lang='grc' dir='ltr'>τροπαῖον,</span> <span class='ocrx_word' id='word_1_366' title='bbox 2604 2568 2968 2623; x_wconf 88' lang='lat' dir='ltr'><strong>recentiores</strong></span> <span class='ocrx_word' id='word_1_367' title='bbox 3007 2567 3070 2623; x_wconf 90' lang='lat' dir='ltr'><strong>in</strong></span> <span class='ocrx_word' id='word_1_368' title='bbox 3120 2569 3592 2641; x_wconf 90' lang='lat' dir='ltr'><strong>antepenultima</strong></span> <span class='ocrx_word' id='word_1_369' title='bbox 3644 2585 3738 2625; x_wconf 89' lang='lat' dir='ltr'><strong>ac-</strong></span> 
     </span>
    </p>
   </div>
   <div class='ocr_carea' id='block_1_56' title="bbox 2090 2654 3742 2731">
    <p class='ocr_par' dir='ltr' id='par_1_56' title="bbox 2090 2654 3742 2731">
     <span class='ocr_line' id='line_1_56' title="bbox 2090 2654 3742 2731; baseline 0 -17"><span class='ocrx_word' id='word_1_370' title='bbox 2090 2662 2296 2727; x_wconf 90' lang='lat' dir='ltr'><strong>cuunt,</strong></span> <span class='ocrx_word' id='word_1_371' title='bbox 2328 2654 2612 2729; x_wconf 75' lang='grc' dir='ltr'>τρόπαιον.</span> <span class='ocrx_word' id='word_1_372' title='bbox 2645 2658 2904 2729; x_wconf 86' lang='lat' dir='ltr'><strong>Antiqua</strong></span> <span class='ocrx_word' id='word_1_373' title='bbox 2959 2673 3094 2712; x_wconf 87' lang='lat' dir='ltr'><strong>vero</strong></span> <span class='ocrx_word' id='word_1_374' title='bbox 3147 2658 3352 2731; x_wconf 80' lang='lat' dir='ltr'><strong>lingua</strong></span> <span class='ocrx_word' id='word_1_375' title='bbox 3408 2658 3601 2714; x_wconf 87' lang='lat' dir='ltr'><strong>Attica</strong></span> <span class='ocrx_word' id='word_1_376' title='bbox 3651 2663 3742 2714; x_wconf 87' lang='lat' dir='ltr'><strong>est</strong></span> 
     </span>
    </p>
   </div>
   <div class='ocr_carea' id='block_1_57' title="bbox 2090 2745 3739 2818">
    <p class='ocr_par' dir='ltr' id='par_1_57' title="bbox 2090 2745 3739 2818">
     <span class='ocr_line' id='line_1_57' title="bbox 2090 2745 3739 2818; baseline 0.001 -18"><span class='ocrx_word' id='word_1_377' title='bbox 2090 2746 2215 2812; x_wconf 91' lang='lat' dir='ltr'><strong>illa,</strong></span> <span class='ocrx_word' id='word_1_378' title='bbox 2235 2746 2405 2818; x_wconf 88' lang='lat' dir='ltr'><strong>cujus</strong></span> <span class='ocrx_word' id='word_1_379' title='bbox 2426 2746 2727 2818; x_wconf 87' lang='lat' dir='ltr'><strong>principes</strong></span> <span class='ocrx_word' id='word_1_380' title='bbox 2757 2746 2922 2802; x_wconf 85' lang='lat' dir='ltr'><strong>fuere</strong></span> <span class='ocrx_word' id='word_1_381' title='bbox 2952 2745 3218 2818; x_wconf 90' lang='lat' dir='ltr'><strong>Eupolis,</strong></span> <span class='ocrx_word' id='word_1_382' title='bbox 3248 2748 3544 2812; x_wconf 89' lang='lat' dir='ltr'><strong>Cratinus,</strong></span> <span class='ocrx_word' id='word_1_383' title='bbox 3578 2748 3739 2803; x_wconf 83' lang='lat' dir='ltr'><strong>Aris-</strong></span> 
     </span>
    </p>
   </div>
   <div class='ocr_carea' id='block_1_58' title="bbox 2091 2834 3747 2907">
    <p class='ocr_par' dir='ltr' id='par_1_58' title="bbox 2091 2834 3747 2907">
     <span class='ocr_line' id='line_1_58' title="bbox 2091 2834 3747 2907; baseline 0.001 -18"><span class='ocrx_word' id='word_1_384' title='bbox 2091 2835 2403 2907; x_wconf 88' lang='lat' dir='ltr'><strong>tophanes,</strong></span> <span class='ocrx_word' id='word_1_385' title='bbox 2426 2834 2829 2906; x_wconf 86' lang='lat' dir='ltr'><strong>Thucydides;</strong></span> <span class='ocrx_word' id='word_1_386' title='bbox 2853 2836 3009 2891; x_wconf 84' lang='lat' dir='ltr'><strong>Nova</strong></span> <span class='ocrx_word' id='word_1_387' title='bbox 3036 2852 3194 2904; x_wconf 87' lang='lat' dir='ltr'><strong>vero,</strong></span> <span class='ocrx_word' id='word_1_388' title='bbox 3227 2834 3398 2907; x_wconf 88' lang='lat' dir='ltr'><strong>cujus</strong></span> <span class='ocrx_word' id='word_1_389' title='bbox 3428 2835 3747 2893; x_wconf 81' lang='lat' dir='ltr'><strong>Menander</strong></span> 
     </span>
    </p>
   </div>
   <div class='ocr_carea' id='block_1_59' title="bbox 2094 2922 2308 2980">
    <p class='ocr_par' dir='ltr' id='par_1_59' title="bbox 2094 2922 2308 2980">
     <span class='ocr_line' id='line_1_59' title="bbox 2094 2922 2308 2980; baseline -0.014 0"><span class='ocrx_word' id='word_1_390' title='bbox 2094 2928 2157 2980; x_wconf 90' lang='lat' dir='ltr'><strong>et</strong></span> <span class='ocrx_word' id='word_1_391' title='bbox 2185 2922 2308 2979; x_wconf 86' lang='lat' dir='ltr'><strong>alii.</strong></span> 
     </span>
    </p>
   </div>
   <div class='ocr_carea' id='block_1_60' title="bbox 2162 3010 3748 3090">
    <p class='ocr_par' dir='ltr' id='par_1_60' title="bbox 2162 3010 3748 3090">
     <span class='ocr_line' id='line_1_60' title="bbox 2162 3010 3748 3090; baseline 0.004 -26"><span class='ocrx_word' id='word_1_392' title='bbox 2162 3011 2498 3089; x_wconf 78' lang='grc' dir='ltr'><strong>Τροφώνιος.</strong></span> <span class='ocrx_word' id='word_1_393' title='bbox 2578 3010 2678 3066; x_wconf 83' lang='grc' dir='ltr'><strong>Καὶ</strong></span> <span class='ocrx_word' id='word_1_394' title='bbox 2754 3011 3075 3088; x_wconf 76' lang='grc' dir='ltr'><strong>Τροφωνίου</strong></span> <span class='ocrx_word' id='word_1_395' title='bbox 3157 3012 3295 3067; x_wconf 76' lang='grc' dir='ltr'><strong>κατὰ</strong></span> <span class='ocrx_word' id='word_1_396' title='bbox 3342 3019 3444 3082; x_wconf 82' lang='grc' dir='ltr'><strong>τῆς</strong></span> <span class='ocrx_word' id='word_1_397' title='bbox 3498 3011 3748 3090; x_wconf 73' lang='grc' dir='ltr'><strong>παίγνια.</strong></span> 
     </span>
    </p>
   </div>
   <div class='ocr_carea' id='block_1_61' title="bbox 2097 3101 3755 3174">
    <p class='ocr_par' dir='ltr' id='par_1_61' title="bbox 2097 3101 3755 3174">
     <span class='ocr_line' id='line_1_61' title="bbox 2097 3101 3755 3174; baseline 0.001 -17"><span class='ocrx_word' id='word_1_398' title='bbox 2097 3101 2457 3165; x_wconf 73' lang='lat' dir='ltr'><strong>Lebadiaetin</strong></span> <span class='ocrx_word' id='word_1_399' title='bbox 2488 3101 2852 3174; x_wconf 84' lang='lat' dir='ltr'><strong>Macedonia)</strong></span> <span class='ocrx_word' id='word_1_400' title='bbox 2895 3102 3010 3157; x_wconf 89' lang='lat' dir='ltr'><strong>fuit</strong></span> <span class='ocrx_word' id='word_1_401' title='bbox 3034 3102 3362 3170; x_wconf 88' lang='lat' dir='ltr'><strong>oraculum,</strong></span> <span class='ocrx_word' id='word_1_402' title='bbox 3396 3103 3555 3174; x_wconf 88' lang='lat' dir='ltr'><strong>quod</strong></span> <span class='ocrx_word' id='word_1_403' title='bbox 3585 3119 3619 3159; x_wconf 90' lang='lat' dir='ltr'><strong>a</strong></span> <span class='ocrx_word' id='word_1_404' title='bbox 3650 3104 3755 3159; x_wconf 86' lang='lat' dir='ltr'><strong>de-</strong></span> 
     </span>
    </p>
   </div>
   <div class='ocr_carea' id='block_1_62' title="bbox 323 3185 3743 3289">
    <p class='ocr_par' dir='ltr' id='par_1_62' title="bbox 323 3185 3743 3289">
     <span class='ocr_line' id='line_1_62' title="bbox 323 3185 3743 3289; baseline 0.005 -41"><span class='ocrx_word' id='word_1_405' title='bbox 323 3192 724 3265; x_wconf 86' lang='lat' dir='ltr'><strong>perstringere</strong></span> <span class='ocrx_word' id='word_1_406' title='bbox 747 3194 1010 3250; x_wconf 88' lang='lat' dir='ltr'><strong>volentes</strong></span> <span class='ocrx_word' id='word_1_407' title='bbox 1038 3211 1171 3251; x_wconf 91' lang='lat' dir='ltr'><strong>eum</strong></span> <span class='ocrx_word' id='word_1_408' title='bbox 1196 3213 1270 3252; x_wconf 91' lang='lat' dir='ltr'><strong>ne</strong></span> <span class='ocrx_word' id='word_1_409' title='bbox 1296 3200 1406 3253; x_wconf 83' lang='lat' dir='ltr'><strong>tria</strong></span> <span class='ocrx_word' id='word_1_410' title='bbox 1425 3198 1663 3270; x_wconf 91' lang='lat' dir='ltr'><strong>quidem</strong></span> <span class='ocrx_word' id='word_1_411' title='bbox 1686 3201 1987 3258; x_wconf 80' lang='lat' dir='ltr'><strong>Stesichori</strong></span> <span class='ocrx_word' id='word_1_412' title='bbox 2016 3222 2058 3289; x_wconf 77' lang='lat' dir='ltr'><strong>C</strong></span> <span class='ocrx_word' id='word_1_413' title='bbox 2096 3206 2311 3247; x_wconf 70' lang='lat'><strong>50611811</strong></span> <span class='ocrx_word' id='word_1_414' title='bbox 2345 3189 2565 3245; x_wconf 65' lang='lat' dir='ltr'><strong>dicmm</strong></span> <span class='ocrx_word' id='word_1_415' title='bbox 2623 3185 2972 3245; x_wconf 68' lang='grc' dir='ltr'><strong>καταδάσιονο</strong></span> <span class='ocrx_word' id='word_1_416' title='bbox 3020 3192 3202 3245; x_wconf 61' lang='grc' dir='ltr'><strong>Εΐᾶηί</strong></span> <span class='ocrx_word' id='word_1_417' title='bbox 3230 3207 3364 3289; x_wconf 38' lang='lat' dir='ltr'><strong>Velio</strong></span> <span class='ocrx_word' id='word_1_418' title='bbox 3409 3190 3492 3289; x_wconf 43' lang='lat' dir='ltr'><strong>ibi</strong></span> <span class='ocrx_word' id='word_1_419' title='bbox 3542 3191 3743 3289; x_wconf 59' lang='grc' dir='ltr'><strong>Ῡᾶιξοίῗε</strong></span> 
     </span>
    </p>
   </div>
   <div class='ocr_carea' id='block_1_63' title="bbox 330 3281 835 3338">
    <p class='ocr_par' dir='ltr' id='par_1_63' title="bbox 330 3281 835 3338">
     <span class='ocr_line' id='line_1_63' title="bbox 330 3281 835 3338; baseline 0.004 -2"><span class='ocrx_word' id='word_1_420' title='bbox 330 3297 507 3336; x_wconf 87' lang='lat' dir='ltr'><strong>nosse</strong></span> <span class='ocrx_word' id='word_1_421' title='bbox 539 3281 835 3338; x_wconf 88' lang='lat' dir='ltr'><strong>dicebant.</strong></span> 
     </span>
    </p>
   </div>
   <div class='ocr_carea' id='block_1_64' title="bbox 394 3360 1975 3443">
    <p class='ocr_par' dir='ltr' id='par_1_64' title="bbox 394 3360 1975 3443">
     <span class='ocr_line' id='line_1_64' title="bbox 394 3360 1975 3443; baseline 0.007 -28"><span class='ocrx_word' id='word_1_422' title='bbox 394 3360 809 3432; x_wconf 87' lang='lat' dir='ltr'><strong>Tribonanius,</strong></span> <span class='ocrx_word' id='word_1_423' title='bbox 870 3365 1277 3421; x_wconf 84' lang='lat' dir='ltr'><strong>Macedoniani</strong></span> <span class='ocrx_word' id='word_1_424' title='bbox 1310 3368 1369 3424; x_wconf 89' lang='lat' dir='ltr'><strong>F.</strong></span> <span class='ocrx_word' id='word_1_425' title='bbox 1403 3384 1472 3423; x_wconf 83' lang='lat' dir='ltr'><strong>ex</strong></span> <span class='ocrx_word' id='word_1_426' title='bbox 1503 3370 1768 3425; x_wconf 90' lang='lat' dir='ltr'><strong>causidis</strong></span> <span class='ocrx_word' id='word_1_427' title='bbox 1821 3388 1975 3443; x_wconf 62' lang='lat' dir='ltr'><strong>pray-</strong></span> 
     </span>
    </p>
   </div>
   <div class='ocr_carea' id='block_1_65' title="bbox 331 3448 1978 3529">
    <p class='ocr_par' dir='ltr' id='par_1_65' title="bbox 331 3448 1978 3529">
     <span class='ocr_line' id='line_1_65' title="bbox 331 3448 1978 3529; baseline 0.007 -25"><span class='ocrx_word' id='word_1_428' title='bbox 331 3448 622 3505; x_wconf 84' lang='lat' dir='ltr'><strong>fectorum</strong></span> <span class='ocrx_word' id='word_1_429' title='bbox 642 3453 938 3523; x_wconf 82' lang='lat' dir='ltr'><strong>praetorio,</strong></span> <span class='ocrx_word' id='word_1_430' title='bbox 961 3455 1201 3526; x_wconf 79' lang='lat' dir='ltr'><strong>gentilis</strong></span> <span class='ocrx_word' id='word_1_431' title='bbox 1223 3456 1535 3529; x_wconf 88' lang='lat' dir='ltr'><strong>etimpius,</strong></span> <span class='ocrx_word' id='word_1_432' title='bbox 1556 3475 1592 3514; x_wconf 90' lang='lat' dir='ltr'><strong>a</strong></span> <span class='ocrx_word' id='word_1_433' title='bbox 1611 3458 1978 3516; x_wconf 87' lang='lat' dir='ltr'><strong>Christiano-</strong></span> 
     </span>
    </p>
   </div>
   <div class='ocr_carea' id='block_1_66' title="bbox 333 3540 1976 3618">
    <p class='ocr_par' dir='ltr' id='par_1_66' title="bbox 333 3540 1976 3618">
     <span class='ocr_line' id='line_1_66' title="bbox 333 3540 1976 3618; baseline 0.007 -24"><span class='ocrx_word' id='word_1_434' title='bbox 333 3555 470 3595; x_wconf 90' lang='lat' dir='ltr'><strong>rum</strong></span> <span class='ocrx_word' id='word_1_435' title='bbox 504 3540 617 3596; x_wconf 83' lang='lat' dir='ltr'><strong>fide</strong></span> <span class='ocrx_word' id='word_1_436' title='bbox 639 3558 878 3612; x_wconf 89' lang='lat' dir='ltr'><strong>prorsus</strong></span> <span class='ocrx_word' id='word_1_437' title='bbox 908 3542 1163 3614; x_wconf 89' lang='lat' dir='ltr'><strong>alienus,</strong></span> <span class='ocrx_word' id='word_1_438' title='bbox 1187 3544 1465 3618; x_wconf 88' lang='lat' dir='ltr'><strong>idemque</strong></span> <span class='ocrx_word' id='word_1_439' title='bbox 1484 3547 1758 3604; x_wconf 87' lang='lat' dir='ltr'><strong>adulator</strong></span> <span class='ocrx_word' id='word_1_440' title='bbox 1786 3554 1843 3604; x_wconf 90' lang='lat' dir='ltr'><strong>et</strong></span> <span class='ocrx_word' id='word_1_441' title='bbox 1867 3550 1976 3605; x_wconf 88' lang='lat' dir='ltr'><strong>im-</strong></span> 
     </span>
    </p>
   </div>
   <div class='ocr_carea' id='block_1_67' title="bbox 332 3629 1976 3708">
    <p class='ocr_par' dir='ltr' id='par_1_67' title="bbox 332 3629 1976 3708">
     <span class='ocr_line' id='line_1_67' title="bbox 332 3629 1976 3708; baseline 0.007 -25"><span class='ocrx_word' id='word_1_442' title='bbox 332 3632 559 3700; x_wconf 90' lang='lat' dir='ltr'><strong>postor,</strong></span> <span class='ocrx_word' id='word_1_443' title='bbox 591 3629 691 3700; x_wconf 89' lang='lat' dir='ltr'><strong>qui</strong></span> <span class='ocrx_word' id='word_1_444' title='bbox 721 3631 1076 3703; x_wconf 79' lang='lat' dir='ltr'><strong>Iustiniano,</strong></span> <span class='ocrx_word' id='word_1_445' title='bbox 1108 3634 1280 3706; x_wconf 92' lang='lat' dir='ltr'><strong>cujus</strong></span> <span class='ocrx_word' id='word_1_446' title='bbox 1310 3640 1438 3691; x_wconf 90' lang='lat' dir='ltr'><strong>erat</strong></span> <span class='ocrx_word' id='word_1_447' title='bbox 1483 3642 1763 3708; x_wconf 67' lang='lat' dir='ltr'><strong>quaestor,</strong></span> <span class='ocrx_word' id='word_1_448' title='bbox 1796 3654 1976 3694; x_wconf 87' lang='lat' dir='ltr'><strong>cona-</strong></span> 
     </span>
    </p>
   </div>
   <div class='ocr_carea' id='block_1_68' title="bbox 330 3715 1977 3795">
    <p class='ocr_par' dir='ltr' id='par_1_68' title="bbox 330 3715 1977 3795">
     <span class='ocr_line' id='line_1_68' title="bbox 330 3715 1977 3795; baseline 0.008 -24"><span class='ocrx_word' id='word_1_449' title='bbox 330 3715 508 3772; x_wconf 87' lang='lat' dir='ltr'><strong>batur</strong></span> <span class='ocrx_word' id='word_1_450' title='bbox 548 3720 906 3789; x_wconf 90' lang='lat' dir='ltr'><strong>persuadere</strong></span> <span class='ocrx_word' id='word_1_451' title='bbox 941 3765 955 3789; x_wconf 93' lang='lat'><strong>,</strong></span> <span class='ocrx_word' id='word_1_452' title='bbox 1041 3738 1177 3778; x_wconf 89' lang='lat' dir='ltr'><strong>eum</strong></span> <span class='ocrx_word' id='word_1_453' title='bbox 1259 3740 1381 3779; x_wconf 91' lang='lat' dir='ltr'><strong>non</strong></span> <span class='ocrx_word' id='word_1_454' title='bbox 1434 3726 1813 3795; x_wconf 90' lang='lat' dir='ltr'><strong>moriturum,</strong></span> <span class='ocrx_word' id='word_1_455' title='bbox 1872 3728 1977 3785; x_wconf 89' lang='lat' dir='ltr'><strong>sed</strong></span> 
     </span>
    </p>
   </div>
   <div class='ocr_carea' id='block_1_69' title="bbox 325 3807 1975 3887">
    <p class='ocr_par' dir='ltr' id='par_1_69' title="bbox 325 3807 1975 3887">
     <span class='ocr_line' id='line_1_69' title="bbox 325 3807 1975 3887; baseline 0.007 -26"><span class='ocrx_word' id='word_1_456' title='bbox 325 3807 521 3862; x_wconf 90' lang='lat' dir='ltr'><strong>vivum</strong></span> <span class='ocrx_word' id='word_1_457' title='bbox 545 3808 605 3863; x_wconf 89' lang='lat' dir='ltr'><strong>in</strong></span> <span class='ocrx_word' id='word_1_458' title='bbox 636 3809 851 3865; x_wconf 75' lang='lat' dir='ltr'><strong>ccelum</strong></span> <span class='ocrx_word' id='word_1_459' title='bbox 880 3812 1232 3867; x_wconf 89' lang='lat' dir='ltr'><strong>translatum</strong></span> <span class='ocrx_word' id='word_1_460' title='bbox 1264 3813 1359 3869; x_wconf 92' lang='lat' dir='ltr'><strong>iri.</strong></span> <span class='ocrx_word' id='word_1_461' title='bbox 1393 3814 1617 3887; x_wconf 86' lang='lat' dir='ltr'><strong>Ingenii</strong></span> <span class='ocrx_word' id='word_1_462' title='bbox 1662 3818 1789 3872; x_wconf 87' lang='lat' dir='ltr'><strong>acie</strong></span> <span class='ocrx_word' id='word_1_463' title='bbox 1817 3817 1975 3873; x_wconf 89' lang='lat' dir='ltr'><strong>vale-</strong></span> 
     </span>
    </p>
   </div>
   <div class='ocr_carea' id='block_1_70' title="bbox 327 3894 1976 3976">
    <p class='ocr_par' dir='ltr' id='par_1_70' title="bbox 327 3894 1976 3976">
     <span class='ocr_line' id='line_1_70' title="bbox 327 3894 1976 3976; baseline 0.007 -25"><span class='ocrx_word' id='word_1_464' title='bbox 327 3894 429 3951; x_wconf 87' lang='lat' dir='ltr'><strong>bat</strong></span> <span class='ocrx_word' id='word_1_465' title='bbox 458 3902 518 3952; x_wconf 89' lang='lat' dir='ltr'><strong>et</strong></span> <span class='ocrx_word' id='word_1_466' title='bbox 547 3898 775 3970; x_wconf 88' lang='lat' dir='ltr'><strong>apicem</strong></span> <span class='ocrx_word' id='word_1_467' title='bbox 825 3900 1179 3955; x_wconf 89' lang='lat' dir='ltr'><strong>eruditionis</strong></span> <span class='ocrx_word' id='word_1_468' title='bbox 1210 3902 1503 3976; x_wconf 88' lang='lat' dir='ltr'><strong>attigerat,</strong></span> <span class='ocrx_word' id='word_1_469' title='bbox 1538 3905 1620 3961; x_wconf 89' lang='lat' dir='ltr'><strong>ita</strong></span> <span class='ocrx_word' id='word_1_470' title='bbox 1648 3912 1716 3961; x_wconf 91' lang='lat' dir='ltr'><strong>ut</strong></span> <span class='ocrx_word' id='word_1_471' title='bbox 1740 3907 1976 3962; x_wconf 91' lang='lat' dir='ltr'><strong>nullum</strong></span> 
     </span>
    </p>
   </div>
   <div class='ocr_carea' id='block_1_71' title="bbox 331 3985 1977 4066">
    <p class='ocr_par' dir='ltr' id='par_1_71' title="bbox 331 3985 1977 4066">
     <span class='ocr_line' id='line_1_71' title="bbox 331 3985 1977 4066; baseline 0.008 -27"><span class='ocrx_word' id='word_1_472' title='bbox 331 3985 520 4041; x_wconf 63' lang='lat' dir='ltr'><strong>astatis</strong></span> <span class='ocrx_word' id='word_1_473' title='bbox 551 4004 671 4042; x_wconf 73' lang='lat' dir='ltr'><strong>sum</strong></span> <span class='ocrx_word' id='word_1_474' title='bbox 702 3988 1044 4045; x_wconf 87' lang='lat' dir='ltr'><strong>mortalium</strong></span> <span class='ocrx_word' id='word_1_475' title='bbox 1062 3990 1171 4046; x_wconf 91' lang='lat' dir='ltr'><strong>hac</strong></span> <span class='ocrx_word' id='word_1_476' title='bbox 1192 3992 1365 4047; x_wconf 90' lang='lat' dir='ltr'><strong>laude</strong></span> <span class='ocrx_word' id='word_1_477' title='bbox 1398 3994 1765 4066; x_wconf 89' lang='lat' dir='ltr'><strong>superiorem</strong></span> <span class='ocrx_word' id='word_1_478' title='bbox 1798 3996 1977 4051; x_wconf 89' lang='lat' dir='ltr'><strong>habe-</strong></span> 
     </span>
    </p>
   </div>
   <div class='ocr_carea' id='block_1_72' title="bbox 328 4077 1974 4154">
    <p class='ocr_par' dir='ltr' id='par_1_72' title="bbox 328 4077 1974 4154">
     <span class='ocr_line' id='line_1_72' title="bbox 328 4077 1974 4154; baseline 0.007 -23"><span class='ocrx_word' id='word_1_479' title='bbox 328 4082 439 4133; x_wconf 86' lang='lat' dir='ltr'><strong>ret.</strong></span> <span class='ocrx_word' id='word_1_480' title='bbox 475 4077 585 4133; x_wconf 91' lang='lat' dir='ltr'><strong>Sed</strong></span> <span class='ocrx_word' id='word_1_481' title='bbox 618 4078 813 4152; x_wconf 88' lang='lat' dir='ltr'><strong>legum</strong></span> <span class='ocrx_word' id='word_1_482' title='bbox 842 4080 1264 4137; x_wconf 90' lang='lat' dir='ltr'><strong>nundinationi</strong></span> <span class='ocrx_word' id='word_1_483' title='bbox 1288 4087 1415 4139; x_wconf 89' lang='lat' dir='ltr'><strong>erat</strong></span> <span class='ocrx_word' id='word_1_484' title='bbox 1440 4083 1696 4154; x_wconf 91' lang='lat' dir='ltr'><strong>deditus,</strong></span> <span class='ocrx_word' id='word_1_485' title='bbox 1723 4091 1780 4141; x_wconf 91' lang='lat' dir='ltr'><strong>et</strong></span> <span class='ocrx_word' id='word_1_486' title='bbox 1810 4087 1974 4143; x_wconf 80' lang='lat' dir='ltr'><strong>inex-</strong></span> 
     </span>
    </p>
   </div>
   <div class='ocr_carea' id='block_1_73' title="bbox 328 4164 1975 4242">
    <p class='ocr_par' dir='ltr' id='par_1_73' title="bbox 328 4164 1975 4242">
     <span class='ocr_line' id='line_1_73' title="bbox 328 4164 1975 4242; baseline 0.006 -21"><span class='ocrx_word' id='word_1_487' title='bbox 328 4164 533 4237; x_wconf 91' lang='lat' dir='ltr'><strong>plebili</strong></span> <span class='ocrx_word' id='word_1_488' title='bbox 565 4169 829 4240; x_wconf 89' lang='lat' dir='ltr'><strong>avaritia,</strong></span> <span class='ocrx_word' id='word_1_489' title='bbox 863 4186 1040 4241; x_wconf 89' lang='lat' dir='ltr'><strong>quam</strong></span> <span class='ocrx_word' id='word_1_490' title='bbox 1066 4170 1381 4242; x_wconf 88' lang='lat' dir='ltr'><strong>splendore</strong></span> <span class='ocrx_word' id='word_1_491' title='bbox 1415 4190 1660 4230; x_wconf 80' lang='lat' dir='ltr'><strong>summm</strong></span> <span class='ocrx_word' id='word_1_492' title='bbox 1694 4175 1975 4232; x_wconf 86' lang='lat' dir='ltr'><strong>eruditio-</strong></span> 
     </span>
    </p>
   </div>
   <div class='ocr_carea' id='block_1_74' title="bbox 331 4255 835 4314">
    <p class='ocr_par' dir='ltr' id='par_1_74' title="bbox 331 4255 835 4314">
     <span class='ocr_line' id='line_1_74' title="bbox 331 4255 835 4314; baseline 0.004 -3"><span class='ocrx_word' id='word_1_493' title='bbox 331 4255 425 4311; x_wconf 88' lang='lat' dir='ltr'><strong>nis</strong></span> <span class='ocrx_word' id='word_1_494' title='bbox 463 4255 835 4314; x_wconf 89' lang='lat' dir='ltr'><strong>obscurabat.</strong></span> 
     </span>
    </p>
   </div>
   <div class='ocr_carea' id='block_1_75' title="bbox 402 4346 1977 4426">
    <p class='ocr_par' dir='ltr' id='par_1_75' title="bbox 402 4346 1977 4426">
     <span class='ocr_line' id='line_1_75' title="bbox 402 4346 1977 4426; baseline 0.007 -26"><span class='ocrx_word' id='word_1_495' title='bbox 402 4346 813 4417; x_wconf 87' lang='lat' dir='ltr'><strong>Tribonianus,</strong></span> <span class='ocrx_word' id='word_1_496' title='bbox 829 4348 1078 4418; x_wconf 90' lang='lat' dir='ltr'><strong>Sidetes,</strong></span> <span class='ocrx_word' id='word_1_497' title='bbox 1094 4367 1163 4406; x_wconf 81' lang='lat' dir='ltr'><strong>ex</strong></span> <span class='ocrx_word' id='word_1_498' title='bbox 1185 4351 1532 4409; x_wconf 88' lang='lat' dir='ltr'><strong>caussidicis</strong></span> <span class='ocrx_word' id='word_1_499' title='bbox 1562 4354 1977 4426; x_wconf 81' lang='lat' dir='ltr'><strong>praefectorum</strong></span> 
     </span>
    </p>
   </div>
   <div class='ocr_carea' id='block_1_76' title="bbox 331 4437 1976 4510">
    <p class='ocr_par' dir='ltr' id='par_1_76' title="bbox 331 4437 1976 4510">
     <span class='ocr_line' id='line_1_76' title="bbox 331 4437 1976 4510; baseline 0.007 -20"><span class='ocrx_word' id='word_1_500' title='bbox 331 4437 628 4508; x_wconf 55' lang='lat' dir='ltr'><strong>praetorio,</strong></span> <span class='ocrx_word' id='word_1_501' title='bbox 660 4442 719 4492; x_wconf 90' lang='lat' dir='ltr'><strong>et</strong></span> <span class='ocrx_word' id='word_1_502' title='bbox 748 4438 873 4510; x_wconf 87' lang='lat' dir='ltr'><strong>ipse</strong></span> <span class='ocrx_word' id='word_1_503' title='bbox 902 4439 990 4494; x_wconf 90' lang='lat' dir='ltr'><strong>vir</strong></span> <span class='ocrx_word' id='word_1_504' title='bbox 1035 4440 1376 4497; x_wconf 73' lang='lat' dir='ltr'><strong>multifariaa</strong></span> <span class='ocrx_word' id='word_1_505' title='bbox 1409 4443 1780 4501; x_wconf 87' lang='lat' dir='ltr'><strong>eruditionis.</strong></span> <span class='ocrx_word' id='word_1_506' title='bbox 1814 4446 1976 4501; x_wconf 89' lang='lat' dir='ltr'><strong>Scri-</strong></span> 
     </span>
    </p>
   </div>
   <div class='ocr_carea' id='block_1_77' title="bbox 331 4524 1980 4597">
    <p class='ocr_par' dir='ltr' id='par_1_77' title="bbox 331 4524 1980 4597">
     <span class='ocr_line' id='line_1_77' title="bbox 331 4524 1980 4597; baseline 0.005 -16"><span class='ocrx_word' id='word_1_507' title='bbox 331 4524 452 4597; x_wconf 86' lang='lat' dir='ltr'><strong>psit</strong></span> <span class='ocrx_word' id='word_1_508' title='bbox 478 4525 747 4581; x_wconf 86' lang='lat' dir='ltr'><strong>versibus</strong></span> <span class='ocrx_word' id='word_1_509' title='bbox 771 4548 793 4577; x_wconf 77' lang='grc' dir='ltr'>α</span> <span class='ocrx_word' id='word_1_510' title='bbox 822 4527 1329 4585; x_wconf 89' lang='lat' dir='ltr'><strong>Commentarium</strong></span> <span class='ocrx_word' id='word_1_511' title='bbox 1354 4530 1417 4585; x_wconf 89' lang='lat' dir='ltr'><strong>in</strong></span> <span class='ocrx_word' id='word_1_512' title='bbox 1446 4531 1750 4587; x_wconf 62' lang='lat' dir='ltr'><strong>Ptolemaei</strong></span> <span class='ocrx_word' id='word_1_513' title='bbox 1789 4533 1980 4589; x_wconf 87' lang='lat' dir='ltr'><strong>Cano-</strong></span> 
     </span>
    </p>
   </div>
   <div class='ocr_carea' id='block_1_78' title="bbox 2095 3278 3739 3351">
    <p class='ocr_par' dir='ltr' id='par_1_78' title="bbox 2095 3278 3739 3351">
     <span class='ocr_line' id='line_1_78' title="bbox 2095 3278 3739 3351; baseline 0.001 -17"><span class='ocrx_word' id='word_1_514' title='bbox 2095 3279 2388 3351; x_wconf 77' lang='lat' dir='ltr'><strong>qumdam,</strong></span> <span class='ocrx_word' id='word_1_515' title='bbox 2421 3294 2553 3349; x_wconf 67' lang='lat' dir='ltr'><strong>quae</strong></span> <span class='ocrx_word' id='word_1_516' title='bbox 2586 3283 2815 3333; x_wconf 89' lang='lat' dir='ltr'><strong>tantum</strong></span> <span class='ocrx_word' id='word_1_517' title='bbox 2873 3284 3169 3333; x_wconf 80' lang='lat' dir='ltr'><strong>extremas</strong></span> <span class='ocrx_word' id='word_1_518' title='bbox 3225 3278 3444 3350; x_wconf 89' lang='lat' dir='ltr'><strong>pedum</strong></span> <span class='ocrx_word' id='word_1_519' title='bbox 3478 3279 3739 3335; x_wconf 86' lang='lat' dir='ltr'><strong>hominis</strong></span> 
     </span>
    </p>
   </div>
   <div class='ocr_carea' id='block_1_79' title="bbox 2089 3366 3743 3439">
    <p class='ocr_par' dir='ltr' id='par_1_79' title="bbox 2089 3366 3743 3439">
     <span class='ocr_line' id='line_1_79' title="bbox 2089 3366 3743 3439; baseline 0 -17"><span class='ocrx_word' id='word_1_520' title='bbox 2089 3372 2287 3439; x_wconf 89' lang='lat' dir='ltr'><strong>partes</strong></span> <span class='ocrx_word' id='word_1_521' title='bbox 2318 3382 2530 3438; x_wconf 88' lang='lat' dir='ltr'><strong>capere</strong></span> <span class='ocrx_word' id='word_1_522' title='bbox 2552 3370 2845 3437; x_wconf 86' lang='lat' dir='ltr'><strong>poterant.</strong></span> <span class='ocrx_word' id='word_1_523' title='bbox 2871 3366 3057 3420; x_wconf 90' lang='lat' dir='ltr'><strong>Deum</strong></span> <span class='ocrx_word' id='word_1_524' title='bbox 3080 3366 3259 3437; x_wconf 83' lang='lat' dir='ltr'><strong>igitur</strong></span> <span class='ocrx_word' id='word_1_525' title='bbox 3279 3366 3743 3439; x_wconf 86' lang='lat' dir='ltr'><strong>consulturi,per</strong></span> 
     </span>
    </p>
   </div>
   <div class='ocr_carea' id='block_1_80' title="bbox 2088 3454 3739 3527">
    <p class='ocr_par' dir='ltr' id='par_1_80' title="bbox 2088 3454 3739 3527">
     <span class='ocr_line' id='line_1_80' title="bbox 2088 3454 3739 3527; baseline 0.001 -16"><span class='ocrx_word' id='word_1_526' title='bbox 2088 3460 2283 3512; x_wconf 90' lang='lat' dir='ltr'><strong>certos</strong></span> <span class='ocrx_word' id='word_1_527' title='bbox 2312 3455 2477 3527; x_wconf 90' lang='lat' dir='ltr'><strong>prius</strong></span> <span class='ocrx_word' id='word_1_528' title='bbox 2508 3454 2635 3509; x_wconf 90' lang='lat' dir='ltr'><strong>dies</strong></span> <span class='ocrx_word' id='word_1_529' title='bbox 2669 3460 2896 3509; x_wconf 90' lang='lat' dir='ltr'><strong>servata</strong></span> <span class='ocrx_word' id='word_1_530' title='bbox 2927 3455 3218 3523; x_wconf 85' lang='lat' dir='ltr'><strong>castitate,</strong></span> <span class='ocrx_word' id='word_1_531' title='bbox 3253 3460 3312 3510; x_wconf 89' lang='lat' dir='ltr'><strong>et</strong></span> <span class='ocrx_word' id='word_1_532' title='bbox 3340 3471 3507 3511; x_wconf 90' lang='lat' dir='ltr'><strong>sacro</strong></span> <span class='ocrx_word' id='word_1_533' title='bbox 3532 3455 3739 3514; x_wconf 89' lang='lat' dir='ltr'><strong>habitu</strong></span> 
     </span>
    </p>
   </div>
   <div class='ocr_carea' id='block_1_81' title="bbox 2089 3542 3738 3615">
    <p class='ocr_par' dir='ltr' id='par_1_81' title="bbox 2089 3542 3738 3615">
     <span class='ocr_line' id='line_1_81' title="bbox 2089 3542 3738 3615; baseline 0 -16"><span class='ocrx_word' id='word_1_534' title='bbox 2089 3543 2283 3599; x_wconf 87' lang='lat' dir='ltr'><strong>ornati</strong></span> <span class='ocrx_word' id='word_1_535' title='bbox 2310 3542 2597 3598; x_wconf 89' lang='lat' dir='ltr'><strong>ambabus</strong></span> <span class='ocrx_word' id='word_1_536' title='bbox 2621 3542 2897 3599; x_wconf 90' lang='lat' dir='ltr'><strong>manibus</strong></span> <span class='ocrx_word' id='word_1_537' title='bbox 2920 3542 3248 3597; x_wconf 90' lang='lat' dir='ltr'><strong>melittutas</strong></span> <span class='ocrx_word' id='word_1_538' title='bbox 3271 3543 3388 3599; x_wconf 90' lang='lat' dir='ltr'><strong>sive</strong></span> <span class='ocrx_word' id='word_1_539' title='bbox 3410 3543 3738 3615; x_wconf 87' lang='lat' dir='ltr'><strong>placentas,</strong></span> 
     </span>
    </p>
   </div>
   <div class='ocr_carea' id='block_1_82' title="bbox 2087 3630 3737 3703">
    <p class='ocr_par' dir='ltr' id='par_1_82' title="bbox 2087 3630 3737 3703">
     <span class='ocr_line' id='line_1_82' title="bbox 2087 3630 3737 3703; baseline 0.001 -16"><span class='ocrx_word' id='word_1_540' title='bbox 2087 3630 2267 3687; x_wconf 90' lang='lat' dir='ltr'><strong>melle</strong></span> <span class='ocrx_word' id='word_1_541' title='bbox 2297 3647 2670 3703; x_wconf 90' lang='lat' dir='ltr'><strong>conspersas,</strong></span> <span class='ocrx_word' id='word_1_542' title='bbox 2702 3637 2995 3698; x_wconf 90' lang='lat' dir='ltr'><strong>tenentes,</strong></span> <span class='ocrx_word' id='word_1_543' title='bbox 3030 3631 3104 3687; x_wconf 91' lang='lat' dir='ltr'><strong>ad</strong></span> <span class='ocrx_word' id='word_1_544' title='bbox 3152 3630 3352 3687; x_wconf 86' lang='lat' dir='ltr'><strong>fauces</strong></span> <span class='ocrx_word' id='word_1_545' title='bbox 3400 3631 3536 3688; x_wconf 90' lang='lat' dir='ltr'><strong>illas</strong></span> <span class='ocrx_word' id='word_1_546' title='bbox 3566 3632 3737 3688; x_wconf 89' lang='lat' dir='ltr'><strong>sede-</strong></span> 
     </span>
    </p>
   </div>
   <div class='ocr_carea' id='block_1_83' title="bbox 2088 3719 3741 3794">
    <p class='ocr_par' dir='ltr' id='par_1_83' title="bbox 2088 3719 3741 3794">
     <span class='ocr_line' id='line_1_83' title="bbox 2088 3719 3741 3794; baseline -0.001 -17"><span class='ocrx_word' id='word_1_547' title='bbox 2088 3721 2250 3789; x_wconf 88' lang='lat' dir='ltr'><strong>bant,</strong></span> <span class='ocrx_word' id='word_1_548' title='bbox 2276 3726 2335 3777; x_wconf 89' lang='lat' dir='ltr'><strong>et</strong></span> <span class='ocrx_word' id='word_1_549' title='bbox 2352 3724 2597 3793; x_wconf 89' lang='lat' dir='ltr'><strong>repente</strong></span> <span class='ocrx_word' id='word_1_550' title='bbox 2619 3719 2728 3775; x_wconf 88' lang='lat' dir='ltr'><strong>sub</strong></span> <span class='ocrx_word' id='word_1_551' title='bbox 2751 3724 2971 3776; x_wconf 88' lang='lat' dir='ltr'><strong>terram</strong></span> <span class='ocrx_word' id='word_1_552' title='bbox 2994 3720 3458 3792; x_wconf 89' lang='lat' dir='ltr'><strong>abripiebantur.</strong></span> <span class='ocrx_word' id='word_1_553' title='bbox 3481 3721 3741 3794; x_wconf 67' lang='lat' dir='ltr'><strong>Trophov</strong></span> 
     </span>
    </p>
   </div>
   <div class='ocr_carea' id='block_1_84' title="bbox 2089 3809 3735 3884">
    <p class='ocr_par' dir='ltr' id='par_1_84' title="bbox 2089 3809 3735 3884">
     <span class='ocr_line' id='line_1_84' title="bbox 2089 3809 3735 3884; baseline -0.001 -17"><span class='ocrx_word' id='word_1_554' title='bbox 2089 3812 2225 3867; x_wconf 89' lang='lat' dir='ltr'><strong>nius</strong></span> <span class='ocrx_word' id='word_1_555' title='bbox 2254 3816 2453 3867; x_wconf 88' lang='lat' dir='ltr'><strong>autem</strong></span> <span class='ocrx_word' id='word_1_556' title='bbox 2485 3810 2599 3865; x_wconf 90' lang='lat' dir='ltr'><strong>fuit</strong></span> <span class='ocrx_word' id='word_1_557' title='bbox 2626 3809 2856 3865; x_wconf 90' lang='lat' dir='ltr'><strong>Eresini</strong></span> <span class='ocrx_word' id='word_1_558' title='bbox 2880 3810 3735 3884; x_wconf 81' lang='lat' dir='ltr'><strong>ﬁlius,fratrisAgamedis,etc.</strong></span> 
     </span>
    </p>
   </div>
   <div class='ocr_carea' id='block_1_85' title="bbox 2158 3894 3739 3974">
    <p class='ocr_par' dir='ltr' id='par_1_85' title="bbox 2158 3894 3739 3974">
     <span class='ocr_line' id='line_1_85' title="bbox 2158 3894 3739 3974; baseline 0 -18"><span class='ocrx_word' id='word_1_559' title='bbox 2158 3894 2629 3973; x_wconf 78' lang='grc' dir='ltr'><strong>Τρυγοκωμῳδία,</strong></span> <span class='ocrx_word' id='word_1_560' title='bbox 2650 3899 2734 3955; x_wconf 93' lang='lat' dir='ltr'><strong>sic</strong></span> <span class='ocrx_word' id='word_1_561' title='bbox 2758 3899 2935 3966; x_wconf 83' lang='lat' dir='ltr'><strong>dicta,</strong></span> <span class='ocrx_word' id='word_1_562' title='bbox 2968 3900 3127 3972; x_wconf 91' lang='lat' dir='ltr'><strong>quod</strong></span> <span class='ocrx_word' id='word_1_563' title='bbox 3149 3900 3400 3956; x_wconf 84' lang='lat' dir='ltr'><strong>victores</strong></span> <span class='ocrx_word' id='word_1_564' title='bbox 3428 3901 3739 3974; x_wconf 74' lang='lat' dir='ltr'><strong>prwmium</strong></span> 
     </span>
    </p>
   </div>
   <div class='ocr_carea' id='block_1_86' title="bbox 2090 3988 3738 4062">
    <p class='ocr_par' dir='ltr' id='par_1_86' title="bbox 2090 3988 3738 4062">
     <span class='ocr_line' id='line_1_86' title="bbox 2090 3988 3738 4062; baseline -0.001 -16"><span class='ocrx_word' id='word_1_565' title='bbox 2090 3989 2427 4061; x_wconf 86' lang='lat' dir='ltr'><strong>acciperent</strong></span> <span class='ocrx_word' id='word_1_566' title='bbox 2455 3988 2555 4057; x_wconf 79' lang='grc' dir='ltr'><strong>τὴν</strong></span> <span class='ocrx_word' id='word_1_567' title='bbox 2581 3992 2770 4062; x_wconf 77' lang='grc' dir='ltr'><strong>τρύγα,</strong></span> <span class='ocrx_word' id='word_1_568' title='bbox 2804 3989 2917 4044; x_wconf 89' lang='lat' dir='ltr'><strong>hoc</strong></span> <span class='ocrx_word' id='word_1_569' title='bbox 2950 3995 3059 4057; x_wconf 89' lang='lat' dir='ltr'><strong>est,</strong></span> <span class='ocrx_word' id='word_1_570' title='bbox 3118 3992 3301 4045; x_wconf 85' lang='lat' dir='ltr'><strong>vivum</strong></span> <span class='ocrx_word' id='word_1_571' title='bbox 3357 4008 3594 4057; x_wconf 86' lang='lat' dir='ltr'><strong>novum;</strong></span> <span class='ocrx_word' id='word_1_572' title='bbox 3629 3990 3738 4057; x_wconf 87' lang='lat' dir='ltr'><strong>vel,</strong></span> 
     </span>
    </p>
   </div>
   <div class='ocr_carea' id='block_1_87' title="bbox 2089 4078 3737 4151">
    <p class='ocr_par' dir='ltr' id='par_1_87' title="bbox 2089 4078 3737 4151">
     <span class='ocr_line' id='line_1_87' title="bbox 2089 4078 3737 4151; baseline -0.001 -17"><span class='ocrx_word' id='word_1_573' title='bbox 2089 4078 2249 4151; x_wconf 91' lang='lat' dir='ltr'><strong>quod</strong></span> <span class='ocrx_word' id='word_1_574' title='bbox 2278 4078 2444 4147; x_wconf 91' lang='lat' dir='ltr'><strong>olim,</strong></span> <span class='ocrx_word' id='word_1_575' title='bbox 2486 4094 2621 4133; x_wconf 91' lang='lat' dir='ltr'><strong>cum</strong></span> <span class='ocrx_word' id='word_1_576' title='bbox 2676 4078 2857 4133; x_wconf 74' lang='lat' dir='ltr'><strong>larvm</strong></span> <span class='ocrx_word' id='word_1_577' title='bbox 2912 4078 3180 4133; x_wconf 90' lang='lat' dir='ltr'><strong>nondum</strong></span> <span class='ocrx_word' id='word_1_578' title='bbox 3230 4078 3483 4134; x_wconf 62' lang='lat' dir='ltr'><strong>inventas</strong></span> <span class='ocrx_word' id='word_1_579' title='bbox 3515 4084 3737 4147; x_wconf 88' lang='lat' dir='ltr'><strong>essent,</strong></span> 
     </span>
    </p>
   </div>
   <div class='ocr_carea' id='block_1_88' title="bbox 2088 4164 3100 4243">
    <p class='ocr_par' dir='ltr' id='par_1_88' title="bbox 2088 4164 3100 4243">
     <span class='ocr_line' id='line_1_88' title="bbox 2088 4164 3100 4243; baseline -0.002 -22"><span class='ocrx_word' id='word_1_580' title='bbox 2088 4164 2267 4243; x_wconf 80' lang='grc' dir='ltr'><strong>τρυγί,</strong></span> <span class='ocrx_word' id='word_1_581' title='bbox 2293 4165 2541 4222; x_wconf 60' lang='lat' dir='ltr'><strong>facibus</strong></span> <span class='ocrx_word' id='word_1_582' title='bbox 2567 4182 2671 4222; x_wconf 90' lang='lat' dir='ltr'><strong>ora</strong></span> <span class='ocrx_word' id='word_1_583' title='bbox 2696 4170 3100 4237; x_wconf 78' lang='lat' dir='ltr'><strong>perungerent</strong></span> 
     </span>
    </p>
   </div>
   <div class='ocr_carea' id='block_1_89' title="bbox 2156 4252 3736 4329">
    <p class='ocr_par' dir='ltr' id='par_1_89' title="bbox 2156 4252 3736 4329">
     <span class='ocr_line' id='line_1_89' title="bbox 2156 4252 3736 4329; baseline 0 -19"><span class='ocrx_word' id='word_1_584' title='bbox 2156 4252 2606 4329; x_wconf 79' lang='grc' dir='ltr'>Τρυγοδαίμονες.</span> <span class='ocrx_word' id='word_1_585' title='bbox 2638 4253 2829 4309; x_wconf 90' lang='lat' dir='ltr'><strong>Veluti</strong></span> <span class='ocrx_word' id='word_1_586' title='bbox 2855 4253 3313 4310; x_wconf 68' lang='lat' dir='ltr'><strong>Cacodaamones</strong></span> <span class='ocrx_word' id='word_1_587' title='bbox 3339 4254 3478 4309; x_wconf 89' lang='lat' dir='ltr'><strong>dicti</strong></span> <span class='ocrx_word' id='word_1_588' title='bbox 3500 4254 3736 4325; x_wconf 89' lang='lat' dir='ltr'><strong>(comici</strong></span> 
     </span>
    </p>
   </div>
   <div class='ocr_carea' id='block_1_90' title="bbox 2087 4345 3740 4420">
    <p class='ocr_par' dir='ltr' id='par_1_90' title="bbox 2087 4345 3740 4420">
     <span class='ocr_line' id='line_1_90' title="bbox 2087 4345 3740 4420; baseline 0.001 -19"><span class='ocrx_word' id='word_1_589' title='bbox 2087 4347 2302 4403; x_wconf 89' lang='lat' dir='ltr'><strong>veteris</strong></span> <span class='ocrx_word' id='word_1_590' title='bbox 2323 4346 2672 4417; x_wconf 74' lang='lat' dir='ltr'><strong>comtediaa,)</strong></span> <span class='ocrx_word' id='word_1_591' title='bbox 2703 4345 2860 4417; x_wconf 93' lang='lat' dir='ltr'><strong>quod</strong></span> <span class='ocrx_word' id='word_1_592' title='bbox 2891 4345 3133 4401; x_wconf 89' lang='lat' dir='ltr'><strong>obsceni</strong></span> <span class='ocrx_word' id='word_1_593' title='bbox 3163 4350 3364 4401; x_wconf 89' lang='lat' dir='ltr'><strong>essent</strong></span> <span class='ocrx_word' id='word_1_594' title='bbox 3394 4351 3452 4401; x_wconf 92' lang='lat' dir='ltr'><strong>et</strong></span> <span class='ocrx_word' id='word_1_595' title='bbox 3484 4347 3652 4420; x_wconf 90' lang='lat' dir='ltr'><strong>impii</strong></span> <span class='ocrx_word' id='word_1_596' title='bbox 3680 4352 3740 4404; x_wconf 91' lang='lat' dir='ltr'><strong>et</strong></span> 
     </span>
    </p>
   </div>
   <div class='ocr_carea' id='block_1_91' title="bbox 2090 4433 3249 4492">
    <p class='ocr_par' dir='ltr' id='par_1_91' title="bbox 2090 4433 3249 4492">
     <span class='ocr_line' id='line_1_91' title="bbox 2090 4433 3249 4492; baseline -0.003 0"><span class='ocrx_word' id='word_1_597' title='bbox 2090 4435 2403 4492; x_wconf 88' lang='lat' dir='ltr'><strong>cavillandi</strong></span> <span class='ocrx_word' id='word_1_598' title='bbox 2436 4434 2631 4490; x_wconf 90' lang='lat' dir='ltr'><strong>studio</strong></span> <span class='ocrx_word' id='word_1_599' title='bbox 2662 4438 2817 4489; x_wconf 89' lang='lat' dir='ltr'><strong>totos</strong></span> <span class='ocrx_word' id='word_1_600' title='bbox 2848 4450 2909 4489; x_wconf 90' lang='lat' dir='ltr'><strong>se</strong></span> <span class='ocrx_word' id='word_1_601' title='bbox 2942 4433 3249 4489; x_wconf 89' lang='lat' dir='ltr'><strong>dederent.</strong></span> 
     </span>
    </p>
   </div>
   <div class='ocr_carea' id='block_1_92' title="bbox 2158 4523 3736 4597">
    <p class='ocr_par' dir='ltr' id='par_1_92' title="bbox 2158 4523 3736 4597">
     <span class='ocr_line' id='line_1_92' title="bbox 2158 4523 3736 4597; baseline 0 -17"><span class='ocrx_word' id='word_1_602' title='bbox 2158 4524 2617 4597; x_wconf 85' lang='lat' dir='ltr'><strong>Tryphiodorus,</strong></span> <span class='ocrx_word' id='word_1_603' title='bbox 2651 4523 2975 4596; x_wconf 64' lang='lat' dir='ltr'><strong>ngyptius,</strong></span> <span class='ocrx_word' id='word_1_604' title='bbox 3001 4523 3448 4595; x_wconf 87' lang='lat' dir='ltr'><strong>grammaticus,</strong></span> <span class='ocrx_word' id='word_1_605' title='bbox 3482 4528 3541 4578; x_wconf 87' lang='lat' dir='ltr'><strong>et</strong></span> <span class='ocrx_word' id='word_1_606' title='bbox 3561 4529 3736 4596; x_wconf 87' lang='lat' dir='ltr'><strong>poeta</strong></span> 
     </span>
    </p>
   </div>
   <div class='ocr_carea' id='block_1_93' title="bbox 339 4595 3733 4684">
    <p class='ocr_par' dir='ltr' id='par_1_93' title="bbox 339 4595 3733 4684">
     <span class='ocr_line' id='line_1_93' title="bbox 339 4595 3733 4684; baseline 0.002 -22"><span class='ocrx_word' id='word_1_607' title='bbox 339 4595 917 4680; x_wconf 64' lang='lat' dir='ltr'><strong>i.nem;Concentum</strong></span> <span class='ocrx_word' id='word_1_608' title='bbox 934 4618 1982 4679; x_wconf 74' lang='lat' dir='ltr'><strong>mundanietharmonicidiatbema-</strong></span> <span class='ocrx_word' id='word_1_609' title='bbox 2011 4595 2057 4659; x_wconf 73' lang='grc' dir='ltr'><strong>Ι)</strong></span> <span class='ocrx_word' id='word_1_610' title='bbox 2087 4614 2382 4670; x_wconf 90' lang='lat' dir='ltr'><strong>heroicus.</strong></span> <span class='ocrx_word' id='word_1_611' title='bbox 2417 4612 2663 4684; x_wconf 87' lang='lat' dir='ltr'><strong>Scripsit</strong></span> <span class='ocrx_word' id='word_1_612' title='bbox 2704 4634 2733 4662; x_wconf 88' lang='grc'><strong>‹‹</strong></span> <span class='ocrx_word' id='word_1_613' title='bbox 2783 4612 3219 4679; x_wconf 82' lang='lat' dir='ltr'><strong>Marethonica;</strong></span> <span class='ocrx_word' id='word_1_614' title='bbox 3261 4611 3353 4666; x_wconf 91' lang='lat' dir='ltr'><strong>llii</strong></span> <span class='ocrx_word' id='word_1_615' title='bbox 3399 4611 3733 4683; x_wconf 84' lang='lat' dir='ltr'><strong>excidium;</strong></span> 
     </span>
    </p>
   </div>
   <div class='ocr_carea' id='block_1_94' title="bbox 336 4702 1977 4785">
    <p class='ocr_par' dir='ltr' id='par_1_94' title="bbox 336 4702 1977 4785">
     <span class='ocr_line' id='line_1_94' title="bbox 336 4702 1977 4785; baseline 0.009 -31"><span class='ocrx_word' id='word_1_616' title='bbox 336 4703 454 4758; x_wconf 75' lang='lat' dir='ltr'><strong>«tis</strong></span> <span class='ocrx_word' id='word_1_617' title='bbox 474 4721 489 4770; x_wconf 89' lang='lat'><strong>;</strong></span> <span class='ocrx_word' id='word_1_618' title='bbox 509 4702 606 4764; x_wconf 74' lang='grc' dir='ltr'><strong>Εἷς</strong></span> <span class='ocrx_word' id='word_1_619' title='bbox 633 4702 724 4758; x_wconf 85' lang='grc' dir='ltr'><strong>τὸν</strong></span> <span class='ocrx_word' id='word_1_620' title='bbox 757 4702 1114 4761; x_wconf 63' lang='grc' dir='ltr'>πολιτεύοντα</span> <span class='ocrx_word' id='word_1_621' title='bbox 1134 4707 1223 4761; x_wconf 65' lang='grc' dir='ltr'><strong>καὶ</strong></span> <span class='ocrx_word' id='word_1_622' title='bbox 1252 4703 1529 4780; x_wconf 72' lang='grc' dir='ltr'><strong>διέποντα,</strong></span> <span class='ocrx_word' id='word_1_623' title='bbox 1562 4712 1627 4766; x_wconf 88' lang='lat' dir='ltr'><strong>In</strong></span> <span class='ocrx_word' id='word_1_624' title='bbox 1645 4711 1977 4785; x_wconf 89' lang='lat' dir='ltr'><strong>gubernan-</strong></span> 
     </span>
    </p>
   </div>
   <div class='ocr_carea' id='block_1_95' title="bbox 336 4795 1979 4869">
    <p class='ocr_par' dir='ltr' id='par_1_95' title="bbox 336 4795 1979 4869">
     <span class='ocr_line' id='line_1_95' title="bbox 336 4795 1979 4869; baseline 0.005 -21"><span class='ocrx_word' id='word_1_625' title='bbox 336 4813 363 4847; x_wconf 75' lang='grc' dir='ltr'>ι</span> <span class='ocrx_word' id='word_1_626' title='bbox 376 4798 497 4849; x_wconf 89' lang='lat' dir='ltr'><strong>tem</strong></span> <span class='ocrx_word' id='word_1_627' title='bbox 515 4798 572 4848; x_wconf 90' lang='lat' dir='ltr'><strong>et</strong></span> <span class='ocrx_word' id='word_1_628' title='bbox 587 4795 1103 4853; x_wconf 89' lang='lat' dir='ltr'><strong>administrantem</strong></span> <span class='ocrx_word' id='word_1_629' title='bbox 1121 4814 1135 4866; x_wconf 89' lang='lat'><strong>;</strong></span> <span class='ocrx_word' id='word_1_630' title='bbox 1150 4799 1214 4852; x_wconf 91' lang='lat' dir='ltr'><strong>In</strong></span> <span class='ocrx_word' id='word_1_631' title='bbox 1226 4797 1599 4869; x_wconf 84' lang='lat' dir='ltr'><strong>planetarum</strong></span> <span class='ocrx_word' id='word_1_632' title='bbox 1614 4799 1915 4856; x_wconf 91' lang='lat' dir='ltr'><strong>domicilia</strong></span> <span class='ocrx_word' id='word_1_633' title='bbox 1927 4808 1979 4856; x_wconf 84' lang='lat' dir='ltr'><strong>et</strong></span> 
     </span>
    </p>
   </div>
   <div class='ocr_carea' id='block_1_96' title="bbox 329 4884 1967 4958">
    <p class='ocr_par' dir='ltr' id='par_1_96' title="bbox 329 4884 1967 4958">
     <span class='ocr_line' id='line_1_96' title="bbox 329 4884 1967 4958; baseline 0.005 -21"><span class='ocrx_word' id='word_1_634' title='bbox 329 4904 360 4931; x_wconf 89' lang='grc'><strong>‹‹</strong></span> <span class='ocrx_word' id='word_1_635' title='bbox 389 4899 488 4938; x_wconf 84' lang='lat' dir='ltr'><strong>cur</strong></span> <span class='ocrx_word' id='word_1_636' title='bbox 512 4884 746 4953; x_wconf 81' lang='lat' dir='ltr'><strong>singulis</strong></span> <span class='ocrx_word' id='word_1_637' title='bbox 766 4885 1109 4942; x_wconf 82' lang='lat' dir='ltr'><strong>domicilium</strong></span> <span class='ocrx_word' id='word_1_638' title='bbox 1131 4887 1227 4941; x_wconf 86' lang='lat' dir='ltr'><strong>hoc</strong></span> <span class='ocrx_word' id='word_1_639' title='bbox 1248 4886 1331 4941; x_wconf 82' lang='lat' dir='ltr'><strong>vel</strong></span> <span class='ocrx_word' id='word_1_640' title='bbox 1348 4886 1493 4942; x_wconf 85' lang='lat' dir='ltr'><strong>iliud</strong></span> <span class='ocrx_word' id='word_1_641' title='bbox 1509 4889 1837 4943; x_wconf 86' lang='lat' dir='ltr'><strong>attributum</strong></span> <span class='ocrx_word' id='word_1_642' title='bbox 1857 4892 1931 4945; x_wconf 90' lang='lat' dir='ltr'><strong>sit</strong></span> <span class='ocrx_word' id='word_1_643' title='bbox 1952 4931 1967 4958; x_wconf 95' lang='lat'><strong>,</strong></span> 
     </span>
    </p>
   </div>
   <div class='ocr_carea' id='block_1_97' title="bbox 330 4973 1967 5051">
    <p class='ocr_par' dir='ltr' id='par_1_97' title="bbox 330 4973 1967 5051">
     <span class='ocr_line' id='line_1_97' title="bbox 330 4973 1967 5051; baseline 0.005 -26"><span class='ocrx_word' id='word_1_644' title='bbox 330 4994 358 5024; x_wconf 83' lang='grc'><strong>‹‹</strong></span> <span class='ocrx_word' id='word_1_645' title='bbox 384 4973 463 5027; x_wconf 90' lang='lat' dir='ltr'><strong>De</strong></span> <span class='ocrx_word' id='word_1_646' title='bbox 476 4973 649 5028; x_wconf 82' lang='lat' dir='ltr'><strong>XXIV</strong></span> <span class='ocrx_word' id='word_1_647' title='bbox 670 4974 919 5045; x_wconf 89' lang='lat' dir='ltr'><strong>pedibus</strong></span> <span class='ocrx_word' id='word_1_648' title='bbox 940 4976 1203 5031; x_wconf 88' lang='lat' dir='ltr'><strong>metricis</strong></span> <span class='ocrx_word' id='word_1_649' title='bbox 1217 4977 1571 5048; x_wconf 88' lang='lat' dir='ltr'><strong>rhythmicis</strong></span> <span class='ocrx_word' id='word_1_650' title='bbox 1599 4979 1967 5051; x_wconf 86' lang='lat' dir='ltr'><strong>;Metaphra-</strong></span> 
     </span>
    </p>
   </div>
   <div class='ocr_carea' id='block_1_98' title="bbox 331 5061 1980 5138">
    <p class='ocr_par' dir='ltr' id='par_1_98' title="bbox 331 5061 1980 5138">
     <span class='ocr_line' id='line_1_98' title="bbox 331 5061 1980 5138; baseline 0.007 -26"><span class='ocrx_word' id='word_1_651' title='bbox 331 5082 361 5111; x_wconf 86' lang='grc'><em>‹‹</em></span> <span class='ocrx_word' id='word_1_652' title='bbox 380 5061 473 5116; x_wconf 90' lang='lat' dir='ltr'><strong>sin</strong></span> <span class='ocrx_word' id='word_1_653' title='bbox 497 5061 792 5117; x_wconf 83' lang='lat' dir='ltr'><strong>Homerici</strong></span> <span class='ocrx_word' id='word_1_654' title='bbox 825 5064 1061 5119; x_wconf 86' lang='lat' dir='ltr'><strong>navium</strong></span> <span class='ocrx_word' id='word_1_655' title='bbox 1084 5064 1364 5137; x_wconf 87' lang='lat' dir='ltr'><strong>catalogi;</strong></span> <span class='ocrx_word' id='word_1_656' title='bbox 1390 5066 1694 5138; x_wconf 87' lang='lat' dir='ltr'><strong>Dialogum</strong></span> <span class='ocrx_word' id='word_1_657' title='bbox 1720 5067 1980 5123; x_wconf 86' lang='lat' dir='ltr'><strong>Macedo-</strong></span> 
     </span>
    </p>
   </div>
   <div class='ocr_carea' id='block_1_99' title="bbox 334 5149 1979 5226">
    <p class='ocr_par' dir='ltr' id='par_1_99' title="bbox 334 5149 1979 5226">
     <span class='ocr_line' id='line_1_99' title="bbox 334 5149 1979 5226; baseline 0.006 -24"><span class='ocrx_word' id='word_1_658' title='bbox 334 5169 362 5202; x_wconf 74' lang='grc' dir='ltr'><strong><em>α</em></strong></span> <span class='ocrx_word' id='word_1_659' title='bbox 393 5149 560 5205; x_wconf 91' lang='lat' dir='ltr'><strong>nium</strong></span> <span class='ocrx_word' id='word_1_660' title='bbox 582 5153 692 5206; x_wconf 85' lang='lat' dir='ltr'><strong>sive</strong></span> <span class='ocrx_word' id='word_1_661' title='bbox 722 5152 800 5207; x_wconf 87' lang='lat' dir='ltr'><strong>De</strong></span> <span class='ocrx_word' id='word_1_662' title='bbox 818 5152 1131 5220; x_wconf 84' lang='lat' dir='ltr'><strong>felicitate;</strong></span> <span class='ocrx_word' id='word_1_663' title='bbox 1159 5154 1347 5209; x_wconf 89' lang='lat' dir='ltr'><strong>Vitam</strong></span> <span class='ocrx_word' id='word_1_664' title='bbox 1376 5154 1680 5223; x_wconf 90' lang='lat' dir='ltr'><strong>Theodoti,</strong></span> <span class='ocrx_word' id='word_1_665' title='bbox 1715 5155 1979 5226; x_wconf 89' lang='lat' dir='ltr'><strong>philoso-</strong></span> 
     </span>
    </p>
   </div>
   <div class='ocr_carea' id='block_1_100' title="bbox 332 5240 1976 5316">
    <p class='ocr_par' dir='ltr' id='par_1_100' title="bbox 332 5240 1976 5316">
     <span class='ocr_line' id='line_1_100' title="bbox 332 5240 1976 5316; baseline 0.006 -25"><span class='ocrx_word' id='word_1_666' title='bbox 332 5259 361 5290; x_wconf 86' lang='lat'><strong>«</strong></span> <span class='ocrx_word' id='word_1_667' title='bbox 393 5240 519 5312; x_wconf 89' lang='lat' dir='ltr'><strong>phi,</strong></span> <span class='ocrx_word' id='word_1_668' title='bbox 553 5240 721 5297; x_wconf 91' lang='lat' dir='ltr'><strong>libris</strong></span> <span class='ocrx_word' id='word_1_669' title='bbox 742 5243 818 5297; x_wconf 86' lang='lat' dir='ltr'><strong>Ill</strong></span> <span class='ocrx_word' id='word_1_670' title='bbox 842 5260 856 5310; x_wconf 90' lang='lat'><strong><em>;</em></strong></span> <span class='ocrx_word' id='word_1_671' title='bbox 891 5244 1231 5299; x_wconf 90' lang='lat' dir='ltr'><strong>Orationem</strong></span> <span class='ocrx_word' id='word_1_672' title='bbox 1262 5244 1674 5312; x_wconf 88' lang='lat' dir='ltr'><strong>consularem;</strong></span> <span class='ocrx_word' id='word_1_673' title='bbox 1700 5247 1976 5316; x_wconf 80' lang='lat' dir='ltr'><strong>prosaice,</strong></span> 
     </span>
    </p>
   </div>
   <div class='ocr_carea' id='block_1_101' title="bbox 332 5327 1993 5406">
    <p class='ocr_par' dir='ltr' id='par_1_101' title="bbox 332 5327 1993 5406">
     <span class='ocr_line' id='line_1_101' title="bbox 332 5327 1993 5406; baseline 0.004 -23"><span class='ocrx_word' id='word_1_674' title='bbox 332 5349 361 5383; x_wconf 73' lang='grc' dir='ltr'><strong><em>α</em></strong></span> <span class='ocrx_word' id='word_1_675' title='bbox 387 5327 448 5384; x_wconf 81' lang='lat' dir='ltr'><strong>in</strong></span> <span class='ocrx_word' id='word_1_676' title='bbox 468 5332 861 5401; x_wconf 71' lang='lat' dir='ltr'><strong>Iustinianum,</strong></span> <span class='ocrx_word' id='word_1_677' title='bbox 885 5335 1020 5403; x_wconf 86' lang='lat' dir='ltr'><strong>imp.</strong></span> <span class='ocrx_word' id='word_1_678' title='bbox 1045 5333 1385 5389; x_wconf 88' lang='lat' dir='ltr'><strong>Orationem</strong></span> <span class='ocrx_word' id='word_1_679' title='bbox 1408 5333 1479 5388; x_wconf 88' lang='lat' dir='ltr'><strong>de</strong></span> <span class='ocrx_word' id='word_1_680' title='bbox 1505 5336 1723 5406; x_wconf 83' lang='lat' dir='ltr'><strong>Regno,</strong></span> <span class='ocrx_word' id='word_1_681' title='bbox 1748 5337 1803 5389; x_wconf 88' lang='lat' dir='ltr'><strong>in</strong></span> <span class='ocrx_word' id='word_1_682' title='bbox 1827 5330 1993 5389; x_wconf 53' lang='lat' dir='ltr'><strong>eum-5</strong></span> 
     </span>
    </p>
   </div>
   <div class='ocr_carea' id='block_1_102' title="bbox 330 5418 1836 5494">
    <p class='ocr_par' dir='ltr' id='par_1_102' title="bbox 330 5418 1836 5494">
     <span class='ocr_line' id='line_1_102' title="bbox 330 5418 1836 5494; baseline 0.006 -23"><span class='ocrx_word' id='word_1_683' title='bbox 330 5439 361 5470; x_wconf 71' lang='grc' dir='ltr'><strong>α</strong></span> <span class='ocrx_word' id='word_1_684' title='bbox 388 5418 546 5486; x_wconf 86' lang='lat' dir='ltr'><strong>dem;</strong></span> <span class='ocrx_word' id='word_1_685' title='bbox 581 5422 660 5476; x_wconf 89' lang='lat' dir='ltr'><strong>De</strong></span> <span class='ocrx_word' id='word_1_686' title='bbox 692 5422 990 5477; x_wconf 89' lang='lat' dir='ltr'><strong>mensium</strong></span> <span class='ocrx_word' id='word_1_687' title='bbox 1022 5423 1480 5494; x_wconf 88' lang='lat' dir='ltr'><strong>permutatione,</strong></span> <span class='ocrx_word' id='word_1_688' title='bbox 1518 5446 1545 5472; x_wconf 84' lang='grc'><strong>››</strong></span> <span class='ocrx_word' id='word_1_689' title='bbox 1576 5424 1836 5480; x_wconf 81' lang='lat' dir='ltr'><strong>versibus.</strong></span> 
     </span>
    </p>
   </div>
   <div class='ocr_carea' id='block_1_103' title="bbox 399 5508 1976 5586">
    <p class='ocr_par' dir='ltr' id='par_1_103' title="bbox 399 5508 1976 5586">
     <span class='ocr_line' id='line_1_103' title="bbox 399 5508 1976 5586; baseline 0.005 -24"><span class='ocrx_word' id='word_1_690' title='bbox 399 5508 710 5566; x_wconf 90' lang='lat' dir='ltr'><strong>Tribunus.</strong></span> <span class='ocrx_word' id='word_1_691' title='bbox 776 5512 879 5567; x_wconf 89' lang='lat' dir='ltr'><strong>Hic</strong></span> <span class='ocrx_word' id='word_1_692' title='bbox 920 5516 1185 5583; x_wconf 89' lang='lat' dir='ltr'><strong>tempore</strong></span> <span class='ocrx_word' id='word_1_693' title='bbox 1241 5511 1518 5568; x_wconf 87' lang='lat' dir='ltr'><strong>Chosrois</strong></span> <span class='ocrx_word' id='word_1_694' title='bbox 1565 5514 1727 5577; x_wconf 84' lang='lat' dir='ltr'><strong>vixit,</strong></span> <span class='ocrx_word' id='word_1_695' title='bbox 1759 5530 1976 5586; x_wconf 87' lang='lat' dir='ltr'><strong>genere</strong></span> 
     </span>
    </p>
   </div>
   <div class='ocr_carea' id='block_1_104' title="bbox 328 5598 1974 5667">
    <p class='ocr_par' dir='ltr' id='par_1_104' title="bbox 328 5598 1974 5667">
     <span class='ocr_line' id='line_1_104' title="bbox 328 5598 1974 5667; baseline 0.002 -12"><span class='ocrx_word' id='word_1_696' title='bbox 328 5598 701 5667; x_wconf 79' lang='lat' dir='ltr'><strong>Palaestinas,</strong></span> <span class='ocrx_word' id='word_1_697' title='bbox 728 5604 815 5658; x_wconf 88' lang='lat' dir='ltr'><strong>vir</strong></span> <span class='ocrx_word' id='word_1_698' title='bbox 835 5603 1103 5660; x_wconf 91' lang='lat' dir='ltr'><strong>eruditus</strong></span> <span class='ocrx_word' id='word_1_699' title='bbox 1126 5607 1186 5658; x_wconf 91' lang='lat' dir='ltr'><strong>et</strong></span> <span class='ocrx_word' id='word_1_700' title='bbox 1203 5608 1328 5658; x_wconf 88' lang='lat' dir='ltr'><strong>arte</strong></span> <span class='ocrx_word' id='word_1_701' title='bbox 1352 5602 1580 5659; x_wconf 90' lang='lat' dir='ltr'><strong>medica</strong></span> <span class='ocrx_word' id='word_1_702' title='bbox 1596 5603 1747 5658; x_wconf 89' lang='lat' dir='ltr'><strong>nulli</strong></span> <span class='ocrx_word' id='word_1_703' title='bbox 1765 5620 1974 5660; x_wconf 87' lang='lat' dir='ltr'><strong>secun-</strong></span> 
     </span>
    </p>
   </div>
   <div class='ocr_carea' id='block_1_105' title="bbox 328 5687 1975 5766">
    <p class='ocr_par' dir='ltr' id='par_1_105' title="bbox 328 5687 1975 5766">
     <span class='ocr_line' id='line_1_105' title="bbox 328 5687 1975 5766; baseline 0.004 -22"><span class='ocrx_word' id='word_1_704' title='bbox 328 5687 487 5761; x_wconf 87' lang='lat' dir='ltr'><strong>dus;</strong></span> <span class='ocrx_word' id='word_1_705' title='bbox 521 5691 807 5766; x_wconf 83' lang='lat' dir='ltr'><strong>singulari</strong></span> <span class='ocrx_word' id='word_1_706' title='bbox 866 5693 1024 5750; x_wconf 90' lang='lat' dir='ltr'><strong>idem</strong></span> <span class='ocrx_word' id='word_1_707' title='bbox 1072 5692 1477 5750; x_wconf 83' lang='lat' dir='ltr'><strong>moderatione</strong></span> <span class='ocrx_word' id='word_1_708' title='bbox 1545 5699 1604 5749; x_wconf 91' lang='lat' dir='ltr'><strong>et</strong></span> <span class='ocrx_word' id='word_1_709' title='bbox 1650 5693 1868 5766; x_wconf 88' lang='lat' dir='ltr'><strong>pietate</strong></span> <span class='ocrx_word' id='word_1_710' title='bbox 1911 5694 1975 5751; x_wconf 87' lang='lat' dir='ltr'><strong>in</strong></span> 
     </span>
    </p>
   </div>
   <div class='ocr_carea' id='block_1_106' title="bbox 2092 4701 3729 4776">
    <p class='ocr_par' dir='ltr' id='par_1_106' title="bbox 2092 4701 3729 4776">
     <span class='ocr_line' id='line_1_106' title="bbox 2092 4701 3729 4776; baseline -0.002 -19"><span class='ocrx_word' id='word_1_711' title='bbox 2092 4729 2114 4757; x_wconf 78' lang='grc' dir='ltr'>α</span> <span class='ocrx_word' id='word_1_712' title='bbox 2142 4707 2221 4760; x_wconf 93' lang='lat' dir='ltr'><strong>De</strong></span> <span class='ocrx_word' id='word_1_713' title='bbox 2240 4704 2629 4776; x_wconf 83' lang='lat' dir='ltr'><strong>Hippodamia</strong></span> <span class='ocrx_word' id='word_1_714' title='bbox 2652 4720 2666 4769; x_wconf 89' lang='lat'><strong>;</strong></span> <span class='ocrx_word' id='word_1_715' title='bbox 2691 4702 3011 4773; x_wconf 82' lang='lat' dir='ltr'><strong>Odysseam</strong></span> <span class='ocrx_word' id='word_1_716' title='bbox 3043 4701 3345 4773; x_wconf 78' lang='lat' dir='ltr'><strong>littera(2‘.)</strong></span> <span class='ocrx_word' id='word_1_717' title='bbox 3369 4708 3674 4759; x_wconf 70' lang='lat' dir='ltr'><strong>carentem</strong></span> <span class='ocrx_word' id='word_1_718' title='bbox 3701 4726 3729 4754; x_wconf 77' lang='grc' dir='ltr'><strong>υ</strong></span> 
     </span>
    </p>
   </div>
   <div class='ocr_carea' id='block_1_107' title="bbox 2086 4790 3737 4862">
    <p class='ocr_par' dir='ltr' id='par_1_107' title="bbox 2086 4790 3737 4862">
     <span class='ocr_line' id='line_1_107' title="bbox 2086 4790 3737 4862; baseline -0.001 -12"><span class='ocrx_word' id='word_1_719' title='bbox 2086 4796 2306 4851; x_wconf 89' lang='lat' dir='ltr'><strong>Poema</strong></span> <span class='ocrx_word' id='word_1_720' title='bbox 2336 4794 2408 4850; x_wconf 89' lang='lat' dir='ltr'><strong>de</strong></span> <span class='ocrx_word' id='word_1_721' title='bbox 2441 4791 2745 4849; x_wconf 90' lang='lat' dir='ltr'><strong>laboribus</strong></span> <span class='ocrx_word' id='word_1_722' title='bbox 2782 4790 3026 4862; x_wconf 83' lang='lat' dir='ltr'><strong>Ulyssis,</strong></span> <span class='ocrx_word' id='word_1_723' title='bbox 3059 4795 3119 4845; x_wconf 89' lang='lat' dir='ltr'><strong>et</strong></span> <span class='ocrx_word' id='word_1_724' title='bbox 3150 4790 3223 4845; x_wconf 90' lang='lat' dir='ltr'><strong>iis</strong></span> <span class='ocrx_word' id='word_1_725' title='bbox 3254 4807 3387 4862; x_wconf 66' lang='lat' dir='ltr'><strong>qua:</strong></span> <span class='ocrx_word' id='word_1_726' title='bbox 3415 4791 3631 4847; x_wconf 79' lang='lat' dir='ltr'><strong>fabulae</strong></span> <span class='ocrx_word' id='word_1_727' title='bbox 3664 4792 3737 4849; x_wconf 89' lang='lat' dir='ltr'><strong>de</strong></span> 
     </span>
    </p>
   </div>
   <div class='ocr_carea' id='block_1_108' title="bbox 2088 4882 2491 4939">
    <p class='ocr_par' dir='ltr' id='par_1_108' title="bbox 2088 4882 2491 4939">
     <span class='ocr_line' id='line_1_108' title="bbox 2088 4882 2491 4939; baseline -0.005 -1"><span class='ocrx_word' id='word_1_728' title='bbox 2088 4883 2194 4938; x_wconf 88' lang='lat' dir='ltr'><strong>illo</strong></span> <span class='ocrx_word' id='word_1_729' title='bbox 2228 4882 2491 4939; x_wconf 88' lang='lat' dir='ltr'><strong>tradunt.</strong></span> 
     </span>
    </p>
   </div>
   <div class='ocr_carea' id='block_1_109' title="bbox 2157 4970 3736 5047">
    <p class='ocr_par' dir='ltr' id='par_1_109' title="bbox 2157 4970 3736 5047">
     <span class='ocr_line' id='line_1_109' title="bbox 2157 4970 3736 5047; baseline -0.001 -17"><span class='ocrx_word' id='word_1_730' title='bbox 2157 4973 2452 5047; x_wconf 81' lang='lat' dir='ltr'><strong>Trypbod,</strong></span> <span class='ocrx_word' id='word_1_731' title='bbox 2482 4971 2781 5027; x_wconf 89' lang='lat' dir='ltr'><strong>Ammonii</strong></span> <span class='ocrx_word' id='word_1_732' title='bbox 2808 4972 2893 5038; x_wconf 90' lang='lat' dir='ltr'><strong>F,.</strong></span> <span class='ocrx_word' id='word_1_733' title='bbox 2916 4970 3372 5043; x_wconf 84' lang='lat' dir='ltr'><strong>Alexandrinus,</strong></span> <span class='ocrx_word' id='word_1_734' title='bbox 3394 4975 3736 5043; x_wconf 76' lang='lat' dir='ltr'><strong>grammati-</strong></span> 
     </span>
    </p>
   </div>
   <div class='ocr_carea' id='block_1_110' title="bbox 2087 5059 3733 5135">
    <p class='ocr_par' dir='ltr' id='par_1_110' title="bbox 2087 5059 3733 5135">
     <span class='ocr_line' id='line_1_110' title="bbox 2087 5059 3733 5135; baseline -0.001 -16"><span class='ocrx_word' id='word_1_735' title='bbox 2087 5080 2191 5120; x_wconf 88' lang='lat' dir='ltr'><strong>cus</strong></span> <span class='ocrx_word' id='word_1_736' title='bbox 2221 5068 2280 5119; x_wconf 90' lang='lat' dir='ltr'><strong>et</strong></span> <span class='ocrx_word' id='word_1_737' title='bbox 2308 5067 2501 5135; x_wconf 87' lang='lat' dir='ltr'><strong>poeta,</strong></span> <span class='ocrx_word' id='word_1_738' title='bbox 2535 5061 2635 5132; x_wconf 88' lang='lat' dir='ltr'><strong>qui</strong></span> <span class='ocrx_word' id='word_1_739' title='bbox 2665 5060 2807 5115; x_wconf 84' lang='lat' dir='ltr'><strong>vixit</strong></span> <span class='ocrx_word' id='word_1_740' title='bbox 2836 5059 3082 5133; x_wconf 81' lang='lat' dir='ltr'><strong>Augusti</strong></span> <span class='ocrx_word' id='word_1_741' title='bbox 3108 5061 3470 5133; x_wconf 89' lang='lat' dir='ltr'><strong>temporibus</strong></span> <span class='ocrx_word' id='word_1_742' title='bbox 3500 5068 3558 5117; x_wconf 90' lang='lat' dir='ltr'><strong>et</strong></span> <span class='ocrx_word' id='word_1_743' title='bbox 3576 5068 3733 5118; x_wconf 89' lang='lat' dir='ltr'><strong>ante.</strong></span> 
     </span>
    </p>
   </div>
   <div class='ocr_carea' id='block_1_111' title="bbox 2089 5149 3736 5225">
    <p class='ocr_par' dir='ltr' id='par_1_111' title="bbox 2089 5149 3736 5225">
     <span class='ocr_line' id='line_1_111' title="bbox 2089 5149 3736 5225; baseline -0.002 -16"><span class='ocrx_word' id='word_1_744' title='bbox 2089 5153 2385 5225; x_wconf 83' lang='lat' dir='ltr'><strong>Scripsit«</strong></span> <span class='ocrx_word' id='word_1_745' title='bbox 2410 5153 2490 5206; x_wconf 91' lang='lat' dir='ltr'><strong>De</strong></span> <span class='ocrx_word' id='word_1_746' title='bbox 2510 5150 2857 5223; x_wconf 89' lang='lat' dir='ltr'><strong>pleonasmo</strong></span> <span class='ocrx_word' id='word_1_747' title='bbox 2890 5149 3304 5218; x_wconf 90' lang='lat' dir='ltr'><strong>dialectorum,</strong></span> <span class='ocrx_word' id='word_1_748' title='bbox 3338 5167 3470 5222; x_wconf 68' lang='lat' dir='ltr'><strong>qua)</strong></span> <span class='ocrx_word' id='word_1_749' title='bbox 3503 5158 3645 5207; x_wconf 88' lang='lat' dir='ltr'><strong>sunt</strong></span> <span class='ocrx_word' id='word_1_750' title='bbox 3673 5152 3736 5206; x_wconf 90' lang='lat' dir='ltr'><strong>in</strong></span> 
     </span>
    </p>
   </div>
   <div class='ocr_carea' id='block_1_112' title="bbox 2087 5238 3740 5314">
    <p class='ocr_par' dir='ltr' id='par_1_112' title="bbox 2087 5238 3740 5314">
     <span class='ocr_line' id='line_1_112' title="bbox 2087 5238 3740 5314; baseline 0.001 -20"><span class='ocrx_word' id='word_1_751' title='bbox 2087 5266 2113 5294; x_wconf 84' lang='lat'><strong>«</strong></span> <span class='ocrx_word' id='word_1_752' title='bbox 2148 5242 2367 5298; x_wconf 67' lang='grc' dir='ltr'><strong>Αἰοιίοα</strong></span> <span class='ocrx_word' id='word_1_753' title='bbox 2382 5241 2603 5314; x_wconf 87' lang='lat' dir='ltr'><strong>lingua,</strong></span> <span class='ocrx_word' id='word_1_754' title='bbox 2628 5238 2811 5294; x_wconf 90' lang='lat' dir='ltr'><strong>libros</strong></span> <span class='ocrx_word' id='word_1_755' title='bbox 2834 5238 2962 5305; x_wconf 86' lang='lat' dir='ltr'><strong>XII;</strong></span> <span class='ocrx_word' id='word_1_756' title='bbox 2998 5239 3076 5295; x_wconf 90' lang='lat' dir='ltr'><strong>De</strong></span> <span class='ocrx_word' id='word_1_757' title='bbox 3110 5238 3400 5307; x_wconf 89' lang='lat' dir='ltr'><strong>dialectis,</strong></span> <span class='ocrx_word' id='word_1_758' title='bbox 3429 5257 3561 5311; x_wconf 65' lang='lat' dir='ltr'><strong>qua</strong></span> <span class='ocrx_word' id='word_1_759' title='bbox 3600 5245 3740 5296; x_wconf 87' lang='lat' dir='ltr'><strong>sunt</strong></span> 
     </span>
    </p>
   </div>
   <div class='ocr_carea' id='block_1_113' title="bbox 2090 5328 3737 5405">
    <p class='ocr_par' dir='ltr' id='par_1_113' title="bbox 2090 5328 3737 5405">
     <span class='ocr_line' id='line_1_113' title="bbox 2090 5328 3737 5405; baseline 0.001 -22"><span class='ocrx_word' id='word_1_760' title='bbox 2090 5355 2117 5383; x_wconf 90' lang='grc'><strong>‹‹</strong></span> <span class='ocrx_word' id='word_1_761' title='bbox 2133 5331 2289 5405; x_wconf 90' lang='lat' dir='ltr'><strong>apud</strong></span> <span class='ocrx_word' id='word_1_762' title='bbox 2304 5333 2624 5386; x_wconf 88' lang='lat' dir='ltr'><strong>Homerum</strong></span> <span class='ocrx_word' id='word_1_763' title='bbox 2643 5334 2701 5384; x_wconf 88' lang='lat' dir='ltr'><strong>et</strong></span> <span class='ocrx_word' id='word_1_764' title='bbox 2723 5328 3087 5384; x_wconf 91' lang='lat' dir='ltr'><strong>Simonidem</strong></span> <span class='ocrx_word' id='word_1_765' title='bbox 3109 5333 3168 5384; x_wconf 91' lang='lat' dir='ltr'><strong>et</strong></span> <span class='ocrx_word' id='word_1_766' title='bbox 3182 5328 3505 5384; x_wconf 89' lang='lat' dir='ltr'><strong>Pindarum</strong></span> <span class='ocrx_word' id='word_1_767' title='bbox 3523 5335 3584 5384; x_wconf 90' lang='lat' dir='ltr'><strong>et</strong></span> <span class='ocrx_word' id='word_1_768' title='bbox 3600 5329 3737 5385; x_wconf 84' lang='lat' dir='ltr'><strong>Ale-</strong></span> 
     </span>
    </p>
   </div>
   <div class='ocr_carea' id='block_1_114' title="bbox 2089 5416 3737 5491">
    <p class='ocr_par' dir='ltr' id='par_1_114' title="bbox 2089 5416 3737 5491">
     <span class='ocr_line' id='line_1_114' title="bbox 2089 5416 3737 5491; baseline -0.002 -18"><span class='ocrx_word' id='word_1_769' title='bbox 2089 5444 2116 5473; x_wconf 76' lang='grc' dir='ltr'><strong>ι‹</strong></span> <span class='ocrx_word' id='word_1_770' title='bbox 2151 5438 2389 5478; x_wconf 91' lang='lat' dir='ltr'><strong>manem</strong></span> <span class='ocrx_word' id='word_1_771' title='bbox 2441 5420 2707 5491; x_wconf 89' lang='lat' dir='ltr'><strong>aliosque</strong></span> <span class='ocrx_word' id='word_1_772' title='bbox 2768 5418 3014 5491; x_wconf 88' lang='lat' dir='ltr'><strong>lyricos;</strong></span> <span class='ocrx_word' id='word_1_773' title='bbox 3064 5418 3144 5472; x_wconf 92' lang='lat' dir='ltr'><strong>De</strong></span> <span class='ocrx_word' id='word_1_774' title='bbox 3189 5416 3552 5472; x_wconf 84' lang='lat' dir='ltr'><strong>Hellenismo</strong></span> <span class='ocrx_word' id='word_1_775' title='bbox 3582 5416 3737 5491; x_wconf 80' lang='grc' dir='ltr'>(Περὶ</span> 
     </span>
    </p>
   </div>
   <div class='ocr_carea' id='block_1_115' title="bbox 2087 5504 3735 5582">
    <p class='ocr_par' dir='ltr' id='par_1_115' title="bbox 2087 5504 3735 5582">
     <span class='ocr_line' id='line_1_115' title="bbox 2087 5504 3735 5582; baseline 0.001 -19"><span class='ocrx_word' id='word_1_776' title='bbox 2087 5536 2115 5563; x_wconf 89' lang='grc'><strong>‹‹</strong></span> <span class='ocrx_word' id='word_1_777' title='bbox 2145 5518 2245 5580; x_wconf 82' lang='grc' dir='ltr'><strong>τῆς</strong></span> <span class='ocrx_word' id='word_1_778' title='bbox 2272 5508 2558 5581; x_wconf 64' lang='grc' dir='ltr'>Ἑλλήνων</span> <span class='ocrx_word' id='word_1_779' title='bbox 2607 5504 2918 5582; x_wconf 69' lang='grc' dir='ltr'>διαλέκτου)</span> <span class='ocrx_word' id='word_1_780' title='bbox 2970 5512 3028 5562; x_wconf 84' lang='lat' dir='ltr'><strong>et</strong></span> <span class='ocrx_word' id='word_1_781' title='bbox 3082 5506 3337 5563; x_wconf 83' lang='lat' dir='ltr'><strong>dialecto</strong></span> <span class='ocrx_word' id='word_1_782' title='bbox 3367 5506 3735 5578; x_wconf 79' lang='lat' dir='ltr'><strong>Argivorum,</strong></span> 
     </span>
    </p>
   </div>
   <div class='ocr_carea' id='block_1_116' title="bbox 2086 5594 3733 5673">
    <p class='ocr_par' dir='ltr' id='par_1_116' title="bbox 2086 5594 3733 5673">
     <span class='ocr_line' id='line_1_116' title="bbox 2086 5594 3733 5673; baseline -0.001 -20"><span class='ocrx_word' id='word_1_783' title='bbox 2086 5624 2115 5653; x_wconf 86' lang='grc'><strong>‹‹</strong></span> <span class='ocrx_word' id='word_1_784' title='bbox 2150 5602 2624 5673; x_wconf 86' lang='lat' dir='ltr'><strong>Himerogorum,</strong></span> <span class='ocrx_word' id='word_1_785' title='bbox 2656 5599 3080 5673; x_wconf 82' lang='lat' dir='ltr'><strong>Hheginorum,</strong></span> <span class='ocrx_word' id='word_1_786' title='bbox 3131 5594 3512 5651; x_wconf 89' lang='lat' dir='ltr'><strong>Doriensium</strong></span> <span class='ocrx_word' id='word_1_787' title='bbox 3546 5601 3604 5650; x_wconf 89' lang='lat' dir='ltr'><strong>et</strong></span> <span class='ocrx_word' id='word_1_788' title='bbox 3629 5597 3733 5670; x_wconf 88' lang='lat' dir='ltr'><strong>Sy-</strong></span> 
     </span>
    </p>
   </div>
   <div class='ocr_carea' id='block_1_117' title="bbox 2087 5682 3732 5759">
    <p class='ocr_par' dir='ltr' id='par_1_117' title="bbox 2087 5682 3732 5759">
     <span class='ocr_line' id='line_1_117' title="bbox 2087 5682 3732 5759; baseline -0.004 -12"><span class='ocrx_word' id='word_1_789' title='bbox 2087 5713 2114 5747; x_wconf 71' lang='grc' dir='ltr'>ι</span> <span class='ocrx_word' id='word_1_790' title='bbox 2148 5706 2495 5749; x_wconf 89' lang='lat' dir='ltr'><strong>racusorum</strong></span> <span class='ocrx_word' id='word_1_791' title='bbox 2525 5706 2540 5759; x_wconf 87' lang='lat'><strong>;</strong></span> <span class='ocrx_word' id='word_1_792' title='bbox 2574 5690 2653 5744; x_wconf 91' lang='lat' dir='ltr'><strong>De</strong></span> <span class='ocrx_word' id='word_1_793' title='bbox 2684 5687 3077 5744; x_wconf 84' lang='lat' dir='ltr'><strong>inﬂexionum</strong></span> <span class='ocrx_word' id='word_1_794' title='bbox 3107 5682 3385 5757; x_wconf 87' lang='lat' dir='ltr'><strong>analogia</strong></span> <span class='ocrx_word' id='word_1_795' title='bbox 3404 5682 3621 5741; x_wconf 91' lang='lat' dir='ltr'><strong>librum</strong></span> <span class='ocrx_word' id='word_1_796' title='bbox 3654 5687 3678 5741; x_wconf 91' lang='grc' dir='ltr'>Ι</span> <span class='ocrx_word' id='word_1_797' title='bbox 3714 5710 3732 5757; x_wconf 80' lang='lat'><strong>;</strong></span> 
     </span>
    </p>
   </div>
  </div>
