4086 6212
323 294 485 357 1367

1635 283 1875 348 INDEX
1921 279 2431 347 SGRIPTORUM

3587 277 3754 339 1368

330 447 353 478 ι
387 430 468 486 De
497 427 642 483 recti
673 442 846 483 casus
876 424 1150 498 analogia
1176 442 1191 493 ;
1228 426 1309 481 De
1341 420 1689 479 nominibus
1738 431 1978 489 compa-

2124 418 2363 486 temque
2388 413 2544 484 Μὲλη
2575 413 3007 486 πολεμιστήρια,
3039 414 3300 469 Carmina
3332 411 3549 478 bellica,
3572 411 3754 467 libris

326 542 356 570 «
390 518 592 575 rativis
618 516 838 573 librum
870 517 893 570 Ι
919 533 934 583 ;
964 517 1047 570 De
1077 512 1629 586 monosyllaborum
1669 507 1981 579 analogia;

341 632 369 660 ιι
404 610 484 665 De
517 604 829 663 nominum
860 603 1303 660 characteribus
1334 603 1554 658 librum
1586 603 1648 670 I;
1679 601 1759 655 De
1790 596 1988 651 verbo-

337 721 365 752 «
395 716 531 756 rum
561 696 999 771 gravitonorum
1022 693 1313 768 analogia,
1344 693 1561 748 librum
1591 693 1652 756 I;
1684 692 1763 745 De
1792 686 1986 743 verbis

339 813 368 842 «
400 789 716 853 encliticis,
748 788 1077 853 inﬁnitivis,
1103 786 1487 859 imperativis,
1509 784 1804 856 optativis,
1827 783 1991 839 deni-

338 903 366 929 ‹‹
396 895 513 951 que
542 876 819 935 omnibus
847 895 862 944 ;
888 878 968 933 De
998 876 1420 949 orthographia
1448 881 1508 931 et
1537 876 1609 930 iis
1655 891 1788 946 quis
1828 874 1890 929 in
1920 888 1991 928 ea

342 990 369 1021 α
400 972 787 1041 quaaruntur;
820 967 902 1022 De
925 966 1232 1039 spiritibus
1255 972 1314 1022 et
1333 965 1518 1038 tropis
1542 982 1556 1031 ;
1582 987 1611 1016 ››
1637 970 1696 1020 et
1719 964 1835 1019 alia
1857 980 1989 1035 quas

338 1062 652 1114 enumerat
679 1058 911 1111 Kuster.
946 1056 1008 1110 in
1038 1061 1179 1112 nota
1208 1057 1263 1123 3,
1295 1060 1440 1111 tom.
1474 1054 1571 1115 IlI,
1604 1071 1660 1126 p.
1694 1055 1819 1109 513.

406 1145 728 1219 Tyrannio,
759 1144 1113 1217 Epicratidis
1156 1149 1215 1199 et
1258 1144 1501 1209 Lindiaa,
1552 1142 1989 1210 Alexandrinas,

336 1237 423 1305 F.,
445 1234 894 1305 Amisenus,qui
915 1233 1189 1306 Corymbi
1212 1232 1682 1304 nuncupabatur.
1708 1232 1864 1287 Vixit
1883 1230 1992 1286 sub

338 1323 622 1396 Pompeio
653 1324 859 1395 Magno
891 1328 950 1378 et
979 1328 1139 1392 ante,
1163 1322 1490 1394 discipulos
1547 1338 1681 1377 cum
1712 1321 1990 1388 aliorum,

341 1420 467 1468 tum
499 1412 677 1468 etiam
700 1411 977 1476 sttiaai,
1001 1412 1287 1478 Amiseni,
1307 1427 1341 1466 a
1359 1428 1475 1483 quo
1495 1412 1673 1467 etiam
1695 1411 1992 1482 Tyrannio

343 1501 540 1557 dictus
570 1505 678 1567 est,
709 1499 868 1571 quod
893 1500 1336 1572 condiscipulos
1358 1501 1702 1572 exagitaret,
1727 1516 1861 1555 cum
1887 1516 1994 1554 an-

2093 503 2155 558 V.
2189 504 2621 560 Lacedaemonii
2647 506 3013 576 juraverant,
3029 520 3093 559 se
3110 503 3199 559 vel
3231 504 3561 557 Messanam
3594 518 3739 574 cap-

2090 595 2280 661 turos,
2311 593 2402 649 vel
2432 600 2685 650 mortem
2716 594 3102 666 appetituros.
3131 593 3279 647 Cum
3300 596 3499 646 autem
3530 607 3750 646 oracu-

2092 681 2218 736 lum
2253 683 2537 754 jussisset
2591 683 2803 739 ducem
2860 682 2933 738 ab
2992 680 3456 737 Atheniensibus
3516 686 3749 752 petere,

2092 771 2407 843 Tyrtaaum,
2438 778 2698 844 poetam,
2729 773 3037 828 hominem
3065 770 3344 826 claudum
3366 770 3440 825 ab
3469 771 3545 825 iis
3574 786 3755 825 acce-

2094 865 2332 932 perunt,
2365 862 2465 933 qui
2500 861 2574 917 ad
2602 862 2877 917 virtutem
2908 878 3011 917 eos
3041 859 3432 929 cohortando,
3464 859 3750 914 vicesimo

2094 965 2253 1005 anno
2285 951 2613 1006 Messanam
2656 951 2854 1021 cepit:
2889 966 3067 1022 quam
3126 948 3559 1005 Lacedaemonii
3621 947 3754 1003 solo

2095 1044 2427 1110 aequarunt,
2459 1044 2520 1095 et
2546 1039 2806 1112 captivos
2838 1040 2995 1095 inter
3016 1038 3253 1094 Helotas
3282 1037 3639 1093 retulerunt.

2172 1226 2482 1298 Ulpianus,
2514 1228 2863 1293 Emesenus,
2889 1226 3177 1298 sophista.
3212 1225 3464 1296 Scripsit
3491 1246 3519 1273 ει
3546 1225 3621 1279 De
3646 1239 3759 1296 pa-

2098 1336 2126 1365 ‹‹
2162 1316 2300 1383 tria,
2330 1318 2581 1383 Emesa;
2615 1317 2695 1372 De
2726 1315 3017 1387 Heliopoli
3043 1315 3158 1382 ;De
3188 1313 3515 1385 Bosporitis
3545 1319 3597 1368 et
3627 1313 3761 1368 aliis

2100 1406 2424 1474 «plurimis.
2457 1407 3020 1478 Progymnasmata:
3070 1406 3273 1459 Artem
3304 1403 3693 1459 rhetoricam.
3724 1424 3755 1453 υ

2174 1494 2482 1565 Ulpianus,
2504 1496 2912 1551 Antiochenus
2934 1494 3134 1566 Syrus.
3158 1492 3445 1564 sophista,
3464 1493 3567 1563 qui
3590 1493 3758 1564 prius

4028 940 4031 1143 ἱ

350 1595 446 1645 tea
473 1588 914 1659 Theophrastus
945 1589 1262 1644 diceretur.
1297 1591 1509 1644 Postea
1538 1590 1716 1644 etiam
1767 1589 1991 1660 Diony-
2100 1584 2325 1638 Emesse
2345 1583 2547 1639 docuit
2571 1584 2936 1655 temporibus
2968 1582 3523 1654 imp.Constantini.
3550 1581 3758 1635 Varias

348 1677 529 1745 sium,
559 1678 866 1743 Thracem,
901 1677 1089 1734 Rhodi
1111 1678 1301 1734 audiit
1324 1678 1693 1750 mmulusque
1734 1677 1849 1733 fuit
1875 1678 1995 1733 De-
2104 1672 2340 1744 scripsit
2396 1672 2717 1740 orationes,
2767 1671 3251 1740 declamationes,
3294 1670 3761 1742 disputationes,

347 1767 545 1825 metrii
575 1767 888 1840 Erythraai.
922 1767 1085 1824 Idem
1116 1770 1363 1824 Romam
1393 1769 1658 1840 captivus
1687 1784 1723 1825 a
1752 1767 1996 1823 Lucullo

2124 1754 2324 1833 tdyooc,
2384 1758 2639 1832 μελέτας,
2683 1757 2966 1833 διαλέξεις,
3000 1766 3061 1817 et
3086 1760 3205 1817 alia
3234 1760 3528 1832 quaedam.
3566 1760 3761 1828 [Hunc

347 1857 560 1915 ductus
590 1862 702 1924 est,
726 1873 862 1913 cum
892 1857 1312 1925 Mithridatem,
1336 1859 1714 1913 Ponticarum
1731 1858 1999 1930 gentium
2042 1850 2049 1851 ί
2110 1850 2430 1922 Ulpianum
2460 1855 2668 1907 Kuster
2696 1852 2758 1906 in
2792 1857 2935 1907 tom.
2967 1852 3019 1909 ll
3055 1894 3069 1919 ,
3128 1866 3257 1923 pag.
3292 1851 3415 1917 738,
3448 1854 3763 1905 auctorem

346 1961 571 2019 regem,
603 1944 706 2001 ille
741 1944 1120 2001 debellasset.
1148 1947 1349 2001 Romae
1382 1961 1514 2001 vere
1545 1945 1741 2000 clarus
1763 1949 1823 2000 et
1841 1944 2003 2001 dives

346 2036 559 2105 factus,
592 2035 882 2091 librorum
932 2035 1107 2090 etiam
1158 2034 1316 2090 ultra
1362 2035 1606 2107 triginta
1653 2034 1842 2089 millia
1888 2033 2002 2089 sibi

349 2129 727 2201 comparavit.
763 2128 952 2183 Senex
973 2127 1141 2195 obiit,
1164 2127 1425 2201 podagra
1449 2126 2001 2199 confectus,olymp.

350 2220 511 2285 CXX,
545 2235 703 2275 anno
736 2218 909 2273 tertio
963 2219 1132 2273 ΕΔΜ.
1162 2220 1374 2273 Kuster
1399 2218 1458 2272 in
1491 2223 1633 2272 nota
1661 2221 1712 2286 l,
1747 2222 1788 2271 t.
1819 2217 1917 2284 Ill,
1944 2233 2001 2288 p.

348 2308 477 2373 518,
514 2309 771 2380 primum
806 2313 990 2373 notat,
1032 2324 1314 2363 numeros
1371 2323 1499 2363 esse
1544 2306 1859 2362 manifesto
1921 2305 2006 2359 vi-

354 2397 551 2464 tiatos,
575 2398 714 2468 quia
729 2395 831 2450 diu
853 2403 986 2468 post
1006 2396 1173 2451 illam
1190 2395 1592 2467 Olympiadem
1616 2394 1931 2465 Pompeius
1948 2398 2007 2448 et

356 2486 656 2554 Lucullus,
690 2485 798 2540 sub
830 2503 947 2557 quo
971 2487 1266 2557 Tyrannio
1296 2486 1458 2551 vixit,
1491 2484 2007 2540 lloruissentHinc

357 2575 598 2649 corrigit
651 2570 990 2646 Ὀλυμπιάδι
1051 2574 1163 2647 ρπ’,
1232 2574 1293 2629 id
1349 2581 1441 2630 est
1491 2574 1693 2646 olymp.
1756 2575 2003 2630 CLXXX.

358 2664 582 2718 Deinde
640 2663 913 2718 observat
967 2664 1126 2718 hunc
1183 2663 1622 2735 Tyrannionem
1698 2663 2007 2735 scripsisse

357 2750 486 2823 Περὶ
544 2753 641 2804 τοῦ
696 2747 923 2804 σκολιοῦ
986 2748 1214 2825 μέτρου,
1272 2747 1303 2803 6'
1360 2749 1631 2823 προύτέθη
1694 2748 1838 2822 αὐτῴ
1905 2749 2008 2805 ὑπὸ

354 2838 521 2895 Γαὶου
552 2838 846 2913 Καίσαρος,
896 2844 1047 2895 teste
1098 2839 1421 2896 scholiasta
1471 2839 1885 2912 Aristophanis
1931 2840 2006 2896 ad

356 2931 570 2997 Ranas,
604 2946 656 2985 v.
694 2929 849 2983 1337.
882 2930 1032 2985 Num
1062 2944 1198 2984 vero
1213 2928 1311 2984 hic
1325 2929 1709 3000 Tyannio,an
1733 2929 1885 2985 alter
1909 2930 2006 2996 sit,

355 3018 527 3091 cujus
556 3017 780 3075 mentio
822 3022 1013 3074 exstat
1067 3017 1224 3090 apud
1273 3016 1660 3074 scholiastam
1708 3017 2007 3085 Nicandri,

357 3107 621 3165 eruditos
648 3107 950 3180 inquirere
974 3106 1166 3179 jubet.
1204 3106 1369 3164 Adde
1393 3123 1574 3180 supra
1623 3107 1687 3163 in
1729 3107 2003 3181 Catalogo
2043 3147 2087 3213 C

356 3198 882 3272 grammaticorum
913 3198 1249 3254 Graecorum
1277 3198 1337 3253 h.
1370 3215 1421 3252 v.
1456 3199 1631 3256 ΒΑΜ..

432 3288 730 3360 Tyrannio
754 3288 981 3361 junior,
1015 3288 1283 3357 Phoenix,
1316 3288 1672 3343 Artemidori
1704 3290 1792 3353 F.,
1831 3288 2010 3347 disci-

362 3376 541 3449 pulus
568 3377 962 3449 Tyrannionis
1001 3377 1276 3443 senioris,
1336 3377 1493 3432 unde
1552 3378 1730 3434 etiam
1790 3394 2011 3434 nomen

363 3465 521 3531 tulit,
548 3482 683 3523 cum
712 3472 888 3522 antea
917 3466 1149 3521 Diocles
1174 3471 1499 3522 vocaretur.
1555 3465 1802 3539 Captum
1854 3466 2011 3522 bello

366 3553 524 3610 inter
552 3556 876 3611 Antonium
908 3559 966 3610 et
1010 3556 1324 3623 Caesarem,
1379 3556 1699 3627 Dymantes
1745 3555 2010 3628 quidam,

366 3643 615 3698 Caesaris
644 3643 914 3713 libertus,
948 3642 1219 3699 redemit.
1252 3645 1464 3699 Postea
1491 3646 1800 3713 Terentia,
1849 3646 2009 3700 Cice-

363 3730 531 3785 ronis
561 3731 751 3799 uxori,
783 3731 1036 3786 donatus
1059 3736 1168 3799 est,
1188 3748 1223 3787 a
1244 3748 1359 3802 qua
1380 3733 2011 3801 manumissus,Romaa

364 3818 568 3874 docuit
595 3822 654 3873 et
681 3818 866 3874 libros
897 3819 1137 3890 scripsit
1166 3820 1409 3887 LXVIII,
1455 3837 1526 3876 ex
1557 3821 1774 3892 quibus
1833 3827 2008 3879 sunt:

365 3908 438 3962 De
475 3907 756 3962 Homerica
807 3907 1071 3978 prosodz'a
1094 3925 1117 3972 ;
1172 3908 1243 3962 De
1293 3910 1552 3978 partibus
1605 3913 1890 3980 orationis,
1950 3912 2012 3968 in

366 4011 483 4067 quo
513 3995 659 4052 dicit
682 3996 926 4052 nomina
963 3996 1206 4069 propria
1236 4013 1365 4053 esse
1418 3998 1743 4068 individua,
1793 4004 2013 4072 ’Ἃτομα

367 4082 498 4139 εἶναι
527 4083 597 4139 τὰ
624 4087 783 4159 κύρια
814 4084 1073 4157 ὀνόματα,
1104 4086 1459 4159 appellativa
1487 4105 1646 4157 vero,
1677 4089 2010 4163 primitiva;

369 4181 428 4232 et
450 4174 866 4249 participialia,
899 4175 1215 4233 derivativa
1238 4194 1252 4245 ;
1277 4178 1350 4233 De
1371 4177 1565 4248 lingua
1590 4181 1855 4246 Romana,
1880 4197 2012 4236 eam

367 4282 404 4322 a
427 4266 628 4321 Graeca
656 4264 973 4321 oriundam
1004 4281 1156 4322 esse.
1193 4285 1216 4314 ι
1249 4267 1557 4339 Antigenis
1586 4267 1874 4324 dialectus
1896 4271 2013 4325 Ro-

369 4378 399 4407 «
430 4373 609 4412 mana
630 4373 645 4423 ;
676 4356 1056 4412 Recentiores
1075 4356 1380 4429 poetaszab
1398 4358 1650 4414 Homero
1667 4359 2011 4428 dissentire;

240 4452 249 4458 '
338 4460 400 4497 ης
433 4446 884 4502 Enarrationem
916 4445 1253 4518 partitionis
1283 4448 1676 4519 Tyrannionis
1706 4448 2014 4520 (senioris);

373 4556 402 4585 ‹‹
433 4535 871 4591 Correctionem
900 4535 1307 4602 Homericam;
1339 4536 1851 4609 Orthographiam.

439 4623 761 4694 Tyrannio,
807 4625 1150 4691 Messenius,
1200 4625 1611 4697 philosophus.
1661 4626 1907 4697 Scripsit
1951 4626 2018 4682 li-

375 4713 497 4768 bros
525 4712 623 4777 IIl,
656 4713 729 4768 De
753 4713 1027 4784 auguriis.
1052 4715 1296 4770 Exstant
1317 4714 1491 4770 etalii
1511 4716 1640 4787 ejus
1658 4714 1795 4769 libri
1817 4715 2014 4771 utiles.

446 4803 775 4873 Tyrannus,
810 4803 1094 4874 sophista,
1127 4804 1366 4876 scripsit
1393 4827 1422 4855 «
1458 4804 1538 4859 De
1596 4804 1847 4860 statibus
1874 4820 2016 4859 cau-

377 4912 403 4940 οι
440 4907 641 4946 sarum
671 4898 730 4946 et
757 4891 1045 4948 divisione
1074 4893 1381 4959 orationis,
1418 4892 1605 4949 libros
1635 4897 1704 4950 X.
1735 4913 1764 4947 ιι

447 4981 731 5051 Tyrtmus,
772 4981 1169 5037 Archimbroti
1217 4982 1303 5048 F.,
1347 4983 1539 5038 Lacon
1588 4987 1692 5039 aut
1734 4981 2017 5050 Milesius,

373 5074 550 5143 poeta
579 5068 873 5140 elegiacus
903 5077 963 5126 et
990 5070 1229 5139 tibicen,
1263 5088 1441 5144 quem
1462 5072 1662 5127 ferunt
1686 5072 2020 5127 carminum

377 5176 621 5217 suorum
650 5164 827 5215 cantu
848 5160 1324 5217 Lacedaemonios
1336 5162 1411 5218 ad
1430 5162 2020 5234 praeliumincitasse,

377 5256 438 5306 et
466 5250 550 5306 sic
578 5249 870 5317 affecisse,
901 5254 968 5305 ut
1004 5249 1159 5305 bello
1191 5256 1399 5306 contra
1428 5253 1749 5308 Messenios
1779 5251 2025 5307 victoria

380 5341 732 5412 potirentur.
766 5341 867 5394 Est
895 5344 1093 5393 autem
1124 5339 1598 5410 antiquissimus,
1630 5340 1878 5412 aequalis
1926 5357 2021 5396 se-

378 5436 541 5499 ptem
572 5428 834 5495 illorum,
868 5427 968 5498 qui
1002 5427 1299 5497 sapientes
1345 5433 1650 5494 vocantur,
1696 5435 1799 5484 aut
1843 5429 2023 5485 etiam

380 5517 702 5589 antiquior.
722 5515 948 5571 Floruit
966 5515 1301 5586 Olympiade
1319 5514 1538 5572 XXXV.
1564 5517 1807 5589 Scripsit
1836 5520 2022 5588 Remp.

382 5607 800 5675 Lacedaemonis,
831 5610 892 5661 et
920 5605 1210 5676 Praecepta
1235 5607 1363 5663 vita:
1413 5605 1679 5663 versibus
1725 5606 2022 5677 elegiacis,

2110 1956 2239 1996 esse
2289 1941 2569 2012 opinatur
2622 1941 3194 1997 Commentariorum
3225 1940 3287 1995 in
3318 1939 3623 1995 Demosth.
3659 1938 3762 2009 qui

2109 2029 2303 2085 adhuc
2334 2035 2585 2086 exstant.
2615 2029 2633 2102 ]

2182 2119 2487 2191 Ulpianus,
2521 2121 2788 2176 GaZaaus.

2184 2208 2467 2279 Ulpianus
2502 2251 2515 2271 ,
2572 2208 2756 2264 frater
2812 2207 3047 2273 Isidori,
3105 2207 3466 2280 philosophi,
3518 2208 3764 2280 ingenio

2112 2297 2335 2369 Optimo
2366 2297 2650 2369 praeditus
2680 2298 2754 2355 ad
2778 2298 3230 2353 mathematicas
3268 2295 3574 2363 scientias,
3606 2296 3768 2352 unde

2113 2402 2332 2441 nomen
2376 2389 2504 2457 ejus
2549 2386 2796 2442 Athenis
2855 2386 3088 2442 celebre
3146 2386 3278 2442 fuit.
3334 2388 3403 2440 Et
3454 2386 3766 2457 Syrianus,

2112 2474 2417 2529 admirans
2448 2476 2578 2545 ejus
2604 2476 2930 2549 ingenium,
2964 2475 3170 2531 multis
3220 2475 3501 2549 narravit,
3534 2474 3769 2530 nullam

2112 2562 2226 2635 ipsi
2257 2564 2459 2619 claven
2490 2564 2636 2619 adeo
2668 2548 3004 2620 intricatam
3028 2570 3087 2619 et
3115 2548 3434 2619 artiﬁciose
3464 2564 3766 2635 composi-

2113 2657 2234 2708 tam
2267 2652 2465 2707 oﬂ‘erri
2494 2654 2780 2724 potuisse,
2813 2669 2993 2725 quam
3050 2669 3171 2708 non
3232 2652 3405 2708 facile
3462 2653 3768 2723 aperiret;

2115 2741 2219 2797 sed
2250 2742 2311 2797 in
2329 2741 2562 2813 reliqua
2581 2742 2959 2814 philosophia
2984 2742 3138 2798 nihil
3160 2748 3490 2798 memoratu
3520 2741 3767 2814 dignum

2115 2831 2396 2887 edidisse.
2427 2831 2665 2886 Iuvenis
2686 2836 2746 2886 et
2773 2831 2989 2887 caalebs
3005 2831 3077 2887 de
3098 2833 3215 2888 vita
3243 2831 3522 2897 decessit,
3554 2847 3771 2903 magna

2117 2936 2239 2975 suae
2279 2919 2562 2976 bonitatis
2592 2920 2769 2976 laude
2827 2920 2984 2993 apud
3034 2920 3307 2975 homines
3362 2918 3597 2987 relicta,
3656 2927 3773 2975 etc.

2116 3007 2220 3081 (Ex
2251 3009 2606 3083 Damascio.)

2194 3098 2466 3165 Uranius,
2500 3099 2700 3171 Syrus,
2742 3098 2909 3154 CPoli
2941 3098 3277 3161 oberrabat,
3307 3102 3494 3154 artem
3540 3099 3776 3170 profes-

2121 3202 2221 3241 sus
2259 3184 2573 3252 medicam,
2625 3187 2725 3258 qui
2756 3203 2892 3242 cum
2931 3203 3000 3242 ex
3034 3186 3367 3242 Aristotelis
3395 3186 3776 3258 dogmatibus

2117 3274 2351 3330 nullum
2383 3274 2644 3347 perfecte
2673 3281 2897 3343 nosset,
2928 3276 3093 3331 inani
3130 3277 3305 3332 varias
3338 3275 3603 3331 doctrina
3628 3276 3771 3347 opi~

2118 3365 2298 3421 nione
2330 3365 2619 3438 turgebat.
2678 3366 2783 3422 Hic
2838 3382 2973 3422 cum
3030 3365 3391 3433 Areobindo,
3444 3365 3660 3437 legato,
3692 3364 3773 3421 ad

2118 3456 2331 3510 Persas
2358 3454 2660 3526 profectus
2681 3462 2790 3523 est,
2815 3461 2926 3512 etc.
2959 3457 3063 3526 (Ex
3082 3455 3356 3528 Agathia,
3394 3455 3463 3523 II,
3496 3471 3631 3527 pag.
3655 3454 3772 3526 67.)

2921 3553 2962 3606 V

2193 3639 2663 3708 Valentinianus,
2695 3640 2838 3713 imp.
2872 3643 3040 3699 Rom.
3077 3642 3467 3707 Christianus,
3501 3641 3773 3713 quamvis

2118 3729 2417 3785 Christum
2436 3729 2705 3802 ejusdem
2727 3747 2861 3787 cum
2877 3732 3046 3786 Patre
3069 3736 3300 3787 natura;
3318 3747 3448 3786 esse
3469 3730 3723 3785 sentiret
3756 3747 3771 3795 ;

2122 3823 2320 3875 tamen
2354 3818 2583 3875 diverso
2617 3819 2801 3875 cultui
2832 3819 3065 3875 deditos
3094 3819 3264 3875 nulla
3292 3836 3355 3875 re
3387 3820 3635 3874 vexavit.
3671 3820 3776 3873 Vae

2119 3906 2252 3964 lens
2280 3914 2500 3978 autem,
2536 3908 2753 3964 Ariana
2790 3908 3044 3964 infectus
3082 3908 3236 3975 labe,
3270 3908 3490 3964 multos
3522 3908 3583 3962 in
3616 3908 3775 3963 exsi-

2119 3995 2267 4052 lium
2290 3997 2537 4069 pepulit,
2561 4014 2678 4068 quo
2702 4002 2967 4069 tempore
2991 3998 3268 4054 Ecclesia
3292 4000 3572 4054 Romana:
3598 3996 3773 4051 Libe-

2119 4086 2246 4141 rius
2276 4085 2531 4159 praafuit,
2561 4085 2978 4142 Alexandrinas
3019 4088 3401 4159 Athanasius,
3433 4086 3771 4142 CPolitanaa

2119 4175 2439 4241 Eudoxius,
2474 4176 2705 4231 Arianae
2756 4177 3082 4248 impietatis
3114 4177 3420 4248 magister,
3477 4180 3590 4231 etc.

2195 4264 2427 4332 Valens,
2460 4267 2862 4321 Romanorum
2892 4266 3036 4338 imp.
3070 4266 3379 4338 episcopos
3400 4266 3461 4320 in
3493 4264 3771 4320 exsilium

2122 4354 2288 4410 misit
2317 4360 2376 4409 et
2404 4353 2779 4426 presbyteros
2837 4360 2896 4410 et
2952 4356 3300 4422 monachos,
3357 4355 3599 4411 Tatiano
3628 4360 3775 4409 tunc

2123 4443 2583 4500 Alexandrinam
2608 4444 2935 4501 Ecclesiam
2958 4450 3221 4518 regente,
3245 4445 3585 4516 multosque
3604 4444 3777 4499 Chri-

2044 4525 2091 4586 D
2130 4534 2353 4589 stiauos
2383 4533 2758 4603 excruciavit,
2790 4541 2850 4589 et
2869 4534 3159 4606 quosdam
3190 4535 3369 4591 etiam
3414 4534 3537 4607 igni
3592 4533 3777 4589 tradi-

2126 4622 2231 4677 dit.
2266 4623 2397 4678 Haec
2418 4629 2615 4678 autem
2639 4624 2842 4679 omnia
2864 4629 3001 4695 post
3017 4624 3321 4680 Athanasii
3353 4623 3583 4678 obitum
3612 4623 3776 4679 fecit.

2127 4711 2447 4767 Orthodoxi
2479 4730 2551 4768 ex
2571 4712 2741 4768 CPoli
2772 4712 3128 4786 legationem
3158 4712 3233 4769 ad
3264 4712 3573 4769 Valentem
3604 4713 3778 4768 Nico-

2127 4801 2388 4857 mediam
2423 4802 2734 4869 miserunt,
2768 4802 2924 4857 viros
2954 4819 3023 4858 ex
3055 4802 3263 4858 ordine
3318 4817 3486 4858 sacro
3547 4800 3780 4867 LXXX,

2128 4906 2378 4962 qaorum
2422 4890 2726 4963 principes
2770 4896 2940 4946 erant
2994 4890 3355 4960 Theodorus,
3384 4889 3695 4962 Curbagus
3722 4894 3781 4945 et

2129 4979 2528 5046 Menedemus,
2562 4995 2711 5050 quos
2766 4979 3073 5035 universos
3112 4996 3247 5035 cum
3304 4980 3435 5052 ipsa
3462 4996 3613 5035 nave
3644 4995 3778 5035 suc-

2131 5070 2301 5126 cendi
2325 5068 2526 5139 jussit,
2550 5085 2683 5140 quas
2714 5068 3000 5141 Dacibyza
3023 5085 3213 5140 usque
3229 5086 3366 5125 cum
3388 5069 3777 5140 pervenisset,

2133 5160 2211 5216 ibi
2254 5159 2545 5214 dissoluta
2574 5162 2684 5214 est.
2726 5158 2913 5229 Hujus
2944 5163 3211 5230 tempore
3265 5158 3480 5214 Lucius
3524 5158 3780 5213 Arianus

2133 5248 2458 5305 Ecclesiam
2481 5247 2984 5318 (Alexandrinam)
3020 5252 3305 5319 tanquam
3332 5247 3512 5319 lupus
3542 5247 3779 5316 invasit,

2134 5340 2305 5393 Petro
2336 5339 2581 5393 Romam
2619 5336 2901 5409 fugiente,
2961 5334 3220 5407 taliaque
3278 5336 3781 5404 ediditfacinora,

2134 5426 2335 5500 qualia
2355 5443 2429 5481 ne
2451 5426 2512 5480 in
2532 5425 2845 5499 gentilium
2867 5423 3107 5495 quidem
3132 5424 3646 5497 persecutionibus
3678 5441 3779 5497 pa-

2134 5522 2289 5573 trata
2305 5516 2567 5571 fuerunt.
2602 5515 2745 5571 Nam
2770 5512 2881 5567 tria
2894 5513 3203 5569 hominum
3225 5513 3412 5569 millia
3434 5513 3658 5578 emisit,
3680 5514 3782 5585 qui

2137 5607 2289 5665 viros
2316 5606 2448 5680 pios
2472 5604 2537 5662 in
2562 5604 2796 5661 deserto
2827 5601 3195 5661 trucidarent
3220 5608 3279 5659 et
3307 5602 3693 5677 dissipaan
