4086 6212
336 315 493 379 1369
1653 317 1755 378 DE
1797 313 2085 387 QUIBUS
2129 312 2433 378 SUIDAS.
3585 323 3744 384 1370

402 453 606 515 Varus,
640 451 1037 519 Laodicensis,
1067 452 1352 524 sophista,
1386 451 1728 509 Polemonis
1759 455 1818 507 et
1836 448 1985 507 alia-
2016 448 2069 517 Α
2097 448 2253 520 phus
2284 456 2343 508 et
2372 453 2695 526 legislator,
2724 455 2825 528 qui
2852 473 2957 528 pro
3016 455 3206 528 patria
3254 472 3525 529 pugnans
3577 457 3745 514 obiit.

333 559 465 599 rum
497 541 769 613 aequalis.

404 632 699 693 Vestinus.
723 630 912 687 Julius
934 632 1221 704 SOphista,
1244 632 1485 705 scripsit
1502 654 1527 681 ‹‹
1552 630 1980 705 Compendium

333 745 361 773 ι(
396 721 691 793 Pamphili
719 721 1051 795 glossarum
1084 720 1251 777 libris
1284 723 1375 790 ιν,
1413 724 1590 778 Voces
1614 722 1883 790 selectas,
1914 736 1985 774 ex

335 835 363 864 «
398 812 817 877 Demosthene,
845 811 1207 884 Thucydide,
1237 814 1405 883 Isaac,
1432 815 1708 882 Isocrate,
1741 813 1987 883 Thrasy-

335 923 364 952 «
400 918 593 958 mamo
627 906 686 957 et
713 901 845 957 aliis
876 902 1209 958 oratoribus
1239 901 1540 958 collectas.
1580 924 1602 952 ι

409 1083 700 1147 Xanthus,
728 1081 1048 1138 Candaulis
1097 1084 1183 1151 F.,
1226 1082 1439 1156 Lydus,
1492 1080 1832 1147 Sardianus,
1884 1079 1985 1152 qui

332 1173 477 1229 vixit
505 1189 575 1228 eo
606 1178 894 1244 tempore,
927 1190 1044 1244 quo
1075 1174 1285 1229 Sardes
1314 1184 1500 1244 captaa
1528 1172 1787 1227 fuerunt.
1822 1171 1986 1226 Scri-

338 1263 456 1335 psit
482 1262 845 1331 Lydiacorum
875 1261 1060 1317 libros
1092 1263 1183 1329 IV,
1208 1261 1269 1317 in
1291 1277 1546 1333 quorum
1570 1259 1831 1316 secundo
1858 1276 1990 1315 nar-

336 1358 447 1418 rat,
481 1352 719 1423 Gygem,
752 1351 1047 1424 Lydorum
1076 1368 1298 1425 regem,
1342 1350 1626 1406 mulieres
1672 1355 1985 1419 castrasse,

335 1447 404 1498 ut
430 1442 505 1497 iis
534 1459 770 1514 semper
796 1447 968 1496 nitate
1000 1446 1059 1496 et
1086 1441 1278 1496 forma
1304 1440 1654 1496 ﬂorentibus
1701 1444 1984 1496 uteretur.

339 1531 503 1587 Idem
533 1532 735 1595 refert,
768 1531 1059 1586 Alcimum
1090 1530 1408 1602 quemdam
1431 1531 1492 1586 in
1518 1530 1619 1585 illa
1641 1530 1882 1602 regione
1902 1546 1987 1584 re-

342 1639 574 1697 gnasse,
607 1623 909 1679 hominem
942 1622 1460 1695 religiosissimum
1494 1626 1555 1676 et
1591 1621 1987 1677 clementissi-

344 1729 529 1779 mum,
553 1713 723 1783 cujus
746 1719 1009 1784 tempore
1032 1717 1090 1766 et
1109 1711 1230 1768 alta
1261 1726 1405 1782 pace
1438 1716 1497 1766 et
1524 1710 1737 1782 opibus
1764 1710 1987 1781 (Lydia)

344 1802 636 1864 ﬂoruerit,
668 1808 780 1858 etc.

415 1891 782 1955 Xenarchus,
815 1891 1101 1959 comicus,
1130 1907 1201 1946 ex
1226 1891 1356 1962 ejus
1384 1890 1602 1947 fabulis
1646 1896 1737 1946 est
1785 1895 1991 1945 Βουκα-

345 1980 504 2048 λίων,
531 1986 681 2038 teste
704 1982 1009 2048 Athenaeo,
1035 1983 1122 2049 II;
1149 1981 1597 2053 Dipnosophist.
1620 1982 1856 2053 (34)nec
1878 1995 1999 2035 non

344 2070 627 2146 Ιιορφύρα,
701 2070 923 2137 Σκύθαι,
998 2067 1251 2143 Δίδυμοι,
1329 2064 1653 2138 Πένταθλοι,
1732 2066 1998 2136 Πρίαπος,

346 2164 569 2224 Ὕπνος,
598 2158 914 2233 Στρατιώτῃ
924 2180 971 2223 ς.
1524 2181 1531 2186 '

417 2249 797 2317 Xenocrates,
830 2250 1157 2323 Agathonis
1188 2250 1279 2306 vel
1308 2249 1699 2322 Agathanoris
1728 2251 1814 2316 F.,
1835 2248 2006 2305 Chal-

349 2338 654 2405 cedonius,
693 2338 1021 2411 discipulus
1063 2344 1123 2393 et
1163 2355 1475 2395 successor
1533 2338 1818 2405 Platonis,
1869 2342 2006 2408 post

349 2430 765 2508 Speusippum,
791 2446 970 2501 quem
996 2431 1227 2503 excepit
1247 2429 1622 2497 Polemon,et
1644 2430 1805 2486 hunc
1825 2431 2003 2485 Cran-

354 2525 464 2577 tor.
490 2520 593 2575 Hic
616 2520 800 2575 missa
820 2519 931 2575 sibi
956 2519 1374 2577 abAlexandro
1415 2519 1736 2576 Macedone
1766 2519 2008 2592 triginta

358 2608 579 2665 talenta
608 2607 682 2664 ad
715 2625 849 2664 eum
884 2608 1132 2674 remisit,
1164 2609 1389 2675 dicens,
1423 2625 1643 2681 regem,
1666 2625 1786 2665 non
1810 2608 2008 2680 philo-

365 2698 615 2769 sophum
640 2698 906 2769 indigere
932 2700 1203 2771 pecunia.
1231 2699 1475 2771 Scripsit
1497 2701 1573 2754 De
1616 2697 1874 2754 Platonis
1902 2700 2009 2753 Re—

352 2787 600 2857 publica.
633 2786 976 2842 Celebratur
1014 2788 1144 2859 ejus
1201 2787 1597 2860 temperantia
1639 2791 1700 2843 et
1744 2787 2004 2842 castitas.

361 2876 464 2931 llic
496 2876 640 2947 (imo
671 2876 844 2945 alius,
868 2883 935 2932 ut
964 2878 1278 2950 suspicor),
1325 2877 1566 2949 scripsit
1608 2873 2004 2932 Οἰκοσκοπικὸν

360 2964 646 3036 οἰώνισμα.
690 2966 829 3021 Vide
864 2984 1045 3038 supra
1074 2967 1136 3022 in
1167 2964 1552 3035 Οἷσυνιστικήν.

430 3055 824 3126 XenOphanes
851 3055 1039 3128 elegia
1065 3055 1361 3128 quaedam,
1395 3061 1503 3112 etc.
1547 3055 1643 3127 (de
1674 3055 2004 3128 Pythagora

362 3160 433 3200 ex
464 3144 677 3199 Laertii
710 3144 851 3211 Vlll,
884 3146 951 3199 36
983 3162 1113 3216 sqq.

2096 545 2201 599 Hic
2232 550 2369 601 ante
2394 544 2509 601 fuit
2537 562 2737 601 servus
2780 549 2839 600 et
2882 551 3125 616 pastor;
3160 546 3495 618 disciplinis
3545 551 3743 603 autem

2097 634 2405 691 institutus
2435 636 2560 691 suis
2588 634 2813 691 civibus
2838 633 2973 689 tulit
2995 634 3177 706 leges,
3196 635 3353 690 inter
3373 652 3520 705 quas
3542 641 3601 691 et
3622 636 3747 691 haec

2096 725 2229 793 fuit,
2261 731 2324 780 ut
2352 725 2635 781 mulieres
2665 726 2937 797 ingenuae
2968 740 3103 780 cum
3135 723 3477 779 domesticis
3521 729 3580 789 et
3626 742 3746 780 una

2098 815 2267 889 pedis
2297 831 2501 887 sequa,
2533 813 2805 871 candidis
2834 813 3095 869 vestibus
3126 813 3348 868 induta)
3371 813 3743 881 incederent,

2099 905 2229 961 alias
2259 904 2644 975 (meretrices)
2671 901 2930 971 ἀνθιναῖς,
2962 902 3440 958 versicoloribus.

2170 996 2481 1062 Zamolxis,
2510 996 2857 1068 Pythagorae
2889 1009 3112 1061 servus,
3145 998 3212 1048 ut
3240 992 3571 1048 Ilerodotus
3597 992 3748 1048 libro

2100 1092 2332 1161 quarto,
2354 1087 2586 1158 Scytha,
2613 1085 2713 1156 qui
2739 1101 3007 1140 reversus
3034 1083 3094 1138 in
3116 1081 3368 1154 patriam
3389 1081 3746 1151 docuit,ani-

2099 1194 2258 1235 mam
2289 1193 2420 1232 esse
2458 1175 2877 1231 immortalem.
2910 1174 3179 1229 Mnaseas
3208 1189 3343 1228 vero
3363 1171 3562 1238 refert,
3591 1171 3747 1243 apud

2101 1269 2274 1325 Getas
2303 1266 2419 1323 coli
2448 1266 2787 1334 Saturnum,
2818 1264 3130 1334 vocarique
3176 1261 3500 1318 Zamolxin.
3552 1261 3751 1317 Ilella-

2100 1357 2273 1413 nicus
2312 1357 2372 1411 in
2430 1350 2728 1426 Νομίμοις,
2785 1354 2904 1409 sive
2960 1353 3235 1408 Institutis
3291 1352 3611 1419 barbaricis,
3667 1351 3751 1406 ait

2100 1447 2285 1504 fuisse
2315 1445 2632 1518 quemdam
2664 1445 2954 1511 Graecum,
2987 1443 3089 1513 qui
3110 1441 3289 1509 Getis,
3308 1441 3369 1495 in
3389 1439 3635 1496 Thracia
3649 1439 3753 1494 de-

2102 1537 2401 1612 gentibus,
2429 1532 2678 1601 τελετάς,
2718 1533 2886 1589 initia
2941 1530 3456 1598 demonstraverit,
3508 1529 3754 1583 dixerit—

2104 1648 2243 1704 que,
2274 1645 2467 1701 neque
2499 1644 2563 1683 se
2596 1625 2975 1690 moriturum,
2999 1637 3196 1692 neque
3220 1636 3358 1675 suos
3392 1623 3752 1684 sectatores;

2107 1721 2209 1779 sed
2240 1719 2447 1776 omnia
2474 1717 2630 1773 bona
2662 1713 2991 1770 habituros.
3028 1711 3128 1766 llis
3153 1710 3329 1765 dictis
3379 1707 3751 1763 domicilium

2026 1820 2074 1885 B
2104 1812 2559 1870 subterraneum
2577 1806 2835 1863 exstruxi
2847 1802 3106 1871 t,deinde
3122 1817 3191 1856 ex
3203 1798 3688 1855 Thracumoculis
3703 1802 3762 1852 et

2106 1906 2429 1974 conspectu
2445 1916 2508 1955 se
2530 1901 2775 1969 repente
2799 1892 3135 1966 proripiens
3164 1891 3227 1945 in
3257 1890 3369 1944 hoc
3401 1905 3463 1943 sc
3485 1886 3716 1943 abdidit
3741 1904 3755 1951 ;

2109 1995 2263 2050 Geta:
2293 2007 2433 2046 vero
2459 1990 2654 2060 ipsum
2683 1983 3119 2040 desiderarunt.
3154 1980 3369 2045 Quarto
3411 1993 3569 2033 anno
3624 1980 3760 2047 post

2106 2099 2314 2140 rursus
2332 2077 2628 2152 apparuit,
2656 2081 2715 2131 et
2728 2075 2981 2129 Thraces
3001 2069 3203 2126 omnia
3224 2066 3338 2140 ipsi
3356 2065 3756 2122 crediderunt.

2107 2174 2287 2230 Aiunt
2314 2168 2577 2242 quidam,
2609 2163 2934 2222 Zamolxim
2965 2160 3215 2217 servisse
3256 2158 3623 2230 Pythagorae,
3655 2154 3759 2209 Sa-

2108 2265 2250 2331 mio,
2282 2259 2611 2318 Mnesarchi
2658 2257 2804 2323 tilio,
2864 2260 2924 2310 et
2968 2253 3242 2308 libertate
3293 2247 3598 2311 donatum,
3645 2245 3761 2299 ista

2108 2354 2513 2411 commentum
2538 2345 2738 2402 fuisse.
2772 2341 2955 2398 Terizi
2985 2356 3122 2396 vero
3144 2342 3203 2394 et
3216 2335 3456 2408 Crobyzi
3487 2333 3758 2402 credunt,

2108 2442 2436 2498 animarum
2488 2433 3018 2497 immortalitatem,
3081 2433 3141 2484 et
3212 2429 3477 2483 mortuos
3533 2423 3606 2478 ad
3658 2424 3761 2476 Za-

2110 2531 2335 2589 molxin
2366 2529 2452 2584 ire
2482 2525 2744 2591 tradunt,
2774 2537 2952 2594 quem
3010 2517 3340 2574 rediturum
3389 2529 3520 2569 esse
3568 2512 3757 2577 aiunt,

2110 2624 2291 2695 idque
2321 2634 2560 2690 semper
2586 2630 2790 2670 verum
2822 2627 2953 2667 esse
2983 2610 3213 2680 putant.
3244 2602 3638 2695 Quamobrem
3663 2616 3758 2695 sa-

2110 2689 2384 2772 crificant
2413 2689 2471 2766 et
2491 2707 2895 2769 convivantur,
2924 2699 3093 2772 quasi
3132 2697 3445 2753 defunctus
3476 2693 3555 2747 sit
3601 2689 3756 2745 redi-

2111 2812 2300 2862 turus.

2181 2897 2354 2959 Zeno,
2375 2891 2775 2961 Teleutagoraa
2796 2885 2881 2950 F.,
2909 2881 3159 2946 Eleates,
3186 2872 3760 2961 philosophus,unus

2111 2987 2185 3043 de
2205 2985 2326 3040 illis
2345 2957 2451 3053 qui
2474 2957 2855 3036 accesserunt
2881 2971 2956 3026 ad
2978 2968 3322 3053 Pythagorae
3356 2968 3415 3053 et
3442 2957 3761 3053 Democriti

2115 3048 2419 3146 tempora;
2450 3067 2594 3123 vixit
2623 3063 2781 3119 enim
2814 3051 3463 3146 LXXVIlliolympiade.
3492 3048 3762 3146 Iliscipu-

2050 3171 2093 3238 ο
2122 3131 2218 3221 Ius
2240 3131 2632 3231 'Xeno'phanis
2662 3157 2765 3208 aut
2784 3145 3171 3238 Parmenidis.
3226 3139 3475 3238 Scripsit
3515 3131 3764 3238 fama“,

432 3233 783 3304 Xenophon,
818 3234 998 3305 Grylli
1040 3236 1099 3291 F.
1159 3235 1560 3301 Atheniensis,
1619 3232 2011 3305 philosophus
2054 3225 2093 3238 “
2120 3225 2543 3313 Comma-,5,“
2580 3241 3005 3299 Enarrationem
3047 3226 3447 3304 Emptdoclis;
3495 3225 3768 3279 Adversus

361 3322 716 3391 Socraticus,
746 3323 847 3394 qui
888 3324 1115 3395 primus
1167 3324 1324 3378 Vitas
1370 3320 1857 3394 philosophorum
1901 3322 2012 3391 (35)

367 3412 605 3483 scripsit
633 3419 693 3468 et
726 3410 1320 3484 Ἀπομνημονεύματα,
1381 3414 1499 3469 sive
1543 3414 1701 3469 dicta
1740 3412 2014 3483 factaque

368 3501 800 3558 memorabilia.
820 3503 999 3558 Filios
1019 3520 1089 3559 ex
1114 3503 1370 3559 Philesia
1391 3503 1652 3574 suscepit
1672 3502 1937 3574 Gryllum
1954 3505 2015 3556 et

367 3589 709 3663 Diodorum,
741 3592 841 3663 qui
873 3592 1053 3647 etiam
1087 3592 1351 3648 Dioscuri
1380 3591 1571 3648 vocati
1600 3591 1860 3647 fuerunt.
1880 3592 2012 3662 Ipse

365 3696 501 3735 vero
529 3680 711 3737 Attica
741 3681 870 3752 Apis
899 3682 1351 3753 cognominatus
1401 3685 1510 3736 est.
1557 3679 2015 3752 Condiscipulus

367 3769 635 3825 Platonis
665 3769 795 3835 fuit,
829 3770 1150 3841 floruitque
1190 3770 1412 3842 olymp.
1472 3769 1713 3826 XCVIII.
1769 3768 2017 3840 Scripsit

368 3856 554 3913 libros
584 3874 764 3929 supra
790 3858 902 3921 XL,
936 3874 967 3913 e
999 3874 1254 3929 quorum
1284 3873 1536 3914 numero
1567 3862 1708 3913 sunt
1738 3856 1797 3911 bi
1828 3872 1841 3911 :
1877 3876 1904 3908 ι
1933 3857 2014 3911 De

369 3967 396 3996 ιι
430 3947 813 4007 institutione
836 3947 969 4019 Cyri
996 3947 1133 4002 libri
1160 3948 1316 4015 VIII;
1348 3948 1429 4003 De
1475 3944 1851 4018 expeditione
1879 3946 2014 4017 Cyri

369 4057 395 4083 ‹‹
425 4034 560 4090 libri
584 4037 705 4101 VII;
730 4037 945 4092 Rerum
967 4037 1301 4091 Graecarum
1324 4035 1461 4090 libri
1488 4036 1579 4089 Vll
1595 4052 1610 4101 ;
1627 4033 1967 4101 Convivium
1983 4054 2012 4083 »

367 4130 426 4178 et
454 4124 571 4180 alia
600 4124 805 4179 multa.
840 4124 1107 4181 Militavit
1149 4130 1357 4181 contra
1404 4126 1632 4191 Persas,
1682 4139 1818 4178 cum
1866 4123 2014 4196 Cyro

368 4212 668 4284 profectus
698 4213 980 4270 adversus
1006 4215 1411 4277 Artaxerxem,
1441 4212 1707 4279 fratrem,
1740 4217 1852 4267 etc.

437 4303 786 4374 Xenophon,
820 4303 1244 4368 Antiochenus,
1279 4302 1615 4371 historicus,
1640 4300 1886 4373 Scripsit
1904 4302 2014 4355 Ba-

368 4390 639 4460 bylonica,
672 4392 830 4462 quod
861 4398 953 4447 est
980 4409 1129 4464 opus
1154 4391 1531 4448 amatorium.

438 4479 789 4551 Xenophon,
820 4480 1130 4551 Ephesius,
1164 4480 1504 4547 historicus,
1554 4478 1793 4551 scripsit
1836 4478 2019 4551 Ephe-

365 4569 534 4630 siaca,
567 4568 687 4624 sive
716 4567 901 4624 libros
930 4568 1137 4625 decem
1168 4569 1239 4624 de
1270 4569 1573 4625 amoribus
1613 4567 1925 4623 Abrocomi
1957 4572 2017 4623 et

368 4659 622 4725 Anthiaa,
656 4663 715 4714 et
746 4664 822 4715 De
850 4661 983 4715 urbe
1017 4659 1391 4731 Ephesiorum,
1425 4665 1603 4731 atque
1634 4658 1769 4714 alia.

442 4748 797 4820 Xenophon.
820 4749 1088 4821 Cyprius,
1110 4747 1698 4819 historicus,scripsit
1718 4744 2010 4818 Cypriaca,

371 4837 529 4908 quod
561 4854 711 4909 opus
742 4836 947 4893 itidem
980 4842 1069 4892 est
1100 4837 1348 4893 historia
1368 4835 2015 4909 amatoriiargumenti,

369 4943 552 5000 agens
581 4927 654 4984 de
683 4928 922 5000 Cynica,
954 4928 1189 5000 Myrrha
1217 4933 1277 4984 et
1304 4927 1596 4984 Adonide.

442 5123 745 5192 Zaleucus,
778 5123 1016 5191 Locrus,
1036 5036 1308 5193 Thurgus,
1331 5124 1732 5196 Pythagoreus
1752 5122 2016 5195 philoso-

441 5282 554 5354 (34)
586 5284 805 5355 Kuster
826 5284 900 5355 ad
931 5283 1040 5338 vol.
1074 5285 1144 5349 Il,
1178 5300 1308 5355 pag.
1341 5285 1466 5355 643,
1496 5300 1554 5338 n.
1606 5300 1646 5352 ι,
1697 5284 2015 5355 existimat,

372 5352 532 5425 quod
562 5354 739 5410 hodie
769 5354 931 5410 illius
959 5352 1198 5420 fabulae,
1250 5352 1594 5423 Βουκαλίων,
1644 5355 1812 5410 nulla
1862 5354 2018 5425 apud

369 5426 722 5498 Athenaeum
756 5426 857 5481 lib.
893 5428 1099 5498 ll,rflat
1123 5426 1368 5489 mentio,
1424 5443 1534 5482 nec
1584 5428 1709 5498 ipse
1752 5426 2019 5498 Athenaai

369 5497 525 5553 liber
556 5497 624 5563 ll,
658 5497 887 5569 integer
916 5497 989 5553 ad
1021 5516 1128 5553 nos
1160 5498 1546 5569 pervenisset.
1576 5497 1773 5553 lOcum
1822 5497 2017 5564 illum,

372 5570 435 5624 in
467 5585 584 5652 quo
636 5568 956 5652 Athenaeus
1010 5568 1224 5653 fabula:
1280 5568 1598 5625 Bucalionis
1654 5570 2021 5626 mentionem

370 5640 633 5698 feetsset.
665 5641 840 5698 hodie
870 5640 1259 5698 intereidisse.
1294 5640 1469 5697 ΒΑΜ..

398 5657 633 5714 θοιδεοι,
665 5657 840 5699 ηοαιθ
870 5657 1259 5699 interemisse.
1294 5657 1469 5697 HARL.

2110 3342 2463 3420 philosophos
2488 3339 2555 3393 de
2574 3340 2797 3390 natura.
2817 3331 2985 3385 Hunc
3005 3325 3175 3380 aiunt
3192 3314 3607 3420 inventorem‘f
3611 3314 3765 3368 uisse

2118 3405 2465 3492 dialectica.
2504 3432 2571 3481 ut
2625 3418 3043 3493 Empedoclem
3090 3409 3422 3468 rhetoricae.
3471 3405 3583 3460 Sed
3632 3419 3771 3493 cum

2117 3522 2470 3587 Nearchum,
2502 3515 2592 3570 vel
2622 3515 2708 3584 (ut
2736 3492 2839 3566 alii
2857 3504 3118 3573 tradunt)
3135 3492 3770 3561 Diomedontem,Eleas

2120 3622 2461 3687 tyrannum,
2495 3608 2756 3663 evertere
2779 3597 2975 3665 vellet,
3008 3597 3214 3663 captus
3235 3592 3343 3644 est.
3366 3587 3769 3687 Interrogatus

2118 3678 2319 3763 autem
2351 3701 2423 3757 ab
2454 3700 2605 3771 ipso,
2634 3694 2901 3765 linguam
2932 3694 3318 3760 prmmorsam
3361 3694 3429 3733 ac
3480 3678 3769 3774 resectam

2121 3791 2434 3866 exspuitin
2466 3767 2805 3861 tyrannum.
2839 3779 2910 3835 Et
2939 3777 2999 3831 in
3058 3768 3410 3866 mortarium
3463 3767 3767 3866 conjectus

2121 3851 2425 3939 tundendo
2452 3851 2742 3932 contritus
2776 3874 2882 3926 est.
2918 3865 3210 3921 Differunt
3238 3858 3469 3913 Eleates
3500 3853 3597 3925 (ab
3629 3851 3768 3906 Elea

2119 3970 2349 4047 (ltalias)
2379 3974 2439 4025 et
2466 3965 2685 4021 Elaites
2715 3959 2810 4031 (ab
2841 3957 2993 4047 Elaea
3028 3952 3180 4047 lisias
3211 3945 3530 4047 in‘IEol‘i‘a.)

2189 4032 2367 4125 Zeno,
2391 4054 2587 4111 Musaei
2602 4038 3389 4128 F.,Sidonius,philosoplius
3410 4032 3765 4128 Stoicusjdti,

2121 4118 2450 4218 discipulus
2478 4137 2717 4198 Diodori
2749 4132 2943 4199 Croni,
2976 4128 3257 4200 magister
3278 4120 3554 4186 Zenonis,
3575 4118 3767 4184 Citiei,

2123 4416 2295 4489 Cypri
2323 4413 2576 4477 civitate,
2620 4404 3034 4481 philosophus,
3083 4396 3519 4489 Stoicmfectaa
3563 4391 3768 4489 auster

2046 4531 2090 4596 ο
2124 4473 2345 4579 (supra,
2370 4504 2431 4557 in
2455 4473 2659 4571 Στοᾶίε
2684 4473 3279 4565 discipulusCrateris
3300 4473 3766 4596 (deinde

2120 4563 2459 4651 Polemonis
2487 4563 2883 4647 Atheniensis.
2911 4579 3064 4638 Obiit
3095 4592 3252 4633 anno
3283 4570 3473 4627 aetatis
3492 4568 3603 4633 XC,
3631 4563 3770 4620 sub-

2121 4685 2261 4742 inde
2292 4683 2364 4739 de
2396 4681 2526 4738 cibo
2555 4674 2782 4747 aliquid
2811 4671 3152 4731 detrahens,
3188 4664 3374 4719 donec
3404 4676 3523 4731 pra:
3544 4655 3767 4747 virium

2124 4772 2473 4832 infirmitate
2506 4745 2746 4823 tandem
2775 4761 3017 4835 periret.
3051 4753 3369 4812 Oraculum
3402 4749 3473 4803 de
3504 4745 3635 4835 vita:
3666 4760 3766 4835 ges

2124 4878 2267 4919 nere
2299 4855 2656 4921 consulenti,
2707 4832 2820 4906 etc.
2882 4849 3084 4919 (supra
3142 4842 3203 4896 in
3257 4832 3770 4912 συγχρωτίζεσθαι.)

2125 4951 2375 5009 thnix
2404 4943 2859 5018 cognominatus
2888 4942 2996 5001 est,
3029 4931 3192 5006 quod
3247 4927 3556 5018 Phoenices
3604 4923 3769 5018 illius

2125 5039 2393 5115 Oppiduli
2427 5014 2636 5091 incolae
2660 5030 2904 5086 fuerint.
2932 5023 3155 5115 Floruit
3179 5019 3287 5076 sub
3330 5016 3624 5115 antigono
3658 5014 3770 5115 Go-

2126 5107 2269 5188 nata
2294 5129 2517 5199 olymp.
2548 5122 2716 5178 CXX.
2761 5120 2832 5173 Et
2885 5112 3281 5188 proverbium,
3335 5110 3542 5163 Zenone
3589 5107 3774 5158 conti-

2198 5289 2311 5362 (35)
2341 5285 2456 5342 Sed
2504 5282 2638 5362 vide
2667 5278 3022 5362 .'l“_on.s‘ium,.
3052 5274 3129 5355 De
3166 5261 3769 5362 ‘Vitisl-:?f3t‘ipt..“nl:iit‘:

2495 5360 2549 5422 7,
2581 5353 2681 5426 qui
2713 5350 2953 5407 Suidam
3012 5345 3105 5400 hic
3148 5344 3220 5400 de
3264 5339 3481 5414 philos.
3543 5346 3769 5389 errasse

2128 5431 2453 5490 contendit.
2491 5429 2662 5483 HABL.
3260 5485 3319 5490 ,η
3384 5479 3400 5490 ,
3486 5477 3520 5490 .,
3620 5473 3676 5490 ,.

2199 5473 2749 5575 ξὲς”ὄ)”ιῐι’ἑὶιὲ”εξὶἱξὲἀά
2781 5491 3073 5549 Laertium
3109 5486 3223 5551 vn,
3257 5485 3346 5547 35,
3384 5477 3529 5547 legit
3578 5473 3775 5545 philo-

2131 5567 2352 5647 sophus
2375 5567 2663 5648 ἐριστῖκός.
