4064 6214
381 343 535 408 1371

1703 349 1955 412 INDEX
2000 344 2501 409 SCRIPTURUM

3632 354 3817 416 1372

381 477 632 548 nenlior,
665 481 919 549 Ζήνωνος
951 478 1390 556 ἐγκρατέστερος.
1425 483 1528 539 Hic
1557 500 1722 539 novae
1764 483 2027 556 philoso-

2155 481 2424 551 LhoIogias
2456 480 2947 553 epigrammatum
2981 485 3315 541 Grecorum
3346 484 3807 544 obviam.Conf.

380 569 537 643 phire
567 570 678 625 fuit
706 576 931 627 auctor.
964 574 1188 628 Revera
1210 573 1367 628 enim
1390 590 1598 630 omnes
1621 575 1817 646 specie
1836 572 2033 630 vultus

383 664 443 715 et
470 661 751 727 gravitate
779 666 838 715 et
873 662 1138 733 profecto
1179 662 1360 718 etiam
1420 662 1803 738 μακαριότητι,
1852 663 2035 719 beati-

382 754 501 805 tate
534 749 714 821 (apud
746 750 1040 806 Laertium
1069 753 1185 820 VII,
1218 753 1308 820 28,
1344 745 1740 827 μακροϐιότητι
1765 754 2030 823 lonngi-

385 845 515 905 tate,
551 839 894 910 superavit.)
923 840 1081 897 Obiit
1108 858 1317 912 expers
1347 842 1691 899 morborum
1722 848 1781 898 et
1809 844 2036 917 optima

386 945 623 999 semper
652 928 989 985 valetudine
1017 935 1211 987 utens.

454 1018 629 1084 Zeno,
662 1018 1021 1074 Dioscorides
1052 1021 1136 1088 F.,
1167 1021 1495 1090 Tarsensis,
1527 1022 1639 1090 vel,
1672 1028 1737 1078 ut
1764 1023 1865 1079 alii
1914 1028 2031 1080 tra—

384 1105 555 1175 dunt,
585 1106 891 1171 Sidonius,
913 1109 1326 1181 philosophus,
1348 1111 1676 1183 discipulus
1698 1112 2032 1186 Chrysippi,

382 1197 705 1263 Tarsensis,
740 1198 1081 1269 philosophi
1110 1199 1286 1254 Stoici
1319 1205 1376 1254 et
1407 1217 1733 1256 successor.

455 1287 616 1353 Zino,
648 1286 891 1353 Citieus,
924 1288 1146 1354 rhetor,
1179 1304 1254 1344 an
1282 1289 1694 1361 philosophus,
1718 1291 2034 1347 incertum.

385 1375 633 1446 Scripsit
668 1395 689 1423 ι
726 1377 805 1430 De
837 1375 1088 1432 statibus
1119 1392 1470 1444 causarum;
1496 1380 1573 1434 De
1597 1380 1837 1451 figuris;
1866 1381 2035 1437 Com-

385 1484 415 1518 ι(
448 1463 807 1519 mentarium
835 1463 895 1519 in
927 1465 1399 1536 Xenophontem,
1434 1466 1495 1521 in
1554 1468 1806 1540 Lysiam,
1833 1469 1895 1524 in
1927 1471 2034 1526 De-

389 1574 419 1604 ι(
444 1553 822 1608 mosthenem
848 1570 862 1619 ;
899 1554 975 1609 De
1005 1557 1370 1627 argumentis
1401 1557 1696 1613 oratoriis.

456 1642 631 1711 Zeno,
653 1641 1111 1713 Alexandrinus,
1134 1643 1392 1713 Iudaeus,
1416 1644 1519 1700 sed
1542 1661 1677 1701 cum
1698 1647 2037 1704 Iudaeorum

380 1731 541 1803 genti
575 1732 853 1787 nuntium
883 1731 1121 1803 publice
1152 1734 1504 1800 remisisset,
1556 1740 1623 1789 ut
1672 1736 1831 1808 apud
1875 1738 2036 1810 ipsos

2136 570 2368 625 Kuster.
2401 576 2522 626 not.
2558 574 2612 638 6,
2644 572 2684 629 ι.
2719 590 2769 629 c.
2804 590 2861 645 p.
2895 576 2973 645 8.)

2207 659 2435 725 Zeuxis,
2471 677 2649 732 quem
2678 662 3023 719 Aristoteles
3053 664 3328 719 Isocratis
3360 670 3625 738 tempore
3660 668 3805 739 pic-

2138 750 2327 802 torem
2358 746 2542 803 fuisse
2568 748 2766 814 tradit,
2801 749 2863 804 in
2897 751 3140 806 Veneris
3164 750 3385 824 templo
3407 751 3801 825 Cupidinem,

2138 835 2607 906 pulcherrimum
2640 838 2792 893 rosis
2823 845 3195 906 coronatum,
3226 840 3436 912 pinxit.

2208 928 2378 993 Ζῆσαι
2408 921 2514 994 δὶς,
2548 927 2627 981 bis
2655 928 2855 984 vimisse
2887 932 2947 982 et
2975 929 3258 985 revixisse
3313 929 3517 985 dicunt
3566 931 3812 986 Hercu-

2138 1013 2280 1082 lem,
2310 1014 2681 1086 Tyndareum
2714 1022 2773 1070 et
2800 1016 3083 1073 Glaucum
3111 1034 3125 1072 :
3154 1018 3397 1090 quidam
3421 1020 3595 1075 etiam
3624 1022 3805 1076 £50-

2140 1119 2303 1176 pum.

2210 1193 2404 1248 Zoilus
2435 1210 2505 1249 ex
2536 1195 2897 1268 Amphipoli,
2950 1196 3304 1252 Macedanias
3352 1198 3607 1266 civitate,
3658 1217 3802 1272 qua:

2139 1281 2286 1338 olim
2318 1282 2637 1340 voeabatur
2669 1284 2854 1340 Ἐννέα
2883 1282 3024 1352 ὁδοί,
3057 1286 3179 1341 sive
3202 1304 3389 1343 novem
3420 1290 3540 1355 via,
3574 1305 3801 1361 cogno-

2140 1372 2401 1428 minatus
2432 1374 2921 1445 Homeromastix,
2974 1375 3132 1447 quod
3184 1377 3503 1433 Homerum
3554 1378 3797 1434 deride-

2140 1467 2251 1529 ret,
2285 1469 2646 1535 quapropter
2673 1463 2959 1537 Olympias
3002 1466 3177 1532 cives,
3223 1466 3419 1537 ipsum
3468 1469 3799 1540 persecuti,

2142 1552 2215 1609 de
2246 1552 2528 1608 Scironiis
2559 1553 2716 1608 saxis
2771 1554 3250 1626 prmcipitarunt.
3298 1556 3430 1610 Fuit
3483 1557 3693 1613 rhetor
3739 1565 3807 1614 et

2140 1641 2553 1715 phi1050phus.
2587 1642 2834 1714 Scripsit
2862 1649 2921 1698 et
2942 1644 3213 1715 quasdam
3244 1647 3653 1717 grammatica,
3678 1670 3711 1697 ι(
3733 1654 3809 1704 ut

2141 1753 2171 1781 ‹‹
2202 1731 2421 1788 Contra
2468 1732 2705 1787 Homeri
2762 1733 2974 1804 poesin
3021 1733 3207 1790 libros
3252 1736 3359 1803 IX;
3410 1736 3731 1793 Historiam
3768 1755 3805 1794 a

378 1824 683 1891 receptum
707 1826 797 1875 est
820 1822 1391 1915 more,per_ipsorum
1405 1839 1763 1897 synagogam
1785 1826 1880 1881 die
1895 1826 2027 1882 Sab-
2061 1850 2105 1915 Β
2142 1843 2171 1872 ‹‹
2200 1823 2717 1915 'Al‘hegoniausque
2747 1823 2821 1879 ad
2853 1824 3112 1897 Philippi
3144 1830 3395 1883 mortem
3420 1844 3436 1893 ;
3483 1827 3669 1884 libros
3696 1830 3721 1883 Ι
3732 1831 3803 1899 tI,

374 1907 496 1963 bati
521 1909 757 1964 asinum
779 1909 980 1964 album
1005 1909 1287 1966 traduxit.
1319 1911 1423 1966 Hic
1449 1912 1603 1967 Zeno
1634 1919 1849 1969 natura
1892 1917 2024 1986 qui-

377 1995 513 2051 dem
538 2014 744 2069 aequus
767 2002 826 2051 et
844 1997 1169 2062 bonus,sed
1187 1999 1249 2054 in
1268 1999 2030 2075 eloquentiaetdisciplinis

378 2085 626 2155 tardior,
662 2102 898 2157 semper
926 2086 1154 2142 discere
1181 2088 1428 2160 cupiens
1486 2094 1545 2143 et
1588 2090 1872 2163 rogitans,
1925 2091 2029 2148 sed

379 2178 582 2232 omnia
611 2178 1043 2250 propemodum
1075 2178 1372 2249 ignorans,
1406 2184 1518 2237 etc.

446 2271 622 2340 Zeno,
653 2269 829 2340 alius,
870 2270 1063 2326 Procli
1121 2271 1389 2343 aequalis,
1443 2288 1661 2344 genere
1716 2275 2029 2348 Pergame-

377 2375 512 2425 nus,
546 2365 605 2414 et
634 2360 759 2432 ipse
789 2364 1007 2416 natura
1036 2360 1109 2416 ad
1140 2359 1490 2417 discendum
1525 2363 1802 2433 tardiore,
1834 2364 2030 2421 bonus

374 2454 575 2506 tamen
610 2454 669 2505 et
698 2448 963 2505 moribus
993 2450 1358 2522 compositis.
1393 2451 1534 2506 Uter
1578 2467 1714 2508 vero
1764 2451 2030 2524 ipsorum

377 2539 657 2596 Sallustio
714 2555 955 2595 causam
986 2556 1020 2595 a
1050 2539 1258 2596 Proclo
1306 2539 1635 2597 dissidendi
1688 2542 2029 2614 prasbuerit,

377 2626 579 2683 dicere
606 2644 727 2683 non
756 2645 1023 2700 possum.

448 2718 761 2785 Zenobius,
793 2719 1082 2791 sophista,
1114 2721 1213 2792 qui
1247 2723 1446 2776 Romae
1470 2723 1671 2778 docuit
1696 2725 1807 2779 snb
1831 2724 2032 2780 Adria-

379 2825 458 2864 no
490 2809 738 2863 Cassare.
774 2809 1021 2879 Scripsit
1054 2830 1076 2861 ι
1110 2811 1541 2882 Compendium
1580 2814 2031 2884 proverbiorum

382 2915 410 2943 ‹‹
445 2892 678 2964 Didymi
712 2898 770 2948 et
797 2894 1119 2961 Tharrhmi,
1153 2895 1323 2950 libris
1353 2898 1431 2952 III
1484 2900 1616 2969 (37).
1656 2901 1793 2955 Item
1850 2900 2031 2958 Graece

384 3002 408 3032 α
441 2982 1002 3054 Interpretationem
1034 2983 1422 3040 historiarum
1456 2985 1740 3056 Sallustii,
1778 2988 2033 3045 historici

379 3092 409 3127 «
442 3072 678 3126 Romani
732 3077 784 3127 et
839 3070 1013 3143 ipsius
1098 3073 1404 3139 bellorum;
1461 3074 1909 3132 Genetbliacum
1966 3077 2029 3133 in

379 3180 409 3211 ιι
438 3159 770 3217 Adrianum
802 3161 1114 3231 Cassarem,
1147 3184 1173 3211 ι)
1202 3167 1261 3218 et
1288 3163 1426 3220 alia.

2141 1932 2169 1961 ‹‹
2201 1913 2281 1967 De
2313 1913 2674 1984 Amphipoli.
2702 1915 2836 1969 Item
2866 1915 3085 1971 Contra
3104 1915 3441 1983 Isocratem,
3466 1924 3795 1986 oratorem,

2139 2020 2167 2049 ‹‹
2198 2000 2423 2071 aliaque
2443 1999 2712 2071 plurima,
2745 1999 2805 2056 in
2835 2001 3034 2072 quibus
3060 2004 3175 2071 fuit
3203 2009 3254 2057 et
3283 2003 3516 2058 Homeri
3552 2005 3805 2077 Vitupeo

2139 2109 2169 2141 α
2200 2089 2372 2144 ratio.
2408 2110 2429 2141 ι

2205 2180 2450 2234 Ζοηωιιε
2482 2179 2720 2252 scripsit
2763 2184 3069 2237 amatorias
3110 2183 3386 2253 epistolas,
3439 2189 3500 2239 et
3546 2186 3616 2240 de
3666 2187 3802 2242 ludo

2127 2270 2283 2341 pilae.
2316 2268 2829 2326 Circumferuntur
2871 2276 2931 2327 et
2977 2272 3109 2327 alim
3154 2272 3283 2344 ejus
3331 2273 3575 2344 epistola:
3622 2280 3799 2331 rusti—

2136 2373 2329 2425 canae;
2368 2357 2472 2414 sed
2502 2358 2575 2414 ab
2606 2359 2795 2431 ipsius
2822 2361 2976 2434 stylo
3005 2361 3311 2418 recedunt.

2205 2447 2564 2513 Zoroastres,
2626 2448 3041 2517 Persomedus,
3100 2454 3341 2506 ceteros
3414 2456 3796 2510 astronomos

2136 2534 2430 2607 sapientia
2485 2551 2776 2607 superans
2830 2541 2890 2591 et
2943 2538 3173 2608 primus
3227 2544 3434 2594 auctor
3488 2542 3791 2613 Magorum

2138 2624 2423 2691 nominis,
2448 2624 2607 2697 apud
2636 2625 2798 2697 ipsos
2818 2628 3063 2698 recepti.
3092 2628 3226 2683 Fuit
3241 2630 3419 2684 annis
3439 2630 3790 2703 quingentis

2136 2720 2274 2771 ante
2299 2714 2525 2771 bellum
2537 2716 2671 2788 Troj
2680 2716 3400 2773 anum.Circumferuntur
3411 2720 3538 2791 ejus
3554 2742 3579 2771 ι
3600 2720 3788 2776 libelli

2137 2825 2166 2855 ‹‹
2182 2810 2437 2876 quatuor
2447 2804 2521 2861 de
2537 2810 2781 2872 natura;
2809 2805 2884 2861 de
2905 2807 3183 2879 pretiosis
3200 2806 3789 2881 lapillis,unus;praz-

2144 2910 2167 2941 ι
2186 2892 2476 2950 dictiones
2493 2894 2802 2950 stellarum
2826 2912 2841 2963 ;
2864 2895 3483 2967 apotelesmaticorum
3506 2897 3646 2953 libri
3671 2900 3736 2952 V.
3762 2921 3792 2950 ι)

2205 2984 2563 3051 Zoroastres,
2597 2989 2975 3040 astronomus
3004 2983 3114 3040 sub
3147 2985 3318 3054 Nino,
3346 3002 3483 3059 rege
3516 2988 3794 3059 Assyrio-

2137 3087 2291 3139 rum,
2346 3072 2448 3144 qui
2478 3072 2718 3145 optavit,
2775 3079 2844 3128 ut
2893 3073 3028 3146 igne
3074 3073 3300 3131 caalesti
3367 3074 3791 3148 conflagraret,

2136 3162 2486 3233 monutique
2518 3163 2812 3236 Assyrios,
2858 3168 2927 3218 ut
2969 3163 3201 3220 cineres
3247 3181 3388 3221 suos
3440 3175 3786 3235 servarent;

448 3249 804 3319 Zenodotus,
871 3251 1328 3323 Alexandrinus,
1415 3256 1835 3325 grammaticus
1892 3255 1920 3310 ὁ
1976 3255 2030 3311 ἐν
2061 3249 2107 3276 υ
2142 3251 2227 3308 sic
2257 3251 2418 3307 enim
2446 3250 2571 3308 fore
2603 3257 2670 3308 ut
2697 3268 2878 3326 regno
2910 3268 3220 3324 nunquam
3243 3254 3597 3326 exciderent,
3624 3257 3795 3327 quod

380 3334 529 3393 ἄστει
558 3346 817 3396 vocatus.
849 3341 1117 3414 Scripsit,
1151 3366 1174 3395 ι
1211 3342 1506 3399 Adversus
1535 3360 1605 3400 ea
1624 3360 1756 3416 quas
1774 3346 2030 3402 Aristar-

382 3445 411 3481 ι
443 3427 591 3483 chus
615 3433 682 3483 ut
709 3429 914 3500 spuria
942 3429 1003 3484 in
1036 3431 1287 3486 Homero
1318 3431 1527 3504 rejecit
1555 3449 1569 3499 ;
1593 3432 1887 3490 Adversus
1907 3434 2035 3491 Pla-

379 3538 411 3568 α
444 3521 645 3573 tonem
678 3518 752 3574 de
783 3518 935 3587 diis;
968 3520 1049 3575 De
1080 3521 1393 3577 Homerica
1420 3523 1887 3593 consuetudine;
1917 3529 2032 3582 So-

383 3626 407 3659 ι
441 3607 702 3663 lutiones
734 3610 1178 3666 Homericarum
1209 3612 1644 3670 dubitationum
1669 3631 1684 3680 ;
1707 3613 1773 3670 lu
1794 3616 2032 3672 Hesiodi

385 3719 413 3747 «
446 3698 866 3770 Theogoniam,
903 3721 932 3749 ››
963 3706 1023 3756 et
1050 3701 1168 3757 alia
1196 3702 1404 3759 multa.

447 3787 806 3855 Zenodotus,
858 3789 1169 3859 Ephesius,
1220 3798 1396 3861 poeta
1455 3793 1658 3864 epicus
1717 3798 1778 3849 et
1832 3812 2031 3868 gram-

378 3876 653 3941 maticus,
686 3877 932 3933 Philetas
959 3879 1311 3951 discipulus.
1359 3881 1513 3937 Vixit
1553 3883 1662 3940 sub
1710 3886 2030 3943 Ptolemaao

388 3963 582 4036 primo
615 3971 674 4021 et
700 3966 932 4038 primus
958 3966 1073 4023 fuit
1102 3968 1337 4025 Homeri
1380 3977 1697 4028 corrector.
1751 3976 1835 4034 (V.
1880 3977 2034 4031 Κυδ-

378 4052 491 4109 teri
524 4058 649 4111 not.
683 4056 728 4122 Ι,
763 4060 906 4112 tom.
939 4057 1010 4125 II,
1068 4074 1201 4130 pag.
1264 4059 1338 4132 8.)
1397 4060 1560 4117 Idem
1614 4063 2037 4120 Alexandrinis

378 4142 618 4214 praefuit
646 4144 1024 4201 bibliothecis
1057 4151 1115 4201 et
1142 4147 1447 4205 Ptolemaei
1478 4150 1700 4209 liberos
1750 4153 2033 4226 instituit,

451 4233 802 4306 Zeuxippus.
836 4235 1273 4308 Christodorus,
1306 4239 1582 4299 haroicus
1632 4249 1826 4316 poeta,
1882 4245 2035 4301 scri-

378 4322 500 4393 psit
527 4324 855 4394 Ecphrasin
904 4329 1234 4382 statuarum
1278 4330 1578 4403 Zeuxippi.
1627 4333 1820 4402 (Libro
1849 4351 1883 4389 v
1911 4336 2030 4391 An-

449 4502 569 4594 ςζξλλ
689 4504 920 4594 Kuster:
954 4510 1077 4561 not.
1111 4511 1164 4575 7,
1203 4510 1451 4594 tomull,
1474 4516 1690 4594 pagg.
1724 4513 1790 4594 Η..

457 4573 570 4644 (38)
600 4576 726 4631 Non
757 4578 945 4650 magis
972 4573 1175 4634 verum
1207 4579 1319 4636 hoc
1347 4573 1460 4637 fuit
1475 4573 1682 4640 'Suidm
1712 4588 1905 4652 atate,

2140 3342 2319 3400 etiam
2348 3358 2508 3399 nunc
2537 3342 2648 3415 (38)
2677 3342 2836 3415 apud
2864 3344 3025 3415 ipsos
3054 3343 3403 3401 observatur
3428 3363 3441 3400 :

2201 3431 2638 3502 Zoromasdres,
2662 3433 2974 3490 Chaldasus
2996 3435 3255 3506 sapiens,
3289 3436 3530 3508 scripsit
3558 3437 3791 3494 mathe-

2131 3522 2348 3579 matica
2377 3528 2437 3579 et
2464 3523 2729 3595 physica.

2200 3612 2489 3681 Zosimus,
2546 3610 3004 3679 Alexandrinus,
3072 3613 3488 3687 philosophus,
3548 3616 3793 3687 scripsit

2132 3701 2480 3772 Chymeutica
2510 3702 2582 3758 ad
2612 3701 3024 3771 Theosebiam,
3058 3720 3346 3771 sororem,
3378 3704 3558 3777 idque
3614 3723 3789 3777 opus,

2131 3792 2342 3848 ordine
2366 3792 2742 3866 alphabetico
2775 3794 3088 3866 scriptum,
3140 3794 3308 3851 libris
3357 3795 3603 3864 XXVIII,
3654 3814 3794 3853 con-

2134 3888 2269 3939 stat.
2303 3885 2350 3939 A
2373 3883 2729 3956 quibusdam
2766 3884 2827 3940 id
2858 3884 3213 3941 inscribitur
3239 3884 3606 3960 χειρόκμητα,
3640 3888 3789 3943 Item

2140 3974 2323 4030 Vitam
2351 3973 2620 4030 Platonis.

2203 4063 2491 4132 Zosimus,
2553 4065 2787 4119 Gazaeus
2842 4064 2933 4120 vel
3015 4065 3412 4133 Ascalonites,
3498 4066 3796 4138 sophista,

2128 4151 2498 4224 temporibus
2532 4152 2674 4226 imp.
2708 4155 3025 4212 Anastasii.
3061 4153 3308 4227 Scripsit
3336 4178 3357 4205 α
3394 4155 3621 4211 lexicon
3648 4156 3796 4211 rhe-

2132 4264 2161 4293 ‹‹
2196 4241 2474 4310 toricum,
2507 4246 2568 4297 et
2597 4243 3095 4299 commentarium
3127 4244 3191 4299 in
3239 4244 3698 4301 Demosthenem
3731 4251 3801 4301 et

2134 4353 2163 4383 «
2197 4330 2452 4405 Lysiam.
2486 4352 2514 4380 »

2174 4526 2313 4567 uam
2344 4512 2741 4587 Zoroastreos,
2773 4528 2924 4585 quos
2951 4516 3244 4569 memorat
3262 4513 3447 4570 libros
3468 4518 3609 4570 tunc
3629 4515 3801 4587 apud

2174 4528 2313 4567 uam
2344 4528 2741 4583 Loroastreos,
2773 4540 2776 4559 ‹

2132 4528 2365 4640 amcos
2391 4585 2776 4657 superfuisse.

382 4728 3798 4762 -——_..________________________________________________

1024 4864 1679 5022 INDEX
1809 4768 3139 5026 SC‘RIPTORUM

696 5115 750 5183 A
798 5118 1041 5188 SUIDA
1089 5123 1678 5214 LAUDATORUM,
1732 5128 2193 5200 NONNULLIS
2240 5131 2464 5199 LOCIS
2516 5131 3069 5200 KUSTERIANIO
3118 5130 3475 5199 PLENIOR

377 5459 649 5529 Acasius,
684 5461 969 5535 30phista.
1005 5483 1054 5519 v.
1090 5379 1372 5528 Λιϐἒνιος.

379 5550 599 5695 Acaciil,
632 5551 913 5696 gmsaréeaa
943 5554 1225 5632 episcopi,
1253 5558 1408 5616 liber
1435 5560 1508 5616 de
1539 5562 1865 5623 orthodoxa
1887 5564 2024 5623 fide.

558 5638 571 5662 ’
603 5658 632 5693 ο
676 5660 810 5696 ινιαν
852 5662 899 5696 c.

558 5638 899 5705 Ἰοϐινιανός.

378 5727 651 5787 Achaeus.

2068 5392 2112 5457 ι)
2213 5381 2304 5439 Ἐν
2329 5378 2512 5459 Ίριδι.
2544 5400 2595 5438 v.
2630 5383 2770 5444 Βοῦς
2797 5376 3064 5456 ἕϐδομος.

2210 5472 2298 5528 Ἑν
2328 5473 2409 5542 τῷ
2439 5468 2781 5545 Φιλοκτήτῃ.
2813 5489 2866 5530 v.
2894 5469 3138 5530 Ἐλελεῦ.

2138 5559 2398 5616 Acusilai
2445 5559 2667 5633 scripta
2721 5559 3122 5632 supposititia.
3180 5558 3488 5619 Ἑκαταῖοςο
3545 5557 3806 5634 ’ἱστορῆ-

2207 5667 2319 5705 σαι.

2135 5737 2421 5796 Elianus.
2453 5755 2507 5796 v.
2562 5731 2901 5814 Ἀϐληχρόν.
2947 5732 3193 5817 ’Λϐραῖς.
3249 5740 3485 5815 *Δγεται.
3542 5735 3799 5814 ’Δγονία.
