4022 6484
1756 398 2495 565 ELENCHUS

984 826 1373 895 OPERUM
1409 830 1618 909 ΟΠΞ
1648 827 1751 891 IN
1781 827 1967 891 HOC
1997 827 2258 890 ’.1⁵0Πο
2290 824 2543 891 CXVII
2582 826 3259 893 CONTINENTUR.

1084 1494 1449 1558 HAYMO
1515 1494 2497 1557 HALBERSTATENSIS
2561 1492 3148 1557 EPISCOPUS.

1492 1656 1785 1737 (Operam
1820 1658 2044 1747 prima:
2075 1659 2286 1737 partis
2320 1657 2761 1737 continuatio.)

817 1821 1149 1886 Enarratio
1177 1822 1246 1884 in
1280 1821 1620 1885 duodecim
1650 1822 1998 1902 prOphetas
2027 1824 2334 1888 minores.
3097 1821 3230 1886 σοι.
3394 1823 3434 1884 9

1176 1924 1246 1986 in
1276 1924 1531 1987 Cantica
1560 1925 1976 1987 canticorum.
3318 1922 3439 1985 295

934 2060 1008 2071 —-
1168 2026 1237 2088 in
1269 2028 1345 2089 D.
1372 2026 1553 2087 Pauli
1584 2025 1927 2105 Epistolas.
2444 2104 2479 2111 Η
2529 2104 2536 2111 θ
2582 2106 2586 2111 ο
2642 2103 2651 2112 Ι
2747 2106 2754 2115 .
3315 2022 3431 2097 361

934 2162 1009 2173 —
1168 2127 1241 2190 in
1272 2125 1729 2208 Apocalypsin.
3318 2121 3436 2183 937

1910 2882 2335 2947 MONITUM.

564 3070 955 3137 Ndnnullorum
985 3070 1158 3133 instar
1196 3070 1360 3137 medii
1389 3069 1489 3126 aevi
1533 3081 1835 3136 auctorum,
1866 3080 2053 3126 noster
2082 3069 2313 3141 Haymo,
2361 3070 2534 3124 citans
2581 3067 2911 3136 Scripturas,
2963 3081 3151 3131 versus
3189 3069 3381 3125 leviter
3403 3070 3738 3137 immutatos,

491 3171 603 3219 tmo
632 3164 915 3233 aliquoties
939 3163 1285 3219 obtruncatos
1307 3163 1361 3218 in
1385 3163 1619 3218 medium
1648 3162 1961 3232 frequenter
1986 3161 2221 3216 adducit.
2266 3159 2377 3213 Res
2424 3159 2500 3212 ita
2530 3158 2730 3221 evenit,
2756 3158 2892 3223 sive,
2932 3159 3244 3213 memoriter
3272 3167 3325 3213 et
3348 3158 3534 3213 Bibliis
3561 3159 3748 3228 procul

490 3253 558 3307 ab
579 3253 767 3318 oculis,
801 3253 992 3323 saepius
1020 3254 1325 3323 scripserit;
1356 3253 1469 3309 sive
1514 3268 1581 3307 ex
1616 3251 1845 3307 Hebraeo
1872 3250 1954 3306 vel
1979 3250 2167 3305 Grieco
2202 3257 2350 3303 textu
2376 3248 2544 3303 libros
2570 3263 2755 3304 sacros
2804 3249 3189 3319 interpretatus
3237 3247 3427 3315 fuerit;
3466 3249 3583 3304 sive
3613 3258 3738 3305 tan-

492 3343 614 3399 dem
643 3358 833 3397 versus
862 3357 987 3397 suos
1006 3343 1244 3398 hauserit
1266 3359 1333 3397 ex
1352 3342 1521 3397 veleri
1542 3340 1791 3396 versione
1812 3340 1967 3395 nobis
1988 3340 2279 3411 incognita.
2296 3340 2565 3409 Quidquid
2586 3340 2676 3405 sit,
2698 3338 2764 3393 de
2784 3354 2935 3396 more
2958 3351 3156 3403 nostro,
3174 3342 3373 3410 scripta
3423 3337 3745 3409 Haymonis,

492 3432 634 3486 sicut
661 3440 998 3495 caeterorum,
1023 3432 1227 3503 integra
1252 3443 1564 3487 reverenter
1604 3431 1959 3495 servavimus,
2012 3430 2443 3501 quotiescunque
2484 3445 2676 3485 sensus
2708 3432 2991 3489 manifeste
3017 3448 3275 3489 erroneus
3322 3448 3430 3489 non
3464 3433 3620 3488 nobis
3646 3447 3747 3504 ap-

489 3519 690 3600 paruit.
714 3518 880 3573 Porro
907 3518 1165 3574 Monitum
1205 3521 1348 3575 istud
1374 3518 1532 3590 plane
1562 3518 1789 3589 sumciet
1822 3533 1892 3574 ne
1908 3521 2263 3579 conturbetur
2287 3531 2532 3591 attentus~
2551 3529 2604 3577 et
2625 3521 2927 3592 intelligens
2950 3523 3141 3592 lector,
3165 3524 3380 3595 quando
3409 3522 3610 3595 aliquid
3638 3522 3744 3578 dis-

491 3610 735 3667 criminis
756 3610 809 3665 in
838 3620 1026 3666 nostra
1049 3612 1282 3669 editione
1309 3626 1432 3669 cum
1452 3611 1680 3684 Vulgata
1707 3611 1987 3683 percipiet.
2035 3610 2372 3680 Praecedenti
2414 3613 2671 3670 volumini
2723 3628 2933 3671 necnon
2975 3623 3033 3671 et
3088 3615 3341 3686 praesenti
3387 3611 3756 3687 sequentiun

492 3701 812 3763 valeatthaec
837 3704 1082 3761 monitio.
