4022 6464
501 399 558 453 ll
959 401 1316 456 HAYMONIS
1360 399 1838 454 HALBERSTAT.
1883 400 2044 454 ΕΙ)Ιῇ

2148 382 2287 487 ῡιψ.
2330 405 2510 460 psus
2546 406 2584 460 ι.
2628 438 2699 448 -
2727 407 3082 463 COMMENT.
3117 408 3287 463 BIBL.
3691 412 3762 465 is

500 524 832 547 Μαι..αὴ

834 530 3750 562 mw-WW

1540 664 1654 747 IN
1713 666 1965 747 OSEE
2024 671 2675 757 PBOPHETAM.

988 874 1231 943 “CAPUT
1274 887 1564 946 PRIMUM.

558 1015 578 1049 ι
601 982 842 1051 Verbum
859 996 1092 1061 Domini,
1110 998 1251 1066 quod
1274 996 1474 1054 factum
1505 1009 1590 1055 est
1617 1001 1686 1057 ad
1705 997 1866 1067 Osee,
1895 996 2064 1058 filium

482 1082 634 1142 Beeri
667 1086 721 1140 in
746 1084 934 1141 diebus
964 1084 1110 1141 θείω
1127 1127 1142 1151 ,
1169 1085 1402 1143 Joathan
1422 1128 1436 1154 ,
1458 1088 1660 1156 Acbaz,
1684 1091 1950 1160 Ezechiae,
1987 1108 2071 1149 re-

478 1192 606 1247 gum
658 1176 817 1241 Iuda,
867 1185 923 1231 et
969 1176 1024 1230 in
1071 1176 1264 1232 diebus
1308 1173 1595 1244 Jerohoam
1627 1179 1732 1235 ﬁlii
1761 1180 1888 1237 Joas
1924 1183 2068 1253 regis

460 1265 663 1321 dsrael.
703 1285 723 1319 ι
760 1263 1000 1321 Verbum
1035 1265 1248 1320 Domini
1278 1264 1407 1320 illud
1446 1267 1704 1325 debemus
1738 1269 2063 1341 intelligere,

478 1358 546 1412 de
565 1372 675 1427 quo
694 1354 934 1412 Joannes
970 1357 1026 1411 in
1065 1357 1288 1412 exordio
1318 1356 1597 1428 Evangelii
1636 1360 1720 1416 sui
1748 1361 1921 1417 dicit:
1954 1382 1973 1416 ι
2008 1362 2065 1418 1η

460 1448 747 1520 ςιπίηαίρίο
773 1456 890 1504 erat
919 1448 1179 1504 Verbum.
1214 1466 1234 1502 ι
1264 1448 1379 1504 Hoc
1401 1447 1637 1506 Verbum
1666 1467 1787 1509 'nou
1820 1454 1951 1510 dicit
1986 1454 2067 1509 fa-

477 1544 628 1590 ctum
654 1536 710 1591 in
739 1551 839 1592 sua
868 1544 1064 1592 natura
1084 1577 1098 1603 ,
1126 1537 1221 1594 sed
1247 1537 1490 1609 genitum
1524 1554 1558 1594 a
1603 1539 1713 1597 Deo
1738 1541 1902 1598 Patre
1937 1551 2064 1599 ante

473 1626 658 1681 omnia
688 1627 906 1683 saecula.
931 1628 1084 1697 Quod
1114 1644 1246 1711 ergo
1280 1630 1371 1686 hic
1399 1630 1621 1700 dicitur,
1655 1651 1675 1685 ‹
1718 1633 1942 1690 Factum
1979 1643 2063 1690 est

474 1722 702 1778 verbum
720 1722 942 1779 Domini
972 1724 1041 1779 ad
1068 1723 1226 1792 Osee,
1252 1744 1271 1777 ι
1296 1724 1370 1780 ita
1398 1724 1799 1796 intelligendum
1831 1735 1935 1793 est,
1958 1727 2062 1782 Fa-

474 1824 620 1870 ctum
643 1823 727 1870 est
753 1816 979 1871 verbum
1007 1816 1243 1883 Domini,
1273 1817 1428 1872 idest
1454 1828 1514 1872 ut
1559 1832 1740 1875 sermo
1766 1818 1862 1875 Dei
1883 1818 2061 1876 Patris

473 1907 648 1974 fieret,
686 1909 790 1964 hoc
814 1917 898 1965 est
927 1909 1258 1981 loqueretur,
1287 1911 1355 1965 ad
1378 1910 1535 1967 Osee.
1554 1906 1852 1984 Loquendo
1876 1923 2056 1970 autem

471 1997 698 2054 verbum
724 1999 937 2056 Domini
965 2000 1034 2056 ad
1059 2000 1199 2057 Osee
1217 2042 1232 2069 ,
1269 2002 1401 2059 fecit
1424 2001 1574 2058 illum
1602 2003 1762 2060 deum
1791 2014 1848 2060 et
1880 2005 2057 2062 salva.

465 2097 646 2144 torem
674 2091 857 2161 populi
889 2091 994 2147 sui.
1025 2092 1421 2163 Interpretatur
1447 2094 1593 2151 enim
1623 2093 1762 2151 Osee
1791 2098 2049 2163 salvator,

2103 902 2151 962 Α
2178 897 2453 967 liquerunt
2479 899 2681 954 fontem
2707 907 2859 970 aqtue
2885 903 3036 965 vivae,
3070 913 3125 958 et
3150 903 3403 959 foderunt
3430 907 3533 962 sibi
3560 908 3755 965 δίδωτι

2171 996 2271 1045 nas
2288 1029 2303 1056 ,
2330 992 2597 1047 cisternas
2624 994 2914 1064 dissipatas
2932 1034 2949 1059 ,
2976 1010 3097 1064 quae
3118 997 3396 1053 continere
3426 1014 3534 1055 non
3570 1001 3754 1057 valent

2172 1092 2360 1149 aquas.
2400 1100 2419 1134 ι
2454 1081 2569 1139 Hoc
2595 1084 2738 1138 enim
2771 1084 2915 1140 inter
2941 1094 3162 1155 puteum
3190 1095 3247 1142 et
3272 1088 3538 1147 cisternas
3561 1092 3748 1157 distat,

2168 1169 2310 1237 quod
2338 1178 2532 1240 puteus
2552 1180 2838 1242 perpetuas
2864 1189 3034 1244 aquas
3060 1176 3259 1232 habeat
3283 1187 3339 1232 et
3361 1179 3428 1235 de
3450 1180 3574 1237 vivo
3598 1180 3752 1238 fonte

2167 1268 2501 1327 manantes;
2553 1263 2799 1317 cisterna
2845 1273 2971 1319 vero
3019 1274 3273 1322 externas
3315 1277 3372 1323 et
3421 1269 3750 1328 advertitias

2165 1362 2336 1420 aquas
2389 1350 2661 1421 possideat
2707 1359 2870 1422 atque
2924 1361 3319 1424 temporancas.
3358 1356 3435 1411 De
3472 1358 3576 1412 hoc
3597 1358 3748 1415 fonte

2160 1438 2433 1511 Propheta
2470 1443 2641 1498 dicit:
2671 1442 2855 1499 Sitivit
2886 1445 3067 1501 anima
3104 1461 3224 1501 mea
3254 1448 3322 1503 ad
3347 1449 3515 1504 Deum
3539 1449 3744 1506 fontem

2163 1531 2365 1591 vivum.
2421 1552 2440 1585 ι
2489 1532 2547 1588 1η
2589 1535 2779 1592 diebus
2800 1534 2925 1603 02.,
2975 1535 3117 1601 Joa.,
3174 1537 3519 1605 Ach.,Eze.,
3551 1556 3741 1613 regum

2160 1622 2320 1680 Juda.
2354 1644 2373 1677 ι
2432 1625 2593 1682 Ozias
2644 1628 2760 1698 ipse
2798 1635 2882 1684 est
2917 1629 3009 1699 qui
3048 1627 3176 1685 alibi
3205 1643 3429 1686 vocatur
3481 1632 3741 1700 Azarias,

2160 1713 2252 1783 qui
2301 1716 2545 1786 regnavit
2572 1716 2626 1771 in
2673 1716 3008 1774 Hierusalem
3038 1732 3201 1791 super
3227 1719 3365 1777 duas
3401 1722 3595 1790 tribus,
3620 1740 3744 1795 quac

2159 1806 2495 1876 appellantur
2540 1807 2715 1875 Juda,
2763 1810 2921 1866 annis
2961 1811 3350 1884 quinquaginta
3402 1823 3458 1870 et
3509 1815 3737 1872 duobus.

2157 1898 2252 1953 Cui
2324 1900 2585 1955 successit
2648 1900 2703 1955 in
2772 1917 2997 1972 regnum
3051 1902 3282 1959 Joathan
3322 1940 3340 1972 ,
3389 1907 3484 1976 qui
3547 1922 3742 1979 regna-

2156 1988 2234 2043 vit
2278 1990 2434 2046 annis
2479 1991 2773 2047 sexdecim.
2810 1992 2938 2049 Post
2981 2008 3142 2062 quem
3173 1993 3318 2050 filius
3369 1997 3487 2067 ejus
3533 1997 3737 2064 Achar,

2152 2080 2247 2151 qui
2271 2090 2327 2136 et
2346 2080 2465 2151 ipse
2489 2082 2762 2138 sexdecim
2791 2084 2950 2139 annis
2972 2086 3239 2155 regnavit,
3272 2085 3426 2156 cujus
3453 2090 3740 2145 undecimo

460 2187 529 2235 'ut
553 2189 680 2250 pote
706 2182 798 2252 qui
820 2183 1064 2239 doctrina
1093 2193 1149 2240 et
1171 2186 1422 2257 exemplo
1439 2188 1763 2253 sanctitatis,
1796 2189 2044 2261 populum

2152 2185 2295 2228 anno
2343 2172 2529 2228 decem
2569 2172 2741 2230 tribus
2777 2174 2951 2231 ductae
2989 2185 3117 2230 sunt
3164 2177 3216 2231 in
3271 2178 3641 2247 captivitatem
3680 2180 3739 2236 in
3828 2250 3832 2253 γ

460 2273 538 2328 ad
563 2288 727 2345 quem
768 2272 1107 2342 mittebatur,
1137 2255 1346 2334 salvum
1387 2278 1565 2336 facere
1608 2255 2049 2351 curabaithuod
2080 2255 2125 2314 Β
2154 2272 2365 2318 montes
2400 2263 2673 2319 medorum
2725 2274 2781 2320 θι
2834 2264 3120 2322 Persarum
3181 2282 3212 2322 ³
3263 2266 3613 2327 saliuam“?
3654 2289 3739 2329 τε·

469 2369 650 2416 autem
680 2363 821 2419 idem
851 2363 988 2421 Osee
1013 2368 1305 2438 exterique
1332 2370 1610 2440 prophetae
1639 2370 1714 2426 dii
1746 2379 1873 2427 sunt
1909 2389 2049 2428 nun-

463 2453 672 2524 cupati,
701 2455 771 2510 ad
800 2468 935 2526 quos
964 2457 1071 2514 hoc
1093 2459 1317 2514 verbum
1348 2459 1548 2515 factum
1574 2469 1681 2528 est,
1711 2462 1970 2519 Dominus
1996 2464 2048 2518 in

463 2538 760 2617 ‘Evangelio
812 2548 1123 2605 manifestat
1165 2569 1180 2605 :
1233 2549 1294 2606 Si
1347 2550 1467 2607 illos
1516 2553 1724 2624 (inquit
1755 2553 2048 2626 Dominus)

467 2639 649 2694 dicitis
693 2638 845 2705 deos,
890 2640 958 2696 ad
1004 2657 1140 2712 quos
1186 2657 1363 2697 sermo
1419 2643 1512 2698 Dei
1554 2643 1729 2701 factus
1781 2653 1896 2712 est,
1940 2654 2046 2701 etc.

463 2728 621 2786 Sicut
679 2745 810 2800 ergo
859 2731 1001 2788 Deus
1058 2732 1326 2802 loquendo
1385 2734 1696 2791 hominibus
1751 2735 1883 2792 facit
1929 2736 2049 2793 illos

466 2820 619 2888 deos,
653 2821 731 2875 sic
774 2822 891 2892 ipse
921 2820 1174 2877 Salvator
1200 2823 1330 2878 facit
1366 2832 1424 2878 ut
1451 2832 1505 2880 et
1518 2824 1627 2896 ipsi
1676 2827 1786 2880 sint
1817 2828 2050 2883 salvato-

464 2925 574 2967 res.
625 2912 890 2967 Dicuntur
944 2922 1122 2970 autem
1171 2913 1344 2969 sancti
1394 2914 1468 2969 dii
1516 2923 1569 2968 et
1612 2914 1906 2972 sa'lvatores
1952 2930 2050 2988 per

462 3000 727 3071 gratiam,
781 3017 905 3056 eum
946 3002 1018 3058 sit
1056 3018 1193 3057 unus
1230 3000 1481 3058 Salvator
1513 3010 1569 3059 et
1591 3002 1731 3059 Deus
1763 3020 1860 3076 per
1892 3013 2048 3060 natu-

463 3106 599 3147 ram.
622 3092 723 3149 Ubi
734 3093 1033 3148 notandum
1047 3094 1189 3164 quod
1213 3094 1302 3149 hic
1313 3109 1420 3149 non
1442 3094 1642 3151 dicitur
1666 3113 1678 3148 :
1704 3094 1929 3151 Factum
1965 3104 2048 3151 est

461 3184 687 3238 verbum
717 3185 930 3240 Domini
962 3185 1017 3239 in
1043 3183 1203 3249 Osee,
1236 3201 1304 3241 ne
1326 3185 1534 3242 sciliret
1555 3188 1627 3241 sit
1651 3201 1862 3251 sensus,
1888 3188 2045 3257 quasi

459 3288 558 3344 per
600 3273 749 3329 illum
801 3273 898 3329 flat
948 3289 1127 3330 sermo
1165 3274 1232 3328 ad
1276 3273 1466 3340 alium,
1499 3277 1593 3330 sed
1656 3295 1674 3325 ι
1708 3275 1774 3330 ad
1824 3275 1979 3340 Osee,
2020 3295 2038 3327 ι

459 3373 520 3417 ut
547 3363 864 3418 ostendatur
897 3364 966 3418 ad
1010 3362 1159 3417 illum
1191 3364 1408 3433 proprie
1438 3379 1621 3419 sermo
1669 3366 1925 3430 eonlerri,
1977 3366 2044 3421 ad

459 3469 620 3525 quem
644 3453 916 3521 dirigitur.
949 3453 1107 3508 Aliud
1138 3464 1222 3508 est
1269 3454 1417 3509 enim
1465 3455 1548 3523 (ut
1590 3454 1652 3509 Β.
1683 3455 2044 3529 Hieronymus

458 3543 702 3616 exponit)
760 3530 905 3613 loqui
954 3543 1242 3599 Dominum
1295 3545 1347 3599 in
1385 3543 1545 3611 Osee,
1579 3545 1722 3602 aliud
1765 3548 1831 3603 ad
1884 3549 2038 3604 Osee.

2150 2369 2217 2425 ge
2279 2355 2670 2411 Chaldaeorum.
2725 2356 2856 2412 Post
2897 2358 3075 2412 Achaz
3128 2362 3373 2430 regnavit
3417 2360 3560 2418 filius
3620 2363 3738 2435 ejus

2153 2446 2413 2503 Ezechias
2471 2448 2629 2503 annis
2686 2448 2876 2519 viginti
2942 2464 3155 2505 novem.
3212 2451 3290 2507 Ex
3354 2469 3463 2524 quo
3520 2456 3702 2527 perspi

2151 2553 2309 2593 cuum
2378 2549 2463 2595 est
2514 2538 2598 2610 (ut
2646 2555 2809 2611 supra
2861 2540 3118 2614 diximus)
3167 2541 3305 2599 Osee
3360 2555 3416 2600 et
3471 2556 3597 2603 ante
3644 2563 3730 2604 ca-

2150 2628 2451 2700 ptivitatem
2494 2640 2550 2686 et
2589 2641 2713 2702 post
2752 2633 3124 2701 captivitatem
3164 2636 3516 2705 prophetasse
3549 2648 3605 2694 et
3654 2639 3736 2709 ip—

2151 2737 2266 2777 sam
2321 2723 2660 2794 iugrueutem
2717 2725 3105 2797 captivitatem.
3164 2726 3222 2781 lu
3264 2728 3453 2785 diebus
3492 2730 3639 2787 Hier.
3676 2735 3731 2787 ti.

2149 2813 2294 2873 Joas.
2351 2814 2673 2870 llieroboam
2721 2816 2886 2873 istum
2946 2832 3059 2872 non
3131 2816 3392 2875 debemus
3450 2830 3734 2878 autumare

2150 2905 2384 2974 primum
2416 2921 2595 2976 regem
2618 2906 2806 2961 decem
2839 2907 3096 2971 tribuum,
3123 2907 3217 2976 qui
3244 2907 3388 2963 filius
3423 2908 3589 2965 fuisse
3622 2910 3729 2966 Na-

2150 2996 2244 3052 bat
2273 2981 2619 3069 perhibetur,
2649 2997 2775 3069 quia
2805 3000 2905 3054 iste
2946 2998 3108 3069 (sicut
3136 2999 3225 3055 hic
3251 3007 3730 3076 commemoratur)

2150 3090 2291 3147 Iilius
2318 3090 2417 3145 fuit
2440 3090 2585 3158 Joas,
2607 3107 2877 3163 pronepos
2895 3091 3053 3160 Jebu,
3077 3093 3167 3163 qui
3206 3093 3488 3150 interfecta
3510 3094 3730 3151 Iezabel

2153 3183 2470 3261 impiissima
2523 3184 2730 3254 regina,
2760 3192 2817 3237 et
2868 3184 3076 3239 duobus
3118 3184 3329 3255 regibus
3368 3184 3723 3254 impiissimis.

2146 3270 2329 3325 lor-am
2358 3311 2373 3335 ,
2401 3272 2608 3327 scilicet
2642 3271 2751 3328 lilio
2775 3272 2962 3327 Achab
2985 3288 3111 3344 rege
3139 3272 3417 3338 Samarim,
3447 3288 3570 3328 cum
3599 3289 3724 3346 sep-

2149 3364 2389 3433 tuaginta
2425 3364 2543 3434 ejus
2578 3365 2859 3430 fratribus,
2899 3374 2955 3421 et
2986 3365 3223 3421 Ochozia
3260 3381 3386 3437 rege
3421 3364 3578 3433 Iuda,
3602 3382 3728 3438 pro-

2148 3453 2373 3509 missum
2400 3464 2484 3510 est
2514 3456 2654 3525 quod
2681 3463 2971 3526 regnarent
2996 3456 3092 3511 filii
3119 3456 3237 3527 ejus
3262 3473 3434 3529 usque
3456 3458 3527 3515 ad
3559 3474 3725 3529 quar-

2146 3558 2254 3604 tam
2286 3548 2712 3621 generationem.
2735 3550 2835 3617 Qui
2861 3558 3061 3615 tamen,
3086 3551 3341 3620 quoniam
3369 3552 3574 3608 reversi
3597 3560 3725 3608 sunt

457 3610 692 3690 lii-Osee.
720 3610 917 3703 quippe
945 3646 1057 3689 non‘
1079 3632 1192 3704 ipse
1222 3633 1460 3704 loquitur
1486 3634 1643 3703 Osee,
1668 3637 1762 3691 sed
1787 3652 1883 3706 per
1903 3636 2040 3693 Osce
2070 3610 2113 3672 C
2144 3640 2211 3694 ad
2255 3610 2476 3710 peccata
2526 3655 2714 3711 regum
2761 3638 2995 3694 filiorum
3043 3610 3227 3706 Israel,
3274 3641 3383 3697 cito
3427 3641 3728 3697 amiserunt

456 3728 527 3782 ad
566 3726 703 3782 alios
749 3742 928 3782 sermo
974 3726 1248 3797 dirigitur,
1292 3729 1434 3783 sicut
1487 3728 1758 3800 Propheta
1806 3730 1940 3785 dicit
1984 3731 2037 3785 in

458 3820 670 3891 psalmo
703 3836 717 3874 :
763 3836 783 3870 ι
818 3819 1048 3874 Audiam
1093 3818 1224 3889 quid
1280 3818 1532 3890 loquatur
1569 3819 1623 3874 in
1653 3834 1741 3875 me
1782 3818 2040 3875 Dominus

459 3911 621 3978 Deus,
667 3911 926 3983 quoniam
964 3910 1215 3980 loquetur
1242 3926 1431 3981 pacem
1460 3909 1516 3965 in
1544 3909 1700 3980 plebe
1736 3925 1850 3965 sua.
1889 3930 1907 3962 ι
1939 3910 2037 3966 Ubi

457 4002 785 4071 ostenditur,
813 4002 939 4075 quia
968 4019 1068 4075 per
1098 4003 1249 4059 illum
1278 4003 1370 4073 qui
1406 4004 1510 4059 hoe
1544 4003 1885 4074 loquebatur,
1920 4002 2040 4060 aliis

456 4095 600 4151 Deus
639 4093 971 4166 loqueretur.
1027 4093 1108 4149 Ad
1153 4092 1294 4149 Osee
1332 4108 1462 4149 vero
1509 4093 1753 4164 loquens,
1804 4096 2042 4151 ostendit

455 4186 673 4258 proprie
716 4187 782 4241 ad
815 4186 962 4241 illum
1012 4187 1283 4257 pertinere
1323 4186 1637 4256 prophetam
1684 4202 1746 4242 ea
1789 4203 1909 4257 qute
1950 4204 2036 4243 sed

455 4292 717 4354 quuntur,
746 4298 871 4338 cum
919 4283 1117 4337 dicitur
1159 4283 1209 4336 ei
1243 4300 1255 4336 :
1294 4301 1312 4332 ι
1358 4280 1519 4345 Vale,
1579 4297 1733 4337 sume
1770 4282 1865 4337 tibi
1906 4299 2039 4339 uxo-

454 4391 589 4443 rem,
643 4397 662 4431 ι
717 4390 820 4433 etc.
866 4376 1215 4447 Prophetavit
1256 4385 1437 4432 autem
1474 4378 1662 4433 iisdem
1705 4380 2040 4449 temporibus

456 4470 656 4541 quibus
704 4470 894 4536 lsaias,
924 4471 1122 4536 Amos,
1159 4470 1427 4537 Michaeas,
1461 4469 1597 4536 ποθι,
1626 4471 1827 4527 Ahdias
1863 4480 1915 4525 et
1943 4469 2036 4525 Jo‘

454 4576 557 4618 nas
589 4581 603 4617 :
636 4561 778 4633 quod
804 4577 868 4617 ex
898 4561 1207 4617 nominibus
1235 4577 1421 4634 regum
1446 4563 1733 4620 manifeste
1754 4564 2034 4634 probatur,

452 4655 548 4725 qui
607 4653 661 4709 in
708 4653 880 4709 titulis
932 4653 1247 4709 eorumdem
1302 4662 1576 4724 ponuntur
1624 4655 2033 4725 prophetarum.

455 4747 611 4803 Uude
637 4745 985 4817 intelligimus
1022 4761 1146 4801 cum
1175 4755 1228 4801 et
1261 4756 1385 4802 ante
1413 4748 1782 4818 captivitatem
1812 4759 1866 4802 et
1915 4757 2038 4817 post

455 4837 823 4909 captivitatem
865 4838 1238 4907 prophetasse.
1288 4837 1542 4894 Praedixit
1568 4840 1767 4910 quippe
1803 4839 2030 4909 captivi-

2143 3747 2391 3801 regnum.

2217 3842 2236 3875 ι
2276 3824 2608 3894 Principium
2650 3822 2903 3894 loquendi
2935 3822 3160 3882 Domino
3207 3827 3260 3881 in
3308 3821 3465 3882 Osee.
3520 3847 3539 3880 ι
3597 3828 3725 3884 Haec

2140 3917 2304 3972 verba
2342 3915 2631 3987 dupliciter
2670 3915 2896 3986 intelligi
2937 3925 3181 3987 possunt,
3214 3916 3295 3970 vel
3340 3917 3466 3985 quia
3498 3917 3584 3971 isti
3615 3918 3726 3987 pri-

2142 4023 2289 4063 mum
2340 4006 2627 4075 captivitas
2671 4006 2856 4062 decem
2898 4008 3134 4063 tribuum
3180 4008 3425 4063 nuntiata
3461 4017 3568 4074 est,
3597 4019 3724 4065 ante

2140 4097 2332 4151 Isaiam
2370 4095 2640 4162 videlicet,
2670 4106 3005 4167 caaterosque
3027 4097 3119 4168 qui
3155 4104 3283 4153 tunc
3316 4095 3638 4169 temporales
3671 4100 3720 4153 ei

2140 4189 2194 4243 in
2239 4187 2610 4257 prophetando
2638 4186 2883 4255 fuerant;
2939 4187 3026 4244 vel
3052 4189 3179 4259 quia
3203 4189 3308 4244 hoc
3341 4189 3567 4245 verbum
3607 4190 3720 4260 pri-

2142 4294 2287 4337 mum
2311 4282 2359 4338 ei
2385 4297 2414 4337 a
2445 4281 2671 4339 Domino
2695 4284 2897 4339 dictum
2929 4291 3012 4337 est
3039 4286 3183 4352 quod
3212 4284 3476 4354 sequitur,
3500 4286 3567 4340 de
3594 4301 3723 4341 cou-

2135 4374 2414 4445 junctione
2444 4375 2685 4431 mulieris
2714 4374 3033 4429 meretricis.
3057 4375 3208 4429 Unde
3237 4375 3421 4430 statim
3455 4374 3716 4432 infertur:

2146 4489 2163 4521 ‹
2200 4470 2265 4524 Ει
2302 4469 2439 4523 dixit
2474 4469 2734 4523 Dominus
2758 4468 2824 4521 ad
2849 4466 2987 4523 Osee
3019 4485 3033 4522 :
3068 4467 3217 4525 Vade
3238 4510 3252 4535 ,
3281 4485 3434 4526 sume
3463 4472 3558 4527 tibi
3582 4490 3717 4527 uxo-

2142 4577 2253 4614 rem
2287 4560 2679 4623 fornicationis,
2732 4568 2786 4612 et
2815 4558 2898 4613 fac
2924 4558 3065 4614 filios
3100 4558 3541 4627 fornicationum,
3593 4566 3718 4634 quia

2139 4651 2411 4706 fornicaus
2443 4649 2801 4705 fornicabitur
2828 4658 2972 4704 terra
3002 4666 3032 4705 a
3071 4651 3321 4708 Domino.
3372 4673 3391 4706 ι
3422 4652 3572 4709 Licet
3600 4656 3718 4725 qui-

2138 4746 2260 4800 dam
2292 4746 2406 4798 lucc
2424 4744 2578 4814 juxta
2606 4742 2843 4798 litteram
2865 4752 2985 4799 acta
3014 4746 3365 4813 contendant,
3394 4732 3717 4803 excusantes

2137 4836 2450 4907 prophetam
2474 4850 2502 4888 a
2525 4834 2679 4904 culpa
2703 4835 3093 4899 fornicationis,
3130 4846 3315 4907 utpote
3341 4839 3433 4908 qui
3459 4840 3548 4893 Dei
3583 4854 3718 4908 prmo

453 4936 622 4982 tatem
662 4927 848 4981 decem
882 4927 1155 4992 tribuum,
1190 4941 1352 4995 quam
1391 4930 1558 4983 visam
1586 4938 1773 5000 postea
1801 4929 2030 4985 deflevit.
2063 4963 2113 5023 υ
2138 4930 2306 5000 ceptis
2343 4930 2394 4983 in
2423 4929 2526 4984 hoc
2560 4928 2823 4984 obedierit
2844 4970 2858 4995 ,
2896 4944 2996 4984 nec
3034 4931 3374 4985 attendentes
3399 4932 3541 5001 quod
3579 4931 3719 4986 Deus

459 5041 475 5072 ι
511 5018 708 5076 Filium
746 5018 917 5074 Deeri.
958 5039 975 5071 ι
1014 5018 1255 5074 'l'radunt
1289 5018 1520 5088 Hebraei,
1558 5021 1699 5092 quod
1727 5020 2037 5091 ubicunque
2063 5018 2100 5023 ⁷
2137 5021 2273 5077 nihil
2314 5020 2603 5089 injustam,
2654 5021 2785 5075 nihil
2833 5029 2988 5092 turpe
3025 5032 3265 5091 unquam
3297 5023 3571 5094 praecepit.
3606 5022 3717 5076 Me—

454 5110 672 5167 nomina
702 5118 916 5180 patrum
949 5108 1030 5164 vel
1059 5124 1282 5165 avorum
1321 5112 1707 5182 pmphetarum
1735 5120 2031 5183 ponuntur,

448 5202 557 5274 ipsi
598 5215 815 5272 quoque
844 5208 1029 5270 patres
1066 5200 1148 5256 vel
1173 5203 1258 5256 avi
1286 5203 1561 5272 prophetae
1606 5202 1825 5263 fuerint.
1882 5202 2035 5259 Unde

451 5300 667 5349 constat
720 5293 877 5348 Beeri
920 5292 1240 5363 prephetam
1290 5292 1477 5359 fuisse,
1517 5294 1669 5366 cujus
1710 5294 1852 5350 illius
1896 5293 2036 5350 Osee

450 5388 622 5443 fuisse
670 5384 928 5440 refertur.
985 5384 1123 5441 Osee
1175 5386 1565 5456 interpretatur
1616 5389 1715 5459 (ut
1760 5388 2033 5461 diximus)

450 5479 705 5542 salvator,
743 5478 969 5547 ideoque
1001 5479 1282 5533 Dominum
1306 5478 1577 5535 Christum
1611 5481 1901 5553 significat,
1936 5484 2028 5552 qui

452 5579 536 5624 est
575 5584 702 5623 vere
730 5568 977 5624 Salvator
1001 5570 1208 5624 nmndi.
1256 5569 1404 5624 Unde
1430 5580 1484 5623 et
1513 5570 1667 5626 Jesus
1698 5572 1918 5637 dicitur,
1963 5566 2030 5628 ad

451 5675 612 5730 quem
644 5662 913 5730 pertinent
960 5675 1023 5715 ea
1053 5674 1173 5730 qua:
1201 5668 1515 5730 sequuntur.
1547 5661 1697 5718 Unde
1727 5662 1864 5718 Osee
1890 5664 2030 5719 filius

454 5752 606 5806 liceri
652 5752 869 5811 dicitur,
920 5750 1008 5820 qui
1040 5756 1223 5817 puteus
1271 5754 1416 5803 metu
1459 5751 1872 5823 interpretatur.
1914 5753 2032 5824 Ipse

414 5885 421 5890 .
454 5860 667 5914 quoque
689 5844 830 5903 Deus
858 5840 1018 5898 Pater
1042 5855 1140 5912 per
1153 5839 1479 5912 Prophetam
1512 5842 1643 5898 dicit
1668 5859 1681 5896 :
1720 5863 1736 5895 ι
1766 5841 1848 5899 Me
1872 5844 2029 5899 dere-

2137 5114 2256 5169 liori
2300 5123 2478 5169 tamen
2524 5112 2796 5167 intelleCtu
2834 5111 2986 5180 juxta
3031 5114 3292 5184 mysticos
3342 5128 3532 5169 sensus
3582 5113 3720 5167 acci-

2136 5204 2390 5275 piendum
2428 5211 2533 5268 est,
2564 5203 2703 5258 sicut
2734 5201 2862 5258 illud
2889 5202 3032 5272 quod
3071 5202 3339 5258 Ezechieli
3367 5204 3568 5258 dictum
3593 5214 3678 5256 est
3704 5222 3715 5256 τ

2143 5318 2162 5350 ι
2193 5296 2438 5352 Dormies
2465 5311 2630 5366 super
2650 5294 2794 5350 latus
2808 5304 2958 5350 tuum
2980 5294 3256 5350 sinistrum
3270 5294 3528 5350 trecentis
3556 5310 3720 5350 nona-

2140 5386 2286 5459 ginta
2321 5387 2510 5443 diebus
2529 5425 2543 5450 ,
2582 5393 2638 5440 et
2671 5399 2778 5439 non
2804 5393 2856 5441 te
2887 5394 3175 5441 convertes
3198 5386 3250 5439 in
3280 5385 3419 5439 latus
3443 5384 3588 5441 aliud
3611 5425 3625 5450 ,
3665 5394 3719 5439 et

2140 5477 2336 5533 iterum
2378 5476 2616 5532 dormies
2669 5491 2832 5547 super
2861 5475 2999 5530 latus
3031 5474 3174 5530 aliud
3203 5473 3451 5530 dextrum
3487 5476 3719 5544 quadra-

2132 5572 2277 5644 ginta
2307 5571 2513 5627 diebus.
2557 5591 2575 5624 ι
2597 5571 2727 5625 Illud
2757 5584 2970 5639 quoque
2989 5568 3130 5639 quod
3155 5567 3405 5624 Jeremiae‘
3430 5568 3654 5623 ineat-ce
3686 5583 3721 5621 e

2133 5663 2315 5719 clauso
2344 5663 2672 5733 prascipitur,
2702 5669 2761 5715 ut
2791 5662 2843 5715 in
2868 5660 3076 5714 vicinas
3107 5670 3297 5730 gentes
3327 5659 3521 5728 populo
3548 5659 3718 5711 Israe-

2135 5754 2283 5810 litico
2314 5754 2562 5808 inimicas
2585 5751 2852 5823 pergatad
2874 5750 3294 5821 Euphratem,et
3324 5750 3394 5804 ibi
3422 5749 3721 5802 abscondat

2134 5845 2379 5902 lumbare
2400 5844 2540 5916 quod
2571 5842 2893 5913 possideret,
2928 5841 3022 5911 qui
3051 5855 3150 5895 nec
3179 5840 3319 5894 inter
3353 5854 3481 5895 suos
3507 5840 3723 5909 positus
