4022 6440
296 427 362 482 ιδ
1315 427 1704 485 ENARRATiO
1742 428 1809 482 1N
1847 427 2023 484 OSEE
2058 428 2496 487 PROPUETAM.
3464 441 3530 494 Η

291 544 357 600 ad
388 540 751 599 venditionem
773 540 855 596 sui
886 540 1000 614 agri
1025 541 1172 595 exire
1197 543 1388 612 potuit,
1415 542 1508 596 sed
1537 556 1603 596 eo
1626 557 1858 611 pergens
1884 547 1935 603 Α
1963 540 2076 595 raei
2118 540 2268 598 fusus
2293 543 2499 598 visitari
2535 545 2762 612 dicitur,
2795 546 3008 605 Judaeos
3038 547 3323 620 signiﬁcat,
3352 564 3385 604 a
3413 550 3531 621 qui-

289 633 442 708 quasi
476 633 720 704 proditor
763 641 820 688 et
856 632 1062 687 delator
1106 649 1325 687 suorum
1359 632 1574 697 civium,
1622 632 1690 688 ab
1731 632 1862 701 ipsis

290 732 479 796 captus
504 732 561 779 et
602 723 799 794 ligatus
826 730 988 792 atque
1030 721 1085 776 in
1124 738 1397 778 carcerem
1428 722 1721 778 collocatus
1756 730 1858 788 est,

289 813 633 883 maximeque
679 826 801 867 cum
835 809 949 879 iam
990 811 1058 867 ab
1093 812 1340 868 hostibus
1377 812 1711 869 Hierusalem
1760 813 1858 869 ob-

289 921 442 963 sessa
483 913 539 961 et
577 904 814 974 undique
857 905 1049 959 vallata
1089 914 1228 960 erat.
1261 907 1527 973 Quantum
1564 914 1746 962 autem
1794 906 1863 960 ad

291 1000 530 1054 litteram
572 996 829 1067 pertinet,
893 1012 1033 1050 uxor
1087 995 1505 1052 fornicationum
1568 1002 1689 1065 est;
1743 1012 1863 1068 qua:

292 1087 583 1144 multorum
618 1092 768 1156 patet
804 1085 1014 1140 libidini
1044 1086 1309 1151 adultera,
1344 1102 1463 1158 qua:
1493 1090 1659 1157 super
1687 1088 1859 1142 virum

289 1194 451 1234 suum
497 1177 702 1232 inducit
754 1172 1007 1232 alienum.
1075 1176 1199 1232 Filii
1259 1192 1388 1235 vero
1442 1177 1862 1236 fornicationum

289 1277 436 1336 sunt,
456 1268 551 1339 qui
576 1268 642 1323 de
672 1266 764 1321 tali
790 1263 1038 1339 coniugio
1063 1272 1378 1322 nascuntur;

366 1379 386 1414 ι
437 1361 508 1415 Ει
540 1359 694 1425 abiit,
721 1366 779 1414 et
819 1359 1028 1428 accepit
1064 1358 1263 1415 Gomer
1298 1359 1459 1414 ﬁliam
1486 1356 1779 1427 Debelaim,
1808 1369 1865 1416 et

289 1450 538 1521 concepit
585 1458 642 1505 et
680 1449 887 1520 peperit
935 1449 1123 1504 tilium.
1161 1452 1181 1503 i
1233 1449 1367 1517 Quia
1396 1451 1511 1507 haec
1548 1452 1752 1518 omnia,
1806 1459 1865 1507 ut

291 1541 541 1611 superius
577 1540 778 1596 dictum
809 1548 913 1605 est,
964 1540 1316 1610 spirituaiiter
1353 1548 1480 1596 sunt
1527 1541 1861 1611 accipienda,-

292 1629 449 1694 Osee,
499 1630 594 1701 qui
619 1628 1299 1701 salvator‘interpretatur,
1344 1630 1631 1686 Dominum
1678 1629 1862 1686 Jesum

291 1721 565 1779 Christum
612 1721 897 1793 signiﬁcat.
937 1723 1039 1790 Qui
1068 1723 1287 1778 veniens
1332 1738 1429 1793 per
1471 1722 1863 1780 lncarnationis

292 1814 635 1885 mysterium,
673 1815 881 1885 accepit
910 1830 1129 1871 uxorem
1161 1814 1596 1881 furnicationum,
1628 1815 1858 1886 plebem,

1963 632 2064 689 bus
2090 634 2310 707 sanguis
2332 634 2533 691 Christi
2559 635 2711 693 fusus
2730 647 2830 706 est,
2855 654 3016 710 quem
3038 641 3257 697 nomine
3274 641 3531 698 Jezraelis

1962 722 2360 791 praelibavimus
2380 724 2670 795 designari,
2692 727 2845 797 cujus
2870 731 3089 802 sanguis
3109 747 3274 802 super
3292 747 3386 789 eos
3406 734 3534 790 visi-

1965 820 2105 867 tatus
2130 824 2211 869 est
2230 854 2247 879 ,
2274 816 2488 884 quando
2520 831 2551 871 a
2580 816 2837 874 Romanis
2859 822 3024 876 occisi
3048 828 3105 877 et
3133 821 3188 876 in
3210 837 3398 879 omnes
3419 832 3527 879 ter-

1964 914 2054 959 ras
2102 906 2340 973 ahducti,
2401 923 2570 977 usque
2608 909 2768 965 hodie
2810 927 2840 965 a
2897 913 3115 983 propria
3161 923 3308 972 terra
3349 916 3534 972 exules

1962 997 2222 1053 existunt.
2287 1010 2305 1049 ι
2363 998 2431 1054 Ει
2474 1001 2753 1070 quiescere
2813 1002 3007 1059 faciam
3066 1006 3290 1077 regnum
3337 1006 3532 1065 domiis

1962 1086 2146 1152 lsraei,
2187 1096 2243 1145 et
2284 1089 2337 1143 in
2385 1087 2474 1144 illa
2501 1092 2585 1147 die
2611 1092 2884 1148 conteram
2909 1093 3095 1151 arcum
3115 1097 3278 1152 Israel
3301 1079 3355 1154 in
3390 1101 3531 1157 valle

1961 1174 2191 1233 Jezraei.
2247 1196 2266 1231 ι
2311 1177 2486 1250 Supra
2533 1181 2767 1240 diximus
2795 1171 3003 1241 .iezrael
3051 1186 3322 1243 civitatein
3369 1190 3537 1247 fuisse

1966 1268 2302 1338 metropolim
2334 1269 2518 1326 decem
2566 1272 2843 1336 tribuum,
2882 1275 3035 1344 juxta
3065 1291 3224 1346 quam
3268 1278 3352 1333 est
3380 1280 3534 1336 vallis

1964 1358 2145 1415 nimia:
2185 1352 2471 1427 Vastitatis,
2511 1378 2630 1431 quae
2659 1363 2778 1433 plus
2798 1380 2958 1434 quam
2984 1364 3171 1422 decem
3200 1367 3427 1424 milllum
3453 1371 3532 1426 di-

1964 1449 2233 1505 stenditur
2276 1451 2564 1521 passibus;
2605 1452 2658 1506 in
2690 1452 2790 1509 hac
2819 1455 3108 1511 commisso
3128 1457 3425 1514 certamine
3467 1460 3536 1514 ab

1962 1537 2199 1609 Assyriis
2239 1538 2410 1596 Cissus
2440 1547 2523 1596 εει
2568 1540 2734 1597 lsrael
2779 1544 2964 1600 decem
2999 1545 3253 1613 tribuum,-
3300 1547 3530 1618 quorum'

1963 1624 2222 1685 fortitudo
2249 1630 2337 1686 hic
2360 1631 2577 1689 nomine
2607 1648 2768 1689 arcus
2789 1634 3133 1705 exprimitur.
3158 1634 3317 1693 Juxta
3345 1641 3536 1712 mysti—

1962 1720 2057 1772 cOs
2084 1719 2447 1787 vero'sensus,
2469 1728 2660 1778 omnes
2681 1723 2773 1793 qui
2791 1724 2856 1779 de
2877 1723 3092 1781 Christo
3117 1725 3254 1783 male
3276 1730 3535 1802 sentiunt;

1966 1805 2108 1862 sicut
2136 1808 2401 1877 breretici,
2428 1810 2521 1880 qui
2552 1813 2868 1869 recedentes
2896 1829 2925 1868 a
2949 1814 3110 1872 domo
3130 1811 3323 1885 David;
3351 1814 3407 1874 id
3452 1827 3537 1875 est

291 1903 509 1973 scilicet
534 1902 833 1969 Iudaicam,
867 1905 960 1975 qui
987 1906 1155 1961 Deum
1184 1921 1349 1961 unum
1387 1913 1442 1961 et
1471 1920 1657 1961 verum
1692 1904 1857 1961 relin-
1891 1893 1937 1953 Β
1965 1898 2034 1951 ab
2053 1897 2316 1965 Ecclesia,
2337 1898 2549 1957 Israelis
2569 1902 2787 1958 nomine
2811 1903 2865 1958 ili
2879 1903 2983 1960 hoc
3000 1904 3121 1961 loco
3142 1905 3531 1979 intelliguntur.

291 1995 536 2066 quendo,
568 1995 718 2051 varia
754 1997 1056 2053 daemonum
1093 2002 1342 2069 portenta
1370 1997 1746 2053 venerabatur.
1777 1997 1859 2053 Ex

291 2101 399 2155 qua
419 2087 605 2158 genuit
635 2085 774 2142 ﬁlios
797 2086 1234 2155 fornicationem,
1251 2088 1392 2159 quia
1416 2098 1604 2144 amnes
1626 2088 1860 2143 ostendit

292 2192 413 2234 esse
444 2179 542 2235 sub
578 2182 819 2249 peceato.
873 2178 1027 2236 Unde
1072 2176 1211 2237 bene
1256 2195 1393 2236 uxor
1440 2179 1857 2237 fornicationum

297 2267 497 2324 Gomer
524 2269 750 2334 dicitur,
782 2269 924 2340 quod
954 2280 1147 2325 nomen
1183 2270 1572 2340 interpretatur
1603 2268 1853 2342 perfecta,

287 2360 400 2415 sive
428 2360 776 2431 consumpta,
815 2360 869 2415 in
906 2360 1050 2419 malo
1077 2359 1329 2418 videlicet
1351 2376 1532 2433 opere,
1557 2361 1701 2433 quod
1723 2360 1854 2415 nulli

286 2449 507 2504 dubium
545 2457 629 2505 est
657 2450 725 2506 ad
757 2451 1001 2507 eamdem
1040 2450 1253 2522 plebem
1294 2451 1586 2522 pertinere.
1625 2438 1856 2522 ideoque

283 2540 447 2594 etiam
472 2546 706 2611 congrue
736 2540 899 2596 ﬁliam
925 2541 1199 2599 De'belaim
1227 2557 1346 2599 esse
1368 2543 1705 2615 perhibetur,
1734 2557 1854 2613 quae

285 2632 520 2701 ro'uplas
569 2631 976 2702 interpretatur,
1018 2650 1137 2706 qua:
1180 2649 1393 2705 semper
1438 2649 1592 2692 suam
1649 2635 1853 2691 studuit

283 2722 436 2792 sequi
462 2721 827 2792 voluptatem.
859 2723 988 2791 Quae
1032 2725 1216 2797 genuit
1242 2725 1445 2793 ﬁlium,
1483 2726 1586 2782 hoc
1621 2737 1705 2782 εει
1742 2725 1853 2782 [οτι

284 2824 395 2869 ιεω
420 2817 674 2886 populum
708 2816 762 2871 in
790 2816 1008 2872 malum.
1046 2815 1105 2873 Si
1134 2832 1261 2874 vero
1285 2817 1387 2873 hoc
1418 2817 1580 2874 altius
1601 2834 1853 2890 perscru-

282 2907 386 2963 tari
417 2909 679 2975 volentes,
733 2910 786 2964 in
827 2910 1021 2965 bonam
1070 2918 1280 2980 partem
1309 2910 1636 2967 voluerimus
1676 2910 1850 2966 inter-

280 3001 526 3070 pretari,-
558 3000 702 3056 ﬁlius
735 3015 800 3054 ex
829 3010 987 3069 gente
1020 3000 1312 3056 lsraelitica
1332 3008 1493 3058 natus
1535 3002 1852 3074 intelligitur

1960 1984 2019 2040 In
2047 1986 2184 2043 valle
2220 1985 2451 2054 Jezrael,
2498 1989 2551 2045 id
2589 1998 2674 2059 est
2716 1991 2769 2047 in
2816 1993 3117 2050 humilitate
3168 1996 3390 2052 seminis
3416 1999 3535 2063 Dei,-

1960 2084 2338 2143 conteruntur,
2370 2079 2496 2149 quia
2541 2098 2560 2132 ι
2609 2081 2772 2137 Pater
2800 2098 2905 2139 non
2941 2081 3149 2152 iudicat
3182 2101 3531 2159 quemquam,

1959 2166 2053 2222 sed
2077 2166 2512 2238 omneiudicium
2541 2171 2689 2228 dedit
2723 2173 2879 2231 Filio.
2925 2193 2944 2229 ι

2035 2276 2055 2310 ι
2088 2258 2156 2314 Et
2180 2261 2428 2332 concepit
2446 2263 2640 2329 adhuc,
2668 2272 2724 2320 et
2742 2267 2949 2337 peperit
2971 2266 3157 2335 ﬁliam;
3179 2267 3234 2323 et
3259 2249 3396 2325 dixit
3425 2266 3477 2326 ei
3508 2270 3522 2325 ἐ

1956 2348 2103 2405 Voca
2130 2364 2325 2406 nomen
2353 2351 2471 2423 ejus
2503 2352 2706 2425 absque
2731 2357 3126 2424 misericordia;
3151 2359 3276 2429 quia
3302 2375 3408 2415 uon
3433 2361 3532 2416 ad;

1956 2441 2082 2497 dam
2107 2441 2249 2498 ultra
2279 2443 2707 2501 misericordiam
2738 2449 2918 2504 domui
2942 2450 3126 2517 israel,
3149 2450 3242 2506 sed
3266 2451 3535 2510 oblivione

1955 2533 2245 2592 obliviscar
2280 2551 2491 2606 eorum;
2533 2546 2587 2594 et
2625 2540 2926 2598 miserebor
2965 2541 3146 2597 domui
3174 2539 3400 2607 Juda,‘et
3430 2542 3537 2598 sal:

1953 2626 2091 2681 vabo
2115 2640 2210 2682 eos
2240 2626 2293 2681 in
2342 2627 2569 2683 Domino
2597 2628 2709 2685 Deo
2753 2645 2868 2694 suo,
2893 2636 3077 2687 etnon
3106 2630 3327 2689 salvabo
3352 2641 3445 2689 eos
3475 2633 3531 2689 in

1953 2728 2085 2770 arcu
2114 2723 2168 2771 et
2187 2715 2384 2787 gladio,-
2407 2718 2530 2774 etin
2553 2719 2692 2777 bello
2721 2729 2777 2776 et
2802 2721 2853 2775 iu
2875 2721 3030 2791 equis
3044 2721 3167 2777 etin
3186 2723 3476 2792 equitibus.
3509 2742 3527 2774 ι

1951 2806 2146 2863 Ablata
2184 2809 2331 2864 omni
2374 2808 2688 2867 fortitudine
2716 2828 2747 2868 a
2775 2812 3004 2880 Judazis,
3042 2814 3382 2885 nequaquam
3417 2813 3533 2885 jam

1954 2900 2251 2957 masculino
2291 2916 2422 2958 sexu
2471 2916 2873 2974 nuncupantur,
2910 2906 3007 2961 sed
3047 2904 3332 2973 feminino,
3374 2907 3532 2976 quasi

1954 2985 2176 3065 fragiles
2197 3004 2253 3051 et
2296 2995 2609 3052 imbecilles.
2656 2996 2809 3054 Unde
2844 3006 2898 3053 et
2933 2998 3071 3054 bene
3097 2997 3202 3054 ﬁlia
3246 3007 3528 3069 nuncupaa

281 3091 545 3147 Dominus
569 3090 728 3147 Jesus
758 3091 1028 3158 Christus,
1078 3091 1332 3162 quoniam
1361 3092 1452 3164 qui
1477 3092 1580 3148 sibi
1606 3094 1850 3149 eamdem
1956 3095 2043 3142 tur
2071 3084 2261 3174 eadem
2310 3088 2480 3159 plebs,
2512 3090 2636 3158 quia
2683 3090 2974 3146 femineum
3015 3086 3205 3177 habuit
3251 3091 3527 3155 animum;

278 3181 494 3252 plebem
539 3182 891 3253 conjunxerat
932 3186 1028 3252 pe‘r
1074 3181 1431 3249 divinitatem,
1483 3183 1636 3240 nasci
1683 3181 1853 3240 voluit
1889 3245 1923 3253 _
1953 3178 2171 3248 quando
2205 3178 2373 3235 Deum
2403 3179 2712 3249 dereliquit,
2749 3190 2805 3236 et
2824 3181 2928 3250 pro
2960 3182 3069 3236 Deo
3101 3181 3240 3235 idola
3280 3180 3417 3236 vana
3440 3182 3531 3237 eo-

278 3245 350 3326 ex
377 3286 439 3326 ea
467 3285 565 3340 per
608 3245 1022 3327 humanitatem.
1051 3270 1151 3328 Cui
1188 3274 1368 3329 sensui
1395 3245 1646 3346 congruit
1688 3274 1855 3331 inter-
1880 3245 1925 3308 (ἶ
1956 3245 2069 3326 iere
2092 3270 2273 3342 cmpit.
2308 3269 2439 3338 Quae
2459 3245 2663 3341 absque
2685 3245 3055 3325 misericordia
3081 3279 3163 3326 est
3191 3270 3246 3326 ct
3274 3271 3531 3327 Oblivioni

277 3363 517 3433 pretatio
544 3361 799 3428 neminis,
827 3378 935 3433 quo
971 3363 1113 3419 idem
1142 3364 1324 3419 vocari
1353 3365 1663 3436 praecipitur
1692 3364 1852 3431 ﬁlius,

226 3472 234 3478 ε
278 3467 411 3506 nam
461 3450 671 3509 Jezrael
720 3467 896 3508 semen
955 3452 1055 3509 Dei
1112 3453 1520 3527 interpretatur.
1570 3454 1723 3513 Unde
1770 3472 1856 3514 se-

274 3543 472 3614 quitur
509 3548 521 3597 :
1787 3618 1792 3624 ρ

364 3653 383 3685 ε
420 3634 490 3690 Ει
531 3633 667 3693 dixit
719 3634 977 3693 Dominus
1019 3636 1087 3693 ad
1115 3647 1275 3693 eum:
1316 3637 1462 3695 Voca
1503 3637 1699 3696 nomen
1744 3638 1860 3709 eius

278 3724 515 3793 Iezrael,
550 3728 802 3798 quoniam
837 3729 1014 3795 adhuc
1064 3730 1333 3786 modicum
1366 3740 1423 3787 et
1460 3731 1687 3789 visitabo
1731 3748 1857 3790 san-

281 3816 502 3887 guinem
526 3814 734 3874 Jezrael
762 3834 925 3890 super
955 3821 1172 3876 domum
1203 3818 1364 3878 Jehu.
1413 3840 1433 3876 ι
1460 3821 1665 3880 Jezrael
1695 3824 1861 3880 inter-

282 3913 536 3975 pretatur
561 3918 736 3961 semen
778 3907 895 3963 Dei.
932 3909 1203 3976 Quantum
1247 3912 1316 3967 ad
1358 3911 1595 3968 litteram
1644 3915 1858 3983 attinet,

282 3995 484 4051 civitas
518 3995 619 4050 fuit
656 3999 964 4068 metropolis
994 4000 1049 4055 in
1087 4016 1253 4073 regno
1299 4002 1484 4059 decem
1522 4000 1757 4061 tribuum
1805 4007 1861 4062 in

283 4099 397 4155 qua
428 4085 767 4141 interfectum
787 4087 1012 4158 legimus
1032 4089 1260 4159 Nahoth,
1288 4093 1358 4148 ob
1376 4093 1530 4163 cujus
1548 4097 1862 4166 sanguinem

285 4175 674 4231 vindicandum
702 4178 992 4235 suscitatus
1012 4188 1096 4253 est
1119 4180 1276 4249 Jehu,
1306 4185 1396 4253 qui
1429 4186 1624 4241 delevit
1644 4193 1862 4243 domum

285 4266 477 4321 Achar.
504 4274 557 4321 et
583 4265 862 4325 Jezraeiis.
895 4269 1094 4325 Verum
1131 4271 1256 4341 quia
1282 4273 1397 4343 ipse
1417 4272 1555 4330 Jehu
1577 4275 1720 4332 ultor
1742 4284 1865 4333 s‘an-

284 4356 469 4426 guinis
498 4355 634 4427 justi
659 4358 886 4425 exstitit,
933 4367 988 4414 et
1013 4353 1108 4415 ﬁlii
1140 4359 1256 4430 ejus
1284 4360 1529 4418 fecerunt
1571 4364 1770 4420 malum
1810 4365 1866 4421 in

284 4453 580 4519 conspectu
631 4448 862 4515 Domini,
921 4450 1141 4522 sanguis
1197 4450 1378 4507 Achaz
1434 4468 1596 4523 super
1646 4456 1864 4512 domum

286 4540 434 4597 illius
474 4539 627 4595 fusus
686 4549 789 4606 est,-
839 4540 893 4596 id
937 4550 1018 4597 est
1075 4550 1343 4609 reversus,
1371 4546 1583 4613 quando
1620 4545 1716 4601 ﬁlii
1746 4548 1862 4618 ejus

288 4631 438 4688 ducti
463 4638 589 4686 sunt
625 4631 680 4687 in
716 4631 1080 4702 captivitatem
1118 4644 1173 4690 et
1201 4634 1490 4693 interfecti.
1514 4634 1582 4693 Et
1607 4653 1714 4695 non
1740 4649 1864 4710 po‘st

288 4724 521 4781 multum
558 4734 767 4795 tempus
794 4727 1112 4796 quieverunt
1137 4730 1364 4798 pariter,
1398 4730 1452 4784 id
1482 4740 1569 4787 est
1613 4747 1863 4789 cessave-

290 4822 421 4869 runt
460 4824 515 4869 et
538 4828 760 4885 regnum
796 4822 851 4869 et
889 4830 1061 4887 reges;
1095 4816 1302 4873 Mortuo
1330 4818 1529 4889 quippe
1552 4816 1861 4889 Jeroboam,

288 4915 587 4974 pronepote
610 4903 767 4969 Jehu,
799 4907 898 4962 sub
922 4923 1028 4977 quo
1048 4910 1370 4980 prophetare
1396 4910 1560 4982 coepit
1584 4910 1740 4977 Osee,
1766 4912 1867 4967 sub

289 5010 402 5065 quo
429 4996 568 5052 ﬁlius
593 4995 709 5065 ejus
740 4997 1030 5054 Zacharias
1062 5000 1114 5054 in
1146 5016 1365 5072 regnum
1396 5002 1677 5069 successit,
1705 5018 1865 5072 quem

290 5096 448 5143 sexto
487 5101 673 5144 mense
718 5089 867 5158 regni
898 5090 979 5144 sui
1018 5091 1215 5147 occidit
1245 5092 1442 5147 Selium
1476 5095 1542 5149 de
1577 5094 1680 5150 alia
1710 5104 1868 5152 natus

290 5184 481 5252 stirpe.
524 5182 826 5253 Statimque
855 5199 1009 5255 reges
1048 5181 1256 5257 Assyrii
1303 5191 1560 5256 ceperunt
1599 5188 1786 5244 Ruben
1814 5198 1868 5244 et

290 5272 505 5338 Gad,et
531 5275 808 5330 dimidiam
850 5276 1046 5331 tribum
1093 5277 1356 5340 Manasse,
1402 5278 1494 5348 qui
1531 5287 1686 5333 erant
1720 5289 1868 5337 trans

291 5361 617 5430 Iordanem,-
643 5364 836 5420 deinde
861 5364 1228 5434 Nephtbaiim,
1264 5367 1331 5421 ad
1359 5376 1661 5423 extremum
1681 5374 1868 5425 omnes

296 5452 528 5523 reliquas
562 5453 752 5510 tribus.
786 5454 1026 5511 Fuerunt
1054 5471 1083 5510 a
1109 5455 1371 5512 Zacharia
1407 5471 1576 5527 usque
1603 5459 1671 5514 ad
1705 5456 1863 5524 Osee,

296 5543 399 5599 sub
424 5558 531 5619 quo
574 5560 763 5601 oinnes
803 5545 989 5603 decem
1035 5547 1206 5603 tribus
1250 5548 1306 5603 in
1346 5549 1711 5619 captivitatem
1742 5560 1869 5606 eunt

297 5637 492 5704 ducta,
536 5639 662 5695 anni
694 5648 899 5695 tantum
945 5641 1301 5713 quadraginta
1331 5657 1545 5700 novem.
1585 5643 1755 5711 Quam
1797 5645 1868 5701 ob

298 5741 517 5784 causam
540 5729 630 5783 hic
650 5729 847 5784 dicitur
880 5747 895 5784 :
926 5729 1117 5786 Adhuc
1147 5732 1291 5787 mod.
1328 5741 1384 5787 et
1406 5750 1459 5787 v;
1483 5748 1600 5788 san.
1629 5734 1712 5790 ιε.
1737 5750 1784 5791 ε.
1809 5735 1863 5791 d.

298 5818 454 5879 John.
498 5820 862 5894 Spiritualiter
899 5819 1056 5889 lehn,
1098 5839 1196 5892 per
1220 5840 1381 5894 quem
1410 5827 1626 5898 sanguis
1661 5826 1716 5883 in
1740 5825 1865 5883 εἰει-

1959 3360 2176 3427 tradita,
2200 3359 2454 3431 quoniam
2481 3368 2650 3429 nsque
2673 3358 2835 3415 hodie
2863 3358 3152 3414 Persarum
3182 3359 3396 3431 regibus
3412 3375 3531 3415 ser-

1958 3450 2131 3516 viunt,-
2175 3453 2230 3506 et
2268 3448 2540 3519 nunquam
2585 3457 2885 3504 esteorum
2938 3449 3182 3505 absoluta
3222 3450 3529 3520 captivitas.

1960 3544 2161 3600 Domus
2179 3554 2358 3600 autem
2378 3540 2512 3598 Juda
2534 3559 2658 3598 cum
2681 3540 2893 3600 duobus
2920 3544 3166 3600 tribubus
3188 3544 3289 3599 sibi
3309 3545 3528 3602 sociatis

1960 3636 2386 3693 misericordiam
2424 3645 2715 3692 consecuta
2748 3645 2852 3702 est,
2894 3631 3108 3707 quando
3143 3642 3360 3707 propter
3405 3644 3533 3693 eon-

1961 3724 2236 3781 ﬁdentiam
2271 3740 2435 3795 quam
2459 3725 2517 3781 in
2545 3726 2655 3781 Deo
2681 3724 3005 3791 habuerunt,-
3031 3726 3231 3783 missns
3263 3734 3347 3782 est
3371 3741 3533 3797 ange-
3600 3726 3603 3731 “

1961 3815 2067 3883 ius;
2086 3823 2144 3872 et
2162 3815 2433 3887 percussu
2458 3815 2731 3871 exercitus
2755 3810 3123 3871 Sennacherib
3145 3825 3358 3872 centum
3381 3825 3534 3873 ocios

1961 3910 2109 3979 ginta
2134 3909 2374 3979 quinque
2409 3907 2592 3962 millia.
2623 3907 2695 3963 Et
2723 3907 2942 3963 salva‘bo'
2970 3916 3085 3972 eos,
3120 3907 3313 3977 inquit,
3342 3908 3398 3963 in
3426 3908 3532 3964 Doc‘

1963 4003 2110 4057 mino
2149 3999 2259 4056 Deo
2300 4014 2423 4064 suo,
2451 4000 2507 4055 id
2538 4006 2639 4062 est,
2685 3998 2742 4053 in
2768 3999 2888 4052 mea
2922 4005 2978 4053 et
3007 3997 3183 4053 Patris
3208 4005 3263 4053 et
3301 3994 3535 4068 Spiriius

1962 4093 2133 4148 sancti
2174 4092 2522 4162 protectione.
2554 4089 2685 4145 Tale
2720 4096 2802 4144 est
2838 4088 2982 4142 enim
3022 4087 3144 4153 hoc,
3172 4086 3330 4155 quale
3361 4086 3487 4166 illud
3514 4105 3531 4139 :

1963 4184 2105 4239 Pluit
2133 4184 2391 4238 Dominus
2415 4199 2444 4236 a
2469 4178 2718 4247 Domino,
2752 4180 2806 4236 id
2835 4189 2921 4237 est
2945 4179 3112 4235 Filius
3156 4194 3189 4234 a
3213 4174 3325 4234 Deo
3351 4177 3536 4236 Patre;

1965 4271 2032 4328 Et
2050 4281 2167 4329 'non
2194 4272 2292 4329 sal.
2317 4274 2411 4328 eos
2438 4273 2491 4327 in
2520 4287 2573 4326 τις
2600 4277 2656 4327 ει
2680 4287 2758 4344 g.,
2785 4282 2840 4326 et
2865 4270 2921 4326 b.
2951 4277 3007 4326 et
3044 4269 3095 4325 in
3126 4267 3303 4340 equis,
3341 4269 3395 4326 id
3427 4278 3534 4335 est,

1966 4379 2074 4420 non
2097 4363 2150 4420 in
2180 4363 2361 4433 aliqua
2398 4372 2496 4434 spe
2533 4371 2627 4417 aut
2654 4362 2708 4417 in
2736 4360 3050 4416 fortitudine
3077 4360 3342 4427 humana,
3371 4359 3455 4416 vel
3478 4359 3537 4416 in

1965 4454 2305 4510 multitudine
2329 4454 2593 4524 equitum,
2622 4452 2714 4509 sed
2742 4451 2922 4523 potius
2949 4459 2982 4505 ε
3009 4438 3235 4507 Domino
3268 4449 3381 4506 Deo
3411 4466 3534 4517 suo,

1964 4546 2056 4616 qui
2085 4544 2261 4601 mittet
2286 4545 2532 4616 angelum
2562 4560 2720 4600 suum
2749 4553 2807 4599 ut
2830 4542 3114 4598 interﬁciat
3141 4557 3329 4599 omnes
3355 4542 3536 4600 inimis

1966 4640 2061 4692 cOs
2082 4635 2315 4691 illorum.
2339 4632 2396 4690 Si
2425 4643 2604 4689 autem
2628 4634 2730 4690 hoc
2756 4634 2823 4688 ad
2848 4630 2943 4688 eos
2972 4632 3202 4688 refertur
3241 4633 3331 4703 qui
3354 4634 3408 4688 in
3439 4633 3536 4688 ad-

1965 4729 2129 4785 ventu
2154 4726 2363 4782 Domini
2394 4733 2520 4783 sunt
2541 4725 2758 4797 reperti,
2792 4724 2947 4781 recte
2966 4725 3068 4796 ipsi
3088 4739 3303 4796 quoque
3326 4720 3451 4790 ﬁlia,
3479 4724 3539 4782 et

1965 4833 2074 4873 non
2103 4816 2244 4873 ﬁlius
2265 4817 2633 4882 ndmiﬂantur,
2656 4817 2783 4888 quia
2809 4815 3091 4889 mollitiem
3116 4831 3226 4871 suae
3246 4814 3540 4886 voluptatis

1967 4918 2354 4979 exsequentes,
2391 4907 2607 4979 Quando
2632 4916 2689 4964 et
2710 4908 3027 4980 sanguinem
3058 4906 3283 4964 seminis
3303 4907 3400 4963 Dei
3432 4906 3538 4962 im;

1966 5002 2172 5074 precati
2195 5009 2341 5065 sunt,
2380 5020 2397 5052 ‹
2420 5000 2640 5071 sanguis
2666 4997 2784 5069 ejus
2803 5013 2968 5070 super
2990 5011 3095 5055 nos
3120 5007 3174 5055 et
3205 5013 3366 5069 super
3396 4997 3542 5054 ﬁlios

1969 5102 2204 5149 nostros.
2235 5110 2255 5144 ι
2292 5090 2446 5148 Unde
2471 5099 2527 5147 et
2548 5089 2752 5162 absque
2774 5089 3144 5147 misericordia
3174 5089 3326 5157 facti,
3349 5089 3535 5144 traditi

1969 5192 2093 5242 sunt
2127 5184 2407 5248 Romanis,
2431 5193 2486 5239 et
2506 5198 2692 5239 eorum
2720 5190 2980 5253 perpetua
3007 5184 3267 5239 servitute
3291 5182 3533 5238 damnati

1967 5291 2129 5353 atque
2147 5279 2403 5336 oblivioni
2424 5278 2626 5334 traditi.
2641 5278 2843 5334 Domus
2854 5286 3032 5333 autem
3047 5275 3212 5343 Iuda,-
3228 5289 3348 5345 qua
3368 5274 3539 5355 inter:

1965 5381 2210 5446 pretatur
2244 5371 2502 5439 confessio
2528 5410 2544 5437 ,
2596 5369 2653 5426 id
2693 5377 2806 5436 est,
2855 5367 3087 5440 apostoli
3125 5365 3413 5435 casterique
3450 5365 3542 5419 vei

1969 5465 2251 5520 credentes
2261 5462 2345 5517 vel
2358 5461 2629 5528 doctores,
2643 5462 2735 5532 qui
2752 5460 2914 5516 ﬁdem“
2932 5457 3171 5515 nominis
3187 5454 3388 5513 Christi
3400 5470 3501 5511 con
3511 5484 3536 5495 —

1972 5553 2101 5611 fessi
2133 5562 2281 5621 sunt,
2309 5554 2501 5610 saivati
2531 5562 2657 5610 sunt
2681 5568 2786 5610 non
2807 5553 2863 5609 in
2889 5550 3066 5623 gladio
3094 5560 3150 5606 et
3180 5558 3334 5617 arcu,
3360 5547 3419 5606 id
3457 5544 3545 5604 est

1971 5662 2080 5702 non
2093 5647 2147 5701 in
2163 5646 2345 5718 aliquo
2371 5647 2606 5703 humano
2627 5644 2848 5709 auxilio,
2867 5642 2965 5700 sed
2977 5642 3033 5698 in
3044 5638 3275 5698 Domino
3288 5639 3400 5697 Deo
3417 5650 3540 5704 suo;

1970 5735 2189 5793 Christo“
2226 5737 2474 5793 videlicet
2513 5736 2607 5808 qui
2645 5744 2742 5793 eos
2762 5748 2862 5806 per
2884 5731 3119 5807 gratiam
3157 5732 3323 5788 suam
3352 5728 3543 5818 elegit;

1974 5826 2085 5886 Sed
2110 5835 2166 5885 et
2209 5827 2426 5887 nomine
2455 5826 2582 5884 ﬁliae
2627 5840 2915 5899 possumus
2938 5825 3186 5896 accipere
3229 5818 3540 5886 haereticos,
