4022 6442
470 417 536 470 ἱὸ
934 420 1284 476 ΙΙΑΥΜΟΝΙΒ
1324 420 1800 476 HALBERSTAT.
1845 423 2055 479 EPISC.
2098 427 2246 483 OPP.
2285 429 2463 486 PARS
2502 434 2541 488 Ι.
2581 463 2650 474 -—
2689 435 3038 492 COMMENT.
3083 433 3251 487 BIBL.
3654 433 3722 486 16

467 535 558 604 qui
604 535 851 603 dogmata
905 538 1156 593 vanitatis
1199 546 1505 607 sequentes,
1559 549 1614 593 et
1662 541 1927 610 perfectos
1976 558 2038 595 ac
2070 547 2115 604 Α
2143 546 2262 600 eis:
2299 545 2408 601 Non
2435 550 2661 619 populus
2687 566 2838 604 meus
2867 562 2984 613 vos,
3029 569 3046 600 ι
3090 557 3148 601 ιιι
3178 563 3358 616 supra.
3391 547 3590 602 Locum
3624 546 3721 603 ubi

470 625 637 682 fortes
657 626 850 682 divinae
871 626 1167 696 Scriptura:
1188 637 1385 685 "sensus
1407 631 1780 699 depravantes,
1803 632 2044 686 cmoilire

469 724 747 781 conantes,
795 717 1074 771 traduntur
1114 710 1348 783 diabolo,
1397 717 1550 787 cujus
1587 731 1787 775 aeterna
1824 720 2045 776 damna-

472 807 622 863 tione
648 808 766 862 sine
796 808 904 862 ulla
941 807 1314 864 misericordia
1353 816 1691 879 premantur,
1721 812 2045 880 perpetuali-

473 906 557 954 ter
599 913 630 953 a
663 899 771 954 Deo
799 895 971 954 obliti.
1005 901 1206 954 Domus
1231 908 1408 954 autem
1429 898 1586 966 Juda,
1622 903 1672 956 id
1700 912 1782 958 est
1806 901 2043 957 Ecclesia

470 991 755 1055 catholica,
791 1007 913 1062 qua:
952 992 1181 1049 ﬁdeliter
1208 1000 1410 1047 sancta:
1447 991 1731 1048 Trinitatis
1777 993 1932 1050 ﬁdem
1961 997 2044 1050 in-

463 1081 758 1149 ~separabili
795 1081 999 1137 unitate
1041 1082 1350 1146 conﬁtetur,
1390 1083 1687 1136 salvabitur
1721 1084 1774 1138 in
1817 1086 2044 1140 Domino

443 1170 579 1225 Deo
610 1185 732 1235 suo,
771 1185 878 1224 non
923 1171 978 1224 in
1016 1171 1288 1226 exercitus
1319 1171 1660 1226 multitudine
1715 1181 1808 1227 aut
1849 1174 2043 1228 virium

456 1255 687 1312 suarum
731 1258 1064 1314 fortitudine.

545 1369 562 1402 ι
595 1351 1100 1407 Etablactaviteam
1117 1368 1234 1423 qnze
1247 1353 1583 1424 eratabsque
1605 1352 1993 1412 misericordia.
2019 1377 2038 1409 ι

469 1443 572 1509 Qui
623 1440 955 1510 ablactatur,
1003 1445 1210 1499 recedit
1241 1461 1271 1499 a
1305 1454 1479 1501 matre
1523 1453 1576 1500 et
1624 1447 1868 1517 parent-is
1906 1446 2046 1503 lacte

470 1547 576 1586 non
607 1533 862 1597 vescitur,
897 1534 992 1590 sed
1022 1534 1294 1589 alimentis
1325 1543 1659 1591 sustentatur
1687 1536 1900 1592 alienis.
1932 1537 2046 1592 Mos

469 1625 664 1693 quippe
691 1633 934 1678 veterum
968 1624 1102 1691 fuit,
1144 1634 1203 1680 ut
1225 1625 1295 1680 'in
1327 1627 1414 1682 die
1455 1626 1832 1682 ablactationis
1870 1625 2047 1681 infan-

471 1725 603 1778 tum,
631 1713 684 1767 id
725 1722 806 1770 cst
834 1729 863 1768 a
889 1715 1026 1771 lacte
1055 1716 1434 1786 separationis,
1467 1717 1709 1772 facerent
1742 1718 2044 1773 convivium

467 1805 735 1860 universis
771 1805 963 1860 vicinis
995 1815 1048 1860 et
1085 1807 1276 1862 amicis
1303 1807 1435 1862 suis.
1468 1808 1618 1863 Unde
1653 1817 1706 1863 et
1741 1816 1916 1863 mater
1949 1807 2046 1864 Sa-

2143 635 2247 689 ista
2278 637 2600 692 dicebantur
2615 675 2630 704 ,
2656 641 2915 695 debemus
2937 639 3232 708 intelligere
3254 637 3605 704 Hierusalem,
3627 641 3721 694 ubi

2144 724 2340 780 dicitur
2357 726 2436 781 eis
2463 729 2622 782 modo
2647 747 2659 781 :
2685 744 2703 777 ι
2725 729 2840 783 Νοη
2866 727 3093 798 pepulus
3121 741 3272 781 meus
3293 741 3418 790 vos,
3455 746 3473 777 ι
3511 727 3726 783 dicetur

2129 813 2246 879 ‘eis,
2271 814 2398 870 Filii
2447 816 2541 870 Dei
2583 818 2834 882 viventis,
2877 827 3120 887 tempore
3145 816 3438 872 Dominira:
3466 817 3723 874 lncarna-

2147 904 2327 959 tionis.
2361 906 2514 973 Quod
2551 908 2830 978 impletum
2874 917 2963 964 est
3005 909 3058 962 in
3103 909 3359 978 apostolis
3403 912 3724 981 cazterisque

2145 995 2404 1052 ﬁdelibus.
2443 1015 2461 1047 ι
2499 998 2772 1068 Quotquot
2797 999 2972 1064 enim,
3007 1006 3065 1052 ut
3092 997 3326 1054 Joannes
3354 999 3505 1066 dicit,
3540 1003 3720 1056 credi-

2144 1086 2338 1140 derunt
2373 1087 2426 1142 in
2470 1087 2767 1154 Christum,
2809 1090 2955 1145 dedit
2995 1091 3076 1145 eis
3107 1098 3425 1160 potestatem
3457 1090 3593 1147 ﬁlios
3623 1092 3722 1147 Dei

2145 1176 2278 1230 ﬁeri.
2313 1196 2331 1227 ι
2369 1176 2425 1232 Si
2464 1187 2641 1232 autem
2671 1180 2735 1233 ad
2759 1176 2970 1234 Iudaeos
2994 1179 3085 1248 Qui
3124 1195 3266 1234 nunc
3305 1189 3444 1243 sunt,
3479 1181 3718 1237 volucri-

2144 1283 2262 1322 mus
2303 1268 2406 1323 ista
2463 1268 2698 1335 referre,
2738 1270 2886 1324 locus
2935 1285 3042 1338 quo
3078 1269 3276 1324 dicitur
3301 1271 3424 1324 eis:
3470 1270 3588 1327 Non
3625 1288 3722 1342 po-

2142 1357 2297 1426 pulus
2340 1371 2493 1413 meus
2530 1374 2647 1424 vos,
2700 1369 2842 1415 totus
2872 1363 3102 1417 mundus
3154 1363 3438 1432 accipitur,
3493 1365 3620 1434 quia
3663 1365 3720 1420 in

2143 1449 2392 1504 omnibus
2435 1451 2686 1520 gentibus
2719 1470 2859 1508 nunc
2891 1452 3081 1520 Judaei,
3110 1470 3216 1510 non
3246 1455 3364 1522 Dei,
3397 1458 3491 1512 sed
3521 1457 3720 1512 diaboli

2137 1533 2748 1613 lservieomprobantur.
2788 1545 2922 1600 Cum
2961 1554 3140 1601 autem
3165 1563 3262 1616 per
3285 1548 3720 1617 przedicationem

2147 1633 2273 1687 Filiae
2298 1643 2352 1687 ct
2378 1632 2558 1689 Enocb
2585 1637 2930 1702 crediderint,
2955 1637 3022 1692 ab
3046 1638 3295 1693 omnibus
3322 1639 3572 1708 gentibus
3623 1639 3720 1694 ﬁlii

2147 1725 2242 1780 Dei
2272 1726 2628 1781 vocabuntur.

2223 1838 2238 1868 σ
2262 1818 2326 1872 Ει
2353 1821 2817 1889 congregabuntur
2839 1815 2930 1875 ﬁlii
2955 1818 3087 1875 Juda
3111 1831 3163 1875 et
3187 1821 3279 1875 ﬁlii
3306 1822 3469 1878 lsrael
3497 1823 3720 1893 pariter,

465 1894 691 1960 “melis,
724 1896 1048 1951 ascendente
1073 1897 1192 1952 "im
1217 1912 1315 1952 δυο
1338 1897 1404 1952 ad
1434 1897 1690 1968 ῑθωριυιη
1720 1899 1955 1964 Domini,
1984 1913 2041 1953 δε
2074 1884 2114 1958 Β
2143 1921 2411 1980 etponent
2435 1913 2534 1967 sibi
2549 1923 2709 1984 caput
2739 1928 2925 1968 unum.
2955 1933 2972 1966 ι
3007 1914 3111 1969 Per
3125 1914 3313 1969 Judam
3340 1915 3718 1985 signiﬁcantur

469 2000 577 2040 non
607 1985 803 2040 ituram
827 1987 957 2042 dixit
990 1988 1160 2043 donec
1185 1987 1547 2044 ablactaretur
1569 1987 1767 2054 infans,
1809 1990 1915 2044 hoc
1938 1998 2038 2054 est,

457 2077 640 2131 donec
675 2077 742 2131 ad
766 2093 886 2132 eam
924 2079 1132 2133 veniret
1160 2086 1372 2134 aetatem
1420 2093 1526 2148 qua
1563 2093 1685 2133 eum
1711 2093 1741 2133 a
1763 2079 1900 2134 lacte
1930 2095 2042 2134 mo-

465 2184 593 2223 vere
626 2177 827 2237 posset.
861 2168 965 2223 Lac
1000 2169 1051 2223 in
1080 2184 1233 2224 sacra
1263 2168 1542 2239 Scriptura
1572 2184 1673 2239 pro
1707 2167 1936 2240 simplici
1959 2171 2042 2224 in-

454 2260 680 2315 tellectu
703 2261 940 2329 ponitur.
967 2257 1033 2315 Et
1056 2259 1222 2315 Judaei
1245 2260 1642 2331 quodammodo
1662 2259 1798 2316 lacte
1823 2260 2040 2315 aleban-

466 2361 571 2415 tur,
602 2350 838 2419 quandiu
876 2351 1019 2404 intra
1057 2366 1208 2406 suam
1239 2353 1528 2407 manebant
1561 2352 1755 2422 legem,
1791 2360 2041 2406 caeteras-

449 2455 568 2510 que
596 2440 834 2512 legentes
862 2439 1189 2510 Scripturas.
1221 2437 1514 2510 Postquam
1545 2450 1722 2496 autem
1747 2441 1893 2495 ducti
1916 2450 2040 2495 sunt

462 2534 516 2587 in
544 2531 930 2602 captivitatem,
973 2541 1254 2602 coeperunt
1291 2532 1440 2603 pasci
1482 2531 1616 2588 cibis
1671 2531 1949 2604 gentilium
1985 2539 2040 2586 et

452 2621 757 2693 ‘idolothyta
797 2624 1098 2678 comedere.
1135 2621 1287 2680 Unde
1332 2623 1398 2678 ad
1427 2623 1568 2678 hanc
1604 2623 1879 2678 miseriam
1916 2637 2039 2692 per-

463 2724 746 2780 venerunt,
774 2724 833 2768 ut
870 2715 1044 2785 ipsum
1075 2730 1266 2784 parum
1296 2715 1533 2770 scientiae
1560 2714 1702 2784 quod
1730 2713 1927 2768 habere
1954 2712 2036 2768 vi—

461 2806 745 2871 debantur,
796 2806 1126 2872 amitterent,
1174 2813 1232 2860 ut
1284 2820 1458 2875 neque
1501 2805 1666 2860 etiam
1707 2805 1878 2874 ipsam
1905 2801 2039 2871 legis

461 2897 797 2968 superﬁciem
828 2897 1157 2968 intelligant.
1201 2916 1220 2948 ‹
1269 2897 1336 2952 Et
1361 2896 1606 2966 concepit
1627 2903 1682 2951 et
1723 2896 1930 2966 peperit
1977 2895 2039 2949 ﬁ-

461 2989 611 3053 tium,
642 2995 698 3042 et
717 2988 851 3042 dixit
881 3005 893 3041 :
919 2986 1063 3042 Voca
1087 3001 1280 3042 nomen
1304 2985 1442 3055 ejus,
1465 2985 1580 3041 Non
1609 2985 1836 3056 populus
1856 3001 2032 3051 meus;

2144 2002 2262 2057 dua:
2295 2003 2467 2058 tribus
2504 2001 2608 2059 illae
2644 2006 2964 2075 conjuncue,
2995 2003 3167 2061 tribus
3188 2007 3396 2061 scilicet
3419 2007 3720 2076 Beniamin,

2147 2103 2202 2150 et
2233 2095 2405 2150 tribus
2437 2097 2810 2165 sacerdotalis,
2859 2098 2911 2153 id
2954 2106 3037 2154 est
3060 2093 3333 2162 Levitica;
3371 2109 3588 2170 prepter
3628 2101 3724 2154 tri-

2141 2186 2268 2240 bum
2283 2186 2422 2240 enim
2439 2175 2594 2251 .iud’a,
2611 2202 2675 2242 ex
2689 2199 2793 2257 qua
2819 2201 2970 2259 reges
2991 2189 3080 2258 qui
3097 2189 3297 2244 eisdem
3325 2190 3568 2244 tribubus
3587 2206 3726 2260 prae-

2143 2274 2315 2339 fuere,
2344 2275 2616 2331 duxerunt
2649 2278 2937 2349 originem,
2961 2279 3089 2348 ipsa:
3110 2277 3228 2333 duae
3256 2278 3427 2334 tribus
3446 2279 3608 2334 etiam
3631 2294 3724 2333 no-

2142 2367 2285 2422 mine
2305 2365 2455 2424 Judze
2484 2364 2866 2424 censebantur.
2886 2369 2929 2423 A
2945 2363 3135 2439 majori
3162 2378 3340 2423 autem
3355 2378 3510 2438 parte
3535 2370 3720 2423 decem

2143 2461 2311 2518 tribus
2329 2477 2530 2518 nomen
2552 2461 2842 2534 pristinum
2865 2454 3079 2519 lsraelis
3111 2460 3362 2524 retinem,
3379 2460 3505 2530 quia
3519 2469 3572 2515 et
3596 2467 3722 2514 ante

2141 2552 2458 2608 divisionem
2507 2553 2691 2608 decem
2745 2552 2980 2607 tribuum
3015 2561 3067 2606 et
3100 2552 3357 2616 duarum,
3400 2549 3723 2623 generaliter

2141 2655 2328 2697 omnes
2352 2643 2456 2698 hoc
2477 2643 2693 2697 nomine
2722 2643 3074 2698 vocabantur.
3104 2641 3204 2710 Qui
3225 2658 3354 2714 ergo
3369 2644 3524 2699 divisi
3543 2653 3716 2707 erant,

2141 2730 2477 2800 promittitur
2523 2731 2603 2786 eis
2653 2731 2797 2801 quod
2847 2729 3208 2801 congregandi
3248 2730 3356 2785 sint
3392 2730 3444 2785 in
3487 2746 3654 2785 unum
3687 2746 3717 2785 a

2140 2816 2389 2875 Domino.
2427 2817 2705 2888 Siquidem
2741 2818 3032 2874 Dominicaa
3060 2818 3450 2875 incarnationis
3479 2827 3718 2890 tempore

2138 2919 2193 2965 et
2243 2909 2675 2976 resurrectionis,
2725 2918 2832 2966 tam
2881 2927 2948 2966 ex
2980 2911 3164 2967 decem
3200 2925 3361 2981 quam
3403 2927 3468 2967 ex
3512 2913 3718 2968 duabus

2140 3001 2386 3056 tribubus
2408 3041 2423 3065 ,
2455 3001 2546 3070 qui
2589 3003 2793 3057 reversi
2829 3001 3043 3056 fuerant
3063 3002 3130 3056 de
3160 3002 3490 3072 captivitate,
3541 3019 3718 3059 mora-

461 3080 584 3147 ‘l"ia
620 3094 716 3135 V03
745 3095 850 3133 “0"
890 3077 1116 3149 P090105
1145 3091 1320 3144 meus:
1366 3086 1420 3132 et
1460 3091 1559 3148 θεο
1585 3092 1692 3132 ηοη
1727 3090 1822 3132 θτο
1858 3085 2037 3132 νθείθτ
2137 3095 2334 3150 bantur
2363 3094 2415 3148 in
2456 3093 2657 3160 Iudaea,
2701 3110 2767 3150 ex
2798 3093 2995 3164 quibus
3029 3094 3242 3164 plurimi
3273 3095 3616 3150 crediderunt
3658 3095 3713 3149 in

463 3169 620 3223 Deus.
663 3167 729 3221 Ει
767 3169 870 3223 erit
899 3183 1158 3224 “umerus
1196 3167 1425 3224 ﬁliorum
1455 3167 1622 3223 Ῐετθθί
1668 3167 1825 3237 (Πιθεῖ
1868 3182 2032 3221 “rem
2063 3235 2102 3253 η
2138 3184 2433 3249 Christum,
2463 3184 2530 3238 de
2557 3185 2753 3253 quibus
2794 3184 2883 3238 hic
2911 3182 3108 3239 dicitur
3136 3200 3148 3236 :
3185 3201 3204 3233 ι
3234 3182 3712 3252 Congregabuntur

462 3258 646 3326 maris,
694 3274 813 3328 quae
843 3258 960 3314 sine
991 3272 1242 3313 mensura
1281 3267 1384 3321 est,
1419 3266 1474 3312 et
1509 3272 1614 3311 non
1641 3259 2028 3311 numerabitur.

2144 3275 2230 3330 ﬁlii
2253 3273 2389 3331 Juda
2413 3284 2467 3330 et
2498 3235 2591 3329 ﬁlii
2622 3275 2785 3331 lsrael
2814 3276 2995 3342 simul,
3027 3295 3044 3328 ι
3075 3276 3176 3329 hoc
3219 3281 3300 3328 est
3329 3235 3392 3327 eux
3421 3235 3628 3328 duabus
3657 3282 3713 3327 et

471 3350 536 3402 Et
576 3348 682 3402 erit
723 3347 926 3403 inloco
961 3347 1050 3401 ubi
1093 3347 1301 3401 dicetur
1340 3347 1454 3414 eis;
1481 3344 1597 3400 Non
1633 3346 1858 3416 populus
1885 3360 2036 3400 meus

2144 3366 2320 3420 decem
2375 3367 2623 3421 tribubus
2675 3367 2956 3421 credentes
2984 3407 3000 3434 ,
3061 3365 3389 3420 convenient
3437 3363 3490 3417 in
3547 3379 3712 3418 unum

460 3455 588 3504 vos;
618 3439 828 3494 dicetur
854 3439 952 3504 eis,
972 3438 1093 3492 Filii
1119 3437 1211 3492 Dei
1233 3437 1483 3493 viventis.
1519 3457 1539 3488 ι
1565 3437 1690 3492 llatae
1704 3437 1868 3492 verba
1894 3445 1948 3492 et
1970 3439 2037 3493 ad

2144 3453 2334 3511 Christi
2350 3456 2509 3510 ovile.
2537 3456 2632 3511 «Et
2648 3465 2848 3527 ponent
2867 3457 2968 3512 sibi
2991 3464 3151 3527 caput
3179 3464 3368 3520 unum,
3382 3475 3398 3506 ι
3428 3454 3712 3509 Duminum

456 3545 558 3585 eos
586 3539 810 3599 possunt
839 3528 1052 3594 referri,
1077 3527 1168 3597 qui
1201 3535 1327 3583 tunc
1352 3526 1608 3596 temporis
1637 3541 1668 3581 a
1700 3527 1916 3597 regibus
1944 3528 2037 3582 As-

465 3619 733 3690 syriorum
759 3619 1134 3688 comprehensi
1157 3627 1211 3673 et
1234 3617 1287 3672 in
1315 3617 1686 3688 captivitatem
1714 3626 1842 3673 sunt
1869 3619 2035 3684 ducti,

455 3721 516 3764 et
548 3711 615 3766 ad
640 3726 735 3766 eos
752 3711 844 3781 qui
870 3717 987 3780 post
1018 3710 1304 3764 adventum
1335 3709 1545 3765 Domini
1575 3725 1605 3764 a
1629 3709 1889 3766 Romanis
1914 3718 2041 3764 sunt

467 3817 562 3870 per
589 3816 776 3856 omnes
801 3808 986 3868 gentes
1009 3800 1256 3870 dispersi.
1282 3799 1361 3854 illi
1388 3800 1584 3870 quippe
1606 3799 1776 3855 Deum
1804 3815 1898 3870 per
1926 3799 2042 3855 ido-

466 3892 647 3944 lorum
683 3890 949 3945 culturam
981 3888 1323 3958 abjecerunt,
1355 3890 1442 3945 isti
1473 3899 1650 3946 autem
1679 3905 1777 3960 per
1800 3889 1922 3946 Filii
1945 3890 2040 3945 Dei

472 3981 884 4051 abnegationeni
901 3990 960 4036 et
995 3981 1357 4048 traditionem,
1379 3982 1632 4052 quoniam
1657 3997 1762 4037 non
1786 3983 2043 4038 habentes

467 4071 656 4138 ﬁlium,
687 4086 793 4126 non
835 4079 1058 4142 possunt
1103 4073 1302 4127 habere
1338 4079 1571 4143 patrem.
1620 4070 1792 4138 Quam
1821 4072 1891 4128 ob
1927 4087 2041 4128 rem

467 4175 524 4218 et
557 4163 697 4218 Deus
725 4164 844 4218 illos
870 4163 1065 4233 abiecit
1083 4203 1096 4226 ,
1129 4177 1198 4218 ne
1217 4163 1330 4219 sint
1358 4163 1474 4234 ejus
1500 4163 1748 4233 populus,
1785 4163 1880 4219 sed
1901 4164 2041 4219 servi

467 4255 772 4310 ciliciantur
796 4255 1016 4321 diaboli,
1042 4256 1358 4324 dicaturque
1382 4257 1494 4311 eis:
1524 4257 1659 4323 Quia
1691 4272 1784 4312 vos
1816 4273 1920 4312 non
1948 4273 2043 4326 po-

470 4347 626 4418 pulus
668 4363 842 4411 meus,
871 4356 925 4410 et
956 4362 1055 4417 ego
1084 4362 1191 4401 non
1226 4361 1320 4402 ero
1348 4357 1528 4404 vester
1570 4351 1732 4415 Deus,
1775 4350 1869 4405 sed
1909 4350 2044 4405 indi-

469 4452 606 4506 gnos
650 4452 747 4491 vos
788 4436 1042 4507 iudicabo
1093 4439 1432 4507 possessione
1471 4453 1588 4494 mea
1640 4447 1694 4495 et
1735 4441 2040 4510 pra-sentis,

2139 3545 2389 3602 videlicet
2415 3546 2598 3602 Jesum
2629 3546 2928 3612 Christum,
2959 3547 3024 3602 de
3049 3561 3158 3616 quo
3182 3543 3432 3600 Ezechiel
3454 3543 3619 3599 dicit:
3650 3542 3716 3596 Et

2139 3639 2388 3710 princeps
2421 3654 2562 3695 unus
2586 3639 2638 3694 in
2668 3639 2846 3694 medio
2870 3654 3056 3693 eorum
3075 3677 3090 3702 ,
3127 3636 3295 3691 David
3328 3649 3516 3691 servus
3540 3649 3711 3689 meus.

2142 3730 2236 3786 Vel
2265 3744 2362 3802 per
2392 3728 2556 3784 lsrael
2581 3743 2868 3800 possumus
2897 3727 3192 3798 intelligere
3218 3725 3468 3796 gentiles,
3502 3739 3599 3805 per
3626 3723 3718 3779 Ju-

2141 3820 2264 3874 dam
2307 3819 2518 3875 Judreos
2549 3820 2831 3874 credentes
2863 3836 2874 3871 :
2909 3817 3023 3871 sive
3059 3829 3156 3885 per
3203 3814 3364 3870 lsrael
3414 3813 3718 3877 haereticos,

2143 3923 2238 3978 per
2269 3908 2462 3964 ludam
2491 3908 2783 3964 catholicos
2813 3907 2977 3961 viros.
3014 3904 3114 3972 Qui
3145 3919 3332 3959 omnes
3363 3904 3429 3959 ad
3459 3903 3718 3958 unitatem

2144 4001 2266 4056 ﬁdei
2320 3998 2641 4054 Christianae
2694 3996 2980 4061 conversi,
3037 4004 3238 4067 ponent
3292 3995 3509 4050 sibimet
3561 4001 3721 4063 caput

2143 4108 2308 4148 unum
2349 4090 2530 4146 Jesum
2575 4089 2868 4144 Christum.
2919 4108 2937 4141 ι
2981 4085 3049 4144 Ει
3079 4087 3375 4143 ascenderit
3399 4087 3466 4142 de
3501 4093 3668 4150 terra,
3697 4104 3715 4136 ι

2146 4185 2198 4238 id
2223 4191 2335 4247 est,
2365 4184 2430 4237 de
2463 4179 2691 4235 terrenis
2716 4179 2965 4235 sensibus
2995 4188 3051 4234 et
3079 4178 3384 4233 humilitate
3418 4176 3610 4231 littera:
3630 4189 3721 4231 oc-

2145 4274 2393 4336 cidcntis;
2427 4281 2480 4326 et
2501 4271 2855 4327 elevabuntur
2876 4272 2942 4326 ad
2965 4269 3292 4340 spiritualem
3319 4275 3374 4322 et
3399 4266 3616 4321 vitalem
3642 4267 3723 4320 in-

2147 4367 2513 4438 telligentiam,
2554 4388 2571 4416 ι
2601 4365 2725 4434 quia
2757 4378 2982 4436 magnus
3006 4364 3120 4417 dies
3143 4360 3369 4416 Jezrael.
3403 4379 3422 4412 ι
3455 4359 3607 4414 Diem
3635 4361 3724 4416 hic

2144 4472 2244 4526 pro
2274 4457 2528 4511 universo
2569 4464 2809 4524 tempore
2848 4471 2878 4509 a
2913 4453 3119 4508 Domini
3147 4452 3428 4507 nativitate
3457 4466 3630 4521 usque
3657 4455 3724 4507 ad

471 4527 828 4597 abiiciamque
862 4543 957 4583 V05
985 4528 1041 4582 in
1079 4538 1414 4598 Ρθνβθῑυιιηιο
1445 4529 1596 4596 Quml
1632 4539 1687 4585 ει
1714 4533 1780 4586 de
1812 4547 2042 4601 Persona
2073 4581 2121 4639 D
2149 4548 2319 4603 ﬁnem°
2347 4545 2531 4601 szeculi
2572 4547 2800 4615 positam
2845 4545 3173 4609 noverimus,
3214 4533 3280 4598 de
3310 4559 3414 4613 qua
3445 4550 3727 4598 cantamus

473 4621 847 4676 baireticorum
891 4628 1070 4690 potest
1111 4620 1301 4690 accipi,
1348 4621 1440 4690 qui
1498 4619 1668 4675 Deum
1731 4619 2043 4689 abjicientes

2145 4641 2200 4693 in
2224 4637 2469 4708 psalmis:
2497 4656 2514 4688 ‹
2543 4637 2667 4692 Haec
2685 4645 2767 4690 est
2780 4637 2894 4692 dies
2925 4650 3085 4706 quam
3119 4633 3246 4689 fecit
3271 4632 3580 4688 Dominus.»
3624 4631 3728 4685 Ma-

467 4727 722 4782 perversa
754 4711 820 4766 de
849 4710 940 4766 illo
983 4711 1284 4776 sentiendo,
1334 4712 1545 4781 penitus
1575 4711 1644 4767 ab
1668 4727 1734 4768 eo
1773 4712 2041 4782 repellun-

473 4814 579 4868 tur,
604 4817 672 4857 ne
712 4816 835 4856 cum
861 4801 1048 4856 electis
1071 4801 1254 4856 dicere
1294 4803 1538 4872 possint:
1583 4821 1602 4855 ι
1634 4802 1891 4856 Dominus
1920 4818 2044 4872 pars

473 4891 802 4958 litereditatis
842 4906 994 4946 meat.
1043 4911 1059 4942 ι
1097 4891 1163 4946 Et
1203 4893 1306 4946 erit
1332 4908 1585 4948 numerus
1627 4893 1856 4948 ﬁliorum
1880 4892 2044 4949 lsrael

473 4993 528 5036 ut
557 4997 741 5052 supra.
781 4981 932 5035 Licet
971 4981 1069 5051 ipsi
1114 4980 1282 5036 Judaei
1329 4983 1412 5037 vel
1461 4993 1585 5039 tunc
1614 4984 1786 5054 pressi
1824 4984 2041 5047 fuerint,

475 5074 556 5128 vel
595 5089 737 5128 nunc
780 5074 1067 5128 durissima
1114 5085 1428 5142 premantur
1475 5076 1822 5146 captivitate,
1873 5087 2048 5131 tamen

476 5165 782 5219 hominibus
803 5165 1222 5220 innumerabiles
1233 5176 1376 5230 sunt,
1400 5167 1464 5221 de
1483 5167 1675 5236 quibus
1699 5166 1864 5222 Isaias
1889 5168 2045 5222 dicit:

478 5277 496 5306 ι
538 5257 595 5312 Si
633 5257 794 5312 fuerit
829 5260 1090 5314 numerus
1120 5259 1348 5314 ﬁliorum
1378 5259 1540 5314 lsrael
1563 5261 1714 5329 quasi
1747 5276 1909 5315 arena
1938 5277 2050 5315 mu-

478 5350 570 5410 ris,
612 5349 849 5418 reliquite
879 5350 1038 5404 salvae
1079 5350 1226 5404 ﬁent.
1268 5369 1284 5400 ι
1320 5350 1472 5416 Quod
1509 5358 1563 5404 et
1599 5351 1651 5403 in
1687 5350 1918 5404 adventu
1955 5351 2054 5405 Do-

479 5435 608 5489 mini
637 5436 932 5504 impletum,
957 5437 1086 5491 etin
1113 5438 1216 5491 ﬁne
1238 5437 1417 5493 saeculi
1437 5437 1701 5492 veraciter
1723 5437 2048 5508 implendum

437 5568 443 5573 .
481 5535 654 5594 potest
685 5526 930 5596 intelligi,
961 5526 1087 5596 quia
1126 5535 1407 5595 postquam
1439 5527 1663 5597 populus
1693 5529 1853 5583 lsrael
1891 5529 2053 5585 fuerit

479 5617 752 5684 dispersus
781 5617 831 5670 in
871 5624 981 5671 toto
1009 5617 1159 5680 orbe,
1191 5625 1244 5670 et
1279 5633 1492 5670 omnem
1520 5621 1951 5688 supputationem
1979 5621 2056 5674 vi-

481 5707 616 5758 cerit
645 5705 824 5773 populi
845 5704 1154 5766 multitudo,
1188 5713 1312 5757 tunc
1335 5704 1550 5760 habebit
1577 5707 1845 5763 licentiam
1871 5711 2052 5771 lsrael,

443 5845 449 5854 ,
481 5797 571 5864 qui
606 5796 760 5851 hodie
799 5793 1043 5872 captivus
1069 5804 1168 5850 est.
1207 5815 1221 5846 t
1266 5795 1455 5872 Elpct'it
1487 5795 1536 5850 in
1578 5797 1694 5853 loco
1725 5799 1813 5852 ubi
1847 5801 2056 5855 dicetur

2146 4747 2283 4801 gnus
2313 4738 2398 4785 est
2437 4729 2523 4784 hic
2551 4729 2685 4793 dies,
2711 4728 2765 4783 id
2787 4737 2870 4784 est
2897 4742 3147 4798 magnum
3173 4735 3256 4781 est
3286 4734 3514 4795 tempus,
3541 4724 3593 4777 in
3619 4739 3727 4792 quo

2147 4820 2491 4875 credentibus
2523 4819 2768 4874 remissio
2798 4826 3143 4888 peccatorum
3167 4815 3454 4881 tribuitur,
3484 4821 3538 4869 et
3561 4813 3727 4883 janua

2153 4913 2301 4983 regni
2333 4910 2572 4967 cmlcstis
2603 4911 2862 4979 aperitur.

2773 5041 2999 5117 eAPﬁT
3040 5060 3100 5115 ll.

2231 5192 2246 5225 ι
2292 5158 2466 5229 Dicite
2503 5174 2762 5229 fratribus
2801 5172 2999 5226 vestris
3024 5169 3253 5239 populus
3273 5181 3445 5231 meus,
3470 5175 3525 5221 et
3556 5167 3728 5221 sorori

2157 5272 2368 5325 vestrae,
2395 5263 2824 5317 misericordiam
2841 5269 3163 5315 consecutae.
3191 5277 3208 5308 ι
3237 5256 3294 5311 Si
3315 5257 3418 5310 hoc
3440 5254 3733 5310 adJudazos

2157 5354 2483 5408 voluerimus
2527 5354 2861 5409 solummodo
2905 5351 3148 5412 referre,
3194 5349 3440 5402 hortatur
3488 5345 3735 5401 homines

2154 5444 2350 5498 Judaaa:
2383 5459 2448 5497 ne
2475 5443 2760 5512 desperent
2801 5443 2989 5496 decem
3048 5441 3281 5494 tribuum
3325 5437 3551 5492 salutem
3577 5477 3591 5500 ,
3639 5438 3734 5491 sed

2155 5548 2274 5588 eam
2305 5533 2545 5602 quotidie
2572 5541 2626 5586 et
2653 5547 2900 5586 sermone
2926 5541 2979 5585 et
3008 5540 3134 5585 voto
3156 5537 3211 5583 et
3244 5527 3436 5582 litteris
3455 5527 3531 5582 ad
3564 5527 3736 5596 pumi-

2159 5621 2380 5676 tentiam
2406 5629 2716 5690 provocent,
2745 5621 2870 5690 quia
2894 5619 3090 5674 fratres
3114 5633 3299 5673 eorum
3323 5616 3660 5686 appellantur
3683 5625 3738 5669 ct

2119 5761 2122 5766 .
2160 5727 2330 5764 soror.
2349 5709 2587 5773 Fratres,
2611 5725 2677 5763 ex
2698 5725 2764 5764 eo
2785 5710 2926 5778 quod
2951 5709 3174 5763 dicitur:
3206 5727 3221 5757 ι
3249 5706 3480 5775 Populus
3502 5720 3686 5768 meus;
3715 5728 3731 5755 ο

2162 5815 2337 5864 soror,
2357 5815 2421 5851 cit
2452 5814 2516 5853 eo
2545 5799 2685 5867 quod
2716 5799 3016 5866 appellatur
3043 5816 3060 5849 ς
3093 5794 3522 5852 tiiiscrioord-iani
3550 5810 3739 5850 conse-
