4022 6444
326 425 391 477 17
606 442 625 459 ν
1343 422 1742 481 ΕΝΑιὶΒᾹΤΙυ
1774 420 1839 475 l.\'
1879 428 1894 475 t

1997 425 2054 479 ΞΕ
2091 425 2531 479 ΡΠΟΡΙΙΕΤΑΜ.

324 544 474 593 cuta.
512 553 532 588 ι
561 533 622 591 Si
655 534 760 589 hoc
785 531 1111 588 voluerimus
1138 532 1340 587 referre
1369 534 1436 588 ad
1462 544 1668 605 gentes,
1701 532 1896 588 dicitur
1925 537 1970 595 Α
1999 543 2372 590 statuameam
2394 532 2619 606 (inquit)
2639 534 2926 590 secundum
2943 535 3091 597 diem
3123 535 3565 592 nativitatis‘stnaw

324 630 426 695 cis,
479 636 540 682 ut
579 626 761 681 dicant
802 626 857 681 in
911 625 1221 680 inﬁdelitate
1268 626 1478 680 caeteris
1513 626 1891 680 manentibus:

325 721 561 792 Populus
590 733 742 774 meus
762 726 944 783 erunt,
962 717 1027 773 .si
1069 718 1123 771 in
1150 733 1240 772 me
1266 718 1489 772 credere
1516 716 1806 782 voluerint,
1843 725 1903 771 et

321 809 528 879 rejecta
555 814 846 872 vetustate,
884 808 950 861 ad
987 805 1281 861 novitatem
1307 807 1432 861 vitae
1460 807 1689 862 transire
1714 808 1908 864 volne—J

322 902 453 956 rint.
488 899 581 956 Vel
607 914 702 955 vos
728 899 822 968 qui
857 898 912 953 in
944 913 1031 954 me
1056 899 1300 964 creditis,
1331 907 1388 953 et
1415 897 1579 953 ﬁdem
1603 914 1764 969 quam
1792 899 1894 953 lia—

322 990 464 1046 betis
482 989 723 1061 perfecte
743 988 1004 1058 operibus
1032 988 1320 1054 decoratis,
1351 988 1755 1060 dit-itereliquis
1770 1004 1893 1045 ere--

322 1081 601 1137 dentibus:
625 1080 755 1150 quia
780 1093 932 1134 meus
962 1085 1122 1133 erunt
1140 1078 1397 1150 populus,
1415 1079 1459 1135 si
1493 1077 1552 1133 in
1570 1094 1659 1135 me
1672 1080 1907 1135 credere:

323 1168 620 1234 voluerint,
667 1177 725 1223 et
754 1168 808 1223 in
848 1168 954 1223 ﬁde
978 1182 1083 1238 qua
1118 1168 1453 1226 vocati-sunt
1476 1170 1896 1238 permanserint,

320 1269 379 1316 et
398 1274 524 1317 eam
550 1259 811 1330 operibus
848 1258 1395 1319 ornare.studnerint.
1426 1258 1599 1314 Dicite
1628 1258 1789 1314 etiam
1812 1274 1899 1313 so-

321 1349 436 1407 rori
481 1354 695 1414 vestrae,
741 1347 796 1402 id
845 1354 940 1406 est
971 1348 1162 1407 eidem.
1192 1347 1331 1419 plebi
1379 1349 1434 1403 in
1468 1346 1751 1405 Christum
1778 1364 1897 1404 cre-

319 1438 475 1497 denti
505 1478 522 1504 ,
577 1437 703 1509 quia
758 1436 1186 1503 misericordiam
1239 1446 1533 1495 consecuta
1580 1446 1666 1494 est
1709 1438 1766 1495 in
1812 1453 1899 1495 me

322 1530 571 1588 credens.

397 1642 418 1675 ι
450 1621 965 1681 Ιιιάἰωιθοωθιινειιι
992 1628 1277 1685 vestram,
1315 1618 1590 1690 iudicate,
1631 1620 1760 1690 quia
1790 1635 1909 1675 non-

322 1726 460 1767 uxor
489 1725 639 1776 mea,
653 1717 710 1765 et
729 1725 833 1781 ego
862 1725 970 1767 non
1000 1710 1083 1765 vir
1109 1709 1245 1780 ejus.
1276 1729 1295 1762 ι
1326 1709 1438 1765 Hoc
1462 1708 1721 1780 apostolis
1740 1717 1905 1765 caete»

322 1801 507 1870 risque
542 1800 886 1860 credentibus
929 1800 1145 1865 dicitur,
1180 1807 1240 1854 ut
1267 1799 1542 1869 judicent,
1573 1800 1629 1855 id
1681 1808 1773 1855 est.
1808 1813 1905 1854 re-

1997 633 2058 679 ut
2085 624 2289 680 scilicet
2316 622 2403 680 his
2431 632 2616 679 careat
2642 626 2911 690 omnibus,
2936 625 3076 680 sicut
3099 624 3228 680 olim
3262 626 3317 681 in
3340 626 3570 698 Aigypto

1999 727 2244 768 manens.
2274 731 2299 763 ις
2320 712 2393 767 .Et
2425 727 2621 782 ponam
2641 728 2760 767 eam
2784 715 2938 783 quasi
2963 714 3300 772 solitudinem
3325 757 3341 781 ,
3378 722 3433 771 et
3459 725 3541 770 sta

1999 812 2143 858 tatam
2170 819 2292 860 eam
2324 804 2487 858 velut,
2516 815 2721 859 terram
2754 806 2971 860 inviam.
3012 826 3030 859 ι
3064 808 3265 863 Domus
3290 809 3343 863 in
3382 809 3571 863 solitu-

1998 896 2178 953 dinem
2201 896 2483 967 redigitur,
2504 897 2722 966 quando
2744 897 3019 953 dominum
3043 899 3318 970 prOprium
3345 902 3565 956 amittit.

1998 984 2065 1041 Et
2109 986 2416 1056 haaeuplebs
2452 987 2537 1041 in.
2556 987 2897 1046 solitudinem
2933 989 3160 1045 redacta
3197 998 3306 1056 est,
3357 991 3572 1061 quando

2000 1076 2141 1132 Deus
2159 1077 2499 1149 omnipotens
2517 1074 2741 1148 propter
2760 1086 2980 1149 peccata
3012 1077 3127 1146 ejus
3153 1082 3373 1137 recessit
3395 1082 3463 1137 ab
3482 1097 3568 1137 ea.

1999 1167 2152 1224 Unde
2176 1167 2446 1240 Propheta
2473 1170 2605 1225 dicit
2635 1187 2648 1223 :
2677 1169 2889 1240 Reliqui
2918 1169 3136 1225 domum
3163 1187 3355 1238 meam,
3382 1173 3559 1229 dimisi

2000 1257 2369 1314 baereditatem
2397 1273 2591 1320 meam,
2617 1265 2723 1314 etc.
2754 1258 2819 1313 Et
2841 1259 2893 1312 in
2918 1259 3207 1330 Evangelio
3228 1261 3341 1331 ipse
3368 1262 3574 1332 eis‘per

1999 1349 2349 1420 semetipsum
2393 1350 2635 1405 minatur
2670 1351 2813 1420 quod
2858 1351 3146 1408 relicturus
3192 1367 3289 1409 eos
3329 1354 3434 1421 sit,
3493 1355 3572 1410 die

2000 1452 2166 1495 cens:
2197 1459 2216 1492 ι
2250 1440 2758 1511 Eccerelinquetur
2781 1442 2935 1498 vobis
2964 1441 3156 1498 domus
3181 1451 3360 1499 vestra
3395 1444 3552 1501 deser

1998 1538 2074 1586 ta.
2109 1531 2323 1587 rFacta
2355 1540 2442 1590 est
2467 1548 2681 1604 quoque
2721 1533 2870 1589 velut
2916 1541 3061 1589 terra
3108 1535 3275 1602 invia,
3315 1537 3578 1607 quoniam.

1998 1622 2209 1692 perdito
2236 1632 2389 1680 resto
2416 1625 2623 1681 itinere
2648 1625 2771 1681 ﬁdei
2790 1666 2805 1691 ,
2834 1626 3068 1697 perdidit
3112 1626 3327 1683 Patrem
3363 1629 3532 1683 Deum
3555 1671 3569 1693 ,

1999 1714 2246 1786 perdidit-
2267 1723 2319 1771 et
2363 1715 2558 1771 Filium
2584 1715 2700 1786 ejus
2739 1717 2831 1788 qui
2860 1718 3029 1774 dicit:
3066 1737 3086 1791 ι
3118 1718 3230 1791 Ego
3257 1734 3374 1775 sum
3400 1721 3505 1775 via.
3546 1741 3564 1775 ι

2006 1824 2025 1858 ι
2063 1805 2132 1861 Et
2162 1807 2486 1863 interﬁciam
2529 1822 2646 1864 eam
2671 1809 2814 1874 .siti,
2853 1829 2871 1861 ι
2913 1810 2965 1865 id
2997 1818 3082 1866 est
3109 1811 3298 1884 inepia
3322 1815 3573 1869 omnium

319 1891 592 1963 darguant
619 1894 845 1950 matrem
867 1906 1022 1948 suam
1053 1889 1392 1963 Syuagegam
1412 1907 1581 1963 Lque)
1608 1891 1905 1948 demeres.
1926 1883 2296 1965 abonorum,
2346 1897 2434 1953 vel
2476 1913 2541 1955 ea
2577 1899 2678 1955 siti
2703 1900 2770 1956 de
2802 1915 2918 1971 qua-
2939 1883 3343 1972 prophetailoel
3379 1905 3509 1961 dicit
3554 1923 3567 1958 :

322 1983 463 2041 trice
481 1982 845 2049 uxor-elIecta,
874 1982 1137 2053 pristinos
1150 1985 1261 2037 non
1287 1982 1541 2053 relinquit
1564 1997 1775 2039 mores.
1791 1982 1899 2039 Sed

321 2087 538 2130 rusum
562 2085 715 2127 suam
747 2072 1072 2144 redarguant
1098 2082 1348 2137 matrem,
1373 2072 1499 2143 quia
1520 2072 1785 2128 fornicata
1815 2080 1900 2129 est

324 2176 449 2216 cum
481 2161 963 2219 suisamatoribus
992 2162 1209 2218 iterum.
1250 2162 1321 2217 Et
1365 2163 1757 2220 consideranda
1804 2179 1899 2235 pa—

325 2250 513 2307 tientia
542 2259 600 2307 et
621 2251 908 2308 clementia
940 2252 1098 2323 hujus
1132 2252 1272 2320 viri,
1314 2253 1512 2308 iterum
1559 2254 1898 2311 adhortantis

321 2338 460 2396 ﬁlios
491 2355 619 2397 suos
661 2349 720 2396 ut
755 2356 907 2397 suam
944 2342 1271 2413 redarguant
1299 2350 1558 2411 matrem,
1592 2326 1720 2414 quia
1768 2344 1896 2415 ipsis

321 2431 693 2497 credentibus,
725 2431 814 2487 illa
844 2432 899 2487 in
935 2433 1253 2490 inﬁdelitate
1286 2436 1602 2504 permansit.
1636 2435 1764 2492 Hoc.
1791 2437 1895 2492 im—

318 2519 635 2589 pletumest
661 2529 808 2588 tunc,
834 2521 1052 2591 quando
1080 2521 1273 2580 Petrus
1308 2522 1519 2581 Judaeis.
1545 2525 1895 2597 lacrymanti-s

319 2612 419 2666 bus
445 2611 691 2667 dicebat:
716 2631 734 2664 ι
756 2612 1136 2669 Pmnitentiam
1146 2615 1308 2686 agite,
1331 2614 1713 2687 et‘baptizctur
1733 2632 1899 2673 unus-

314 2699 544 2770 quisque
571 2709 841 2769 vestrum,
872 2721 890 2756 ι
920 2711 1026 2761 etc.
1054 2704 1334 2775 Ostendite
1378 2707 1461 2772 ei,
1513 2707 1717 2779 inquit,
1763 2708 1892 2781 quia

318 2805 435 2859 ipsa
477 2807 584 2846 non
633 2809 770 2851 uxor
809 2810 963 2862 mea,
995 2803 1051 2852 et
1078 2812 1179 2869 ego
1224 2814 1332 2854 non
1354 2799 1441 2853 vir
1462 2797 1596 2868 ejus.
1629 2799 1893 2867 Quoniam

317 2880 461 2935 cnim
490 2881 606 2953 ipsa
641 2899 731 2943 me
757 2885 973 2955 repulit,
1002 2896 1059 2941 et
1093 2902 1194 2958 ego
1234 2888 1484 2959 abjiciam
1514 2904 1635 2945 eam
1677 2906 1746 2946 ne
1792 2893 1909 2949 sim,

316 2968 402 3023 vir
421 2968 558 3040 ejus.
590 2971 686 3029 Yir
713 2974 910 3045 quippe
934 2975 1193 3032 Ecclesia:
1223 2975 1472 3033 Christus
1514 2988 1630 3045 est,
1678 2981 1744 3036 de
1768 2998 1895 3051 .quo

1997 1986 2204 2043 Mittam
2233 1989 2410 2046 ineas
2427 1981 2625 2045 famem
2652 1998 2709 2046 et
2733 1989 2878 2046 sitim
2895 2030 2912 2055 ,
2941 2006 3049 2047 non
3077 1991 3277 2048 famem
3304 1994 3461 2064 panis
3487 1994 3573 2050 vel

1996 2078 2141 2134 sitim
2164 2092 2352 2150 aquae,
2380 2079 2475 2135 sed
2518 2079 2719 2137 famem
2755 2081 3005 2137 audiendi
3045 2082 3265 2138 verbum
3305 2084 3417 2139 Dei.
3447 2083 3576 2140 Sive

1996 2180 2203 2242 aquam
2225 2186 2346 2243 quae
2368 2171 2450 2228 eis
2473 2172 2652 2228 ablata
2681 2182 2784 2238 est,
2807 2189 3092 2245 possumus
3117 2176 3346 2247 gratiam
3385 2177 3576 2233 intelli-

1996 2277 2123 2334 gere
2148 2262 2381 2334 Spiritus
2403 2265 2577 2321 sancti
2610 2266 2677 2322 de
2712 2280 2816 2337 qua
2844 2267 2962 2338 ipse
2990 2269 3043 2324 in
3073 2269 3363 2343 Evangelia
3394 2270 3568 2340 loqui-

1998 2362 2103 2420 tur,
2134 2354 2375 2412 invitans
2396 2371 2586 2413 omnes
2609 2358 2676 2413 ad
2700 2373 2777 2422 se,
2803 2367 2861 2414 ut
2882 2374 3077 2430 aquam
3108 2361 3377 2432 accipiant
3396 2363 3463 2417 ab
3486 2362 3577 2417 illo

1996 2442 2136 2498 banc
2166 2459 2181 2498 :
2221 2441 2323 2510 Qui
2357 2444 2503 2510 sitit,
2553 2446 2836 2517 inquiens,
2877 2448 3060 2504 veniat
3095 2449 3163 2505 ad
3196 2464 3285 2505 me
3314 2460 3369 2506 et
3392 2449 3570 2513 bibat.

1995 2542 2053 2589 et
2068 2534 2291 2591 ﬁumina
2324 2537 2392 2592 de
2412 2546 2607 2594 ventre
2635 2539 2752 2609 ejus
2782 2537 2948 2596 ﬂuent
2974 2555 3127 2611 aqua:
3153 2542 3308 2598 vivae.
3339 2541 3466 2599 Hmc
3487 2558 3579 2599 au-

1996 2630 2105 2679 tem
2125 2625 2307 2680 omnia
2343 2634 2396 2681 et
2421 2625 2623 2683 Iudaeis
2653 2636 2907 2698 aptantur
2930 2628 3205 2686 Christum
3227 2633 3546 2704 negantibus
3561 2676 3575 2698 ,

1995 2718 2052 2766 et
2076 2711 2345 2769 haereticis
2386 2723 2589 2770 rectam
2639 2716 2799 2771 ﬁdem
2845 2716 3304 2789 relinquentibus,
3332 2731 3387 2777 et
3424 2723 3575 2777 varia

1994 2799 2245 2872 dogmata
2274 2816 2520 2859 errorum
2548 2804 2730 2872 corde,
2755 2806 2922 2861 verbo
2940 2816 2995 2861 et
3013 2823 3177 2878 opere
3196 2810 3569 2881 sequentibus.

1996 2892 2087 2962 qui
2115 2892 2218 2949 nisi
2247 2895 2622 2965 paenitentiam
2642 2896 2868 2968 egerint,
2897 2899 3180 2970 easpoliati
3200 2902 3451 2961 omnibus
3470 2903 3578 2958 vir-

1995 2985 2203 3043 tutibus
2249 3002 2388 3059 quas
2433 2989 2489 3043 in
2534 2989 2777 3046 Ecclesia
2824 3002 3214 3062 perceperunt,
3265 2996 3578 3066 redigentur

317 3060 562 3118 haeretici
604 3063 792 3119 dicunt
838 3066 1014 3122 eidem
1055 3065 1312 3123 Ecclesiae
1334 3084 1362 3121 7:
1397 3066 1516 3123 Non
1568 3079 1653 3125 est
1698 3070 1791 3125 vir.
1839 3071 1907 3126 in
1989 3075 2145 3146 juxta
2168 3077 2316 3132 diem
2346 3079 2642 3135 nativitatis
2664 3060 2869 3146 suaet
2898 3060 3073 3138 effecti
3098 3082 3329 3142 solitudo
3352 3060 3410 3143 et
3429 3095 3570 3143 terra

315 3150 475 3207 domo
500 3167 620 3207 sua.
650 3173 671 3205 ι
706 3154 933 3211 Auferat
978 3155 1362 3214 fornicationes
1392 3171 1521 3214 suas
1548 3157 1744 3221 afacie
1764 3173 1890 3226 sua,

1997 3165 2162 3231 invia,
2183 3167 2459 3235 patientur
2479 3169 2624 3223 sitim
2646 3170 2728 3224 vel
2751 3171 3053 3227 ariditatem
3072 3189 3240 3231 sacrae
3260 3176 3572 3247 Scriptor-aa,

313 3249 371 3296 et
397 3240 660 3299 adulteria
701 3261 797 3302 sua
837 3247 907 3303 de
950 3247 1131 3304 medio
1157 3247 1385 3305 uberum
1431 3264 1674 3306 suorum.
1705 3269 1727 3304 ι
1746 3250 1893 3306 .For-
1921 3229 1966 3292 Ο
1998 3263 2057 3310 ιιι
2088 3229 2252 3311 etiam
2281 3257 2426 3327 quod
2452 3257 2589 3314 falso
2633 3258 2833 3316 habere
2868 3229 3232 3331 videbantur;
3255 3229 3576 3322 in

317 3334 518 3391 nicatio
546 3337 630 3394 vel
676 3338 998 3396 adulterium
1046 3340 1103 3396 in
1146 3356 1312 3399 sacro.
1353 3342 1568 3414 eloquio
1611 3343 1897 3415 dupliciter

317 3425 605 3496 accipitur,
636 3436 690 3484 et
716 3444 814 3500 pro
843 3431 1184 3490 immunditia
1210 3435 1395 3490 .carnis
1414 3475 1429 3501 ,
1469 3444 1526 3491 et
1551 3453 1650 3508 pro
1675 3437 1896 3497 idolola-

317 3514 445 3584 tria,
475 3516 542 3573 de
566 3533 670 3588 qua
702 3520 962 3592 scriptum
985 3529 1073 3579 est
1099 3540 1114 3578 :
1152 3523 1354 3581 Perdes
1375 3540 1566 3583 omnes
1607 3529 1701 3600 qui
1726 3527 1896 3586 forni-

316 3615 514 3665 cantur
533 3608 632 3665 abs
652 3618 726 3669 te.
750 3610 1071 3669 Eornicatur
1089 3614 1289 3686 quippe
1316 3616 1403 3673 vel
1429 3617 1750 3677 adulterium
1775 3635 1897 3692 per-

317 3708 498 3768 petrat
521 3702 738 3769 mulier,
773 3719 894 3775 qute
922 3706 1211 3763 multorum
1241 3717 1391 3780 patet
1413 3710 1624 3768 libidini
1646 3753 1662 3779 ,
1690 3715 1779 3771 vel
1806 3731 1897 3771 su-

1994 3345 2291 3420 redigatur.

2070 3469 2090 3502 ι
2124 3450 2193 3507 Ει
2240 3450 2472 3509 ﬁliorum
2513 3453 2656 3512 illius
2691 3471 2796 3513 non
2829 3456 3148 3527 miserebor,
3185 3459 3439 3532 quoniam
3481 3459 3573 3518 ﬁlii

1995 3539 2409 3597 fornicationum
2423 3552 2567 3610 sunt,
2590 3547 2717 3615 quia
2737 3545 3001 3603 fornicata
3022 3556 3111 3605 est
3125 3559 3299 3609 mater
3314 3565 3522 3606 eorum.
3553 3572 3571 3602 ι

1995 3631 2457 3704 Quandeegressi'
2476 3642 2601 3691 sunt
2620 3635 2789 3692 Judaei
2818 3638 2884 3693 de
2907 3637 3162 3711 Egypto,
3195 3640 3366 3698 Iratus
3385 3640 3571 3696 Domi-

1995 3736 2099 3778 nus
2123 3723 2372 3792 patribus
2397 3737 2607 3792 eorum,
2638 3727 2908 3784 interfecit
2933 3745 3027 3785 eos
3060 3730 3113 3785 in
3152 3731 3386 3789 deserto.
3409 3730 3577 3789 Filio-

318 3809 418 3863 per
439 3794 623 3851 virum
640 3811 796 3853 suum
825 3798 1034 3855 inducit
1060 3800 1317 3856 alienum.
1346 3803 1415 3858 Et
1438 3804 1564 3874 quia
1596 3805 1680 3861 via
1701 3808 1917 3867 animae-
1997 3828 2115 3868 rum
2141 3822 2320 3870 autem
2343 3816 2580 3891 ipsorum
2604 3818 2876 3886 misertus,
2895 3828 2950 3877 et
2961 3821 3028 3876 ad
3043 3822 3206 3877 vitam
3218 3839 3313 3879 eos
3334 3838 3549 3879 reserva

320 3887 462 3982 lleus
487 3888 844 3982 est,_p0pulus
879 3890 1208 3951 lsraeliticns
1243 3896 1491 3965 plurimis
1526 3899 1896 3959 fornicationi—
1998 3904 2098 3968 vit,
2125 3911 2181 3959 et
2210 3887 2410 3961 terram
2435 3922 2597 3978 quam
2623 3909 2868 3979 patribus
2898 3926 3085 3967 eorum
3106 3912 3459 3982 promiserat,
3484 3914 3575 3968 dc-

319 3974 429 4069 bus
452 3989 515 4029 se
536 3977 906 4047 substraverat
924 4021 938 4047 ,
965 3982 1092 4051 quia
1124 3984 1314 4041 relicto
1334 4026 1337 4027 ν
1359 3990 1731 4059 omnipotente
1760 3991 1894 4059 Deo,
1996 3992 2094 4047 dit.
2118 3991 2226 4050 Sed
2265 3996 2424 4052 modo
2450 3974 2689 4054 minatur
2709 4014 2816 4053 non
2845 4001 2920 4055 ita
2943 4015 3003 4057 se
3031 3974 3321 4069 facturum,
3349 3974 3532 4058 dicens
3557 4022 3569 4057 :

320 4062 613 4160 multorum
650 4074 894 4135 portenta
940 4072 1242 4130 daemonum
1270 4080 1650 4136 venerabatur.
1691 4082 1921 4139 Idcirco
1997 4082 2256 4138 Filiorum
2287 4085 2433 4140 illius
2465 4101 2574 4141 non
2621 4088 2942 4156 miserebor,
2982 4089 3077 4144 sed
3115 4091 3170 4145 in
3211 4062 3574 4160 captivitatem

322 4167 469 4207 nunc
490 4153 727 4251 dicitur:
758 4158 881 4251 «‘Ut
912 4161 1124 4251 auferat
1148 4164 1532 4227 fornicationes
1546 4189 1672 4229 suas
1704 4180 1734 4229 a
1760 4174 1917 4231 facie.
1996 4174 2165 4229 simul.
2192 4189 2318 4230 eum
2349 4177 2596 4245 patribus
2639 4189 2897 4249 pergent,
2930 4153 3124 4251 ibique
3168 4153 3491 4250 morientur,
3521 4195 3575 4239 et

320 4256 452 4327 sua,
469 4261 493 4294 ι
509 4243 568 4346 id
583 4253 688 4313 est,
719 4247 986 4346 culturam
1010 4250 1237 4307 deorum
1262 4268 1534 4311 removeat
1552 4260 1620 4314 ab
1639 4276 1823 4317 amore
1844 4272 1901 4316 et
2000 4275 2200 4322 terram
2223 4243 2525 4325 nativitatis
2548 4243 2658 4327 suae
2685 4243 2790 4327 non
2824 4243 3081 4330 videbunt
3113 4273 3250 4330 ultra
3272 4317 3287 4340 ,
3316 4276 3443 4346 quin
3480 4277 3573 4333 ﬁlii

316 4333 605 4436 prasentia
627 4349 745 4436 sua,
774 4338 899 4408 quia
918 4340 1231 4436 multorum.
1248 4345 1467 4436 patebat
1498 4346 1734 4415 libidini,
1768 4351 1907 4407 deos
1996 4356 2416 4415 fornicationum
2438 4370 2583 4430 sunt,
2606 4364 2710 4420 hoc
2752 4375 2834 4421 est
2860 4366 2912 4421 in
2939 4368 3146 4422 cultura
3167 4333 3429 4436 idolorum
3450 4381 3577 4426 sunt

318 4424 822 4530 (tmolum-gentium
850 4429 1061 4486 colens.
1076 4432 1306 4490 Auferat
1323 4435 1585 4494 adulteria
1613 4440 1775 4497 etiam
1798 4458 1897 4499 sua
1998 4448 2130 4502 nati.
2162 4447 2386 4516 Qualem
2426 4424 2625 4524 quippe
2657 4454 2815 4511 fidem
2863 4440 3120 4514 tenebant
3147 4424 3338 4530 patres
3360 4501 3375 4527 ,
3412 4424 3573 4517 talem

318 4512 389 4568 de
411 4514 610 4638 lmedio
637 4516 863 4620 uberum
896 4534 1115 4575 suorum
1132 4563 1165 4625 ,.
1180 4523 1285 4625 hoc
1312 4534 1409 4638 est
1434 4527 1500 4582 de
1552 4529 1893 4634 cordenqnu
1926 4580 1972 4638 υ
1998 4512 2266 4594 docebant
2314 4512 2472 4597 ﬁlios.
2499 4512 2652 4599 [inde
2678 4554 2733 4600 et
2761 4512 3099 4603 subditur
3133 4512 3269 4617 Quia
3302 4512 3569 4608 fornicata

321 4601 522 4715 malum
561 4619 699 4715 opus
738 4607 971 4677 primum
1013 4612 1334 4684 concipitur.
1368 4615 1475 4671 Cor
1520 4621 1716 4691 quippe
1755 4601 1897 4677 inter
1926 4601 1972 4638 υ
1999 4636 2082 4683 est
2106 4638 2281 4685 mater
2302 4645 2509 4689 eorum.
2545 4653 2564 4687 ι
2600 4634 2753 4692 Sicut
2771 4638 2914 4694 enim
2944 4601 3383 4713 viperamvipera
3411 4645 3601 4715 parlt,‘

319 4696 487 4802 ubera
514 4706 595 4802 est
614 4739 630 4765 ,
660 4699 727 4756 de
750 4717 857 4803 quo
893 4702 987 4803 (lit
1005 4705 1281 4803 geminus
1320 4710 1671 4803 manifestat).
1698 4725 1904 4770 exeunt
1997 4718 2077 4773 sic
2096 4718 2284 4774 eadem
2304 4721 2456 4791 plebs
2473 4723 2611 4780 tales
2633 4724 2769 4782 ﬁlios
2793 4696 3071 4799 generavit
3089 4696 3279 4802 qualis‘

318 4787 677 4858 cogitationes
707 4793 882 4852 malae.
908 4795 979 4853 Et
1004 4796 1081 4851 illi
1109 4798 1261 4868 prius
1288 4800 1490 4857 malum
1518 4803 1572 4858 in
1608 4806 1771 4862 corde
1805 4821 1897 4863 eo—

318 4878 585 4952 gitabant,
604 4889 661 4936 et
688 4882 769 4938 sic
793 4883 1008 4941 demum
1035 4888 1390 4959 cogitationes
1420 4891 1474 4946 in
1509 4907 1645 4964 apus
1667 4911 1894 4966 pravum

318 4970 537 5039 prodire
561 4971 852 5031 faciebant.
889 4977 1228 5050 Quapropter
1265 4981 1517 5038 hortatur
1550 5000 1673 5041 eam
1713 5000 1895 5043 sermo

319 5060 556 5131 divinus,
576 5070 636 5118 ut
656 5064 772 5121 haec
785 5068 966 5123 omnia
989 5082 1020 5123 τι
1043 5084 1102 5124 so
1120 5080 1420 5138 removeat,
1442 5089 1511 5130 ne
1534 5085 1757 5147 propter
1774 5092 1897 5148 per-

240 5204 249 5210 .
319 5161 529 5221 petrata
556 5154 757 5211 scelera
784 5158 975 5229 perdat
1001 5160 1139 5215 bona
1163 5161 1420 5220 divinitus
1448 5165 1553 5220 sibi
1584 5166 1800 5222 collata.

396 5263 417 5296 ι
445 5243 524 5299 Ne
566 5246 725 5313 forte,
758 5268 776 5301 ι
812 5250 1006 5321 inquit,
1041 5271 1060 5304 ι
1093 5254 1387 5323 exspoliem
1434 5272 1556 5312 eam
1586 5259 1806 5327 nudam,
1838 5270 1894 5317 et

318 5343 554 5393 statuam
582 5352 701 5394 cant
720 5340 1011 5397 secundum
1035 5343 1173 5398 diem
1198 5345 1495 5401 nativitatis
1513 5363 1642 5404 sum.
1673 5368 1691 5400 ι
1714 5350 1891 5406 Vestis

317 5440 424 5494 qua
446 5428 733 5499 tegebatur
746 5431 936 5487 eadem
953 5432 1127 5502 plebs,
1144 5434 1463 5506 intelligitur
1481 5437 1577 5493 Dei
1601 5440 1880 5505 auxilium,

316 5516 562 5571 doctrina
587 5518 719 5589 legis
741 5529 798 5576 et
829 5524 1213 5593 prophetarum
1235 5565 1251 5590 ,
1272 5534 1329 5581 et
1353 5528 1519 5583 tutela
1556 5531 1895 5601 angelorum.

317 5607 447 5673 Quae
475 5609 656 5663 omnia
701 5612 937 5667 minatur
961 5613 1102 5670 Deus
1129 5617 1468 5685 omnipotens
1508 5634 1566 5674 se
1596 5621 1664 5674 ei-
1682 5620 1886 5686 tollere,

319 5700 419 5755 nisi
458 5702 836 5771 pmnitentiam
877 5714 999 5775 agat
1032 5722 1062 5760 a
1105 5710 1430 5777 perpetratis
1475 5710 1798 5777 sceleribus,
1833 5724 1892 5769 ut

317 5796 413 5855 fiat
459 5796 600 5859 nuda
637 5796 899 5868 plenaque
936 5799 1222 5870 ignominia
1244 5842 1258 5871 ,
1306 5802 1481 5867 veluti.
1511 5804 1791 5867 olimfuit.
1823 5808 1909 5864 Et.

2002 4828 2021 4859 ι
2053 4808 2286 4866 Confusa
2313 4820 2417 4879 est,
2447 4832 2467 4866 ι
2494 4813 2546 4869 id
2569 4824 2655 4871 est
2684 4816 2979 4890 obstupuit,
3007 4828 3062 4875 et
3086 4822 3138 4875 in
3162 4822 3569 4880 admirationem

1997 4915 2151 4957 versa
2176 4942 2192 4968 ,
2226 4921 2245 4953 ε
2276 4918 2398 4972 qua:
2421 4907 2671 4976 concepit
2693 4922 2789 4964 eos
2822 4928 2843 4961 ι
2877 4910 3097 4967 et-ﬁlios
3133 4913 3328 4970 diaboli
3349 4912 3569 4971 'eﬂ'ecit.

2005 5010 2023 5043 ι
2057 4990 2193 5060 Quia
2220 4994 2356 5049 dixit
2387 5013 2400 5050 :
2432 4997 2638 5052 Vadam
2656 5007 2790 5069 post
2810 5010 3080 5059 amatores
3112 5019 3295 5072 meos,
3325 5005 3418 5076 qui
3444 5007 3574 5060 dant

2002 5095 2194 5149 panem
2225 5082 2356 5136 mihi
2389 5091 2445 5139 et
2472 5099 2640 5155 aquas
2662 5101 2841 5154 meas,
2876 5089 3049 5146 lanam
3093 5082 3363 5148 meamet
3404 5093 3572 5149 linum

2001 5184 2200 5236 meum,
2224 5171 2400 5227 oleum
2422 5188 2600 5230 meum
2626 5185 2684 5231 et
2708 5178 2890 5247 potum
2916 5196 3114 5237 meum.
3145 5202 3163 5235 ι
3193 5184 3303 5239 Hoc
3325 5184 3576 5240 dixerunt

1994 5261 2184 5330 Judaei,
2211 5266 2336 5321 dum
2360 5268 2949 5330 colerent-diversarum
2979 5270 3219 5348 gentium
3238 5280 3386 5335 deos.
3429 5300 3447 5333 ι
3476 5281 3578 5335 Va-

1996 5356 2119 5409 dam
2147 5353 2376 5428 (inqnit).
2393 5367 2517 5429 post
2540 5368 2811 5419 amatores
2833 5378 3002 5432 meos,
3026 5387 3043 5419 ι
3074 5368 3127 5422 id
3159 5369 3387 5434 est,ﬁde
3406 5379 3461 5426 et
3490 5372 3574 5427 div

2000 5446 2231 5503 lectione
2267 5462 2464 5519 sequar
2483 5450 2648 5519 deos,
2681 5453 2765 5509 vel
2793 5455 3043 5513 imitabor
3084 5469 3305 5529 gentes,
3343 5454 3570 5532 quarum

2000 5535 2130 5592 deos
2175 5537 2379 5607 adoro,
2427 5541 2520 5610 qui
2565 5543 2699 5597 mihi
2744 5545 2875 5601 dant
2912 5561 3105 5617 panem
3132 5557 3186 5604 et
3213 5564 3432 5622 aquam,
3462 5562 3569 5614 etc.

1998 5623 2189 5681 Omnia
2214 5628 2355 5683 enim
2383 5629 2545 5697 bona,
2571 5647 2691 5702 qua:
2717 5634 2859 5691 idem
2879 5636 3109 5706 populus
3147 5639 3363 5696 caelitus
3400 5657 3431 5695 a
3462 5642 3572 5697 Dei.

1997 5728 2349 5789 perceperant
2366 5738 2394 5777 a
2419 5723 2753 5782 (immanibus
2780 5742 2840 5784 se
2863 5729 3064 5787 habere
3082 5726 3327 5801 putabat,
3360 5734 3571 5796 illisa":

2000 5819 2175 5907 totam
2192 5814 2702 5883 ascribehathtod
2730 5822 2890 5877 etiam
2914 5832 3083 5881 totum
3123 5826 3485 5897 spiritualiter-
3503 5828 3569 5884 ad
