4022 6436
439 399 506 452 12
864 393 1221 451 RAYMONIS
1258 391 1736 448 HALBERSTAT.
1782 390 1998 447 EPISC.
2036 391 2187 447 Ol’P.
2229 394 2409 449 PARS
2444 395 2485 449 l.
2525 426 2593 436 —
2629 396 2985 452 COMMENT.
3025 397 3195 453 BIBL.
3603 405 3678 459 αθ

437 522 531 562 eos
550 514 728 577 potest
749 506 959 570 referri,
985 504 1075 574 qui
1107 511 1436 574 negaverunt
1453 501 1647 574 Filium
1666 501 1783 577 Dei,
1810 500 2007 571 eligen-
2035 506 2084 563 Α
2114 502 2345 559 honores
2372 514 2629 581 appeiunt
2652 507 2858 570 mundi,
2889 509 2980 562 sed
3009 522 3078 562 ne
3104 509 3171 563 ad
3193 510 3291 566 has
3319 513 3529 581 possint
3556 528 3680 584 per-

439 611 523 658 tes
542 601 645 657 sibi
672 588 967 655 Barabbam
995 597 1274 653 seditionis
1303 604 1596 658 auctorem,
1618 603 1673 650 et
1692 593 2008 665 crucifigen-

439 700 524 748 tes
549 691 643 747 Dei
666 689 857 746 Filium
877 728 893 755 ,
919 686 1159 743 omnium
1190 686 1452 747 bonorum
1490 684 1820 756 largitorem.
1866 683 2008 750 Qua-

436 787 656 851 propter
696 778 902 853 conqui
945 786 1104 853 sunt,
1138 785 1193 831 et
1232 791 1336 832 non
1366 776 1541 835 solum
1580 768 1680 841 se,
1711 774 1805 833 sed
1841 775 2005 839 etiam

436 879 684 940 posteros
719 852 849 925 suos
886 852 1121 937 pessima
1170 867 1556 943 imprecatione
1598 866 1807 940 multati
1848 873 2003 930 sunt,

437 960 678 1016 dicentes
710 976 724 1013 :
757 976 776 1009 ί
815 957 1046 1029 Sanguis
1085 957 1202 1028 ejus
1238 954 1398 1027 super
1438 971 1537 1012 nos
1572 964 1627 1010 et
1666 969 1827 1025 super
1868 954 2010 1010 ﬁlios

438 1059 669 1105 nostros.
702 1069 722 1102 ι
754 1047 986 1125 Possunt
1014 1048 1129 1103 haec
1145 1046 1299 1125 juxta
1329 1046 1566 1102 litteram
1595 1046 1651 1119 in
1674 1045 2008 1117 expositione

437 1152 530 1194 sua
555 1138 720 1193 etiam
755 1152 919 1217 super
948 1137 1217 1208 haereticis
1257 1137 1516 1210 intelligi,
1548 1124 1640 1207 qui
1674 1134 2009 1203 confundun:

437 1238 526 1284 tur
553 1245 568 1294 ;
596 1229 690 1286 sed
720 1229 884 1302 etiam
910 1226 1004 1283 filii
1033 1243 1219 1306 eorum
1252 1227 1394 1283 mala
1439 1226 1683 1282 doctrina
1730 1227 2006 1296 generati,

433 1321 640 1391 pariter
660 1335 781 1395 cum
804 1320 884 1395 eis
908 1319 1251 1393 erubescunt.
1278 1318 1380 1386 Qui
1400 1332 1569 1389 quare
1586 1315 2005 1383 confundantur,

434 1411 815 1476 manifestatur
842 1427 964 1473 cum
995 1410 1355 1486 subiungitur,
1392 1411 1515 1493 quia
1552 1408 1717 1482 dixit:
1747 1426 1765 1460 ε
1802 1396 2005 1477 Vadam

432 1513 556 1575 post
583 1513 853 1564 amatores
878 1518 1052 1569 meos,
1088 1494 1112 1555 ι’
1142 1502 1195 1561 id
1221 1510 1306 1580 esi
1353 1517 1552 1572 sequar.
1577 1501 1726 1574 varia
1755 1500 2004 1571 dogmata

434 1593 848 1659 haereticorum,
877 1607 1105 1662 quorum
1149 1591 1306 1663 panis
1343 1599 1425 1647 est
1468 1591 1646 1668 luctus
1693 1599 2001 1662 perpetuus.

432 1686 585 1760 Aqua
619 1692 797 1741 autem
824 1685 1065 1750 doctrina
1101 1698 1351 1755 perversa
1382 1691 1438 1739 et
1466 1682 1662 1759 stulta,
1698 1698 1801 1753 qua
1840 1684 2005 1755 etiam

432 1774 733 1846 baptizatos
770 1773 1124 1853 interficiunt.
1158 1773 1254 1828 Cui
1284 1788 1439 1849 aqum
1470 1772 1559 1841 illa
1594 1771 1867 1841 contraria
1895 1780 2001 1838 est,

435 1864 505 1920 de
542 1880 648 1936 qua
689 1865 948 1936 scriptum
981 1871 1065 1933 est
1097 1879 1111 1921 :
1139 1864 1293 1935 Aqua
1337 1862 1601 1935 profunda
1642 1875 1707 1935 ex
1743 1877 1838 1940 ore
1876 1863 1997 1934 viri.
2034 1855 2076 1914 Β

431 1954 537 2010 Per
580 1953 759 2031 lanam
802 1962 981 2033 autem
1024 1964 1079 2008 et
1119 1954 1286 2029 linum
1310 1994 1326 2020 ,
1365 1952 1614 2029 simulata
1656 1968 1844 2023 eorum
1875 1969 2001 2023 san-

434 2044 596 2105 ctitas
636 2051 693 2117 et
732 2044 993 2123 munditia
1035 2044 1376 2115 exprimitur.
1415 2043 1561 2113 Quos
1607 2043 1869 2117 Dominus
1916 2059 2005 2115 ca-

429 2135 636 2192 vendas
680 2134 1009 2215 admonens,
1033 2135 1161 2190 dicit
1191 2154 1204 2191 :
1248 2154 1267 2187 ι
1294 2134 1430 2214 Quia
1462 2136 1682 2212 venienl
1710 2136 1777 2190 ad
1809 2151 1906 2200 vos
1947 2137 2004 2213 in
2040 2170 2051 2180 -

431 2226 772 2290 vestimentis
798 2226 1016 2303 ovium,
1048 2220 1376 2302 intrinsecus
1404 2234 1585 2299 autem
1618 2235 1744 2303 sunt
1774 2225 1883 2297 lupi
1920 2240 2005 2301 ra-

432 2334 611 2388 paces.
646 2338 665 2371 »
700 2317 805 2391 Per
831 2302 1015 2380 oleum.
1038 2333 1169 2387 vero
1213 2318 1452 2381 adulatio
1492 2302 1681 2374 eorum
1720 2310 2001 2390 accipitur.

433 2398 508 2479 De
537 2422 644 2480 quo
661 2407 930 2479 Propheta
960 2407 1118 2463 dicit:
1144 2405 1334 2464 Oleum
1360 2415 1540 2462 autem
1568 2406 1866 2479 peccatoris
1897 2422 2003 2461 non

432 2499 730 2577 impinguet
774 2507 936 2569 caput
972 2514 1169 2554 meum.
1199 2497 1365 2577 Polus
1406 2499 1568 2553 etiam
1600 2498 1813 2567 illorum
1860 2496 2005 2573 Scri-

429 2599 588 2660 ptura
631 2604 787 2665 sacra
826 2584 1162 2667 intelligitur,
1188 2604 1349 2661 quam
1382 2588 1456 2649 illi
1484 2588 1624 2649 male
1662 2588 2006 2661 intelligendo

432 2678 702 2753 turbidam
732 2678 978 2735 reddunt.

504 2788 523 2822 ι
561 2769 789 2841 Propter
816 2771 923 2825 hoc
952 2784 1079 2825 ecce
1104 2784 1206 2857 ego
1235 2770 1437 2847 sepiam
1459 2771 1600 2829 viam
1633 2779 1778 2829 tuam
1809 2771 2003 2851 spinis,

429 2873 484 2933 et
519 2863 721 2934 sepiam
763 2878 882 2918 eam
925 2863 1182 2942 maceria,
1209 2870 1263 2918 et
1293 2863 1513 2919 semitas
1541 2878 1669 2920 suas
1706 2878 1814 2918 non
1855 2863 2004 2919 inve-

429 2956 561 3023 niet.
600 2975 619 3007 ι
653 2954 758 3011 Per
786 2955 969 3025 spinas
1008 2970 1157 3021 vero,
1186 2955 1507 3025 punctiones
1541 2954 1786 3011 dolorum
1816 2962 1871 3011 et
1906 2955 2002 3010 du-

2109 595 2323 663 venire,
2360 596 2591 657 diversis
2615 599 2749 661 adeo
2793 610 3064 671 anguntur
3109 603 3561 673 tribulationibus,
3619 621 3682 665 ut

2106 686 2275 742 velint
2325 687 2496 743 nolint
2546 691 2799 744 sarculum
2856 693 3214 763 relinquant:
3251 704 3308 749 et
3360 700 3680 769 postpositis

2105 777 2251 851 curis
2278 778 2684 848 temporalibus,
2701 795 2837 849 quas
2856 782 3078 855 adipisci
3100 799 3442 856 nequaquam
3469 790 3538 845 ad
3559 790 3682 846 libi-

2107 875 2219 922 tum
2247 884 2401 923 suum
2431 870 2628 937 valent,
2654 871 2706 925 in
2731 873 3115 944 monasterium
3138 875 3562 950 confugiunt..Et
3586 886 3679 953 qui

2105 962 2255 1035 prius
2293 964 2757 1020 contristabantur
2795 967 2938 1036 quod
2974 982 3078 1028 non
3108 970 3286 1025 omnia
3323 984 3446 1041 qua:
3481 974 3685 1031 vellent

2107 1053 2396 1120 habebant,
2427 1056 2660 1127 gaudent
2695 1058 3069 1120 eontentiesse
3097 1062 3220 1117 cibo
3247 1075 3303 1119 et
3327 1064 3676 1132 vestimento,

2106 1145 2398 1215 secundum
2420 1146 2755 1219 Apostolum,
2781 1156 2838 1203 et
2866 1147 2976 1204 Deo
3003 1149 3056 1205 in
3091 1159 3409 1222 paupertate
3448 1156 3677 1222 servire,

2106 1237 2198 1305 qui
2243 1244 2368 1291 ante
2397 1238 2596 1292 mundo
2622 1246 2678 1291 et
2708 1241 3159 1310 concupiscentiis
3197 1240 3315 1311 ejus
3348 1244 3678 1301 serviebant.

2183 1344 2201 1379 ι
2239 1324 2306 1379 Ει
2328 1326 2443 1385 haec
2473 1326 2719 1390 nescivit,
2750 1328 2875 1397 quia
2921 1330 3041 1386 dedi
3078 1333 3127 1406 ei
3159 1331 3489 1391 frumentum
3521 1345 3577 1390 et
3604 1336 3685 1391 vi-

2108 1428 2234 1474 num
2259 1420 2315 1468 et
2337 1413 2512 1470 oleum
2534 1421 2590 1473 et
2614 1424 2915 1493 argentum,
2937 1425 2991 1472 et
3017 1417 3363 1489 multiplicavi
3385 1421 3437 1483 ei
3461 1434 3680 1489 aurum,

2107 1517 2226 1572 qua:
2256 1500 2498 1557 fecerunt
2520 1503 2665 1557 Baal.
2691 1525 2709 1556 ι
2740 1504 2948 1567 Dictum
2974 1516 3057 1561 est
3080 1494 3325 1578 superius
3347 1509 3492 1579 quod
3511 1524 3682 1582 popu-

2108 1592 2190 1666 lus
2218 1592 2542 1650 lsraeliticus
2579 1596 2759 1651 omnia
2807 1596 2949 1653 bona
2995 1599 3309 1669 temporalia
3350 1612 3470 1671 Quae
3509 1617 3541 1658 a
3571 1602 3682 1659 Deo

2107 1695 2424 1767 perceperat
2475 1686 2633 1749 idolis
2680 1686 2987 1756 deputavit,
3051 1689 3305 1752 nesciens
3355 1692 3497 1762 quod
3538 1694 3681 1752 Deus

2108 1779 2448 1855 omnipotens
2469 1779 2718 1835 omnibus
2743 1779 2827 1835 his
2848 1780 3123 1847 abundare
3144 1796 3267 1851 eum
3295 1781 3492 1844 fecerit
3528 1782 3684 1839 Unde

2106 1877 2161 1941 et
2185 1868 2371 1929 relicto
2400 1870 2529 1935 Deo,
2560 1885 2628 1926 ex
2657 1884 2790 1925 auro
2814 1880 2871 1925 et
2895 1879 3119 1942 argento
3158 1865 3300 1941 quod
3329 1875 3395 1941 ad
3431 1881 3679 1931 ornatum

2107 1957 2316 2014 decoris
2345 1944 2685 2030 acceperant,
2710 1958 2956 2021 fecerunt
2982 1959 3083 2018 sibi
3125 1960 3252 2017 Baal
3289 1961 3486 2037 idolum
3518 1960 3678 2017 Sidu-

2104 2048 2338 2117 niorum,
2367 2048 2510 2118 quod
2542 2047 2790 2127 Ezechiel
2816 2050 3075 2119 propheta
3102 2049 3313 2129 plenius
3356 2055 3410 2115 in
3457 2067 3555 2106 suo
3588 2067 3682 2105 vo-

2104 2141 2307 2199 lumine
2337 2140 2615 2219 describit.
2648 2138 2705 2207 Si
2747 2148 2926 2195 autem
2967 2142 3318 2211 spiritualiter
3359 2144 3474 2205 hare
3517 2146 3679 2200 verba

2105 2231 2431 2313 voluerimus
2466 2229 2781 2312 intelligere,
2809 2244 2909 2309 per
2935 2228 3264 2295 frumentum
3295 2234 3467 2315 legem
3519 2235 3682 2294 debe-

2105 2338 2226 2379 mus
2250 2322 2515 2395 accipere,
2545 2336 2651 2392 qua
2674 2321 2822 2391 pasci
2850 2321 3185 2396 debuerant;
3212 2336 3310 2394 per
3331 2325 3534 2389 vinum,
3565 2325 3678 2394 spi-

2105 2407 2352 2481 ritualcm
2388 2408 2651 2482 laetitiam,
2679 2422 2839 2477 quam
2870 2421 2979 2461 non
3010 2407 3064 2463 in
3091 2400 3475 2483 temporalibus
3503 2409 3678 2475 bonis,

2106 2500 2200 2565 sed
2250 2501 2305 2555 in
2350 2499 2462 2555 Deo
2496 2499 2698 2569 habere
2733 2499 3069 2575 debuerant;
3100 2513 3199 2570 per
3252 2500 3431 2567 oleum
3475 2510 3676 2567 autem,

2104 2606 2293 2657 sensus
2342 2591 2815 2667 illiminationem;
2847 2604 2946 2660 per
2974 2598 3278 2659 argentum,
3310 2591 3539 2661 nitorem
3569 2590 3680 2645 elo-

2103 2664 2449 2754 quentiae,de
2475 2693 2581 2750 qua
2610 2664 2871 2750 scriptum
2893 2685 3010 2757 est:
3035 2698 3053 2725 ι
3082 2678 3379 2757 Argentum
3408 2680 3530 2752 igne
3554 2696 3681 2736 exa-

2102 2771 2385 2838 minatum,
2415 2770 2626 2841 eloquia
2655 2769 2867 2844 Domini
2920 2770 3135 2841 eloquia
3179 2781 3370 2843 casta;
3410 2792 3427 2823 ι
3458 2786 3555 2847 per
3581 2787 3676 2833 au-.

2102 2877 2221 2917 rum
2253 2877 2404 2927 vero,
2431 2870 2760 2938 praeceptum
2790 2862 3094 2939 dilectionis
3124 2863 3217 2918 Dei
3247 2870 3303 2918 et
3338 2863 3592 2933 proximi,
3624 2864 3677 2918 iu

2099 2954 2294 3024 quibus
2318 2954 2573 3022 omnibus
2596 2946 2721 3009 cum
2750 2952 2918 3009 Deum
2950 2953 3253 3033 glorificare
3276 2946 3543 3030 debuerit,
3570 2954 3678 3009 das-

429 3047 553 3103 ritia
602 3030 946 3121 adversitatis
992 3045 1331 3125 exprimitur.
1376 3045 1480 3125 Per
1542 3061 1757 3117 murum
1821 3054 2000 3102 autem
2098 3060 2286 3107 mones
2309 3045 2555 3101 venerari
2584 3044 2834 3099 maluerit
2857 3030 3021 3116 quam
3051 3043 3219 3123 Deum

426 3137 785 3218 pbstaculum,
810 3153 877 3193 ne
912 3136 1053 3207 quod
1072 3120 1380 3218 lqumrebat,‘
1390 3120 1647 3195 invenire
1669 3146 1873 3209 posset.
1901 3136 2001 3194 Se—
2029 3198 2070 3218 η
2177 3156 2195 3189 σ
2239 3136 2463 3202 Idcirco,
2502 3154 2521 3189 δ
2555 3135 2730 3205 inquit
2759 3135 3043 3202 Dominus,
3068 3120 3092 3186 ἰ
3117 3142 3400 3209 convertar
3442 3151 3461 3185 ι
3501 3149 3530 3187 a
3555 3148 3673 3188 mea

428 3198 815 3313 piamlinquit)
840 3198 982 3285 viain
1008 3198 1153 3284 tuam
1183 3198 1381 3299 spinis:
1402 3229 1454 3283 id
1480 3238 1584 3311 est,
1616 3198 1736 3285 tuas
1759 3231 2004 3307 actiones,
2026 3198 2070 3260 C
2103 3228 2308 3303 scilicet
2329 3198 2724 3283 clementia-ad
2745 3198 3142 3299 crudelitatem,
3174 3245 3194 3277 ι
3233 3234 3291 3281 et
3316 3199 3524 3280 sumam
3558 3222 3673 3278 fru-

429 3306 732 3397 durissimis
764 3318 1050 3397 implicabo
1078 3316 1373 3379 laboribus,
1402 3306 1603 3385 sepiam
1628 3317 1791 3373 etiam
1819 3306 2003 3373 mace-
2101 3330 2340 3389 mentum
2370 3334 2547 3391 meum
2600 3318 2657 3385 in
2704 3327 2944 3389 tempore
2979 3333 3095 3384 suo,
3119 3324 3175 3372 et
3196 3316 3380 3374 vinum
3406 3330 3588 3372 meum
3620 3316 3676 3371 in

426 3412 531 3475 ria,
563 3390 625 3485 ui.
660 3392 837 3489 'eiiam
880 3390 947 3489 ad
993 3407 1096 3488 hoc
1138 3404 1281 3476 quod
1316 3406 1397 3462 vis
1430 3421 1664 3476 nequeas
1694 3407 1998 3485 pervenire.

426 3500 599 3577 Porro
642 3500 783 3587 quod
826 3501 1090 3575 sequitur,
1125 3519 1144 3552 ι
1192 3508 1248 3571 et
1288 3502 1511 3558 semitas
1546 3516 1674 3558 suas
1704 3517 1811 3559 non
1845 3502 1998 3558 inve-
2100 3506 2168 3583 ad
2195 3504 2563 3579 maturitatem
2585 3504 2860 3587 perducta)
2888 3501 3231 3579 colliguntur,
3262 3508 3317 3556 et
3354 3500 3409 3555 in
3439 3499 3678 3555 cellariis

425 3594 561 3672 piet,
596 3611 615 3645 ι
642 3584 783 3673 idem
809 3601 893 3672 est
911 3608 1122 3648 sensus.
1161 3591 1269 3649 Sed
1301 3608 1452 3659 more
1493 3593 1736 3649 variatur
1772 3594 2003 3665 propbe-
2100 3611 2193 3671 per
2219 3603 2390 3650 totum
2417 3584 2617 3670 annum
2643 3593 2846 3648 victum
2876 3591 3264 3650 ministraturm
3293 3589 3672 3645 reconduntur.

428 3686 536 3741 lico
565 3698 768 3764 sermo,
794 3692 856 3763 ui
878 3684 944 3741 de
970 3682 1072 3765 alia
1102 3684 1169 3741 ad
1194 3683 1352 3760 aliam
1379 3692 1597 3764 repente
1619 3693 1860 3759 transeat
1878 3700 2001 3757 per-
2101 3684 2157 3741 Si
2200 3695 2382 3765 autem
2424 3693 2551 3739 tunc
2583 3682 2862 3757 temporis,
2893 3682 3128 3737 inStante
3177 3680 3426 3751 videlicet
3454 3678 3679 3735 maturi-

425 3793 637 3855 sonam,
1818 3840 1823 3843 ,
2104 3787 2234 3852 tate,
2268 3776 2578 3834 hominibus
2620 3776 2711 3846 qui
2756 3791 2819 3830 ea
2866 3774 3116 3845 colligere
3153 3774 3482 3839 debuerant,
3522 3770 3676 3836 aufe-_

498 3889 518 3923 ι
558 3869 625 3924 Et
651 3876 905 3942 sequetur
928 3876 1198 3943 amatores
1226 3881 1371 3935 suos,
1406 3888 1426 3921 ι
1454 3868 1706 3941 Assyrios
1733 3870 1817 3925 vel
1842 3869 2000 3926 Chal-
2101 3876 2314 3945 runtur,
2344 3858 2665 3937 gravissimo
2693 3864 3001 3936 afﬂiguntur
3029 3878 3280 3939 maerore.
3313 3862 3549 3917 Minatur
3583 3875 3675 3916 au-

313 3996 327 4006 -
424 3962 588 4037 (imos,
613 3976 860 4047 quaerens
903 3946 981 4023 ab
1011 3961 1090 4019 eis
1132 3960 1388 4017 auxilium
1423 3976 1610 4032 pressa
1654 3961 2000 4032 tribulatione
2101 3971 2207 4025 tem
2232 3959 2335 4015 hoc
2366 3973 2425 4025 se
2457 3957 2762 4047 ablaturum
2808 3972 2838 4010 a
2881 3954 3100 4047 Iudaeis,
3133 3964 3192 4047 ut
3228 3970 3328 4047 per
3368 3962 3565 4047 totum~
3582 3967 3678 4017 an-e

423 4040 758 4129 gravissima.
790 4070 809 4104 ι
846 4050 911 4106 Et
938 4066 1044 4129 non
1092 4050 1457 4129 apprehendet
1497 4065 1611 4117 eos,
1653 4070 1673 4113 ι
1715 4051 1780 4106 ad
1812 4052 1914 4115 hoc
1941 4060 1998 4107 ut
2099 4064 2226 4119 num
2274 4048 2553 4120 patiantur
2612 4046 2846 4119 inopiam
2897 4045 3074 4117 famis.
3131 4040 3285 4116 Saepe
3339 4044 3483 4101 enim
3534 4042 3683 4113 Deus

421 4134 675 4221 auxilium
704 4140 806 4209 sibi
844 4140 1102 4221 praebeat,
1133 4141 1265 4221 quin
1298 4140 1464 4196 etiam
1509 4141 1997 4215 comprehendetur.
2098 4147 2321 4210 propter
2364 4144 2586 4207 peccata
2620 4136 2919 4204 hominum,
2946 4143 3189 4211 tempore
3229 4135 3423 4190 messis
3466 4142 3522 4189 et
3558 4132 3675 4186 vin-

419 4230 490 4295 ab
514 4218 717 4299 illis,ct
756 4219 970 4307 captiva
1008 4218 1265 4303 ducetur.
1290 4248 1310 4283 ‹
1341 4231 1408 4294 Et
1427 4220 1771 4303 qilaereteos,
1801 4241 1857 4303 et
1885 4250 1993 4289 non
2099 4230 2286 4299 demisi
2327 4228 2574 4284 immittit
2615 4236 3011 4297 tempestatem,
3044 4234 3102 4281 et
3147 4235 3367 4302 paratos
3411 4223 3477 4278 ad
3526 4221 3677 4278 colli-

419 4307 658 4401 inveniet
715 4342 734 4380 ι
768 4321 869 4389 sibi
916 4322 1200 4404 propitios.»
1232 4340 1252 4373 ε
1290 4321 1357 4375 Et
1378 4310 1557 4378 dicet:
1588 4324 1791 4401 Vadam
1827 4332 1882 4383 et
1913 4338 1997 4380 re-
2096 4321 2326 4391 gendum
2368 4317 2579 4383 fructus
2609 4316 2805 4373 aufert.
2843 4334 2864 4385 ς
2902 4316 2971 4370 Ει
2994 4312 3238 4370 liberabo
3276 4314 3454 4404 lanam
3491 4326 3677 4404 meam.

418 4419 607 4488 variari
630 4399 697 4465 ad
720 4411 895 4489 virum
922 4399 1385 4494 ineunt-priorem.
1416 4431 1437 4464 ι
1468 4411 1526 4492 id
1551 4399 1657 4487 est,
1686 4414 1902 4483 redeam
1927 4415 1997 4481 ad
2096 4419 2149 4463 et
2178 4409 2348 4477 linum
2390 4422 2592 4474 meum,
2623 4422 2744 4477 quae
2770 4405 3087 4477 operiebaut
3112 4402 3459 4494 ignominiam
3489 4399 3668 4494 eius.»

420 4484 593 4579 Deum
624 4484 1072 4587 omnipotentem,
1097 4484 1191 4575 qui
1220 4518 1306 4569 me
1325 4501 1453 4584 olim
1481 4486 1580 4574 per
1611 4484 1794 4560 datam
1821 4503 1991 4573 legem
2024 4543 2071 4601 Ι)
2096 4498 2257 4578 Falso
2279 4499 2334 4555 in
2361 4498 2679 4569 quibusdam
2709 4495 2982 4601 codicibus
3006 4495 3259 4601 habetur,
3287 4492 3511 4558 librabo,
3533 4491 3675 4595 unde

2102 3423 2344 3487 tempore
2366 3428 2484 3469 suo.
2525 3431 2545 3465 ι
2578 3408 2815 3483 Tempus
2858 3411 3051 3488 harum
3084 3409 3297 3480 frugum
3324 3417 3426 3472 est,
3458 3409 3680 3479 quando
3786 3409 3799 3421 ‘

417 4595 722 4675 despondit.
761 4612 780 4646 ι
820 4593 952 4663 Quia
1000 4595 1139 4675 bene
1179 4594 1312 4675 mihi
1349 4605 1469 4659 erat
1511 4604 1661 4675 tunc,
1700 4614 1719 4662 ρ
1751 4596 1989 4667 quandiu

414 4672 702 4775 praeceplis
734 4687 850 4757 ejus
875 4672 1105 4743 obedivi'.
1156 4672 1487 4769 (Magisque
1526 4672 1689 4759 nunc
1720 4705 1737 4736 ι
1775 4689 1990 4756 quando

415 4774 639 4868 propter
665 4776 929 4853 idolorum
960 4776 1225 4857 culturam
1257 4777 1424 4847 variis
1453 4774 1659 4849 afﬂigar
1690 4777 1989 4855 tribulatio:

414 4869 594 4941 nibus.
626 4868 744 4939 ipsa
774 4870 1036 4951 siquidem
1059 4868 1210 4941 plebs
1242 4869 1534 4951 lsraelitica
1556 4887 1697 4943 saepe
1717 4875 1990 4943 prosperis

414 4960 556 5033 elata
584 4948 869 5029 recedebat
897 4975 927 5014 a
958 4959 1087 5028 Deo,
1120 4948 1261 5035 idola
1287 4961 1527 5019 colendo.
1548 4958 1765 5040 lterum
1806 4975 1991 5039 autem

414 5055 614 5127 afﬂicta
662 5054 1091 5135 calamitatibus,
1132 5054 1501 5112 revertebatur
1528 5038 1620 5113 ad
1674 5044 1863 5128 Deum,
1896 5060 1986 5130 qui

412 5150 683 5215 suscitans
700 5134 784 5205 eis
804 5134 1157 5213 Salvatorem,
1186 5148 1432 5205 liberavit
1452 5164 1567 5205 eos.
1589 5149 1720 5223 Quae
1743 5151 1907 5206 verba
1935 5159 1992 5221 et

414 5240 740 5316 generaliter
760 5248 817 5296 et
848 5238 1157 5310 specialiter
1180 5238 1337 5295 nobis
1360 5247 1683 5311 congruunt,
1706 5240 1798 5310 qui
1827 5226 1992 5310 pros--

410 5331 730 5410 peritatibus
753 5330 903 5396 elati,
921 5345 1027 5407 non
1046 5344 1321 5399 nunquam
1347 5328 1441 5386 Dei
1467 5330 1748 5401 praeceptis
1770 5340 1986 5385 contra-

417 5414 579 5493 imus.
606 5423 803 5482 Iterum
826 5434 1003 5498 autem
1032 5422 1413 5493 afﬂictionibus
1442 5424 1720 5491 attriti,ad
1748 5435 1986 5480 nosmet-

411 5518 561 5589 ipsos
581 5515 922 5581 revertimur,
945 5524 1002 5573 et
1039 5530 1292 5593 peccasse
1320 5530 1420 5571 nos
1448 5516 1904 5586 recognoscimus,
1931 5522 1985 5571 et

416 5605 484 5685 ad
526 5604 670 5662 illius
695 5603 1038 5678 confugimus
1078 5606 1504 5685 misericordiam
1544 5607 1645 5662 sub
1680 5606 1835 5677 cujus
1859 5621 1985 5677 pro-

410 5682 647 5771 iectione
672 5696 827 5754 nobis
854 5697 992 5755 bene
1020 5697 1184 5755 fuisse
1215 5682 1521 5769 recolimus.
1550 5697 1641 5753 Sic
1666 5697 1983 5769 plerumque

409 5785 548 5872 plet
592 5789 834 5867 accidere
882 5787 990 5857 his,
1020 5787 1113 5879 qui
1145 5787 1199 5845 in
1237 5787 1432 5845 sacculo
1471 5788 1655 5858 positi,
1685 5788 1898 5846 divitias
1929 5799 1983 5845 et

2097 4590 2336 4663 liberabo
2364 4598 2450 4651 est
2473 4589 2776 4661 legendum.
2805 4587 2970 4661 Quasi
2999 4588 3142 4660 enim
3167 4587 3266 4641 sub
3287 4600 3385 4640 sua
3414 4583 3675 4640 servitute

2097 4683 2367 4740 habebant
2415 4683 2587 4757 linum
2627 4691 2685 4737 et
2723 4668 2931 4745 lanam,
2970 4695 3091 4735 eum
3146 4677 3247 4749 ipsi
3295 4684 3473 4743 essent
3528 4672 3671 4729 servi

2097 4775 2315 4841 diaboli,
2347 4774 2548 4833 idcirco
2581 4771 2714 4829 dicit
2754 4772 2895 4829 Deus
2926 4790 2938 4825 :
2970 4771 3236 4837 Liberaho
3282 4768 3448 4845 linum
3492 4778 3669 4819 meum

2097 4876 2151 4922 et
2180 4848 2355 4921 lanam
2394 4880 2590 4927 meam,
2620 4878 2688 4937 ne
2724 4863 2793 4918 ab
2835 4863 3032 4933 iniquis
3075 4860 3452 4934 possideantur
3500 4857 3675 4912 domi-

2098 4958 2203 5013 nis.
2234 4957 2405 5012 Porro
2445 4955 2737 5026 ignominia
2784 4969 2946 5025 quam
2992 4954 3108 5011 haec
3147 4952 3483 5023 aperiebant,
3530 4948 3667 5005 idola

2090 5034 2278 5104 eorum
2307 5047 2697 5119 intelliguntur,
2728 5060 2957 5116 quorum
2979 5045 3169 5099 altaria
3198 5044 3351 5098 vario
3375 5042 3666 5097 νθειὴιιοηο

2092 5152 2269 5199 torum
2315 5142 2646 5199 decorabant
2690 5147 3027 5195 ornamento.
3088 5135 3455 5210 Spiritualiter
3504 5133 3670 5187 vesti-

2091 5214 2269 5293 menta
2315 5234 2418 5288 ista
2460 5231 2766 5304 significant
2812 5230 2907 5286 Dei
2954 5230 3211 5291 auxilium
3251 5237 3308 5284 et
3353 5225 3667 5297 angelorum

2089 5323 2415 5394 custodiam,
2436 5304 2558 5392 qua:
2584 5322 2765 5377 omnia
2792 5320 2972 5389 aufert
2998 5321 3066 5377 ab
3099 5321 3180 5376 eis
3205 5320 3363 5383 Deus,
3394 5327 3452 5372 ut
3476 5316 3569 5387 qui
3599 5330 3665 5369 ex

2094 5394 2177 5470 his
2206 5429 2312 5470 non
2335 5396 2621 5469 senserant
2651 5413 2915 5475 datorem,
2947 5412 3118 5466 relicti
3150 5411 3205 5464 in
3241 5426 3336 5463 sua
3381 5405 3667 5479 iniquitate

2089 5507 2379 5577 tradantur
2415 5505 2632 5562 diabolo
2658 5504 2990 5579 aeternaliter
3014 5501 3309 5573 cruciandi.

2164 5628 2183 5662 ‹
2220 5610 2287 5666 Et
2328 5619 2462 5664 tunc
2491 5608 2739 5665 revelabo
2771 5606 3052 5663 stultitiam
3088 5603 3288 5675 ejusin
3318 5599 3492 5656 oculis
3517 5612 3667 5653 ama-

2089 5710 2268 5757 torum
2298 5700 2496 5755 illius.»
2526 5698 2825 5754 Stultitiam
2853 5696 3084 5766 appellat
3118 5693 3277 5759 idola,
3301 5706 3419 5761 αυξτ
3445 5691 3499 5745 in
3530 5695 3667 5743 teni:

2089 5789 2178 5863 plo
2206 5797 2496 5862 posuerant
2527 5807 2538 5842 :
2572 5794 2843 5843 amatores
2865 5794 3053 5841 autem
3080 5784 3361 5839 Chaldaeos
3390 5778 3473 5847 vel
3500 5776 3665 5859 Assy-
