4022 6448
297 410 357 464 at
1317 408 1714 463 ENAllllATlO
1751 370 1817 462 ut
1857 408 2035 464 esse
2070 410 2510 464 l’lKOPlll-LTAM.
3478 409 3559 471 se.

301 529 409 581 rios
429 533 486 580 et
504 523 769 580 Idumaeos
790 524 1041 595 appellat,
1076 540 1196 580 cum
1225 526 1418 593 quibus
1447 523 1606 594 longe
1630 536 1869 593 tempore
1898 532 1943 589 Α
1971 525 2210 581 Ecclesia
2226 527 2575 595 egrediuntur
2617 542 2646 583 ιι
2678 524 3075 588 Beoderelicti,
3102 538 3290 578 eorum
3318 525 3551 579 stultitia

299 628 491 687 pacem
527 613 851 680 habuerant,
882 614 935 668 in
961 628 1189 684 quorum
1216 612 1388 669 oculis
1411 613 1638 669 stultitia
1663 612 1873 668 Judaeu-

300 722 422 763 rum
451 706 688 763 revelata
718 713 821 771 est,
850 706 1067 776 quando
1092 712 1247 774 capta
1276 703 1615 760 Hierusalem
1648 702 1873 773 templo-

299 815 405 870 que
449 799 735 862 subverso,
768 796 1010 851 videntes
1056 793 1170 863 jam
1213 794 1346 851 dicti
1376 797 1562 851 hostes
1610 793 1871 865 imagines

298 886 570 945 Cherubin
605 894 663 942 et
688 885 886 942 idolum
911 883 1062 951 Baal,
1094 894 1375 956 eruperunt
1393 885 1573 942 dicere
1601 903 1615 943 :
1639 884 1777 940 Ecce
1795 883 1871 947 ls-

299 978 518 1043 raelitze,
543 976 687 1033 sicut
714 991 903 1032 omnes
930 983 1140 1049 gentes,
1165 974 1307 1032 idola
1334 982 1677 1038 venerantur,
1708 989 1868 1045 quam

298 1071 369 1126 ob
402 1084 517 1125 rem
556 1068 749 1127 merito
785 1081 896 1123 sua:
938 1067 1239 1137 iniquitatis
1277 1074 1476 1127 nostra:
1512 1063 1874 1135 subjiciuntur

297 1161 573 1231 potestati.
604 1179 624 1212 ι
657 1159 721 1214 Et
752 1158 838 1213 vir
878 1172 987 1219 non
1030 1164 1185 1220 eruet
1213 1171 1332 1219 eam
1374 1157 1440 1213 de
1480 1171 1642 1212 manu
1673 1171 1813 1213 mea.
1847 1176 1864 1208 ι

299 1251 414 1309 Hoc
461 1261 565 1318 est,
599 1251 796 1306 nullius
834 1250 889 1307 vi
933 1256 1027 1317 aut
1061 1247 1376 1317 fortitudine
1410 1247 1617 1318 poterit,
1649 1246 1869 1303 liberari

299 1347 368 1401 de
395 1358 560 1399 manu
604 1357 743 1407 mea,
772 1341 865 1399 sed
896 1339 1044 1411 justo
1068 1339 1271 1413 judicio
1299 1339 1509 1401 tradam
1541 1352 1662 1398 eam
1695 1338 1867 1396 hosti.

297 1437 421 1502 bus,
445 1434 571 1491 etin
603 1433 975 1505 captivitatem
1000 1433 1121 1489 duci
1147 1432 1363 1488 faciam.

374 1542 395 1574 ι
433 1523 504 1581 Et
527 1537 744 1578 cessare
769 1520 964 1583 faciam
986 1536 1147 1578 omne
1175 1521 1428 1595 gaudium
1452 1517 1587 1591 ejus.
1621 1539 1640 1574 ι
1674 1517 1789 1577 Hoc
1817 1525 1871 1573 et

298 1615 355 1668 in
395 1612 503 1675 illis
547 1610 825 1684 impletum
869 1618 989 1678 est,
1032 1611 1125 1682 qui
1154 1611 1221 1666 ab
1256 1610 1495 1681 Assyriis
1527 1616 1582 1664 et
1607 1606 1873 1665 Chaldaeis

296 1705 453 1765 ducti
471 1712 601 1767 sunt
626 1704 845 1776 captivi,
866 1703 958 1760 ubi
984 1717 1197 1759 omnem
1220 1702 1568 1772 perdiderant
1591 1701 1866 1758 laetitiam:

296 1805 351 1851 et
370 1805 493 1869 post
519 1796 575 1855 in
604 1797 712 1853 illis
738 1796 830 1868 qui
857 1810 888 1851 a
927 1795 1155 1852 Domino
1178 1795 1459 1855 audierant
1485 1813 1501 1851 ε
1532 1813 1551 1846 ι
1584 1794 1872 1859 Auferetur

1974 614 2242 676 revelatur
2284 615 2368 676 his
2415 616 2525 686 qui
2552 618 2700 687 prius
2747 624 3016 672 amatores
3057 614 3268 671 illorum
3322 616 3547 671 exstite-

1972 713 2121 769 rant,
2143 712 2207 764 et
2223 704 2405 765 traditi
2429 705 2639 770 bestire,
2683 705 2737 761 id
2762 714 2847 760 est
2876 703 3113 769 diabolo,
3137 702 3254 773 ejus
3278 706 3547 771 morsibus

1971 800 2214 867 lacerati,
2242 812 2499 871 perpetua
2530 809 2701 855 morte
2728 799 3045 868 puniuntur.

2048 912 2071 945 ι
2107 892 2177 949 Et
2208 891 2441 949 visitabo
2468 905 2630 967 super
2661 904 2781 945 eam
2817 890 2932 944 dies
2959 888 3185 956 Baalim,
3214 890 3409 960 quibus
3450 904 3544 947 acv

1971 982 2233 1040 cendebat
2288 978 2605 1049 incensum,
2651 987 2706 1037 et
2759 979 3056 1043 ornabatur
3082 981 3136 1034 in
3166 993 3297 1034 aure
3350 994 3445 1036 sua
3496 990 3551 1036 et

1970 1073 2157 1129 monili
2208 1088 2347 1138 suo,
2395 1079 2451 1128 et
2501 1072 2614 1128 ibat
2668 1079 2790 1142 post
2840 1079 3110 1126 amatores
3161 1086 3307 1139 suos,
3350 1082 3405 1128 et
3442 1074 3549 1128 mei

1971 1162 2410 1228 obliviscebatur,
2452 1160 2583 1217 dicit
2621 1160 2900 1216 Dominus.
2938 1178 2956 1211 ι
2992 1158 3187 1216 Servat
3214 1162 3390 1217 adhuc
3427 1176 3583 1233 perv

1970 1268 2159 1313 sonam
2214 1251 2457 1309 mulieris
2505 1250 2852 1316 meretricis,
2887 1264 3008 1320 quae
3057 1260 3283 1314 ornatur
3319 1266 3451 1312 auro
3493 1260 3549 1309 et

1972 1345 2205 1415 gemmis
2240 1352 2300 1399 ut
2321 1343 2533 1415 placeat
2552 1342 2891 1401 amatoribus
2906 1343 3041 1408 suis,
3069 1351 3125 1398 et
3148 1344 3409 1416 quidquid
3436 1346 3551 1417 pul-

1972 1434 2296 1496 chritudinis
2324 1434 2433 1490 non
2470 1434 2633 1490 habet
2665 1450 2760 1506 per
2793 1442 3076 1501 naturam,
3100 1444 3220 1492 arte
3254 1437 3545 1507 conquirit.

1974 1526 2239 1592 Visitabo,
2262 1526 2456 1597 inquit,
2479 1542 2640 1596 super
2666 1525 2780 1582 dies
2802 1525 3038 1592 Baalim,
3052 1525 3102 1581 id
3117 1536 3340 1600 est,,pro
3358 1527 3549 1589 diebus

1973 1620 2165 1691 quibus
2188 1620 2324 1685 Baal
2352 1620 2540 1685 coluit,
2571 1619 2834 1675 adducam
2866 1615 3034 1688 super
3052 1635 3174 1678 eam
3204 1620 3546 1679 amictionem

1974 1710 2360 1767 tribulationis.
2403 1710 2503 1765 Hie
2529 1711 2673 1766 enim
2703 1711 2756 1765 in
2799 1710 3001 1767 malum
3044 1711 3264 1783 ponitur
3286 1712 3547 1778 visitatio,

1974 1816 2071 1872 pro
2098 1802 2345 1875 angustia
2382 1801 2591 1857 scilicet
2632 1801 3017 1869 tribulationis,
3054 1800 3445 1861 interfectionis
3494 1811 3551 1861 et

296 1905 325 1942 a
352 1888 506 1944 vobis
530 1903 754 1961 regnum
784 1886 899 1942 Dei.
923 1906 942 1940 ι
969 1894 1061 1942 et:
1095 1902 1114 1936 ι
1133 1884 1488 1956 Relinquetur
1512 1885 1664 1941 vobis
1685 1885 1876 1940 domus
1907 1881 1949 1940 Β
1977 1893 2333 1964 captivitatis,
2360 1908 2480 1963 qua:
2524 1900 2746 1963 propter
2779 1892 3045 1951 idolorum
3078 1893 3344 1950 culturam
3385 1908 3548 1950 vene-

296 1988 482 2038 vestra
528 1979 757 2034 deserta.
799 1998 817 2031 ι
850 1997 868 2029 ι
907 1976 1315 2033 Solemnitatem
1362 1975 1500 2045 ejus,
1527 1976 1868 2035 neomeniam

295 2069 432 2140 ejus,
459 2067 742 2127 sabbatum
761 2066 897 2139 ejus,
932 2074 987 2121 et
1012 2065 1188 2121 omnis
1206 2063 1341 2121 festa
1373 2073 1674 2136 temporum
1694 2063 1860 2135 ejus,»

297 2159 633 2225 subauditur,
661 2172 877 2214 cessare
899 2156 1114 2213 faciam.
1138 2156 1271 2215 Cum
1295 2156 1426 2215 dicit
1450 2157 1863 2222 solemnitatem,

298 2265 458 2309 unam
489 2265 587 2320 pro
614 2249 869 2313 omnibus
898 2247 1068 2319 ponit.
1108 2247 1200 2303 Yel
1220 2255 1371 2304 certe
1408 2247 1465 2303 in
1503 2248 1607 2304 hoc
1647 2246 1865 2319 speciali

295 2341 513 2397 nomine
540 2340 654 2395 vult
687 2339 909 2412 intelligi
946 2338 1288 2397 festivitatem
1320 2339 1565 2408 Pascha,
1599 2355 1759 2412 quam
1790 2339 1864 2400 illi

295 2434 350 2489 in
389 2433 701 2488 memoriam
740 2448 850 2491 sua:
878 2431 1212 2489 liberationis
1252 2431 1549 2488 honorifice
1587 2433 1866 2488 celebrare

292 2533 706 2581 consueverant.
738 2523 1085 2580 Neomeniam
1135 2531 1315 2580 autem
1360 2523 1594 2601 appellat
1644 2525 1867 2587 innova-

295 2619 499 2673 tionem
522 2617 679 2683 lunze,
712 2617 980 2689 quomodo
1005 2616 1079 2671 illi
1105 2617 1157 2672 in
1184 2616 1336 2672 initio
1358 2616 1684 2689 singulorum
1715 2633 1866 2673 men—

292 2710 435 2762 sium
465 2708 772 2778 bujusmodi
817 2707 1162 2767 festivitatem
1209 2726 1331 2765 cum
1368 2710 1560 2781 gaudio
1597 2710 1858 2771 colebant.

290 2797 347 2851 lu
381 2797 627 2853 sabbatis
655 2813 866 2869 quoque
905 2799 1169 2859 vacabant
1198 2800 1313 2857 etio
1352 2808 1409 2855 et
1451 2800 1644 2872 epulis.
1686 2799 1861 2861 ﬂabe-

289 2890 423 2942 bant
447 2889 610 2945 etiam
640 2898 693 2946 et
722 2889 856 2945 alias
898 2887 1236 2956 festivitates,
1264 2891 1315 2946 id
1347 2899 1447 2954 est,
1486 2890 1858 2957 Pentecosten,

288 2976 685 3033 solemnitatem
709 2978 1222 3046 Tabernaculorum,
1247 2989 1302 3035 et
1322 2982 1709 3039 dedicationem
1730 2994 1866 3040 tem-

287 3070 387 3139 pli,
426 3070 637 3140 aliaque
681 3071 767 3125 bis
800 3071 1019 3139 similia,
1053 3087 1171 3144 quae
1215 3074 1395 3129 omnia
1434 3075 1612 3131 ablata
1640 3087 1766 3133 sunt
1797 3079 1864 3133 ab

285 3160 427 3225 illis,
477 3159 691 3229 quando
740 3161 792 3217 in
847 3162 1157 3232 captivitate
1201 3164 1390 3234 positi,
1432 3181 1533 3222 nec
1576 3167 1862 3236 praedictas

285 3252 610 3307 festivitates
639 3269 760 3307 cum
791 3253 987 3325 gaudio
1017 3256 1510 3315 secundumritum
1540 3273 1696 3312 suum
1725 3258 1862 3313 cele-
1889 3224 1933 3285 δ

282 3346 468 3408 Ιιωιοε,
500 3360 597 3399 nec
643 3346 756 3400 otio
786 3361 979 3402 vacare
1018 3347 1490 3418 permittebantur.
1518 3349 1648 3417 Quae
1679 3352 1861 3409 omnia

282 3436 355 3489 ab
384 3434 489 3491 illis
537 3437 711 3491 ablata
744 3454 885 3493 nunc
927 3439 1281 3510 spiritualiter
1307 3441 1650 3501 celebrantur
1680 3445 1733 3499 in
1762 3445 1858 3511 Ec-

281 3526 473 3581 clesia.
1830 3588 1855 3595 _-

363 3637 383 3669 ‹
424 3618 490 3673 Ει
538 3634 879 3692 corrumpam
923 3623 1135 3683 vineam
1184 3623 1319 3695 ejus,
1349 3634 1403 3682 et
1456 3626 1614 3683 ﬁcum
1667 3627 1801 3699 ejus,
1838 3650 1854 3681 ι

282 3712 551 3781 grandine
589 3713 793 3771 scilicet
828 3723 991 3788 atque
1030 3717 1282 3772 ariditate
1309 3726 1362 3773 et
1390 3719 1529 3788 gelu,
1563 3728 1624 3775 ut
1656 3721 1857 3779 nullam

286 3798 490 3854 habeat
538 3800 786 3857 arborem
829 3802 1181 3860 fructiferam.
1223 3804 1590 3877 Spiritualiter
1636 3824 1734 3879 per
1782 3811 1860 3866 vi-

285 3903 469 3953 neam,
500 3888 740 3951 laetitiam
780 3893 958 3951 cordis
994 3894 1263 3966 signiﬁcat
1293 3913 1307 3962 ;
1338 3913 1435 3969 per
1464 3897 1624 3955 ﬁcum
1655 3909 1855 3966 autem,

283 3976 627 4034 dulcedinem
654 3996 718 4035 ac
747 3984 1063 4039 suavitatem
1096 3986 1355 4046 debemus
1395 3988 1719 4061 intelligere,
1740 4007 1862 4065 qua:

285 4067 470 4120 ablata
498 4077 626 4122 sunt
649 4070 716 4124 ab
739 4071 837 4126 eis.
873 4073 1021 4135 Unde
1045 4084 1100 4135 et
1129 4076 1182 4135 in
1218 4092 1450 4135 mmrore
1475 4087 1530 4133 et
1572 4079 1626 4134 in
1664 4081 1861 4140 amari-

290 4156 480 4212 tudine
512 4168 821 4228 versantur,
852 4163 919 4218 de
948 4165 1140 4233 quibus
1179 4167 1314 4222 dixit
1345 4184 1360 4222 :
1399 4190 1416 4221 ι
1459 4170 1732 4235 Mercedes
1777 4175 1859 4229 hae

283 4265 423 4305 meae
451 4258 593 4316 sunt,
622 4266 758 4322 quas
777 4252 1039 4308 dederunt
1064 4256 1197 4320 mihi
1229 4266 1500 4319 amatores,
1523 4262 1648 4325 mei,
1674 4282 1693 4314 ι
1723 4263 1862 4319 Red-

281 4341 364 4395 dit
389 4354 611 4395 causam
658 4357 756 4398 cur
801 4346 1053 4415 superius
1085 4346 1368 4403 abstulerit
1401 4350 1481 4405 eis
1510 4351 1649 4407 bona
1690 4353 1853 4417 dicta.

281 4444 350 4485 eo
378 4429 527 4499 quod,
550 4431 706 4494 dixit,
743 4451 761 4483 ι
788 4432 1059 4496 Mercedes
1085 4434 1168 4496 liae
1194 4451 1325 4491 mea:
1353 4448 1497 4505 sunt,
1525 4460 1544 4492 ι
1565 4449 1668 4498 etc.
1695 4442 1859 4502 Puta-

283 4525 377 4575 bat
406 4523 546 4576 enim
580 4525 692 4586 hazc
720 4525 823 4581 sibi
854 4541 883 4581 a
914 4526 1249 4585 daemonibus
1292 4530 1406 4584 dari
1445 4548 1544 4602 pro
1584 4536 1850 4600 mercede,
1886 4567 1928 4624 ο

281 4612 408 4681 quia
439 4614 647 4672 colebat
680 4616 838 4671 idola.
872 4618 970 4673 (Et
1007 4633 1202 4691 ponam
1246 4636 1365 4675 eam
1411 4624 1463 4677 in
1505 4624 1699 4684 saltum
1736 4647 1757 4680 ι
1797 4637 1855 4681 ιιι

274 4702 394 4769 jam
424 4718 530 4757 non
562 4704 755 4765 habeat
784 4708 1005 4763 arbores
1040 4710 1352 4783 pomiferas,
1381 4714 1475 4773 sed
1514 4715 1568 4773 in
1608 4718 1855 4784 solitudi-

283 4807 407 4853 nem
449 4794 662 4862 penitus
699 4798 989 4867 redigatur.
1023 4798 1174 4874 Quod
1221 4818 1290 4863 ex
1332 4813 1483 4883 parte
1528 4808 1744 4878 quidem
1787 4812 1855 4871 ab

282 4886 521 4954 Assyriis
570 4895 625 4943 et
665 4887 929 4947 Chaldzeis
957 4932 971 4956 ,
1025 4892 1232 4962 plenius
1280 4904 1456 4953 tamen
1524 4903 1851 4973 completum

280 4985 496 5036 constat
536 4990 566 5032 a
612 4979 887 5046 Romanis,
920 4986 1010 5055 qui
1041 5001 1224 5047 eorum
1266 4998 1462 5048 terram
1509 4990 1850 5053 destruentes

284 5066 607 5136 redegerunt
657 5068 709 5123 in
756 5071 1143 5147 solitudinem,
1196 5076 1341 5147 ipsos
1396 5091 1609 5157 quoque
1661 5081 1849 5138 ultima

282 5159 593 5227 captivitate
621 5160 831 5221 exsules
862 5178 890 5221 a
915 5180 1011 5218 sua
1041 5171 1181 5223 terra
1219 5167 1584 5225 reddiderunt.
1613 5168 1748 5235 Hinc
1771 5183 1853 5229 est

282 5247 423 5315 quod
445 5250 706 5317 sequitur,
741 5269 759 5302 ι
795 5260 849 5305 et
881 5254 1126 5310 comedet
1154 5269 1272 5308 eam
1316 5256 1483 5321 bestia
1518 5259 1654 5330 agri,
1691 5279 1708 5311 ι
1749 5262 1853 5318 hec

280 5343 384 5403 est,
410 5335 773 5394 Romanorum
814 5344 1102 5404 exercitus.
1136 5345 1206 5399 De
1237 5347 1336 5400 hac
1368 5345 1536 5403 bestia
1567 5349 1851 5410 Psalmista

282 5427 410 5483 dicit
443 5446 455 5482 :
487 5429 874 5488 Extenuinavit
914 5449 1034 5491 eam
1080 5452 1208 5505 aper
1250 5439 1314 5492 de
1363 5440 1531 5509 sylva.
1568 5440 1660 5496 Vel
1706 5456 1851 5501 certe

283 5516 420 5572 hanc
467 5518 693 5577 bestiam
733 5539 1018 5593 possumus
1072 5527 1372 5599 intelligere
1413 5530 1720 5600 diabolum,
1758 5537 1848 5605 qui

280 5625 372 5668 eos
394 5616 656 5680 comedit,
701 5620 915 5687 quando
939 5622 1005 5677 ad
1036 5639 1184 5678 suam
1227 5626 1387 5682 traxit
1421 5612 1718 5697 cul‘turam,
1748 5650 1848 5705 pro

281 5718 383 5772 qua
413 5708 785 5764 exterminium
817 5722 1000 5781 postea
1041 5717 1181 5784 passi
1221 5727 1362 5773 sunt.
1402 5719 1531 5786 Quae
1558 5721 1621 5777 de
1647 5722 1846 5781 Judaeis

281 5793 417 5855 dicta
442 5806 824 5873 sunt,possunt
845 5813 895 5857 et
924 5806 987 5859 de
1005 5806 1261 5863 hzeriticis
1278 5810 1466 5882 accipi,
1498 5814 1586 5886 qui
1619 5815 1745 5873 dum
1778 5818 1846 5875 de

1970 1991 2097 2038 runt
2118 1998 2279 2055 super
2301 1982 2533 2041 Iudaeos.
2557 1982 2827 2041 Caeterum
2854 1983 2910 2039 in
2944 1984 3144 2043 bonum
3171 1982 3392 2055 ponitur
3419 1983 3546 2039 visi-

1971 2072 2131 2139 tatio,
2156 2080 2214 2131 ut
2238 2081 2322 2129 est
2348 2071 2510 2135 illud:
2533 2091 2551 2125 ι
2577 2070 2829 2133 Visitavit
2843 2087 2942 2128 nos
2960 2072 3377 2139 oriensexalto;
3403 2092 3421 2124 ι
3451 2083 3500 2128 et
3529 2087 3544 2125 :

1973 2162 2137 2219 Visita
2164 2178 2262 2219 nos
2291 2162 2344 2217 in
2376 2162 2595 2219 salutari
2641 2172 2749 2219 tuo.
2792 2182 2810 2215 ι
2847 2164 3090 2223 Visitabo
3122 2163 3341 2236 (inquit)
3383 2179 3545 2235 super

1966 2268 2106 2319 eam,
2142 2272 2161 2305 ι
2194 2254 2335 2312 haud
2356 2253 2577 2313 dubium
2607 2254 2736 2326 quin
2765 2253 3023 2319 Judaeam,
3058 2272 3083 2308 ι
3113 2255 3229 2310 dies
3255 2254 3481 2320 Baalim,
3522 2274 3539 2308 ι

1965 2346 2163 2417 quibus
2204 2345 2453 2405 videlicet
2493 2346 2684 2403 diebus
2732 2345 3064 2403 accendebat
3114 2346 3395 2409 incensum
3437 2364 3543 2409 non

1966 2439 2096 2504 Deo,
2121 2438 2215 2492 sed
2242 2437 2592 2494 daemonibus.
2629 2437 2767 2497 Baal
2783 2453 3008 2496 numero
3034 2436 3307 2510 singulari,
3337 2437 3540 2500 Baalint

1966 2541 2095 2587 vero
2130 2525 2350 2600 plurali,
2383 2525 2680 2583 masculino
2724 2542 2919 2600 genere
2968 2529 3155 2585 eadem
3195 2526 3333 2587 idola
3366 2530 3541 2585 nomi-

1963 2629 2184 2681 nantur.
2220 2618 2537 2690 Ubicunque
2566 2620 2709 2675 enim
2751 2621 2803 2679 in
2836 2621 2941 2679 fine
2978 2620 3228 2681 Hebraici
3277 2622 3543 2678 sermonis

1965 2708 2033 2765 im
2076 2709 2279 2781 syllaba
2320 2710 2613 2784 reperitur,
2650 2724 2905 2769 numerus
2935 2710 3158 2782 pluralis
3208 2724 3291 2769 est
3329 2716 3542 2785 generis

1965 2799 2268 2859 masculini.
2301 2798 2398 2856 Ubi
2427 2807 2603 2855 autem
2639 2801 2748 2867 οιΙι,
2778 2809 2837 2855 ιιι
2864 2802 3109 2868 sabaotlt,
3140 2819 3397 2859 numerus
3425 2804 3543 2874 plu-

1965 2893 2095 2949 ralis
2111 2903 2198 2947 eSt
2227 2892 2280 2946 in
2303 2906 2504 2962 genere
2527 2892 2806 2949 feminino.
2832 2890 2985 2949 Unde
3013 2894 3291 2950 cherubim
3316 2903 3371 2950 et
3393 2909 3544 2952 sera-

1963 2985 2109 3053 phim
2133 2983 2360 3054 pluralis
2379 2992 2464 3040 est
2483 2985 2716 3051 numeri,
2738 2985 2952 3057 generis
2974 2985 3291 3052 masculini;
3314 2986 3541 3042 sabaoth

1963 3083 2179 3139 autem,
2216 3075 2361 3144 quod
2403 3075 2790 3147 interpretatur
2838 3076 3176 3143 militiamm,
3212 3077 3299 3133 vel
3340 3080 3541 3133 emeret-

1965 3174 2135 3228 tuum,
2149 3164 2263 3218 sive
2284 3165 2554 3230 virtutum,
2575 3166 2763 3236 plurali
2788 3181 3014 3226 numero
3034 3181 3233 3239 genere
3254 3167 3537 3227 feminino.

1967 3251 2110 3324 Ergo
2135 3260 2190 3308 et
2217 3251 2423 3315 Baalim
2450 3255 2748 3310 masculino
2783 3269 2977 3326 genere
3005 3270 3232 3311 numero
3260 3263 3386 3313 sunt
3414 3255 3535 3325 plu-

1964 3341 2128 3409 ralia,
2170 3341 2300 3398 licet
2338 3342 2555 3412 quidam
2606 3343 2745 3404 male
2791 3342 2972 3416 legant
3011 3358 3211 3414 genere
3257 3343 3539 3400 feminino.

1963 3431 2270 3491 Ornabatur
2297 3443 2477 3489 autem
2500 3434 2650 3504 plebs
2673 3433 2895 3499 Judaiea
2920 3435 2973 3491 in
2991 3452 3123 3500 aure
3148 3451 3247 3493 sua
3276 3445 3331 3493 et
3356 3436 3542 3501 monili

1964 3539 2081 3587 suo,
2108 3531 2168 3580 ut
2190 3523 2428 3597 placeret
2454 3526 2786 3587 amatoribus
2811 3527 2944 3594 suis,
2982 3527 3034 3583 id
3064 3536 3145 3583 est
3166 3527 3539 3596 daemonibus;

1964 3631 2083 3685 quae
2127 3616 2195 3670 ad
2239 3617 2343 3677 hoc
2382 3631 2542 3674 aures
2594 3633 2790 3674 ornare
2837 3619 3128 3688 debuerat,
3160 3628 3220 3676 ut
3240 3620 3541 3697 spiritualia

1962 3715 2228 3775 praecepta
2257 3707 2353 3763 Dei
2384 3708 2548 3767 corde
2579 3710 2885 3784 conciperet
2921 3729 2936 3778 ;
2976 3722 3033 3768 et
3081 3712 3302 3781 collum,
3327 3721 3392 3769 ut
3417 3713 3541 3770 aliis

1963 3798 2075 3867 ipsa
2102 3800 2437 3870 praedicaret.
2462 3799 2587 3862 llaec
2607 3816 2736 3858 vero
2763 3803 2883 3858 ideo
2905 3804 3091 3875 gessit,
3113 3806 3238 3875 quia
3266 3806 3540 3876 sequendo

1962 3888 2232 3944 daemones
2262 3888 2357 3951 Dei
2388 3891 2553 3946 oblita
2583 3900 2685 3957 est,
2719 3894 2810 3961 qui
2846 3893 2963 3961 ejus
2992 3894 3072 3949 vir
3105 3910 3226 3951 esse
3258 3896 3541 3958 debuerat.

1963 3977 2069 4033 Sed
2090 3979 2328 4041 haeretici
2369 3981 2724 4041 immolabant
2765 3984 2970 4039 Baalim
2998 3985 3300 4052 incensum,
3324 3986 3541 4061 quando

1961 4086 2214 4147 perversa
2236 4074 2510 4144 dogmata,
2531 4090 2651 4147 quae
2675 4076 2775 4146 ipsi
2805 4076 2907 4131 sibi
2931 4086 3184 4151 tanquam
3207 4078 3347 4138 idola
3370 4077 3541 4139 ﬁnxe-

1963 4170 2108 4226 runt,
2147 4172 2468 4232 sequuntur.
2502 4164 2710 4220 Ornant
2735 4182 2952 4237 quoque
2975 4182 3135 4225 aures
3167 4182 3316 4235 suas,
3343 4168 3542 4239 quibus

1962 4255 2125 4310 verba
2173 4255 2497 4321 audiuntur;
2564 4266 2617 4312 et
2656 4257 2853 4317 collum
2888 4299 2911 4327 ,η
2940 4273 3063 4337 quo.
3083 4257 3450 4330 proferuntur,
3482 4268 3544 4316 ut

1960 4344 2158 4415 eloquii
2187 4355 2467 4401 venustate
2503 4347 2608 4404 illis
2647 4364 2782 4418 quos
2815 4336 3075 4423 ceperint,
3105 4350 3373 4421 placeant.
3403 4348 3541 4413 Nam

1958 4447 2015 4494 et
2038 4453 2136 4510 per
2165 4439 2386 4494 monilia
2414 4440 2787 4511 intelliguntur,
2826 4442 2993 4496 verba
3018 4441 3217 4507 divina,
3245 4441 3312 4497 de
3343 4441 3548 4511 quibus.

1958 4531 2208 4595 Ecclesiae
2238 4532 2436 4589 dicitur
2467 4550 2479 4586 :
2511 4531 2719 4592 Collum
2763 4540 2912 4587 tuum
2956 4533 3093 4588 sicut
3134 4531 3389 4601 monilia,
3417 4546 3538 4604 qua:

1961 4636 2068 4683 non
2096 4621 2362 4687 facerent,
2391 4623 2503 4679 nisi,
2533 4623 2628 4678 Dei
2656 4623 3127 4711 obliviscerentur.

2033 4754 2051 4787 ι
2084 4735 2313 4806 Propter
2343 4737 2468 4803 hoc,
2501 4750 2629 4793 ecce
2650 4753 2749 4808 ego
2775 4737 2988 4798 iactabo
3014 4752 3169 4806 eam,
3189 4746 3253 4796 et-
3268 4738 3537 4797 adducam

1956 4838 2075 4879 eam
2103 4826 2156 4880 in
2185 4826 2548 4889 solitudinem.
2588 4847 2615 4885 ι,
2648 4828 2784 4901 Quia
2829 4829 3089 4892 Dominus
3119 4831 3430 4893 misericors
3451 4842 3537 4889 est

1956 4923 2012 4975 et
2074 4916 2381 4975 miserator.
2450 4918 2604 4974 Licet
2654 4921 2902 4991 superius
2960 4923 3319 4981 comminatus
3367 4921 3535 4980 fuerit

1958 5003 2118 5069 mala,
2163 5014 2340 5069 tamen
2379 5022 2447 5062 ne
2474 5008 2723 5085 desperet
2762 5010 2948 5066 eadem
2990 5010 3158 5085 plebs,
3187 5010 3457 5082 promittit
3481 5012 3534 5065 ei

1954 5094 2201 5160 salutem,
2231 5097 2415 5154 dicens
2444 5116 2457 5154 :
2497 5117 2514 5152 ι
2552 5099 2779 5169 Propter
2801 5102 2924 5168 hoc,
2947 5123 2964 5155 ι
2991 5103 3196 5159 scilicet
3218 5104 3345 5173 quia
3371 5104 3532 5158 mise-

1953 5187 2124 5242 ricors
2162 5204 2307 5255 sum,L
2338 5212 2354 5240 ι
2386 5190 2596 5255 iactabo
2626 5207 2767 5258 eam,
2809 5212 2826 5246 ι
2866 5195 2916 5251 id
2954 5204 3038 5250 est
3074 5196 3320 5250 blandiar
3344 5194 3443 5261 illi,
3474 5206 3534 5257 ut

1955 5279 2021 5335 ad
2069 5294 2153 5335 me
2198 5289 2517 5336 revertatur.
2563 5282 2715 5347 Unde
2738 5294 2821 5340 est
2850 5301 2863 5338 :
2893 5304 2910 5337 ι
2942 5285 3324 5341 Ptenitentiam
3365 5285 3528 5357 agite.

1956 5372 2406 5451 appropinquabit
2431 5376 2577 5437 enim
2617 5391 2841 5449 regnum
2863 5378 3155 5444 caelorum;
3187 5397 3217 5437 ι.
3240 5386 3295 5441 et
3321 5397 3336 5433 :
3371 5397 3399 5437 ι.
3420 5377 3527 5439 Ye—

1954 5465 2064 5525 nite
2093 5465 2159 5525 ad
2189 5480 2273 5521 me
2301 5481 2490 5526 omnes
2519 5471 2611 5539 qui
2652 5470 2931 5537 laboratis,
2966 5493 2985 5525 ι
3019 5482 3135 5537 etc,
3157 5494 3176 5525 ι
3216 5472 3285 5530 Et
3331 5473 3526 5535 ducam

1948 5569 2073 5611 eum
2100 5554 2153 5608 in
2183 5555 2547 5625 solitudinem,
2578 5580 2596 5612 ι
2628 5561 2679 5614 id
2715 5570 2797 5617 est
2824 5561 3066 5619 liberabo
3086 5576 3206 5618 eam
3236 5564 3433 5629 iterum
3460 5563 3527 5619 de

1950 5645 2280 5714 captivitate,
2308 5648 2448 5704 sicut
2474 5650 2624 5720 prius
2645 5653 2938 5707 eduxeram
2962 5668 3081 5711 eam
3107 5655 3173 5715 de
3205 5653 3526 5727 Egyptiaca

1950 5734 2256 5802 servitute;
2304 5745 2359 5791 et
2407 5739 2551 5794 sicut
2601 5750 2730 5805 tunc
2776 5756 2875 5812 per
2922 5742 3267 5800 solitudinem
3323 5745 3525 5801 deserti

1947 5823 2106 5881 eduxi
2136 5824 2272 5891 illos,
2297 5838 2584 5902 protegens
2609 5839 2669 5891 et
2692 5832 2928 5895 liberans
2949 5836 3042 5890 eos
3070 5836 3138 5891 ab
3165 5835 3314 5895 omni
3341 5835 3520 5902 hoste,
