4022 6456
433 429 503 485 95
899 433 1254 491 HAYMONIS
1294 434 1769 493 HALBERSTAT.
1813 436 2023 491 EPISC.
2063 436 2191 491 OI’P
2252 442 2448 498 PARS.
2483 444 2522 499 l.
2549 477 2617 485 —
2646 446 2996 503 COMMENT.
3040 450 3209 505 BIBL.
3600 452 3673 507 94

431 550 518 644 εἰεί
546 548 740 617 I'aciam
769 566 891 606 cum
919 568 1013 607 eos
1041 554 1108 608 de
1146 561 1289 609 terra
1337 558 1665 627 captivitatis
1709 574 1897 613 eorum
1939 550 2004 611 ad
2035 560 2080 616 A
2108 557 2289 613 Achor
2346 558 2413 614 ad
2476 562 2820 647 aperiendam
2852 580 3024 647 spem,
3064 584 3084 618 ι
3139 566 3455 623 subauditur
3506 568 3666 623 dabo.

433 628 713 711 proprium
740 643 1004 698 reduxere
1028 643 1331 702 nativitatis
1364 647 1556 704 solum.
1587 669 1605 702 ι
1627 649 1694 705 Et
1722 650 1914 721 loquar
1932 652 1999 719 ad

435 744 535 788 cor
558 724 698 803 ejus,
735 754 754 786 ι
789 733 968 788 mollia
1013 735 1220 790 scilicet
1255 738 1420 793 verba
1446 747 1501 793 et
1530 741 1888 811 consolatoria
1928 742 2001 797 illi

433 824 734 893 proferam,
782 832 841 877 ut
877 824 1147 879 tristitiam
1191 824 1305 893 ejus
1354 830 1547 901 gaudio
1591 832 1845 905 relevem.
1892 831 2003 889 Hor.

432 917 577 972 enim
621 917 887 986 signiﬁcat
919 916 1066 989 loqui
1094 919 1160 973 ad
1189 934 1300 975 cor.
1334 920 1486 977 Unde
1513 930 1595 977 est
1622 942 1633 976 :
1660 922 1892 995 Locutus
1921 933 2004 979 est

435 1010 649 1069 Sichem
692 1012 757 1083 ad
785 1027 881 1083 cor
902 1012 1080 1077 Dium;
1108 1022 1162 1069 et
1190 1008 1408 1084 Ioseph,
1444 1024 1726 1089 postquam
1757 1031 1788 1070 a
1816 1015 2002 1085 fratri:

432 1100 534 1155 bus
557 1101 981 1183 recognoscitur,
1006 1103 1148 1172 loqui
1176 1105 1243 1158 ad
1274 1119 1369 1159 cor
1395 1120 1581 1160 eorum
1606 1092 1823 1171 dicitur.
1851 1106 2002 1183 Tunc

431 1187 535 1244 hoc
564 1174 840 1265 impletum
870 1199 972 1256 est,
1000 1193 1214 1265 quando
1251 1193 1420 1269 Filius
1461 1195 1592 1265 Dei,
1638 1196 1730 1265 qui
1782 1196 1871 1267 hic
1906 1174 2004 1267 per

430 1281 749 1349 prophetam
775 1280 1029 1351 loquitur,
1061 1284 1114 1358 in
1141 1300 1303 1357 carne
1345 1300 1608 1362 apparens
1638 1285 1766 1362 dicit
1789 1298 2004 1358 aposto-

430 1369 529 1433 lis,
556 1371 719 1427 immo
742 1372 993 1448 omnibus
1020 1374 1296 1454 discipulis
1320 1377 1431 1432 suis
1458 1389 1525 1432 ex
1551 1391 1613 1432 ea
1644 1385 1803 1448 gente
1847 1378 1899 1432 in
1943 1392 2002 1434 se

430 1462 780 1519 credentibus
809 1480 822 1518 :
853 1461 971 1531 Iam
1001 1481 1107 1533 non
1130 1467 1303 1522 dicam
1327 1482 1425 1541 vos~
1444 1483 1649 1539 servos,
1680 1470 1773 1523 sed
1800 1469 2003 1526 amicos

430 1569 609 1622 meos;
641 1570 776 1625 quos
795 1557 957 1633 etiam
981 1556 1120 1633 ﬁlios
1146 1566 1326 1637 vocat,
1350 1560 1532 1635 dicens
1562 1579 1575 1615 :
1606 1558 1802 1637 Filioli,
1827 1561 2000 1631 adhuc

430 1646 705 1703 vobiscum
736 1664 877 1726 sum2
1737 1643 1787 1672 ’⁵

504 1757 524 1792 ι
548 1730 777 1814 Etdabo
792 1742 840 1815 ei
857 1742 1118 1803 vinitores
1139 1758 1205 1802 ex
1226 1744 1414 1815 eodem
1441 1744 1578 1801 loco.
1603 1765 1621 1800 ι
1644 1743 1771 1817 Quae
1797 1747 1863 1812 sit
1884 1749 1996 1810 hzec

427 1830 584 1902 vinea
604 1874 619 1900 ,
648 1832 811 1889 lsaias
839 1835 1103 1912 ostendit,
1129 1836 1219 1905 qui
1258 1836 1424 1907 dicit:
1455 1836 1621 1893 Vinea
1664 1828 1873 1893 Domini
1904 1855 1993 1894 sa-

432 1920 616 1986 baoth,
652 1923 845 1999 domus
873 1905 1151 2002 lsraelest.
1181 1926 1250 2007 Et
1273 1905 1477 2005 David:
1501 1927 1726 1997 Vineam
1748 1928 1814 1984 de
1831 1928 1996 2007 ASgy-
2031 1905 2073 1963 Β

426 2022 519 2081 pio
565 1998 909 2092 transtuliSti.
940 1998 1094 2087 Vlluie
1133 1998 1393 2077 vinitores
1426 2000 1536 2076 dati
1579 2030 1733 2089 sunt,
1766 1998 1999 2095 primum

426 2104 724 2174 egredienti
772 2107 838 2167 de
878 2107 1117 2187 {Egypto
1148 2109 1358 2184 Moyses
1402 2119 1458 2167 et
1502 2112 1703 2187 Aaron,
1735 2123 1792 2170 et
1818 2116 2000 2175 cmteri

427 2194 518 2263 qui
553 2201 678 2250 tunc
705 2178 964 2283 temporis
990 2178 1155 2253 verbo
1183 2178 1511 2273 et—‘exemplo
1535 2178 1666 2259 boni
1687 2214 2005 2277 operatores

424 2284 668 2340 eamdem
692 2286 1043 2359 excoluerant
1078 2288 1316 2363 vineam,
1348 2291 1545 2353 deinde
1577 2295 1904 2364 regredienti
1935 2297 2000 2352 de

426 2376 738 2447 captivitate
763 2379 1053 2435 Chaldaica
1078 2381 1393 2450 Zorobabel,
1434 2381 1593 2441 Jesus
1613 2395 1667 2440 et
1690 2386 2003 2471 Nehemias,

427 2474 590 2535 atqne
623 2465 854 2544 Esdras,
888 2472 1181 2548 ceterique
1216 2474 1492 2543 prophetae
1515 2515 1531 2540 ,
1574 2474 1668 2547 qui
1709 2476 1837 2531 boni
1883 2465 1999 2549 ejus

427 2557 661 2615 cultores
690 2560 966 2629 exstitere.
997 2560 1120 2640 Post
1145 2578 1361 2650 quoque
1387 2565 1440 2644 in
1478 2580 1576 2619 suo
1604 2566 1835 2639 adventu
1857 2568 1999 2638 opti-

430 2661 546 2703 mos
567 2647 644 2721 illi
671 2649 819 2723 dedit
838 2652 1117 2728 vinitores,
1132 2647 1402 2729 apostolos
1420 2656 1684 2730 videlicet,
1700 2659 1792 2728 qui
1812 2675 2007 2733 omnes,

425 2751 491 2793 cx
517 2739 707 2795 eodem
738 2740 855 2817 loco
876 2740 1114 2819 luerunt,
1138 2745 1242 2825 hoc
1272 2755 1355 2823 est
1381 2761 1447 2817 ei;
1492 2753 1679 2804 eadem
1705 2749 1999 2823 lsraelitica

425 2830 601 2898 plebe.
643 2851 661 2883 ι
698 2832 768 2908 Et
811 2832 1006 2909 vallem
1050 2834 1235 2913 Acbor
1270 2837 1337 2893 ad
1381 2825 1731 2917 aperiendae]:
1770 2856 1940 2911 spem.
1973 2861 1995 2904 ι

426 2922 526 2995 llic
549 2938 770 2991 necesse
798 2935 881 2981 est
907 2934 966 2980 ut
994 2928 1193 2984 veteris
1224 2930 1573 2999 recordemur
1607 2931 1867 2989 historiae.
1895 2932 1992 3006 Le-

426 3013 602 3081 gimus
642 3015 839 3094 quippe
885 3016 937 3071 in
980 3016 1118 3073 libro
1169 3018 1294 3097 Iesu
1345 3019 1515 3101 Nave,
1562 3021 1702 3091 quod
1738 3038 1857 3093 cum
1902 3023 2003 3098 ﬁlii;

424 3106 589 3161 Israel
617 3108 884 3178 cepissent
908 3107 1147 3186 llierico,
1174 3111 1648 3189 anatitematiattv'it
1667 3131 1784 3172 eam
1809 3114 1994 3184 Josue,

425 3198 713 3273 omniaque
739 3216 859 3277 quae
896 3212 1054 3277 erant
1097 3205 1149 3259 in
1197 3219 1259 3261 ea
1283 3248 1301 3280 ,
1341 3208 1589 3277 quodque
1632 3206 1812 3277 Achar
1855 3210 2001 3279 [mus
2046 3262 2065 3281 Ἰ
2102 3206 2282 3251 autem
2313 3198 2771 3286 repromissionis,
2797 3198 3071 3265 caelestem
3112 3198 3373 3266 signiﬁcat
3410 3198 3664 3273 patriam,

428 3276 645 3346 Charmi
669 3332 684 3362 ,
722 3276 911 3362 videns
941 3295 1186 3362 quaedam
1229 3296 1371 3352 inter
1399 3299 1568 3362 spolia
1610 3282 1845 3358 civitatis
1875 3319 1997 3362 qua;
2023 3268 2066 3321 (³
2102 3291 2170 3345 ad
2194 3306 2355 3360 quam
2380 3298 2500 3361 post
2529 3290 2852 3362 baptismum
2876 3298 2929 3343 et
2952 3288 3185 3362 laborem
3212 3284 3368 3361 hujus
3393 3287 3516 3342 vita:
3550 3303 3668 3358 per-

428 3276 684 3368 Charmi,
722 3276 911 3369 videns
941 3276 1186 3367 quaedam
1229 3276 1371 3367 inter
1399 3276 1568 3368 spolia
1610 3276 1845 3358 civitatis
1875 3276 1997 3373 quae

427 3381 529 3435 sibi
577 3380 777 3455 placita
820 3380 1001 3448 fuere,
1049 3385 1231 3440 tulerit
1265 3386 1331 3441 de
1367 3388 1726 3445 anathemate.
1758 3391 1997 3462 Cumque

426 3486 534 3523 non
565 3478 787 3547 possent
814 3472 908 3540 ﬁlii
944 3473 1104 3529 Israel
1131 3476 1374 3533 hostibus
1399 3480 1674 3546 resistere,
1700 3485 1996 3541 consuluis-

426 3569 652 3652 sentque
708 3563 991 3639 Domitium
1042 3581 1203 3654 super
1247 3567 1387 3650 hoc,
1431 3578 1486 3626 et
1516 3571 1605 3647 illo
1644 3575 1999 3645 respondente

426 3652 568 3738 quod
595 3653 760 3732 dediti
792 3666 973 3729 essent
998 3657 1059 3727 in,
1082 3652 1182 3727 hoc
1218 3660 1359 3728 quod
1403 3660 1603 3739 fecerat
1636 3664 1834 3736 Achar,
1870 3667 1996 3733 fecit

370 3756 375 3763 ί
428 3759 550 3797 cum
575 3742 737 3821 Iosue
760 3743 982 3815 lapidari
1010 3747 1078 3804 ab
1104 3749 1354 3825 omnibus
1374 3748 1498 3823 ﬁliis
1524 3752 1707 3821 Israel,
1742 3756 1996 3833 locusque

426 3835 713 3914 occisionis
759 3838 876 3917 ejus
927 3849 1149 3896 vocatus
1187 3850 1273 3898 est
1315 3843 1472 3913 vallis
1516 3845 1729 3923 Achor,
1773 3849 1874 3923 hoc
1912 3860 1995 3905 est

427 3926 583 3982 vallis
626 3927 1081 4004 conturbationis,
1111 3947 1187 3990 eo.
1223 3933 1365 4008 quod
1401 3934 1598 3990 dixerit
1618 3935 1781 3997 Iosue
1810 3955 1823 3991 :
1858 3938 1999 4013 Quia

426 4018 756 4092 «υοιιῑιιγιιξξειί
788 4036 927 4095 nos,
966 4022 1220 4097 exturbat
1246 4034 1298 4080 te
1333 4025 1591 4089 Dominus
1635 4027 1688 4083 in
1732 4029 1819 4091 die
1869 4032 1994 4088 hac.

426 4105 553 4179 Post
573 4109 726 4184 cujus
753 4109 1182 4187 interfectionem
1212 4124 1396 4184 aperta
1416 4125 1500 4171 est
1528 4105 1651 4189 ﬁliis
1682 4119 1842 4194 Israel
1872 4138 2003 4193 spes

422 4196 663 4287 victoria:
711 4198 940 4265 I‘uturaz,
994 4212 1381 4286 pergentesque
1425 4216 1685 4277 ceperunt
1738 4211 2003 4287 oppidum~

425 4278 545 4351 Ifai,
574 4286 876 4367 interfectis
899 4278 1470 4367 habitatoribus-ejus;
1503 4305 1558 4351 et
1582 4278 1990 4370 maeror—eorum

422 4378 477 4430 in
505 4378 756 4453 gaudium
781 4393 968 4451 versus
992 4389 1096 4447 est,
1130 4382 1310 4455 ibique
1334 4370 1861 4463 spemlsumpserunt
1901 4393 2003 4457 ubi

422 4470 603 4542 fuerat
636 4468 959 4559 desperatio.
994 4469 1099 4547 §ed
1132 4472 1257 4561 quia
1287 4473 1409 4546 hoc,
1442 4484 1502 4542 ut
1539 4472 1741 4561 dictum
1782 4488 1884 4545 est,
1916 4479 1996 4553 fa.-

384 4572 389 4575 ‘
421 4568 566 4621 etum
593 4547 808 4615 constat
836 4559 1017 4635 fuisse,
1048 4550 1327 4636 videamus
1354 4567 1482 4642 quid
1504 4568 1605 4637 sibi
1638 4547 1806 4637 velint
1832 4547 1989 4629 verba

418 4652 757 4727 prophetica,
789 4654 879 4722 qui
908 4656 1021 4710 lucc
1049 4657 1116 4712 de
1159 4655 1340 4727 futuro
1382 4647 1725 4735 vaticinatur,
1761 4664 1946 4739 dicens
1974 4681 1988 4719 :

426 4761 445 4793 ε
486 4743 551 4797 Et
570 4736 762 4799 vallem
788 4746 973 4802 Achor
993 4749 1059 4803 ad
1088 4749 1431 4825 aperiendam
1459 4767 1628 4822 spem.
1653 4773 1673 4806 ι
1701 4736 1999 4825 Sciendum,

421 4849 570 4905 ergo,
600 4836 725 4904 quia
748 4837 888 4891 sicut
912 4846 1039 4894 tunc
1062 4823 1345 4911 postquam
1362 4838 1674 4917 interiectus
1695 4823 2003 4923 estAchar,

418 4925 588 5001 Judaei
635 4940 976 4998 sumpserunt
1020 4946 1169 5001 spem
1225 4932 1471 4989 vincendi
1516 4935 1733 4997 hostes,
1780 4952 1881 4992 nec
1928 4954 1989 4992 ea

417 5020 665 5093 frustrati
718 5029 870 5088 sunt;
928 5023 1006 5077 sic
1045 5016 1297 5079 nimirum
1347 5036 1629 5096 postquam
1661 5027 1992 5101 Hierusalem

417 5100 695 5169 destructa
722 5123 805 5169 est
848 5131 877 5169 a
917 5114 1207 5183 Romanis,
1236 5118 1599 5190 templumque
1646 5135 1985 5188 succensum,

416 5215 472 5263 ct
520 5206 621 5276 ipsi
661 5204 829 5262 Iudaei
874 5207 1181 5280 interempti
1215 5220 1271 5265 et
1300 5202 1359 5265 in.
1385 5202 1554 5284 totum
1578 5213 1835 5290 mundum
1864 5225 1990 5269 sunt

416 5298 710 5368 captivati;
759 5299 1015 5370 apostolis
1058 5303 1376 5373 czeterisque
1419 5304 1760 5380 credenti-bus
1806 5313 1989 5374 aperta

416 5385 501 5461 est
531 5403 656 5458 spes
683 5390 939 5457 victorize,
970 5392 1095 5461 quia
1126 5401 1295 5448 totum
1329 5396 1586 5449 mundum
1618 5394 1749 5449 ﬁdei.
1787 5393 1986 5449 Christi

417 5479 859 5549 subjugaverunt,
897 5483 1144 5552 quodque
1190 5484 1241 5538 in
1289 5484 1478 5539 umbra
1516 5493 1902 5555 praecesserat,
1936 5473 1999 5539 id.

417 5575 502 5637 est
528 5567 657 5623 illud
685 5570 938 5640 templum
967 5582 1023 5626 et
1059 5574 1296 5627 omnium
1328 5575 1769 5629 ceremoniarum
1800 5559 1987 5649 ODSQP

417 5660 663 5715 rationes
685 5662 737 5716 in
763 5663 1092 5734 spiritualem
1118 5665 1834 5737 verteruntintelligentiam,
1854 5666 1997 5741 sicut.

420 5768 561 5825 pune
615 5754 791 5824 agitur
839 5757 891 5810 in
947 5756 1184 5811 Ecclesia
1236 5773 1264 5810 a
1311 5757 1575 5811 ﬁdelibus.
1619 5758 1684 5812 Et
1730 5758 1843 5812 hare
1892 5758 1989 5811 fuit

421 5856 603 5919 eorum
633 5864 752 5941 spes
776 5849 1035 5917 victoriw,
1067 5849 1131 5904 de
1161 5866 1263 5920 qua
1298 5850 1382 5904 hic
1415 5850 1609 5905 dicitur
1637 5867 1647 5903 :
1674 5867 1690 5902 ε
1713 5851 1773 5905 Et
1802 5850 1985 5905 vallem

2181 668 2201 700 ι
2236 647 2301 722 Et
2327 659 2487 719 canet
2516 640 2600 729 ibi
2635 651 2792 727 juxta
2823 640 2938 726 dies
2959 654 3256 724 juventutis
3281 672 3410 723 suae,
3440 665 3495 713 et
3513 656 3672 726 juxta

2105 741 2220 796 dies
2244 741 2574 826 ascensionis
2612 761 2723 802 suae
2752 747 2817 802 de
2840 756 2981 818 terra
3012 748 3247 828 Egypti.
3276 771 3295 802 ι
3320 752 3496 808 Etiam
3526 768 3673 823 nunc

2106 834 2344 906 historia:
2370 836 2772 899 similitudinem
2803 850 3105 896 conservat.
3134 841 3191 911 in
3224 842 3413 897 Exodo
3451 843 3671 915 legitur,

2105 926 2248 994 quod
2281 928 2562 1002 submerso
2608 928 2889 986 Pharaone
2913 939 2968 986 et
2985 932 3226 1001 equitatu
3257 933 3399 990 illius
3436 935 3491 989 in
3531 938 3671 991 mari

2106 1016 2307 1085 Rubro,
2341 1019 2435 1075 ﬁlii
2461 1020 2622 1076 Israel
2664 1024 2974 1078 cecinerunt
2998 1023 3226 1080 Domino
3251 1026 3555 1094 canticum,
3594 1029 3677 1083 di—

2103 1118 2331 1163 centes:
2365 1129 2383 1161 ‹
2415 1108 2707 1167 Cantemus
2746 1110 3001 1177 Domino,
3043 1132 3062 1165 ι
3113 1124 3216 1189 etc.
3260 1114 3412 1189 Quod
3454 1121 3672 1185 tempus

2099 1195 2398 1266 juventutis
2429 1200 2571 1255 illius
2601 1200 2901 1282 appellatur
2924 1203 3060 1268 dies,
3086 1219 3152 1260 eo
3189 1204 3328 1274 quod
3361 1213 3484 1261 tunc
3529 1206 3670 1261 idem

2103 1289 2330 1363 populus
2351 1291 2404 1345 in
2436 1291 2540 1363 ﬁde
2562 1302 2618 1348 et
2647 1294 2904 1363 religione
2933 1305 3203 1361 cresceret
3230 1298 3345 1367 Dei,
3379 1314 3504 1353 nam
3537 1308 3666 1355 ante

2105 1376 2243 1433 idola
2285 1379 2554 1446 colebant,
2601 1382 2653 1436 id
2708 1392 2791 1437 est
2835 1383 3032 1439 vitulos
3078 1382 3478 1456 Egyptiorum.
3521 1386 3674 1443 Unde

2103 1477 2289 1539 postea
2319 1472 2542 1541 vitulum
2572 1457 2821 1545 fabricati
2864 1485 3005 1545 sunt,
3054 1476 3332 1541 dicentes:
3361 1496 3380 1541 ς
3411 1478 3503 1535 Isti
3546 1489 3674 1547 sunt

2102 1557 2177 1617 dii
2206 1556 2307 1624 tui,
2329 1558 2519 1639 Israel,
2548 1581 2566 1613 ι
2599 1570 2705 1629 etc,
2826 1579 3061 1639 congrue
3087 1566 3283 1628 dicitur
3304 1585 3316 1620 :
3338 1587 3356 1619 ‹
3376 1566 3535 1625 quta
3557 1569 3674 1624 dies

2100 1650 2431 1707 ascensionis
2478 1667 2589 1709 suae
2630 1654 2696 1710 de
2734 1663 2878 1710 terra
2908 1655 3161 1728 Egypti,
3201 1676 3220 1709 ι
3251 1657 3374 1726 quia
3412 1657 3674 1730 Egyptus

2098 1742 2153 1797 in
2202 1744 2448 1813 planitie,
2502 1754 2646 1801 terra
2691 1754 2869 1801 autem
2917 1748 3352 1817 repromissionis
3399 1759 3483 1806 est
3522 1767 3675 1807 mon-

2100 1842 2272 1889 tuosa.
2323 1834 2556 1905 Ideoque
2595 1835 2662 1890 de
2708 1834 2943 1907 Egypto
2978 1837 3033 1891 in
3069 1836 3306 1893 Iudaeam
3353 1849 3668 1909 pergentes.

2102 1923 2393 1999 ascendere
2411 1922 2687 1989 dicuntur,
2713 1924 2853 1979 sicut
2874 1932 2929 1979 et
2955 1923 3269 1994 frequenter
3289 1927 3368 1982 eis
3394 1943 3425 1981 a
3450 1928 3674 1985 Domino

2103 2013 2333 2090 dicitur:
2363 2013 2475 2091 Ego
2512 2028 2607 2081 vos
2650 2015 2941 2069 ascendere
2978 2013 3079 2069 feci
3123 2014 3190 2070 de
3238 2024 3381 2070 terra
3426 2014 3667 2089 Egypti.

2103 2086 2220 2170 Sed
2230 2103 2341 2174 jam
2366 2086 2681 2176 mysterium
2710 2105 3007 2171 videamus.
3038 2104 3324 2183 Egyptus,
3366 2123 3484 2178 quae
3506 2086 3673 2162 inter-

2100 2204 2347 2267 pretatur
2374 2196 2596 2270 tenebris
2622 2196 2705 2250 vel
2746 2212 2965 2265 maror,
2994 2195 3363 2264 inﬁdelitatem
3410 2198 3671 2270 signiﬁcat

2100 2282 2441 2351 Iudaeorum,
2471 2299 2622 2340 mare
2656 2283 2898 2359 Rubrum
2930 2284 3282 2355 baptismum.
3315 2288 3455 2357 quod
3495 2288 3672 2342 Domi-

2102 2376 2237 2451 nica:
2266 2376 2534 2448 passionis
2560 2374 2663 2449 ﬁde
2684 2384 3031 2444 consecratur
3056 2394 3071 2443 ;
3096 2375 3308 2446 Pharao
3328 2386 3384 2433 et
3404 2379 3675 2433 exercitus

2100 2466 2215 2537 ejus
2253 2467 2562 2537 submersus
2597 2465 2651 2535 in
2682 2467 2821 2537 mari
2852 2466 3067 2541 Rubro,
3101 2469 3371 2525 diabolum
3408 2470 3586 2546 signat
3620 2480 3674 2525 et

2100 2557 2379 2630 originalia
2416 2566 2805 2634 peccata,qu:e
2830 2557 2883 2634 in
2909 2559 3183 2630 baptismo,
3223 2558 3669 2629 submerguntur:

2101 2650 2375 2703 desertum
2413 2646 2571 2725 illud,
2595 2662 2692 2718 per
2718 2647 2860 2719 quod
2889 2657 3010 2732 post
3032 2664 3183 2709 mare
3209 2648 3450 2704 Rubrum
3499 2660 3673 2706 trans-

2101 2749 2291 2804 euntes
2333 2739 2472 2809 pasti
2514 2753 2639 2813 sunt
2679 2755 2876 2813 manna
2919 2749 2973 2796 et
3014 2755 3151 2812 aqua
3184 2740 3249 2809 de
3277 2751 3466 2814 petra,
3500 2750 3555 2809 et
3594 2744 3674 2797 sic

2101 2829 2316 2902 demum
2348 2823 2425 2901 "ad
2479 2838 2682 2885 terram
2726 2829 3156 2901 repromissionis
3187 2841 3567 2901 pervenerunt,
3593 2842 3675 2903 ty-

2102 2936 2227 2991 pum
2253 2904 2533 2991 pratsentis
2560 2920 2685 2976 vitae
2721 2921 2910 2992 gessit,
2945 2921 2998 2977 in
3023 2938 3127 2993 qua
3151 2921 3336 2979 ﬁdeles
3370 2924 3670 2994 percipiunt

2104 3003 2301 3093 manna
2335 3021 2390 3083 et
2409 3028 2603 3085 aquam
2632 3011 2699 3067 de
2719 3020 2895 3093 petra,
2936 3012 2991 3067 id
3029 3022 3112 3069 est
3157 3000 3429 3083 corpuset
3454 3015 3669 3088 sangui-

2101 3122 2225 3179 nem
2264 3106 2494 3183 Christi,
2540 3106 2624 3162 vel
2672 3106 2972 3181 doctrinam
3022 3106 3184 3179 divini
3226 3106 3443 3176 eloquii.
3500 3106 3666 3161 Terra

2102 3206 2282 3251 autem
2313 3196 2771 3273 repromissionis,
2797 3197 3071 3265 caelestem
3112 3195 3373 3266 signiﬁcat
3410 3196 3664 3273 patriam,

2100 3383 2334 3436 venitur.
2390 3378 2730 3435 Promittitur
2775 3395 2904 3451 ergo
2957 3379 3251 3451 Synagoga:
3302 3378 3665 3441 credentium,

2100 3471 2225 3540 quia
2263 3471 2402 3526 sicut
2427 3478 2554 3526 tunc
2579 3470 2861 3526 credentes
2889 3486 2955 3524 ex
2993 3468 3226 3540 Egypto
3246 3478 3365 3538 post
3393 3468 3665 3523 interitum

2100 3562 2397 3618 Pharaonis
2419 3562 2734 3618 cecinerunt
2759 3560 2852 3616 ﬁlii
2881 3560 3043 3615 Israel
3075 3576 3292 3616 carmen
3318 3561 3559 3623 Domino,
3590 3561 3670 3615 sic

2102 3654 2212 3722 ipsa
2244 3654 2310 3709 de
2344 3652 2581 3708 tenebris
2605 3651 2933 3706 inﬁdelitatis
2955 3666 3197 3720 egressa,
3220 3660 3343 3720 post
3364 3666 3547 3705 necem
3576 3650 3660 3703 dia

2100 3744 2205 3806 bell
2219 3752 2275 3819 et
2284 3742 2539 3813 vitiorum
2558 3741 3033 3819 compressionem,
3051 3757 3172 3797 cum
3196 3742 3388 3811 gaudio
3404 3749 3458 3795 et
3481 3740 3665 3795 lzetitia

2103 3814 2326 3905 transiet
2356 3829 2625 3905 spirituali
2642 3814 2709 3885 ad
2730 3814 3003 3905 caelestem
3029 3831 3287 3905 patriam,
3306 3830 3392 3884 ubi
3423 3837 3505 3901 est
3526 3837 3669 3883 terra

2101 3902 2414 3981 viventium.
2439 3919 2505 3974 Et
2536 3902 2679 3993 recte
2711 3919 2775 3975 de
2802 3902 3033 3991 Egypto
3062 3902 3349 3991 pergentes
3375 3916 3664 3985 ascendere

2100 4016 2371 4079 dicuntur,
2394 4014 2519 4083 quia
2554 4020 2681 4067 tunc
2703 4011 2841 4085 bene
2863 4012 3227 4078 ascendimus,
3253 4011 3466 4083 quando
3491 4025 3521 4063 a
3559 4016 3663 4064 ter-

2101 4108 2245 4180 renis
2273 4107 2342 4163 ad
2368 4104 2630 4172 caelestia,
2671 4118 2709 4160 a
2748 4103 2890 4179 vitiis
2926 4103 2993 4180 ad
3032 4103 3257 4160 virtutes
3284 4102 3668 4177 transmigrare

2098 4184 2394 4257 studemus.
2500 4184 2507 4188 ’
2578 4184 2583 4189 ⁷

2174 4317 2201 4365 α,
2223 4296 2288 4353 Ει
2313 4296 2419 4352 erit
2461 4297 2514 4352 in
2548 4296 2634 4351 die
2659 4294 2769 4362 illa,
2793 4295 2870 4351 ait
2895 4294 3169 4373 Dominus,
3200 4291 3412 4365 vocabit
3453 4305 3540 4345 me
3583 4290 3667 4363 vir

2097 4391 2292 4457 omnis,
2322 4398 2378 4445 et
2408 4404 2513 4444 non
2538 4372 2869 4457 .vocahit'me
2897 4387 3036 4457 ultra
3077 4385 3299 4454 Baalim.
3329 4382 3396 4438 Et
3423 4381 3664 4447 auﬁeram

2100 4462 2294 4557 nomen
2322 4479 2523 4534 Baalim
2548 4480 2615 4535 de
2635 4494 2728 4535 ore
2749 4478 2889 4548 eius,
2916 4487 2971 4535 et
2995 4493 3111 4551 non.
3127 4474 3498 4548 recordabitur
3524 4473 3666 4542 ultra

2100 4571 2333 4627 nominis
2361 4585 2569 4625 eorum.
2602 4591 2619 4621 ι
2647 4568 2724 4625 De
2762 4570 2981 4629 nomine
3014 4568 3217 4639 Baalim
3242 4567 3393 4643 juxta
3430 4565 3666 4621 litteram

2099 4665 2200 4720 hoc
2226 4661 2512 4718 dicendum
2540 4669 2659 4716 est:
2687 4659 2846 4715 Belus
2867 4668 3020 4730 pater
3056 4658 3157 4729 fuit
3185 4658 3305 4713 Nini
3334 4656 3491 4730 primi
3520 4655 3670 4727 regis

2094 4756 2461 4826 Assyriorum,
2484 4753 2575 4824 qui
2608 4768 2674 4808 ex
2700 4752 2917 4807 nomine
2939 4767 3037 4808 suo
3060 4751 3339 4823 civitatem.
3361 4766 3391 4804 a
3414 4763 3472 4819 se
3494 4746 3659 4815 rediﬁ:

2093 4826 2267 4927 catam
2332 4842 2619 4931 appellavit
2666 4839 2892 4908 Ninum,
2927 4857 3090 4912 quam
3139 4838 3347 4894 llebrmi
3395 4846 3451 4931 et
3495 4836 3673 4931 nostri

2095 4912 2594 5002 Ninivemwvﬁocant.
2636 4932 2736 4998 Qui
2766 4939 2975 5002 patrem
3018 4948 3172 4987 suum
3214 4931 3396 4985 Belum
3424 4929 3477 4984 in
3508 4929 3667 4983 deum

2096 5023 2459 5103 transferens,
2478 4998 2826 5103 simulacrum
2855 5020 3001 5087 fecit,
3026 5022 3168 5092 quod
3194 5020 3286 5076 Bel
3313 5020 3480 5075 voluit
3502 5019 3669 5083 nomie

2097 5098 2214 5185 uari
2262 5122 2322 5186 et
2345 5098 2414 5167 ab
2439 5098 2702 5191 omnibus
2718 5111 2954 5186 adorari.
2986 5113 3103 5196 Quo
3128 5112 3343 5167 nomine
3378 5127 3409 5165 a
3444 5109 3670 5179 Babylo-

2096 5205 2201 5258 niis
2246 5212 2492 5268 vocatur,
2535 5203 2675 5258 sicut
2716 5203 2772 5258 in
2823 5201 3042 5258 Daniele
3088 5203 3323 5274 legitur:
3355 5218 3384 5254 a
3431 5198 3669 5254 Sidoniis

2096 5304 2274 5349 autem
2304 5302 2359 5347 et
2385 5293 2730 5349 Phoenicibus
2764 5293 2919 5371 Baal,
2944 5294 3012 5348 ab
3036 5292 3275 5361 [lebrzeis
3298 5306 3429 5347 vero
3450 5287 3668 5344 Beelze-

2096 5386 2205 5441 iub
2227 5386 2295 5440 ob
2318 5386 2632 5463 spurcitiam
2671 5394 2727 5440 et
2761 5385 2945 5449 sordes
2975 5372 3298 5463 immolatitii
3329 5381 3540 5437 cruoris
3568 5396 3666 5435 vo-

2096 5483 2277 5538 catur;
2306 5465 2487 5551 idest,
2521 5490 2827 5555 muscarum
2857 5473 2958 5536 vir,
2991 5474 3103 5549 sive
3130 5474 3333 5549 habens
3355 5486 3589 5537 muscas,
3613 5480 3666 5525 et

2094 5548 2227 5639 quia
2268 5548 2330 5625 in
2370 5570 2562 5643 multis
2593 5550 2867 5624 colebatur
2915 5568 3048 5645 locis
3072 5609 3086 5632 ,
3138 5568 3339 5622 idcirco
3387 5566 3667 5639 pluraliter

2093 5662 2293 5715 Baalim
2345 5662 2676 5716 enuntiatur.
2724 5661 2830 5716 Sed
2864 5658 2977 5728 jam
3021 5676 3165 5715 nunc
3212 5659 3492 5714 videamus
3537 5656 3665 5727 quid

2094 5758 2207 5810 haec
2247 5756 2406 5809 verba
2443 5756 2651 5831 Domini
2695 5754 3028 5823 signiﬁcent,
3059 5753 3254 5824 quibus
3294 5754 3357 5807 de
3396 5751 3534 5804 ﬁdeli
3567 5767 3661 5819 ρο*

2092 5829 2212 5916 pulo
2250 5829 2513 5915 loquitur,
2533 5846 2714 5899 dit-eus
2741 5840 2892 5900 {Non
2921 5834 3125 5900 vocabit
3155 5860 3238 5899 inc
3268 5842 3405 5896 ul;ra
3435 5840 3655 5895 Dzudun.
