4022 6458
230 412 295 469 23
1230 412 1627 469 ENAllRATlO
1667 410 1731 465 ΙΝ
1772 411 1945 468 OSEE
1984 411 2417 469 PROPHETAM.
3274 450 3281 457 .
3384 419 3453 476 26

232 524 426 581 Baalim
453 524 536 593 (ut
577 523 828 597 diximus)
868 525 1008 581 idem
1048 532 1135 580 est
1173 524 1314 593 quod
1357 524 1515 590 Baal,
1538 531 1592 578 et
1619 524 1785 577 inter-
1812 529 1859 584 Λ
1888 523 2019 577 sabo
2044 528 2097 577 te
2117 522 2248 577 mihi
2275 522 2328 577 in
2346 520 2552 590 justitia
2576 531 2631 578 et
2648 520 2871 591 judicio,
2901 531 2955 579 et
2979 524 3034 579 in
3060 525 3449 596 misericordia,

231 621 470 684 pretatur
494 612 629 667 Baal
656 614 869 681 habena,
897 615 1096 669 Baalim
1123 630 1251 671 vero
1289 615 1482 669 habens
1504 631 1605 669 me.
1631 614 1782 670 Unde

230 697 461 759 Hebraei
482 710 538 757 et
567 700 719 773 Syrae
742 703 996 761 mulieres
1022 704 1249 760 maritos
1278 718 1403 759 suos
1441 704 1545 759 hoc
1568 703 1786 767 nomine

229 802 447 859 vocant,
470 793 712 849 dicentes
739 810 752 846 :
780 793 910 848 Baal
954 809 1107 851 meus
1124 836 1140 861 ,
1170 797 1273 852 hoc
1299 804 1383 852 est
1426 795 1629 851 habens
1656 808 1742 848 me
1768 811 1783 860 ;

228 889 279 938 et
311 890 398 938 est
437 895 652 949 sensus,
681 883 887 940 habens
921 899 1011 940 me
1050 884 1106 940 in
1143 884 1412 955 coniugio.
1443 883 1540 939 Est
1562 891 1611 939 et
1644 883 1787 938 aliud

229 987 419 1029 nomen
442 972 495 1027 in
525 974 710 1029 eadem
738 974 919 1045 lingua
946 976 1046 1031 sub
1071 977 1258 1032 eadem
1288 976 1696 1049 signiﬁcatione,
1734 976 1789 1031 id

228 1070 306 1119 est
345 1061 420 1128 Is,
462 1064 606 1133 quod
642 1064 891 1120 similiter
917 1076 1074 1129 sonat
1098 1068 1199 1125 vir.
1231 1067 1381 1122 Unde
1406 1075 1462 1122 et
1502 1066 1696 1121 mulier
1721 1066 1789 1121 ab

229 1153 300 1208 eis
325 1152 438 1209 lssa
466 1154 795 1219 nominatur,
824 1158 977 1226 quasi
1000 1158 1207 1229 virago,
1237 1171 1302 1212 eo
1325 1157 1465 1227 quod
1492 1172 1522 1211 a
1548 1157 1666 1211 viro
1691 1170 1789 1211 suo

230 1250 433 1330 sumpta
477 1244 569 1299 sit.
602 1243 731 1311 Quae
757 1259 885 1315 ergo
909 1245 1102 1302 nolunt
1135 1247 1204 1302 de
1237 1247 1350 1302 suis
1375 1247 1553 1303 dicere
1581 1248 1789 1302 maritis

229 1331 371 1400 Baal,
392 1335 506 1389 sive
525 1334 755 1401 Baalim,
778 1336 962 1391 dicunt
984 1336 1092 1392 alio
1111 1337 1328 1397 nomine
1348 1337 1397 1393 ls
1422 1351 1599 1403 meus,
1626 1339 1678 1393 id
1706 1344 1791 1392 est

228 1426 507 1508 vir.meus,
540 1426 746 1483 scilicet
773 1427 976 1483 habens
1014 1442 1102 1484 me
1125 1428 1180 1483 in
1202 1427 1468 1500 coniugio.
1510 1428 1663 1496 Quod
1690 1429 1790 1484 ita-

227 1530 326 1586 que
344 1516 436 1572 hic
459 1517 591 1579 dicit
622 1517 882 1573 Dominus
913 1534 927 1570 :
962 1536 983 1581 r
1016 1533 1122 1574 non
1153 1519 1367 1576 vocabit
1392 1533 1480 1574 me
1507 1518 1734 1583 Baalim,
1763 1537 1782 1571 ι

227 1607 315 1661 sed
342 1607 557 1681 vocabit
576 1622 665 1662 me
692 1607 777 1661 vir
806 1622 977 1673 meus,
1005 1608 1078 1663 ita
1107 1616 1191 1663 est
1214 1608 1633 1680 intelligendum,
1660 1609 1787 1677 quia

228 1696 405 1753 volens
430 1713 521 1756 me
535 1698 823 1753 ostendere
847 1713 1003 1753 suum
1037 1700 1234 1765 virum,
1263 1713 1599 1771 nequaquam
1628 1713 1789 1754 voca-

225 1785 300 1841 bit
325 1802 413 1845 me
446 1786 679 1852 Baalim,
708 1788 851 1857 quod
878 1789 1015 1844 bene
1053 1789 1158 1846 dici
1197 1798 1425 1860 poterat,
1456 1790 1548 1846 sed
1577 1789 1789 1847 vocabit

1884 622 1939 668 et
1992 613 2449 681 miserationibus,
2473 622 2528 669 et
2561 616 2826 685 sponsabo
2863 624 2917 672 te
2963 617 3094 672 mihi
3139 617 3195 672 in
3235 619 3368 686 ﬁde;
3399 633 3454 679 et

1885 703 2025 758 scies
2058 702 2181 772 quia
2221 715 2320 773 ego
2344 702 2619 757 Dominus.
2652 721 2671 754 ι
2705 703 3103 760 Advertendum
3131 706 3271 774 quod
3301 724 3449 764 eam-

1886 792 2006 847 dem
2043 792 2254 861 plebem
2298 800 2381 847 ter
2413 806 2472 846 se
2518 791 2782 862 promittit
2826 804 3223 862 sponsaturum.
3266 796 3450 852 Primo

1885 886 2080 955 quippe
2111 899 2231 940 eam
2257 884 2542 954 despondit
2569 884 2623 938 in
2652 883 2947 950 Abraham,
2988 886 3074 941 cui
3117 887 3449 958 signaculum

1887 977 2310 1033 circumcisionis
2335 975 2482 1030 dedit
2506 983 2567 1029 ut
2592 982 2737 1030 esset
2761 975 2993 1045 signum?
3015 977 3158 1031 inter
3184 978 3349 1033 Deum
3399 988 3455 1034 et

1887 1082 2067 1123 semen
2113 1067 2255 1121 illius
2297 1067 2350 1120 in
2398 1073 2747 1137 perpetuum,
2777 1065 2862 1119 vel
2898 1066 3060 1120 etiam
3092 1069 3304 1135 quando
3332 1084 3450 1125 eam

1886 1158 2072 1213 eduxit
2092 1157 2159 1213 de
2193 1156 2448 1229 Egypto.
2481 1158 2728 1214 Secundo
2760 1159 2813 1212 in
2843 1169 3026 1215 monte
3052 1159 3221 1226 Siuai,
3249 1160 3382 1219 dans
3402 1166 3451 1220 ei

1887 1247 2078 1317 legem.
2120 1247 2273 1303 Unde
2298 1257 2354 1301 et
2380 1247 2470 1303 hic
2498 1248 2551 1302 iu
2595 1249 2830 1303 secundo
2863 1248 2982 1304 loco
3016 1250 3210 1305 dicitur
3238 1268 3251 1303 :
3281 1253 3453 1321 Spon-
3537 1302 3543 1308 .

1888 1339 2019 1394 sabo
2043 1346 2096 1394 te
2126 1338 2257 1393 mihi
2285 1338 2339 1392 in
2363 1337 2592 1408 iustitia,
2621 1338 2673 1394 id
2700 1348 2784 1394 est
2808 1339 2865 1394 in
2900 1340 3274 1396 observatione
3299 1340 3451 1413 legis,

1888 1441 1943 1488 et
1969 1431 2022 1486 in
2041 1430 2245 1501 judicio
2272 1430 2647 1486 mandatorum
2676 1444 2943 1497 meorum,
2970 1438 3030 1486 ut
3062 1439 3118 1485 et
3138 1428 3282 1499 justo
3307 1432 3454 1487 vive-

1887 1534 1976 1576 res
2003 1520 2458 1575 etdiscretionem
2486 1520 2629 1576 inter
2648 1520 2847 1575 bonum
2873 1526 2929 1576 et
2954 1519 3152 1575 malum
3179 1511 3378 1585 scires;
3399 1529 3455 1575 et

1887 1610 2255 1671 misericordia
2285 1617 2341 1664 et
2371 1609 2825 1677 miseraionibus,
2844 1618 2908 1664 ut
2926 1610 2970 1664 si
2991 1617 3209 1679 propter
3232 1616 3455 1678 peccata

1889 1710 1980 1757 tua
2024 1701 2217 1756 tradita
2260 1699 2426 1755 fueris
2464 1701 2521 1755 in
2571 1699 2939 1771 captivitatem
2987 1707 3043 1755 et
3085 1698 3455 1770 penitentiam

1888 1793 2100 1864 egeris,
2146 1793 2342 1847 iterum
2383 1791 2813 1847 misericordiam
2852 1789 3224 1859 consequaris.
3275 1787 3458 1843 Tertio

225 1892 307 1934 me
349 1876 421 1944 ls,
464 1879 518 1934 id
552 1887 637 1934 est
676 1880 761 1934 vir
789 1896 958 1936 meus.
988 1881 1048 1937 in
1079 1889 1285 1936 tantum
1322 1883 1467 1937 enim
1499 1883 1638 1938 Deus
1663 1882 1788 1938 odio
1817 1884 1861 1942 Β
1889 1885 1945 1940 in
1990 1884 2280 1940 adventum
2328 1882 2450 1938 Filii
2492 1884 2610 1948 Dei,
2651 1882 2793 1938 unde
2836 1890 2892 1937 et
2931 1881 3021 1937 hic
3063 1880 3300 1936 dicitur:
3332 1899 3351 1931 ο
3392 1879 3461 1933 Ει

223 1967 386 2024 habet
429 1969 651 2024 nomina
695 1969 975 2035 idolorum,
1022 1980 1083 2027 ut
1111 1987 1212 2027 nec
1252 1973 1522 2028 recordari
1568 1971 1782 2043 quidem

222 2058 421 2132 electos
442 2074 571 2114 suos
591 2059 736 2121 velit,
766 2060 1043 2117 nominum
1065 2076 1271 2122 eorum,
1299 2062 1525 2131 ideoque
1557 2062 1685 2117 dicit
1719 2064 1786 2118 de

227 2148 366 2213 ﬁdeli
390 2148 585 2220 populo
610 2164 625 2203 :
653 2148 771 2210 Non
797 2150 1010 2208 vocabit
1040 2166 1127 2207 me
1153 2151 1293 2206 ultra
1320 2151 1547 2217 Baalim,
1566 2162 1788 2222 propter

224 2239 621 2311 ambiguitatem
650 2241 836 2307 verbi,
867 2255 955 2310 ne,
997 2242 1126 2297 dum
1163 2242 1308 2297 aliud
1348 2242 1605 2312 loquitur,
1642 2243 1789 2298 aliud

222 2330 567 2396 recordetur,
618 2339 674 2386 et
716 2331 892 2388 virum
944 2332 1267 2397 nominans,
1318 2330 1517 2386 idolum
1564 2331 1783 2402 cogitet.

205 2420 369 2479 'Unde
394 2429 451 2483 et
501 2421 751 2481 subditur
780 2440 795 2477 :
836 2442 855 2474 ι
891 2422 959 2478 Et
995 2421 1236 2477 auferam
1267 2422 1486 2478 nomina
1526 2422 1729 2478 Baalim
1758 2442 1778 2476 ο

220 2509 282 2563 de
323 2524 421 2573 ore
464 2508 612 2579 ejus,
660 2518 717 2570 et
768 2525 876 2577 non
932 2512 1305 2568 recordabitur
1357 2512 1499 2566 ultra
1551 2512 1787 2568 nominis

221 2612 430 2653 eorum.
1072 2646 1076 2653 .

292 2705 310 2737 ι
329 2686 403 2741 Et
424 2688 723 2757 percutiam
734 2703 856 2749 cum
877 2689 958 2747 eis
970 2690 1147 2746 foedus
1158 2691 1212 2746 in
1227 2691 1315 2746 die
1338 2689 1450 2756 illa,
1471 2706 1592 2746 cum
1611 2691 1786 2748 bestia

218 2778 364 2850 agri,
407 2787 464 2834 et
508 2794 633 2834 cum
673 2779 889 2837 volucre
926 2781 1081 2848 coeli,
1111 2792 1309 2840 etcum
1340 2784 1514 2854 reptili
1544 2793 1718 2839 terrae.
1763 2805 1787 2839 ι.

217 2865 331 2924 ,ιω
360 2868 455 2925 hic
490 2876 677 2939 aperte
715 2870 1040 2927 describitur
1061 2871 1367 2942 coniunctio
1396 2872 1703 2931 Judteorum
1731 2884 1786 2931 et

1886 1974 2157 2045 sponsabo
2178 1983 2229 2030 te
2249 1974 2379 2029 mihi
2403 1974 2455 2028 in
2479 1973 2601 2040 ﬁde,
2624 1992 2642 2025 ι
2662 1981 2862 2029 sanetae
2884 1971 3134 2028 videlicet
3153 1971 3455 2027 Trinitatis.

1886 2067 1967 2122 De
1997 2080 2101 2136 qua
2128 2064 2543 2136 desponsatione
2562 2064 2693 2120 dicit
2718 2063 3008 2134 Apostolus
3033 2063 3099 2146 de
3133 2061 3351 2117 Christo
3379 2060 3458 2115 lo-

1888 2172 2060 2228 quens
2094 2175 2111 2211 :
2147 2154 2477 2226 Desponsavi
2519 2170 2616 2211 vos
2653 2155 2748 2210 uni
2784 2154 2903 2211 viro
2947 2153 3211 2222 virginem
3251 2159 3457 2207 castam

1887 2252 2146 2307 exhibere
2174 2250 2408 2305 Christo.
2440 2248 2509 2304 Et
2533 2249 2727 2303 iterum
2755 2249 2821 2303 de
2859 2260 3093 2316 persona
3139 2243 3340 2301 Christi
3381 2243 3461 2298 lo—

1887 2357 2077 2414 quens,
2103 2342 2179 2397 ait
2212 2359 2226 2395 :
2256 2340 2614 2411 Desponsavit
2641 2340 2743 2395 sibi
2775 2337 3072 2394 Eeclesiam
3111 2351 3218 2391 non
3258 2337 3461 2392 haben-

1887 2442 1996 2491 tem
2037 2433 2305 2490 maculam
2354 2446 2530 2501 neque
2573 2446 2783 2501 rugam.
2833 2429 2939 2485 Sed
2987 2429 3269 2500 Synagoga
3303 2435 3387 2481 ter
3428 2442 3460 2480 a

1887 2526 2118 2582 Domino
2144 2518 2486 2595 despOnsata,
2513 2539 2726 2580 omnem
2753 2521 3219 2593 desponsationem
3247 2519 3457 2574 irritam

1888 2616 2036 2672 fecit.
2092 2616 2247 2673 Unde
2301 2617 2426 2687 quia
2481 2616 2804 2685 desponsata
2854 2614 2910 2668 in
2950 2611 3185 2682 Egypto
3224 2609 3456 2681 primam

1889 2705 2359 2776 desponsationem
2387 2721 2496 2761 non
2533 2704 2842 2770 custodivit,
2875 2710 2933 2759 et
2963 2701 3225 2759 fornicata
3265 2709 3350 2757 est
3388 2702 3460 2756 ibi

1892 2798 2021 2853 deos
2046 2796 2252 2853 alienos
2276 2797 2525 2862 colendo,
2562 2786 2793 2851 rursum
2810 2809 2907 2865 per
2932 2793 3105 2865 legem
3131 2801 3186 2848 et
3212 2791 3457 2862 Scriptu-

1891 2902 1982 2943 ras
2009 2902 2190 2943 sacras
2216 2888 2603 2958 prophetarum
2628 2884 2855 2941 Veteris
2876 2881 3202 2939 Testamenti
3229 2884 3461 2937 assumi-

217 2958 458 3058 ξειηίιξξη
590 2958 798 3015 “nime
827 2960 1197 3058 “deiphfisfi:
1227 2963 1318 3034 «ιιιί
1338 2972 1471 3058 3m?
1502 2964 1792 3058 θάνίῖηῑιηιι
1893 2988 2003 3045 tur,
2030 2987 2087 3034 ut
2114 2979 2270 3049 quasi
2313 2978 2651 3049 sponsalibus
2681 2976 2933 3033 secundis
2959 2976 3169 3030 ﬁrmata
3188 3014 3203 3040 ,
3246 2974 3356 3045 jam
3394 2975 3464 3029 ab

215 3049 327 3117 ejus
369 3049 697 3106 dissidentes
738 3058 896 3119 erant
933 3052 1002 3117 ab
1044 3053 1293 3115 invicem.
1338 3053 1490 3108 Unde
1533 3066 1590 3109 et
1620 3054 1787 3110 Judzei

1895 3071 2141 3141 amplexu
2170 3086 2277 3126 non
2300 3072 2599 3127 recederet.
2627 3068 2811 3124 Tertio
2836 3074 3015 3122 autem
3034 3063 3192 3121 Jesus
3213 3064 3464 3119 Christus

214 3140 448 3210 gentiles
486 3154 517 3213 a
546 3140 819 3209 consortio
863 3156 962 3205 suo
989 3142 1348 3212 repellebant;
1381 3150 1566 3214 postea
1609 3152 1787 3200 autem

1894 3140 2062 3215 Filius
2091 3160 2184 3215 Dei
2215 3167 2268 3214 et
2300 3174 2397 3230 per
2420 3160 2649 3229 gratiam
2695 3157 2868 3212 sancti
2915 3154 3188 3224 Evangelii
3221 3167 3341 3207 eam
3371 3166 3464 3206 co-

213 3228 267 3283 in
294 3245 471 3287 unum
491 3229 695 3305 Christi
724 3231 863 3291 ovile
891 3232 1293 3313 convenientes,
1324 3233 1437 3304 jam
1468 3234 1522 3288 in
1550 3250 1655 3289 una
1684 3234 1787 3292 ﬁde

1893 3252 2081 3323 puiare
2106 3251 2207 3307 sibi
2232 3228 2400 3306 voluit
2416 3228 2441 3315 ξ
2473 3249 2567 3303 sed
2590 3246 2776 3318 paucis
2814 3242 3157 3299 credentibus
3183 3281 3198 3306 ,
3226 3240 3462 3294 maxima

213 3318 305 3378 Dei
344 3320 745 3392 omnipotentis
784 3337 971 3393 Pacem
1010 3334 1065 3379 ει
1106 3324 1401 3382 fraternam
1449 3327 1791 3399 άὶιθειίουειιι
1892 3318 2077 3401 eorum
2105 3358 2229 3414 pars
2261 3341 2454 3399 collata
2503 3337 2774 3411 sponsalia
2821 3334 3118 3408 negligens,
3149 3333 3205 3388 in
3235 3330 3467 3386 inﬁdeli-

211 3429 270 3470 ⁵⁸
291 3415 597 3487 gloriantur
623 3416 841 3482 habere
872 3417 1009 3474 Ηίηο
1028 3417 1193 3475 Isaias
1213 3419 1385 3477 Eidem
1411 3420 1605 3490 ΡοΡυῙο
1625 3421 1786 3476 die“:
1893 3443 2002 3490 tate
2038 3433 2360 3505 permansit,
2390 3432 2530 3487 sicut
2556 3431 2746 3485 beatus
2791 3425 3099 3498 Stephanus
3138 3423 3220 3479 eis
3266 3422 3467 3493 impro-

210 3505 439 3568 AdVem
478 3506 745 3576 quondam
775 3516 902 3564 “"15
937 3509 1258 3581 δι’]υηεθιυν
1290 3510 1408 3575 tibi:
1444 3520 1502 3567 υι
1533 3527 1641 3567 ηοη
1675 3510 1788 3580 iam
1890 3532 2070 3596 perat,
2109 3524 2294 3583 dicens
2325 3540 2337 3576 :
2379 3542 2396 3573 ι
2441 3520 2549 3576 Vos
2575 3534 2788 3590 semper
2827 3515 3047 3591 Spiritui
3077 3522 3266 3570 sancto
3300 3512 3463 3567 resti-

209 3600 283 3665 sit
310 3599 522 3663 advena
541 3638 557 3665 ,
585 3599 679 3653 sed
714 3608 1132 3670 recognoscatur
1171 3600 1359 3659 frater.
1391 3600 1619 3658 Nomine
1643 3603 1789 3657 enim

208 3688 536 3755 bestiarum,
559 3688 860 3755 volucrum,
884 3697 939 3745 et
972 3691 1325 3761 serpentium,
1356 3692 1585 3763 gentiles
1605 3694 1788 3762 expri-

210 3793 445 3851 muntur
478 3784 568 3853 qui
612 3785 730 3841 haec
774 3800 876 3855 pro
922 3785 1035 3840 Deo
1063 3786 1330 3860 colebant.
1376 3784 1575 3840 Verum
1606 3787 1674 3841 ab
1705 3787 1789 3841 bis

208 3876 525 3947 expurgati,
549 3875 664 3944 jam
697 3891 804 3933 non
844 3877 930 3934 his
958 3878 1267 3936 nominibus
1309 3877 1666 3947 appellantur,
1695 3877 1789 3932 sed

207 3967 469 4023 homines
497 3968 862 4027 rationabiles.
903 3968 1057 4030 Unde
1084 3985 1207 4025 cum
1246 3968 1441 4024 Petrus
1473 3967 1695 4025 linteum
1723 3966 1795 4021 ad

203 4074 268 4114 se
294 4058 530 4113 missum
557 4058 626 4112 de
650 4059 790 4117 cutio
809 4060 1051 4125 vidisset,
1090 4061 1146 4116 in
1178 4075 1287 4128 quo
1312 4060 1521 4122 bestiae,
1548 4057 1791 4111 volucres

203 4156 389 4217 atque
412 4154 689 4215 serpentes
718 4150 1177 4223 monstrabantur,
1199 4157 1256 4203 et
1279 4148 1487 4203 audiret
1514 4162 1573 4203 se
1594 4146 1681 4201 illa
1706 4161 1792 4201 oc-

1891 3617 2051 3679 tistis,
2079 3614 2219 3670 sicut
2247 3622 2303 3669 et
2327 3619 2508 3683 patres
2535 3611 2724 3667 vestri.
2760 3630 2779 3662 ι
2805 3609 2907 3677 Qui
2935 3617 3118 3677 autem,
3142 3613 3465 3681 receperunt

1890 3704 2050 3759 ﬁdem
2091 3704 2241 3773 ejus,
2289 3700 2558 3771 conjuncti
2593 3707 2720 3755 sunt
2756 3699 2830 3753 illi
2873 3697 3086 3753 vinculo
3133 3696 3460 3759 dilectionis,

1892 3793 2175 3861 credentes
2195 3792 2336 3861 quod
2361 3792 2475 3860 ipse
2495 3790 2744 3845 Christus
2764 3787 2910 3843 Deus
2934 3795 3102 3854 esset,
3132 3800 3292 3854 quem
3314 3785 3467 3853 prius

1891 3890 2243 3954 negaverunt.
2271 3881 2348 3935 Ex
2382 3881 2580 3951 quibus
2629 3879 2843 3937 fuerunt
2879 3876 2953 3931 illi
2996 3876 3087 3946 qui
3114 3875 3180 3929 ad
3208 3874 3467 3943 praedii-a-

1893 3978 2092 4032 tionem
2136 3976 2284 4031 beati
2330 3974 2481 4030 Petri
2526 3988 2634 4027 una
2670 3972 2758 4027 die
2793 3971 3032 4041 quinque
3060 3967 3249 4031 millia,
3276 3975 3329 4020 et
3361 3965 3465 4019 alza

1890 4066 1977 4120 die
2004 4066 2108 4119 tria
2131 4064 2307 4123 millia
2327 4062 2691 4118 crediderunt.

1965 4175 1985 4209 ι
2021 4155 2090 4209 Ει
2112 4154 2217 4208 erit
2248 4155 2302 4207 in
2333 4153 2421 4207 die
2444 4152 2566 4207 illa:
2599 4149 2916 4214 Exaudiam,
2948 4146 3080 4201 dicit
3101 4143 3381 4207 Dominus,
3412 4150 3469 4195 et

204 4236 407 4293 cidere
430 4242 485 4301 et
510 4235 843 4301 manducare
864 4236 1078 4300 debere,
1106 4237 1607 4306 respondissetque:
1640 4253 1659 4291 ς
1686 4235 1787 4289 Ab-

1891 4242 2174 4304 exaudiam
2223 4241 2414 4309 ctelos,
2444 4250 2500 4295 et
2525 4239 2600 4295 illi
2625 4238 2914 4295 exaudient
2954 4244 3181 4300 terram,
3227 4241 3283 4290 et
3322 4242 3464 4289 term

203 4327 304 4393 sit,
327 4324 579 4393 Domine.
597 4326 722 4395 (ιιιίει
739 4342 1013 4397 nunquam
1035 4341 1320 4387 εοωωυηυ
1339 4334 1431 4381 ειυι
1458 4325 1795 4384 immundum
1890 4329 2142 4389 exaudiet
2162 4329 2423 4395 triticum,
2452 4328 2726 4392 etvinum,
2757 4333 2813 4381 et
2846 4325 3043 4389 oleum,
3070 4332 3127 4379 et
3156 4323 3269 4377 haec
3295 4336 3464 4375 exat:-

205 4416 446 4474 intravit
467 4416 523 4487 in
553 4432 616 4474 os
647 4433 847 4484 meum,
884 4438 904 4470 ι
933 4416 1139 4494 dictum
1169 4427 1255 4475 est
1278 4417 1366 4472 ci:
1412 4435 1430 4467 ι
1464 4415 1615 4483 Quod
1650 4415 1800 4483 Deus,
1891 4421 2282 4479 dientlezrael.
2308 4441 2326 4474 ι
2345 4419 2650 4480 Secundum
2679 4419 2910 4474 litteram
2928 4418 3030 4473 hoc
3044 4424 3212 4485 potest
3232 4413 3455 4481 intelligi

204 4507 546 4580 puriﬁcavit,
577 4517 631 4562 tu
654 4523 720 4563 ne
740 4498 1026 4572 commune
1043 4508 1264 4567 dixeris.
1302 4526 1328 4565 ι.

1892 4517 1946 4588 in
1988 4515 2076 4571 his
2109 4514 2330 4570 verbis:
2360 4530 2481 4583 quae
2525 4513 2663 4568 bona
2712 4509 3026 4581 temporalia
3060 4506 3328 4579 promittit
3362 4505 3466 4558 Dn—
3512 4576 3515 4579 Δ

287 4618 306 4651 ι
339 4597 413 4655 Et
440 4568 780 4668 pharetram.
808 4606 866 4653 et
892 4612 1111 4663 arcum.
1143 4605 1201 4653 et
1224 4596 1482 4669 gladium.
1512 4603 1568 4652 et
1589 4595 1792 4653 bellum
1813 4568 1864 4645 ἶ)
1893 4568 2071 4662 inii;
2105 4568 2190 4661 his
2213 4606 2304 4676 qui
2332 4568 2395 4658 iul
2410 4568 2475 4659 se
2504 4604 2748 4659 credunt.
2785 4568 3147 4672 spiritualiler
3184 4596 3307 4651 «mli
3337 4605 3465 4650 sunt

207 4702 496 4749 conteram
515 4690 583 4745 de
611 4698 774 4753 tetra.
805 4710 825 4753 ι
854 4690 911 4746 1d
935 4700 1241 4761 esl.pacem
1268 4698 1324 4744 Cl
1342 4689 1785 4760 tranquillitatem
1892 4695 2136 4767 apostoli,
2167 4696 2233 4751 de
2268 4694 2464 4764 quibus
2509 4691 2792 4750 Psalmista
2820 4692 2896 4745 ait
2929 4707 2942 4742 :
2979 4710 2996 4740 ι
3033 4688 3168 4744 Caeli
3207 4693 3467 4741 enarrant

205 4798 484 4843 summam
509 4783 657 4844 dabo,
676 4783 737 4843 in
757 4792 926 4846 terra,
970 4784 1074 4839 hoc
1110 4790 1196 4853 est
1240 4783 1292 4837 iu
1340 4782 1597 4837 Ecclesia.
1638 4780 1791 4837 Licet
1893 4787 2117 4858 gloriam
2160 4785 2277 4850 Dei,
2313 4792 2420 4840 etc.
2463 4803 2481 4836 ι
2525 4783 2590 4838 Hi
2632 4783 2757 4839 coeli
2787 4779 3025 4838 exauditi
3061 4786 3188 4834 sunt
3222 4786 3464 4844 tempore

207 4876 361 4931 enim
391 4873 558 4929 multa
575 4873 709 4930 bella
732 4874 1138 4932 crebrescantin
1168 4882 1329 4937 terra,
1356 4883 1532 4929 tamen
1550 4875 1601 4928 in
1624 4888 1773 4928 eom-

192 4966 503 5043 paratione
530 4966 681 5031 illius.
699 4966 956 5036 temporis
979 4982 1169 5037 magna
1209 4977 1295 5021 est
1336 4981 1436 5035 pax
1459 4966 1523 5025 in
1554 4964 1787 5031 homini-

206 5059 334 5125 bus,
364 5058 606 5115 maxime
630 5057 771 5119 inter
792 5058 1013 5121 electos,
1042 5059 1183 5128 apud
1208 5073 1344 5127 quos
1372 5057 1569 5111 nullius
1590 5056 1787 5111 discor-

208 5151 313 5203 diae
335 5147 514 5203 fomes
533 5146 707 5202 locum
725 5132 948 5209 invenit.
965 5148 1041 5203 De
1062 5148 1175 5203 hoc.
1186 5157 1425 5216 tempore
1444 5146 1574 5202 dicit
1590 5146 1755 5201 Isaias
1774 5164 1786 5199 ι

210 5238 330 5292 Non
360 5236 564 5293 levabit
605 5252 737 5306 gens
764 5244 953 5293 contra
979 5245 1191 5306 gentem
1217 5236 1472 5307 gladium,
1502 5251 1602 5290 uec
1640 5251 1790 5292 exer-

210 5329 484 5399 cebuntur
513 5327 659 5391 ultra,
681 5329 749 5383 ad
770 5328 1034 5399 praelium.
1072 5346 1089 5377 ι
1121 5326 1189 5389 Et
1215 5327 1448 5382 dormire
1478 5341 1572 5382 eos
1594 5327 1788 5382 faciam

212 5418 559 5483 ﬁducialiter,
595 5438 613 5471 ›
646 5418 699 5472 id
727 5425 811 5473 est
841 5432 1062 5475 securos
1087 5432 1183 5471 eos
1207 5414 1400 5472 faciam
1439 5417 1492 5471 in
1542 5431 1660 5473 mea
1689 5417 1791 5473 ﬁde

210 5518 269 5573 et
299 5524 437 5581 pace
472 5511 830 5580 requiescere.
864 5509 961 5565 Vel
989 5519 1139 5581 certe
1164 5525 1384 5571 somnus
1410 5510 1512 5567 iste
1541 5510 1791 5579 intelligi-

213 5611 302 5667 tur
332 5601 581 5672 pausatio
621 5601 911 5665 electorum
936 5641 951 5665 ,
982 5601 1073 5671 qui
1102 5601 1263 5656 modo
1306 5601 1486 5671 quiete
1522 5601 1799 5656 dormiunt

215 5693 267 5746 in
296 5708 396 5762 spe
425 5690 620 5747 futura:
652 5693 1081 5749 resurrectionis.
1642 5738 1647 5747 .

293 5804 309 5839 ι
348 5783 411 5853 Et
455 5785 722 5857 sponsabo
756 5793 804 5841 te
832 5785 1043 5840 mihiin
1088 5785 1509 5856 sempiternum,
1541 5795 1591 5853 et
1636 5801 1793 5859 spon-

1894 4878 2188 4935 Domiuicaa
2211 4875 2635 4940 incarnationis,
2665 4882 2917 4945 rogantes
2942 4887 3041 4942 pro
3073 4870 3296 4926 muliere
3319 4868 3464 4924 Clui—
3514 4912 3520 4917 .

1894 4984 2104 5033 nautea,
2126 4974 2182 5021 et
2210 4981 2308 5036 pro
2352 4981 2510 5025 socru
2540 4965 2708 5019 Petri.
2742 4963 2982 5019 lsti'cceli
3004 4976 3146 5016 nunc
3173 4957 3466 5014 exaudiunt

1890 5066 2108 5118 terram,
2153 5054 2207 5109 id
2255 5062 2343 5110 est
2377 5054 2625 5108 homines
2672 5054 2725 5108 iu
2771 5051 3010 5112 Ecclesia
3047 5048 3371 5109 habitantes,
3411 5052 3468 5099 et

1890 5147 2004 5202 haec
2040 5146 2427 5223 terraexaudit
2452 5145 2712 5211 triticum,
2732 5144 2783 5199 id
2814 5152 2917 5208 est,
2934 5141 3142 5213 profert
3166 5138 3463 5207 simplicem

1893 5238 2193 5292 doctrinam
2220 5235 2434 5292 Veteris
2458 5244 2516 5292 et
2549 5235 2681 5291 Novi
2714 5234 3066 5297 Testamenti,
3091 5241 3152 5286 ut
3177 5228 3467 5301 impleatur

1893 5329 2020 5389 illud
2045 5327 2379 5385 Dominicum
2414 5345 2428 5382 :
2463 5347 2483 5380 ι
2521 5327 2717 5383 Beatus
2740 5326 2828 5382 ille
2846 5339 3039 5381 servus
3064 5336 3225 5393 quem
3256 5320 3463 5375 consu-

1895 5421 1998 5476 tuit
2040 5420 2300 5475 Dominus
2336 5435 2510 5489 super.
2538 5419 2799 5474 familiam
2842 5433 3017 5481 suam,
3058 5424 3119 5469 ut
3159 5413 3250 5468 det
3278 5411 3384 5466 illis
3412 5412 3465 5463 iu

1895 5524 2137 5584 tempore
2162 5513 2325 5569 tritici
2350 5529 2679 5569 mensuram.
2696 5532 2714 5565 ι
2737 5512 2999 5567 Exaudict
3021 5508 3223 5572 vinum,
3240 5506 3342 5560 hoc
3361 5514 3462 5563 est;

1894 5605 2229 5676 Spit-itualem
2272 5605 2683 5676 intelligentiam
2734 5604 3088 5675 ita'prazbct,
3123 5607 3183 5655 ut
3229 5613 3324 5654 sua
3372 5598 3466 5650 do-

1836 5728 1839 5739 ι
1896 5694 2336 5756 etriualactiﬁcet
2372 5695 2535 5750 corda
2581 5694 2932 5749 audientium.
2966 5690 3269 5771 Secundum
3297 5686 3468 5759 quali-

1896 5794 2060 5848 tatem
2094 5786 2237 5843 enim
2265 5785 2572 5847 auditorum
2621 5786 2781 5841 debet
2822 5783 3042 5839 formari
3069 5797 3252 5867 sermo
3280 5780 3465 5835 docto-
