4022 6436
478 371 549 427 27
944 369 1303 426 ΗᾹΥΜΟΝἰὸ
1338 322 1819 423 ιιΑιωςιιδτΑΤ.
1863 360 2079 425 EPISC.
2122 366 2272 420 ΟΡΡ.
2311 366 2491 421 PARS
2529 366 2570 423 Ι.
2601 396 2667 406 -—
2707 366 3060 423 COMMENT.
3104 367 3277 421 liiBL.
3679 368 3750 427 28

484 498 624 537 rum.
656 481 887 538 Exaudit
916 496 1130 551 quoque
1155 489 1210 534 et
1238 480 1414 535 oleum
1439 520 1452 545 ,
1475 480 1603 549 quia
1632 480 1686 535 in
1717 479 1986 550 episcopis
2011 488 2066 533 et
2093 481 2138 539 A
2170 484 2227 533 tu
2263 478 2441 548 diligis
2474 479 2618 535 illam
2657 479 2958 547 mulierem,
2996 488 3053 535 et
3080 490 3255 536 tamen
3299 480 3387 535 illa
3430 479 3551 551 plus
3583 482 3750 538 alium

482 575 811 647 presbyteris
840 575 933 629 dat
970 572 1219 628 ﬁdelibus
1252 573 1485 641 gratiam
1516 570 1752 643 Spiritus
1777 572 1970 628 sancti.
1999 570 2068 625 Et

483 669 587 723 hoc
628 674 713 721 est
735 665 931 721 caelum
960 671 1014 718 et
1044 672 1206 725 terra,
1238 663 1468 734 apostoli
1502 664 1708 721 scilicet
1743 671 1906 735 atque
1941 662 2065 717 nui-

481 754 707 811 versalis
735 754 994 811 Ecclesia.
1030 750 1094 806 Et
1132 752 1247 807 haec
1291 752 1583 809 exaudiant
1609 750 1839 817 Jezrael,
1890 752 2065 811 idest

485 863 672 903 semen
700 845 863 903 Verbi
889 844 984 899 Dei
1019 845 1315 915 perducent
1344 844 1411 898 ad
1435 844 1769 914 operationis
1793 843 2064 909 ell‘ectum,

480 946 541 991 ut
579 935 740 991 faciat
780 934 910 989 illud
962 950 1147 990 semen
1193 935 1430 989 fructum
1478 935 1872 1001 centesimum,
1920 934 2066 990 aliud

482 1027 919 1099 sexagesimum,
970 1026 1115 1081 aliud
1164 1026 1518 1081 tricesimum.
1568 1025 1740 1083 Porro
1786 1024 1929 1095 quod
1982 1040 2067 1082 se-

488 1121 577 1189 qui
587 1133 677 1175 tur
706 1137 720 1174 :

556 1235 574 1265 ‹
597 1214 664 1268 Et
676 1213 955 1269 seminabn
974 1228 1095 1267 eam
1113 1213 1163 1266 iu
1181 1213 1357 1268 terris.
1389 1232 1407 1264 ι
1427 1212 1509 1266 Ad
1529 1210 1799 1281 apostolos
1812 1210 2063 1281 speciali-

480 1317 565 1361 ter
612 1306 866 1376 pertinet,
908 1305 998 1373 qui
1046 1304 1115 1358 ab
1159 1303 1495 1363 Hierusalem
1541 1301 1793 1359 seminati
1826 1310 1976 1369 sunt,
2007 1308 2067 1355 ut

478 1415 576 1453 sua
602 1397 987 1468 praedicatione
1006 1405 1062 1453 et
1085 1395 1382 1461 miraculis,
1415 1404 1613 1450 terram
1643 1394 1770 1466 (hoc
1795 1401 1879 1449 est
1900 1392 2065 1450 corda

479 1490 786 1545 auditorum
815 1488 1057 1561 suorum)
1089 1486 1331 1544 lacerent
1373 1487 1726 1545 fructiﬁcare.
1761 1487 1837 1542 De
1869 1484 2065 1556 quibus

477 1581 737 1650 scriptum
763 1587 877 1639 est:
900 1578 991 1647 isti
1014 1587 1140 1634 sunt
1164 1591 1348 1633 semen
1374 1576 1461 1647 tari
1486 1575 2061 1642 benedixitDominus.

482 1668 620 1724 Nam
652 1668 755 1739 ipsi
784 1667 1012 1738 apostoli
1041 1674 1098 1723 et
1125 1679 1311 1722 semen
1340 1674 1489 1735 sunt,
1519 1666 1644 1735 quia
1675 1664 1904 1735 dispersi
1937 1672 2063 1720 sunt

475 1750 575 1843 po'r
598 1759 908 1823 universum
928 1757 1211 1824 mundum,
1240 1756 1520 1819 audientes
1547 1772 1580 1811 a
1603 1756 1850 1821 Domino,
1875 1774 1894 1807 ι
1923 1771 2059 1810 eun-

2169 582 2331 636 quam
2358 576 2410 623 te
2425 567 2619 639 diligit,
2635 570 2714 626 sic
2732 570 2986 627 Dominus
3004 586 3218 627 summo
3236 585 3421 628 amore
3432 571 3573 629 illius
3586 573 3751 630 Israel

2167 659 2360 729 diligit,
2389 661 2484 716 sed
2507 661 2605 730 ipsi
2634 674 2757 715 eum
2794 670 3114 732 spernentes
3150 682 3169 714 ι
3198 662 3495 733 respiciunt
3529 665 3599 721 ad
3620 666 3753 723 deos

2167 748 2394 814 alienos,
2420 769 2439 803 ι
2472 750 2577 811 hoc
2596 759 2682 805 est
2703 761 3031 811 venerantur
3059 758 3115 807 et
3143 751 3328 808 colunt
3349 767 3469 820 eos,
3494 772 3514 807 ε
3543 763 3600 811 et
3624 755 3752 813 dili-

2167 848 2299 910 gtmt
2348 840 2559 897 vinacia
2602 856 2848 897 uvarum.
2880 860 2900 895 ι
2938 840 3161 898 Vinacia
3202 844 3438 915 appellat
3475 860 3600 917 quae
3646 861 3751 903 nos

2167 931 2352 989 acinos
2396 931 2647 999 dicimus,
2688 931 2740 986 id
2774 941 2877 999 est,
2908 932 3178 990 folliculos
3215 949 3442 991 uvarum
3483 944 3610 1006 post
3646 951 3743 993 ex-

2165 1019 2499 1090 pressionem
2541 1036 2574 1076 a
2612 1021 2765 1091 prelo
2810 1023 3105 1098 proiectos.
3128 1020 3494 1093 Spiritnaliter
3540 1033 3747 1093 autem,

2166 1124 2264 1179 per
2283 1108 2399 1165 haec
2422 1111 2638 1167 vinacia
2664 1110 2937 1168 diemones
2973 1112 3365 1184 intelliguntur,
3390 1114 3483 1185 qui
3504 1116 3748 1186 quandiu

2166 1200 2222 1265 in
2260 1216 2358 1257 sua
2397 1202 2655 1274 dignitate
2693 1201 2930 1269 fuerunt,
2972 1203 3371 1273 quodammodo
3405 1220 3527 1263 um
3561 1217 3748 1276 erant,

2165 1292 2270 1348 hoc
2289 1300 2371 1349 est
2387 1332 2403 1358 ,
2421 1293 2744 1365 pinguedine
2765 1293 3000 1365 Spiritus
3019 1295 3194 1358 sancti
3222 1294 3440 1364 referti;
3455 1308 3747 1369 postquam

2163 1399 2294 1440 vero
2322 1386 2695 1455 superbientes
2722 1393 2909 1442 contra
2946 1386 3140 1453 Deum,
3171 1386 3378 1445 similes
3401 1388 3455 1446 ei
3496 1390 3618 1461 ﬁeri
3645 1405 3745 1448 vo-

2163 1473 2695 1542 luerunt,,evacuati
2728 1477 2904 1546 gratia
2939 1477 3174 1548 Spiritus
3216 1479 3414 1546 sancti,
3448 1477 3581 1537 facti
3616 1489 3751 1538 sunt

2162 1565 2395 1632 steriles,
2423 1574 2476 1622 el
2500 1565 2664 1622 veluti
2687 1567 2755 1623 ad
2776 1567 3005 1624 nihilum
3033 1568 3215 1634 utiles,
3239 1569 3307 1625 de
3337 1570 3477 1627 caelo
3520 1571 3749 1643 projecti

2162 1664 2290 1741 sunt
2334 1655 2516 1711 veteri.
2546 1656 2794 1714 siccitate
2842 1667 3150 1715 marcentes
3165 1700 3191 1725 ,_
3228 1668 3284 1715 et
3328 1660 3465 1721 nihil
3511 1664 3750 1735 antiqua

2163 1746 2353 1815 gratiae
2379 1747 2740 1817 possidentes.
2773 1747 2868 1809 Sic
2893 1758 2952 1806 et
2986 1748 3158 1814 Judaei
3194 1752 3267 1816 ob
3304 1752 3677 1811 inﬁdelitatem
3713 1771 3757 1811 α

478 1832 561 1911 les
582 1851 637 1911 in
666 1850 925 1908 mundum
950 1850 1280 1916 universum,
1302 1869 1321 1904 ο
1351 1857 1457 1909 etc.
1480 1848 1547 1911 Et
1567 1848 1667 1919 ipsi
1682 1856 1810 1904 sunt
1829 1849 2058 1903 semina-

2165 1836 2275 1889 Deo
2307 1835 2580 1902 derelicti,
2611 1835 2839 1907 diligunt
2863 1837 3137 1896 daemones
3163 1840 3310 1899 omni
3342 1840 3626 1899 dulcedine
3649 1845 3746 1900 bo-

479 1953 646 2009 tores,
670 1940 823 2012 juxta
852 1942 1022 1998 illud:
1062 1960 1081 1995 ι
1118 1942 1177 1997 In
1199 1957 1415 2009 omnem
1446 1950 1646 1997 terram
1688 1941 1857 1997 exivit
1895 1955 2062 2005 sonus

475 2048 685 2098 eorum,
712 2040 820 2087 etc.
861 2051 879 2084 ι
904 2049 925 2083 ‹
962 2032 1029 2086 Et
1071 2031 1368 2088 miserebor
1400 2031 1518 2102 ejus
1550 2046 1673 2100 quae
1714 2030 1818 2090 fuit
1857 2032 2062 2103 absque

476 2122 884 2188 misericordia,
921 2142 941 2176 ι
996 2122 1101 2179 hoc
1133 2130 1219 2184 est
1264 2121 1563 2194 Synagogie
1586 2120 1701 2191 jam
1735 2122 1790 2178 in
1818 2136 1908 2178 me
1945 2138 2063 2178 cre-

475 2215 677 2280 dentis,
697 2228 819 2284 qua:
842 2212 997 2283 prius
1021 2213 1148 2269 dum
1167 2227 1266 2284 per
1288 2211 1457 2268 multa
1480 2206 1784 2269 daemonum
1806 2219 2058 2283 portenta

475 2313 707 2371 erraret,
737 2320 908 2378 eaque
933 2320 1034 2375 pro
1077 2305 1189 2370 Deo
1224 2305 1501 2375 adoraret,
1532 2305 1651 2369 sine
1688 2306 2060 2371 misericordia

477 2405 619 2453 erat.

551 2506 568 2539 ι
607 2488 671 2543 Et
709 2487 886 2543 dicam
927 2503 1036 2544 non
1084 2488 1290 2560 populo
1328 2504 1490 2547 meo:
1531 2488 1768 2560 Papulas
1808 2502 1965 2549 meus
2001 2505 2062 2544 es

477 2590 568 2644 tu;
600 2586 655 2633 et
697 2578 813 2648 ipse
854 2578 1001 2634 dicet
1019 2577 1152 2635 mihi
1185 2594 1201 2632 ε
1230 2578 1491 2635 Dominus
1531 2593 1684 2636 meus
1715 2593 1777 2636 es
1804 2589 1914 2641 tu.»
1949 2579 2062 2635 Hoc

475 2677 559 2722 est
596 2668 741 2738 quod
762 2668 879 2737 ipse
927 2666 1175 2727 ﬁdelibus
1204 2668 1317 2733 suis
1342 2669 1415 2724 de
1437 2669 1624 2733 eodem
1652 2667 1849 2739 populo
1877 2667 2007 2725 dicit
2043 2686 2058 2725 :

477 2758 585 2814 Vos
619 2758 754 2815 estis
793 2758 886 2829 qui
924 2758 1305 2829 permansistis
1339 2774 1551 2824 mecum
1581 2759 1636 2826 in
1676 2758 2064 2825 tentationibus

476 2850 636 2916 lueis,
651 2859 709 2905 et
732 2864 836 2921 ego
861 2848 1091 2919 dispono
1112 2849 1268 2908 vobis
1294 2849 1435 2915 sicut
1457 2849 1725 2930 disposuit
1750 2849 1882 2905 mihi
1902 2848 2064 2905 Pater

477 2955 631 2995 meus
679 2953 924 3008 regnum.
956 2938 1024 2996 Et
1061 2938 1176 3011 ipse
1203 2939 1374 3001 dicit:
1418 2956 1435 2990 ι
1468 2938 1612 3001 Deus
1654 2952 1808 3002 meus
1835 2953 1895 2994 es
1921 2947 1997 3003 tu,
2037 2958 2056 2991 ι

473 3032 616 3087 sicut
640 3038 696 3085 et
716 3029 942 3090 Petrus:
971 3048 991 3083 ι
1020 3029 1103 3087 'l‘u
1122 3044 1183 3086 es
1209 3029 1508 3103 (inquiens).
1518 3030 1764 3097 Christus
1778 3029 1945 3096 Filius
1968 3030 2065 3093 Dei

2161 1925 2349 1989 uitatis
2393 1936 2707 1983 evacuatos.
2742 1927 2870 1985 Sive
2894 1943 2995 2000 pro
3021 1931 3232 1989 vinacia
3268 1946 3555 2002 possumus
3582 1933 3749 1994 intel-

2160 2014 2328 2088 ligere
2366 2018 2684 2076 traditiones
2721 2020 3021 2079 scribarum
3058 2033 3116 2082 et
3149 2022 3580 2093 Pharisaeorum,
3604 2028 3749 2083 veri-

2161 2110 2290 2165 tatis
2333 2126 2495 2167 sensu
2526 2126 2750 2182 prorsus
2791 2127 2996 2175 vacuas
3020 2123 3077 2171 et
3114 2118 3496 2185 superstitione
3514 2119 3743 2189 plenas;

2160 2214 2297 2271 quas
2340 2200 2443 2271 ipsi
2477 2199 2647 2261 Judaei
2678 2201 2993 2274 diligebant,
3021 2203 3390 2275 relinquentes
3426 2207 3748 2266 traditiones

2161 2291 2255 2348 Dei
2282 2299 2506 2362 propter
2529 2292 2849 2356 traditiones
2872 2294 3172 2357 hominum.

2237 2400 2256 2434 ι
2292 2383 2360 2439 Et
2382 2382 2493 2439 fodi
2522 2398 2642 2439 eam
2678 2384 2814 2442 mihi
2857 2385 3165 2461 quindecim
3208 2388 3503 2467 argenteis,
3526 2397 3591 2446 et
3616 2404 3747 2447 coro

2162 2471 2373 2537 hordei,
2400 2480 2457 2528 et
2499 2471 2725 2528 dimidio
2768 2488 2898 2530 coro
2938 2473 3152 2541 hordei,
3189 2485 3245 2531 et
3277 2477 3392 2533 dixi
3434 2479 3504 2534 ad
3541 2492 3682 2535 eam.
3722 2499 3741 2532 ι

2164 2559 2517 2632 Septuaginta
2556 2561 2918 2632 interpretes,
2966 2564 3106 2618 sicut
3155 2566 3346 2622 beatus
3387 2565 3746 2639 Hieronymus

2164 2653 2316 2717 dicit,
2337 2668 2435 2722 pro
2467 2668 2532 2710 eo
2555 2656 2697 2723 quod
2722 2662 2907 2710 nostra
2926 2655 3307 2728 interpretatio
3326 2659 3487 2714 habet
3512 2678 3532 2712 ι
3553 2660 3705 2725 Fodi,
3721 2682 3740 2714 ι

2162 2755 2460 2818 posuerunt
2512 2764 2531 2798 ι
2565 2746 2830 2815 Conduxi,
2864 2767 2884 2801 ι
2927 2749 3070 2820 quod
3118 2750 3186 2806 ad
3234 2750 3515 2807 mulierem
3558 2753 3748 2823 utique

2163 2839 2421 2909 pertinet,
2449 2839 2578 2909 quia
2625 2840 2693 2894 ad
2735 2841 2842 2903 hoc
2882 2841 3225 2908 conducitur,
3259 2850 3319 2898 ut
3353 2844 3549 2899 marito
3585 2843 3744 2901 ﬁdem

2165 2944 2361 2994 servet,
2396 2948 2499 2990 uec
2528 2932 2636 2995 alio
2665 2933 2946 3009 copuletur
2996 2932 3088 2995 illo
3124 2935 3359 2997 vivente.
3388 2934 3524 2991 Cum
3561 2945 3745 3002 autem

2165 3027 2295 3084 dicit
2313 3046 2325 3081 :
2345 3027 2478 3084 Fodi
2492 3041 2611 3083 eam
2637 3028 2771 3082 mihi
2800 3028 2854 3081 in
2877 3028 3179 3092 mulierem,
3194 3030 3429 3086 ostendit
3449 3045 3508 3086 se
3526 3032 3744 3087 vineam

473 3121 613 3186 vivi;
641 3139 660 3174 ι
695 3129 753 3177 et
773 3119 1052 3178 Thomas:
1083 3141 1102 3173 ι
1128 3121 1397 3188 Dominus
1416 3138 1569 3191 meus
1591 3129 1647 3178 et
1678 3122 1819 3189 Deus
1846 3137 2053 3179 meus.»

2164 3117 2302 3172 velle
2341 3117 2665 3187 signiﬁcare,
2693 3132 2815 3197 quae
2845 3120 3005 3189 (sicut
3049 3119 3309 3190 propheta
3360 3119 3605 3192 testatur)
3648 3122 3746 3176 do-

473 3183 609 3277 Quae
626 3212 792 3267 verba
820 3219 875 3268 et
899 3210 1208 3283 specialiter
1236 3211 1306 3268 ad
1328 3183 1514 3270 decem
1536 3183 1734 3279 tribus,
1746 3183 1802 3268 et
1841 3227 2060 3284 genera-
2086 3183 2132 3246 C
2164 3224 2284 3263 mus
2316 3183 2453 3271 Irael
2487 3217 2592 3275 est.
2633 3183 2735 3266 de?
2760 3183 2863 3283 qua
2916 3183 3177 3280 scripturn
3230 3219 3315 3267 est
3343 3229 3358 3266 ε
3391 3183 3620 3281 Vineam
3674 3213 3743 3270 de

473 3304 598 3357 liter
622 3303 690 3358 ad
717 3317 910 3358 omnes
938 3303 1211 3362 lsraelitas
1236 3314 1463 3383 possunt
1489 3305 1702 3371 referri,
1740 3305 1808 3360 ad
1830 3320 1927 3367 eos
1950 3306 2059 3372 sci:

474 3392 603 3448 licet
624 3393 718 3463 qui
749 3393 1120 3455 crediderunt.

1086 3525 1315 3584 CAPUT
1354 3527 1438 3586 Ill.

559 3680 576 3711 ι
608 3659 677 3714 Et
700 3659 837 3717 dixit
864 3661 1123 3723 Dominus
1160 3660 1230 3717 ad
1259 3676 1347 3718 me
1379 3680 1392 3719 :
1422 3662 1612 3721 Adhuc
1642 3663 1794 3728 vade,
1820 3672 1876 3725 et
1894 3664 2063 3738 dilige

476 3752 760 3808 mulierem
789 3752 1038 3818 dilectam
1069 3754 1246 3818 amico
1274 3763 1331 3809 et
1349 3754 1684 3819 adulteram;
1713 3756 1855 3813 sicut
1883 3756 2058 3827 diligit

476 3844 732 3899 Dominus
754 3844 893 3907 ﬁlios
921 3844 1106 3912 Israel,
1130 3855 1186 3902 et
1209 3846 1311 3916 ipsi
1336 3846 1633 3917 respiciunt
1657 3847 1722 3902 ad
1752 3848 1883 3909 deos
1925 3848 2056 3913 alie-

475 3951 596 4000 nos,
621 3942 676 3990 et
695 3934 925 4006 diligunt
959 3937 1167 3992 vinacia
1191 3952 1438 3993 uvarum.
1475 3957 1495 3990 ι
1522 3937 1628 3997 Per
1650 3937 1759 3999 llas
1778 3939 1917 3998 duas,
1938 3956 2056 3995 mu-

476 4026 657 4094 lieres,
688 4028 745 4085 id
777 4037 862 4084 est
906 4028 1240 4099 superiorem
1271 4027 1639 4092 fornicariam,
1668 4043 1791 4099 qua:
1813 4030 2053 4108 appella-

478 4128 569 4176 tur
587 4120 807 4189 Gomer,
834 4130 891 4177 et
915 4121 1074 4177 istam
1099 4136 1221 4192 quae
1242 4130 1471 4178 vocatur
1500 4120 1771 4187 adultera,
1798 4122 2056 4180 debemus

477 4213 779 4284 intelligere
824 4212 993 4269 Israel
1029 4222 1087 4271 et
1130 4212 1351 4279 ludam,
1394 4213 1449 4269 id
1485 4221 1569 4271 est
1622 4215 1809 4270 decem
1860 4215 2052 4282 tribus,

475 4318 595 4383 quae
629 4312 788 4367 erant
817 4305 871 4369 in
898 4302 1145 4360 Samaria
1173 4305 1272 4359 sub
1299 4320 1431 4374 rege
1454 4304 1804 4372 Hieroboam,
1831 4307 1922 4377 qui
1953 4306 2054 4371 fuit

475 4392 542 4446 de
570 4391 857 4463 Ephraiin;
887 4402 946 4448 et
967 4392 1127 4458 Iuda,
1151 4394 1243 4465 qui
1274 4395 1514 4465 regnavit
1543 4395 1598 4449 in
1625 4394 1958 4451 Hierusalem
1985 4397 2052 4452 de

2162 3297 2396 3375 {Egypto
2426 3299 2774 3365 transtulisti.
2807 3300 3032 3360 Foditur
3055 3307 3185 3372 ergo
3219 3309 3383 3371 atque
3419 3301 3748 3359 conducitur

2161 3388 2276 3451 haec
2305 3387 2501 3447 mulier
2526 3390 2834 3459 quindecim
2863 3390 3152 3463 argenteis,
3185 3398 3241 3446 et
3274 3404 3405 3446 coro
3444 3390 3652 3457 hordei,
3690 3399 3745 3448 et

2161 3479 2384 3539 dimidio
2417 3495 2549 3539 coro
2576 3481 2787 3549 hordei,
2838 3481 2891 3541 id
2930 3492 3014 3538 est
3043 3481 3399 3560 quadraginta
3425 3489 3486 3545 et.
3503 3484 3749 3554 quinque

2160 3569 2377 3632 modiis,
2417 3586 2539 3623 nam
2571 3585 2732 3627 corus
2762 3571 2983 3643 triginta
3029 3572 3237 3637 modios
3267 3573 3449 3637 habet,
3487 3573 3742 3630 dimidius

2158 3674 2288 3717 vero
2322 3676 2485 3716 corus
2527 3662 2858 3731 quindecim.
2901 3664 2969 3724 Et
3019 3665 3123 3724 hac
3173 3664 3420 3722 mercede
3453 3666 3751 3735 conducta,

2159 3750 2364 3815 audivit
2403 3769 2434 3805 a
2482 3752 2712 3816 Domino
2745 3772 2757 3809 :
2795 3772 2814 3807 ι
2849 3755 2974 3811 Dies
3007 3754 3205 3811 multos
3245 3756 3588 3827 exspectabis
3618 3770 3738 3812 me:

2159 3857 2264 3905 non
2288 3840 2662 3908 fornicaberis,
2678 3852 2733 3898 et
2755 3859 2859 3903 non
2881 3845 2993 3907 eris
3012 3845 3150 3900 viro.
3166 3865 3185 3897 ι
3204 3843 3317 3908 Hoc
3328 3854 3444 3901 est:
3466 3859 3567 3903 nec
3593 3860 3743 3901 ama-

2157 3932 2367 3988 toribus
2400 3934 2626 4005 turpitvr
2671 3944 2723 3990 te
2767 3936 3077 4007 prostitues,
3116 3951 3219 3992 nec
3260 3936 3393 4002 mihi
3422 3937 3542 3997 viro
3572 3953 3605 4001 a
3634 3952 3757 4009 quo.

2156 4023 2423 4082 conducta
2455 4039 2516 4081 es
2546 4026 2784 4103 legitimo
2822 4026 3182 4099 conjungeris,
3217 4042 3280 4094 ac
3323 4042 3394 4085 ne
3432 4039 3591 4101 putes
3618 4029 3737 4086 fac-

2159 4125 2263 4170 tam
2297 4117 2391 4171 tibi
2415 4116 2666 4189 iniuriam
2682 4135 2698 4185 ;
2716 4119 2843 4195 quia
2857 4119 2999 4184 dixi:
3021 4137 3040 4172 t
3061 4119 3410 4190 Exspectabis
3426 4137 3535 4188 me,
3547 4141 3566 4176 ι
3585 4122 3737 4193 paria

2156 4208 2254 4270 tibi
2282 4207 2534 4276 referam,
2568 4210 2692 4281 quia
2727 4231 2749 4269 ς
2782 4214 2878 4269 sed
2900 4221 2959 4277 et
2981 4226 3083 4285 ego
3107 4215 3436 4284 exspectabo
3461 4224 3565 4271 te.»
3596 4213 3740 4289 Mys.-

2157 4302 2280 4367 tice,
2308 4303 2616 4373 quindecim
2654 4302 2865 4361 denarii
2909 4306 2977 4360 ad
3018 4306 3266 4376 quintum
3296 4305 3565 4363 decimum
3593 4307 3748 4374 diem,

2154 4394 2313 4461 primi
2343 4393 2567 4459 mensis,
2599 4394 2653 4449 id
2674 4402 2759 4450 est
2783 4394 2970 4461 Nisan,
3000 4410 3113 4466 quo
3140 4394 3309 4455 ειυᾱωί
3357 4397 3563 4471 egressi
3612 4406 3741 4461 sunt

477 4481 645 4551 stirpe
672 4481 1001 4577 David.-Has
1036 4483 1173 4538 duas
1211 4483 1763 4577 mulieresdesc‘ribit
1804 4486 2050 4577 Ezechiel
2087 4520 2131 4577 υ
2160 4483 2226 4577 de
2246 4480 2500 4577 Egypto,
2518 4484 2791 4577 percussis
2807 4485 3740 4577 primogenitisEgyptiorummerv

477 4572 578 4632 sub
607 4570 825 4633 nomine
851 4571 1079 4635 duarum
1103 4587 1371 4635 sororum,
1396 4572 1528 4635 Oola
1558 4574 1807 4631 videlicet
1833 4585 1889 4632 et
1909 4576 2054 4634 Ooli-

478 4664 566 4719 ba.
597 4660 743 4729 Quas
786 4662 832 4718 si
875 4662 1185 4732 diligentius
1224 4663 1552 4720 voluerimus
1579 4665 1927 4737 distinguere,
1958 4682 2055 4738 per

478 4754 737 4833 priorem,
768 4769 889 4824 qua:
934 4753 1225 4819 fornicaria
1258 4755 1576 4828 appellatur,
1615 4758 1799 4815 decem
1839 4758 2051 4820 tribus:

477 4862 578 4925 per
613 4847 931 4915 secundam,
960 4863 1083 4925 quin
1127 4848 1389 4915 adultera,
1416 4847 1609 4905 Iudam
1648 4865 1931 4921 possumus
1972 4852 2054 4906 in»

479 4928 717 5012 telligere
749 4956 760 4992 :
793 4948 848 4992 ct
877 4949 1057 4994 tamen
1090 4939 1416 5010 generaliter
1458 4948 1513 4994 et
1555 4955 1655 5011 per
1690 4939 1835 4995 illam
1872 4950 1929 4996 et
1957 4955 2054 5012 per

481 5031 674 5097 istam,
721 5028 1009 5095 universus
1043 5027 1271 5105 populus
1304 5028 1631 5089 lsraeliticus
1666 5028 1829 5101 (sicut
1872 5030 1927 5086 in
1970 5046 2057 5087 se-

480 5122 770 5194 quentibus
795 5136 1007 5197 quoque
1039 5121 1454 5194 monstrabitur)
1474 5130 1652 5193 potest
1678 5124 1872 5195 accipi.
1893 5122 2054 5184 «quta

481 5212 716 5269 litteram
765 5211 837 5269 ita
872 5218 956 5266 est
999 5211 1402 5282 intelligendum
1442 5200 1585 5289 quod
1625 5213 1776 5283 dicit,
1814 5232 1834 5267 ς
1866 5214 2057 5272 Adhuc

479 5302 633 5369 vade,
664 5311 770 5359 etc.
810 5324 829 5355 ι
864 5302 1068 5359 Sensus
1093 5312 1176 5359 est
1202 5303 1322 5359 hic:
1357 5302 1437 5368 Tu
1457 5304 1674 5374 quidem
1696 5319 1818 5367 eam
1854 5304 2055 5376 diligis,

480 5393 573 5450 sed
602 5394 717 5464 ipsa
739 5394 918 5450 debita
948 5393 1314 5455 vicissitudine
1345 5407 1452 5449 non
1488 5400 1543 5456 te
1575 5392 1771 5464 diligit,
1797 5395 2051 5466 quoniam

480 5485 662 5563 potius
710 5492 861 5540 tuum
904 5484 1180 5556 negligens
1224 5499 1466 5541 amorem
1510 5485 1752 5547 adultera
1795 5495 1899 5554 est,
1929 5488 2053 5557 quia

483 5573 642 5630 alteri
662 5573 778 5632 viro
797 5573 1099 5644 copulatur,
1117 5589 1351 5644 eumque
1367 5574 1489 5645 plus
1510 5590 1672 5646 quam
1694 5582 1746 5639 te
1764 5575 1957 5649 diligit.
1971 5578 2055 5645 Ad

483 5666 625 5738 quod
653 5677 836 5725 autem
868 5670 967 5724 ista
990 5668 1314 5739 pertineant,
1348 5668 1590 5739 aperitur
1611 5686 1733 5726 cum
1769 5672 2055 5741 subditur;

490 5779 513 5821 ι,
550 5759 699 5817 Sicut
727 5761 899 5831 diligit
941 5760 1195 5815 Dominus
1241 5759 1379 5816 filios
1418 5760 1603 5829 Israel,
1643 5783 1660 5816 ι
1693 5764 1746 5821 id
1785 5773 1886 5835 est,
1916 5765 2057 5831 sicut

2165 4569 2356 4629 tinent.
2387 4570 2503 4640 ipsa
2552 4572 2696 4627 enim
2737 4574 2847 4641 die,
2881 4575 2936 4630 id
2978 4583 3063 4631 est
3101 4576 3290 4645 quinta
3331 4576 3543 4633 decima
3584 4577 3735 4643 luna,

2162 4661 2350 4723 eduxit
2375 4675 2470 4718 eos
2489 4663 2749 4727 Dominus
2770 4666 2838 4721 de
2860 4664 3116 4737 Egypto,
3135 4675 3191 4721 et
3216 4667 3271 4732 in
3298 4682 3451 4722 suam
3479 4667 3737 4730 conduxit

2160 4748 2497 4815 servitutem,
2526 4749 2766 4807 liberans
2811 4768 2909 4833 per
2949 4755 3276 4815 occisionem
3317 4755 3442 4827 agni
3485 4756 3554 4817 ab
3588 4756 3740 4821 illata

2158 4842 2315 4913 plaga
2346 4841 2636 4914 Egyptiis.
2675 4844 2959 4916 Cmpitque
3000 4862 3096 4902 eos
3139 4848 3375 4915 erudire,
3401 4848 3747 4912 constituens.

2159 4949 2258 5007 pro
2294 4935 2669 5005 primogenitis
2695 4937 2926 4999 ﬁliorum
2970 4954 3211 5003 suorum,
3242 4940 3336 5010 qui
3378 4940 3592 5011 plagam
3627 4956 3736 5003 non

2161 5041 2380 5082 sensere
2423 5041 2794 5095 communem,
2825 5031 3020 5107 quinos
3065 5040 3353 5103 argenteos
3388 5032 3551 5091 siclos
3601 5047 3734 5088 cou-

2162 5116 2289 5175 ferri
2300 5117 2355 5180 in
2368 5118 2606 5176 donariis
2618 5120 2810 5176 domus
2820 5120 3147 5183 Dei.Deiude
3160 5123 3741 5195 quadragesimoquins

2162 5217 2216 5262 to
2250 5207 2358 5273 die,
2391 5210 2483 5279 qui
2514 5210 2832 5284 intelligitur
2859 5213 2912 5267 in
2949 5214 3304 5291 quadraginta
3342 5215 3579 5284 quinque
3623 5230 3746 5269 mo-

2162 5297 2265 5352 diis
2294 5297 2505 5364 hordei,
2537 5311 2898 5370 pervenerunt
2940 5302 3009 5356 ad
3058 5314 3295 5359 montem
3342 5302 3537 5369 Sinni;
3568 5303 3735 5359 altera

2162 5396 2339 5445 autem
2366 5391 2471 5456 die,
2498 5402 2824 5461 praeceptum
2852 5403 2936 5448 est
2962 5394 3127 5465 Moysi
3159 5402 3220 5461 ut
3247 5409 3306 5450 se
3332 5395 3739 5452 sanctificarent

2163 5495 2261 5550 per
2285 5482 2539 5549 triduum,
2570 5494 2627 5539 et
2649 5500 2680 5539 a
2711 5486 3025 5545 mulieribus
3056 5489 3409 5555 abstinerent,
3438 5497 3497 5545 et
3514 5502 3572 5545 se
3600 5503 3739 5558 pra:-

2163 5581 2354 5643 parent
2381 5574 2448 5629 ad
2491 5575 2857 5646 accipiendam
2900 5578 3112 5645 legem;
3145 5582 3537 5650 transactisque
3567 5578 3743 5639 tribus.

2164 5663 2372 5731 diebus,
2399 5650 2846 5734 quinquagesimo
2885 5668 2972 5720 die
3016 5668 3223 5738 Moyses
3254 5671 3575 5742 Decalogum
3608 5658 3747 5743 legis

2166 5760 2389 5834 accepit.
2422 5759 2521 5832 Qui
2554 5776 2682 5830 ergo
2712 5760 3126 5837 quadragesimo
3162 5762 3353 5837 quinto
3380 5764 3466 5827 die
3499 5762 3568 5820 ad
3614 5775 3745 5824 cum
