4022 6448
280 403 353 458 29

1312 406 1710 464 ENARRATIO
1744 406 1811 461 lN
1851 406 2024 464 OSEE
2061 407 2510 466 PROPHETAM.
3457 420 3525 482 30

279 524 647 585 pervenerunt
676 516 849 572 locum
878 520 932 573 in
969 535 1074 590 quo
1117 521 1287 591 legem
1331 529 1680 590 acceperunt,
1711 522 1847 575 bene
1876 526 1924 581 A
1951 520 2161 590 signum
2186 529 2241 576 et
2268 525 2582 580 memoriam
2612 527 2705 584 Dei
2733 544 3044 601 expressam
3072 533 3125 588 in
3157 534 3407 592 cordibus
3435 553 3530 593 no-

280 605 639 677 quadraginta
663 608 902 678 quinque
929 612 1122 665 modiis
1146 611 1331 667 hordei
1351 609 1516 665 fuisse
1543 609 1852 666 referuntur

277 695 555 750 conducti.
587 695 741 763 Quod
787 709 967 753 autem
1011 701 1294 770 sequitur:
1332 719 1348 751 ι
1386 700 1509 755 Dies
1530 698 1726 771 multos
1758 714 1852 754 ex-

276 787 549 856 spectabis
575 804 682 855 me,
712 809 730 842 ι
763 790 832 844 ad
853 805 1089 860 praesens
1116 792 1350 862 pertinet
1379 798 1732 863 tempus,-quo
1752 806 1850 861 po-

275 877 433 945 pulus
461 875 790 944 Judzeorum,
821 881 912 950 qui
943 882 1210 951 quondam
1242 881 1546 952 quindecim
1580 882 1849 954 argenteis

273 977 328 1020 et
369 966 725 1036 quadraginta
771 971 1009 1039 quinque
1051 971 1245 1027 modiis
1293 973 1482 1028 hordei
1524 973 1842 1039 conductus,

274 1065 394 1125 post
432 1055 857 1113 incarnationem
898 1058 1107 1121 Domini
1136 1061 1373 1131 ejusdem
1409 1062 1658 1127 videlicet
1690 1080 1847 1134 spon-

272 1147 314 1200 si
352 1146 644 1203 advcntum
670 1149 772 1204 viri
804 1150 886 1206 sui
917 1136 1216 1227 exspectat,
1245 1154 1414 1209 donec
1450 1155 1531 1226 (ut
1557 1154 1844 1224 Apostolus

272 1237 421 1310 dicit)
440 1257 458 1288 ι
483 1239 757 1308 plenitudo
772 1241 1010 1310 gentium
1027 1242 1277 1308 introeat,
1306 1251 1361 1298 et
1384 1244 1464 1304 sic
1490 1243 1843 1323 omnislsrael

269 1329 449 1384 salvus
479 1330 590 1385 ﬁat.
615 1351 634 1382 ι
667 1331 818 1400 Quod
835 1347 964 1399 vero
990 1332 1160 1389 dicit:
1192 1352 1211 1391 ε
1246 1349 1353 1390 non
1382 1334 1756 1405 fornicaberis,
1789 1346 1844 1393 et

269 1437 374 1475 non
398 1421 506 1477 eris
526 1422 666 1489 vim,
690 1442 708 1476 ι
741 1422 843 1483 hoc
863 1425 1100 1480 ostendit
1120 1426 1261 1495 quod
1286 1426 1500 1483 interim
1532 1427 1692 1484 modo
1721 1427 1838 1483 ido-

267 1513 334 1567 lis
363 1528 468 1568 non
497 1514 682 1581 servit,
711 1530 811 1571 nec
836 1525 1013 1572 tamen
1038 1518 1202 1587 habet
1222 1517 1411 1584 Deum,
1438 1519 1533 1573 sed
1557 1527 1611 1574 et
1635 1528 1841 1593 amato-

266 1604 416 1659 ribus
442 1614 497 1659 et
528 1606 645 1676 viro
671 1605 896 1676 spoliata
920 1615 1039 1676 est;
1069 1616 1125 1664 et
1154 1608 1280 1679 quia
1312 1608 1486 1663 virum
1518 1623 1623 1667 non
1649 1609 1833 1678 habet,

265 1707 367 1746 nec
404 1694 640 1755 vescitur
673 1684 831 1751 modo
855 1695 975 1751 cibo
1004 1696 1305 1766 hominum,
1337 1697 1389 1757 id
1414 1705 1518 1767 est,
1542 1697 1832 1767 frumento,

262 1786 358 1839 sed
394 1786 598 1845 hordeo
625 1787 1075 1845 irrationabilium
1108 1789 1494 1860 jumentorum,
1535 1791 1662 1859 quia
1691 1791 1838 1855 vide-

1951 608 2101 675 stris,
2128 610 2279 681 juxta
2321 614 2461 681 quod
2490 614 2664 671 eidem
2689 619 3065 679 deeantamus:
3091 642 3109 675 ι
3138 622 3420 696 Signatum
3445 638 3530 685 est

1950 714 2108 768 super
2140 716 2239 756 nos
2264 701 2443 759 lumen
2471 705 2648 762 vultus
2675 709 2772 775 tui,
2802 710 3046 771 Domine.
3077 735 3096 768 ι

2023 808 2043 841 ι
2076 791 2142 846 Ει
2181 794 2440 862 posthaec
2469 806 2809 855 revertentur
2837 803 2930 858 ﬁlii
2955 804 3148 873 Israel,
3180 817 3235 865 et
3277 821 3522 881 quterent

1947 880 2231 937 Dominum
2260 883 2428 939 Deum
2457 901 2630 954 suum,
2658 897 2711 944 et
2736 891 2902 946 David
2933 909 3113 964 regem
3136 880 3314 955 suum.
3349 921 3368 952 ι
3398 901 3523 957 Post

1946 970 2084 1038 haec,
2120 971 2177 1027 id
2202 981 2304 1039 est,
2355 984 2636 1046 postquam
2680 978 2795 1037 haec
2824 983 3005 1043 omnia
3051 985 3268 1057 impleta
3300 990 3522 1060 fuerint,

1943 1062 2072 1117 dum
2120 1064 2391 1135 plenitudo
2421 1069 2658 1137 gentium
2702 1071 3015 1140 intraverit,
3050 1090 3387 1139 revertentur
3427 1085 3519 1141 ﬁlii

1942 1152 2108 1243 israel
2134 1170 2232 1225 per
2254 1159 2684 1227 praedicationem
2716 1163 2843 1219 Eliae
2871 1176 2927 1220 et
2951 1166 3132 1223 Enoch
3150 1209 3165 1235 ,
3197 1180 3250 1227 et
3276 1184 3516 1243 quaerent

1946 1242 2227 1332 Dominum
2255 1246 2423 1302 Deum
2450 1264 2629 1316 suum,
2659 1260 2713 1307 et
2739 1254 2904 1313 David
2932 1270 3110 1332 regem
3138 1242 3317 1325 suum,
3339 1261 3392 1316 id
3435 1275 3522 1319 cst

1942 1330 2155 1401 Patrem
2178 1344 2233 1389 et
2259 1336 2453 1397 Filium
2493 1337 2610 1411 ejus
2633 1339 2817 1397 Iesum
2844 1330 3152 1415 Christum,
3180 1347 3372 1405 Filium
3403 1352 3519 1421 cjtts

1941 1438 2105 1477 unum
2135 1423 2304 1480 Deum
2332 1428 2495 1483 corde
2537 1437 2592 1484 et
2631 1445 2725 1487 ore
2750 1439 2808 1487 et
2832 1448 2994 1503 opere
3021 1435 3359 1493 conﬁtentes.
3401 1458 3417 1490 ι
3450 1440 3518 1494 Et

1938 1514 2206 1588 pavebant
2235 1516 2303 1571 ad
2334 1517 2619 1583 Dominum
2637 1561 2654 1587 ,
2677 1529 2732 1576 et
2756 1522 2823 1577 ad
2851 1523 3049 1579 bonum
3078 1523 3194 1596 ejus
3234 1526 3291 1593 in
3338 1529 3518 1584 novis-

1939 1604 2076 1660 simo
2102 1604 2330 1660 dierum.
2370 1626 2390 1659 ι
2429 1607 2689 1684 Spiritum
2709 1612 2959 1677 videlicet
2984 1600 3228 1678 sanctum
3247 1656 3263 1682 ,
3288 1618 3380 1687 qui
3406 1634 3512 1673 non

1937 1704 2092 1749 extra
2120 1693 2336 1761 Patrem
2361 1706 2415 1763 et
2440 1698 2633 1754 Filium
2652 1740 2670 1766 ,
2695 1703 2788 1758 sed
2812 1702 2972 1759 simul
2998 1719 3121 1760 cum
3148 1704 3306 1762 Patre
3333 1715 3388 1762 et
3420 1708 3510 1762 Fi-

1937 1784 2007 1846 lio
2022 1801 2159 1853 unus
2177 1797 2258 1842 est
2273 1787 2431 1843 Deus.
2451 1790 2527 1846 De
2539 1806 2647 1862 quo
2667 1791 2801 1848 dicit
2816 1794 3245 1867 discipulissuis:
3270 1814 3290 1849 σ
3311 1797 3366 1853 Si
3390 1813 3509 1862 vos,

260 1873 389 1929 licet
446 1875 778 1951 spiritualem
843 1891 1064 1934 sensum
1126 1878 1484 1948 viviﬁcantem
1525 1894 1632 1951 non
1663 1880 1829 1950 capit,
1859 1881 1905 1941 Β
1933 1890 2053 1935 cum
2085 1876 2205 1932 sitis
2235 1878 2381 1945 mali,
2407 1882 2577 1936 nostis
2599 1883 2739 1954 bona
2761 1884 2891 1947 dare
2918 1885 3039 1953 ﬁliis
3064 1887 3279 1957 vestris,
3309 1899 3512 1960 quanto

258 1964 355 2018 sed
386 1965 716 2033 occidentem
748 1965 986 2038 litteram
1009 1968 1270 2045 sequitur.
1302 1968 1560 2040 Quodque
1595 1969 1828 2042 additur,

265 2071 282 2103 ‹
330 2054 425 2109 sed
470 2063 527 2109 et
574 2068 674 2126 ego
702 2057 1022 2127 exsltectabo
1061 2066 1132 2124 te,
1170 2076 1190 2111 ι
1225 2059 1293 2113 ad
1334 2072 1427 2113 eos
1461 2057 1696 2128 pertinet
1737 2058 1829 2128 qui

260 2153 580 2213 exspectant
608 2145 675 2200 ad
715 2145 819 2217 hoc
847 2154 905 2201 ut
936 2147 991 2207 in
1034 2146 1141 2206 line
1170 2147 1349 2204 saeculi
1378 2148 1656 2211 credentes
1685 2145 1825 2204 reci-

256 2233 480 2305 piantur
512 2236 576 2303 ad
611 2236 914 2309 amplexum
943 2238 1163 2305 Christi,
1195 2240 1411 2311 quando
1452 2253 1517 2293 ex
1552 2237 1749 2303 Iudaeis
1772 2248 1825 2307 et

254 2324 507 2391 gentibus
538 2326 625 2383 ﬁet
651 2341 788 2381 unus
811 2342 961 2401 grex,
991 2344 1157 2401 unum
1186 2329 1389 2384 habens
1414 2336 1705 2401 pastorem,
1733 2330 1826 2401 qui

252 2415 320 2466 dc
352 2430 411 2469 se
441 2414 568 2469 dicit
593 2433 605 2468 :
638 2434 656 2466 ί
693 2416 806 2486 Ego
831 2433 950 2472 sum
979 2427 1165 2487 pastor
1190 2418 1381 2474 bonus.
1414 2439 1434 2480 ρ
1758 2410 1762 2415 ’

326 2523 343 2556 ι
384 2504 518 2571 Quia
562 2505 677 2562 dies
712 2507 909 2578 multos
936 2508 1197 2582 sedebant
1221 2509 1313 2564 ﬁlii
1341 2509 1502 2565 lsrael
1532 2509 1647 2566 sine
1676 2523 1821 2584 rege,

247 2602 301 2648 ct
331 2594 446 2650 sine
470 2595 729 2671 principe,
776 2606 831 2654 et
877 2598 994 2666 sine
1022 2600 1305 2665 sacriﬁcio,
1337 2608 1392 2656 et
1420 2600 1537 2660 sine
1561 2601 1736 2667 altari,
1765 2609 1821 2672 et

250 2687 369 2742 sine
398 2688 592 2759 ephod,
636 2682 690 2742 et
726 2688 840 2744 sine
866 2689 1185 2760 tberaphim.
1225 2710 1244 2745 ι
1280 2689 1449 2748 Judmi
1478 2700 1659 2748 autem
1704 2693 1820 2757 hate

242 2778 424 2841 omnia
443 2778 508 2833 ad
533 2781 868 2852 septuaginta
883 2798 1050 2838 annos
1070 2798 1181 2839 suae
1200 2784 1527 2863 captivitatis
1549 2784 1814 2855 referunt;

242 2872 336 2926 sed
380 2873 571 2935 melius
599 2882 679 2929 cst
697 2916 713 2941 ,
743 2884 801 2930 ut
826 2875 1011 2932 beatus
1040 2876 1397 2948 Hieronymus
1416 2877 1567 2944 dicit,
1596 2878 1661 2934 de
1683 2893 1817 2951 prae-

242 2966 380 3020 senti
422 2974 681 3037 tempore,
713 2967 797 3023 vel
834 2969 900 3023 de
924 2968 1109 3023 ultima
1134 2967 1437 3025 Iudaeorum
1465 2970 1816 3035 conversione

1932 1967 2104 2038 magis
2137 1967 2312 2064 Pater
2336 1979 2517 2041 vester
2546 1973 2618 2061 de
2643 1974 2784 2044 caelo
2831 1976 2980 2032 dabit
3020 1976 3278 2064 Spiritum
3305 1979 3507 2045 bonum

1928 2058 2237 2131 petentibus
2257 2063 2348 2130 se:
2389 2081 2409 2115 ι

2540 2219 2767 2279 CAPUT
2802 2222 2893 2291 1V.

2002 2360 2021 2394 ι
2051 2340 2248 2399 Audite
2271 2346 2491 2402 verbum
2517 2347 2746 2423 Domini,
2776 2354 2869 2409 ﬁlii
2893 2354 3076 2423 Israel,
3097 2358 3224 2430 quia
3239 2359 3502 2431 judicium

1924 2428 2151 2497 Domino
2173 2448 2295 2488 cum
2333 2436 2729 2497 habitatoribus
2759 2452 2934 2499 terrai.
2975 2465 2992 2499 ο
3029 2428 3155 2505 Haec
3179 2428 3341 2506 verba
3367 2468 3497 2524 pro-

1920 2522 2038 2591 prie
2078 2523 2145 2577 ad
2189 2538 2282 2579 eos
2307 2528 2602 2599 pertinent,
2646 2532 2736 2601 qui
2765 2533 2818 2588 in
2849 2536 3080 2592 adventu
3109 2539 3226 2595 Filii
3254 2541 3348 2597 Dei
3368 2522 3503 2599 sunt
3594 2606 3599 2611 ,

1919 2614 2136 2683 reperti,
2170 2613 2294 2671 licet
2318 2624 2373 2671 et
2392 2617 2544 2701 juxta
2577 2619 2813 2686 litteram
2842 2625 2923 2680 eis
2949 2627 3154 2696 possint
3173 2632 3372 2699 aptari,
3401 2638 3496 2703 qui

1922 2712 2049 2769 tunc
2081 2706 2341 2775 temporis
2368 2707 2424 2762 in
2452 2709 2638 2769 decem
2669 2720 2724 2768 et
2753 2712 2960 2771 duabus
2988 2718 3233 2774 tribubus
3261 2735 3500 2780 commo-

1921 2793 2197 2860 rabantur,
2223 2796 2417 2865 quibus
2438 2806 2492 2853 et
2512 2802 2772 2871 propheta
2797 2804 2911 2861 btec
2929 2804 3184 2876 loquitur,
3207 2814 3498 2870 ostendens

1917 2897 2022 2938 non
2073 2883 2273 2940 frustra
2301 2889 2497 2967 Iratum
2526 2888 2716 2957 Deum,
2749 2900 2860 2948 tam
2891 2896 3074 2964 gravia
3097 2900 3413 2959 comminari
3443 2912 3498 2957 rt

1918 2974 2118 3049 inferre
2147 2976 2407 3052 supplicia
2439 2994 2562 3051 qua:
2606 2983 2853 3052 superius
2878 2986 3019 3041 dicta
3044 2996 3191 3054 sunt,
3214 2999 3275 3045 ut
3294 2992 3499 3049 scilicet

241 3054 460 3126 intelligi
490 3073 608 3126 quae
629 3055 897 3111 dicuntur.
913 3056 1031 3112 Jam
1053 3058 1196 3112 enim
1222 3058 1277 3112 in
1304 3057 1389 3114 his
1404 3058 1586 3122 verbis
1604 3072 1668 3125 ea
1695 3074 1816 3133 quas
1914 3074 2094 3120 essent
2121 3059 2236 3122 sine
2272 3082 2416 3140 rege,
2449 3072 2767 3142 ueterisque
2802 3074 2854 3129 in
2884 3075 3080 3145 quibus
3107 3087 3331 3136 eatenus
3378 3081 3494 3151 glo-

237 3145 486 3214 superius
511 3145 651 3201 dicta
685 3154 810 3203 sunt
838 3146 1246 3217 intelliguntur:
1284 3147 1412 3217 quia
1457 3147 1574 3202 dies
1615 3148 1814 3203 multos
1848 3227 1880 3233 _
1916 3157 2038 3211 riati
2078 3155 2311 3212 fuerant.
2358 3157 2463 3227 Sed
2490 3162 2616 3229 quia
2647 3171 2804 3219 erant
2846 3165 2964 3221 sine
2995 3168 3243 3233 veritate,
3277 3178 3334 3225 et
3379 3145 3496 3227 sine

235 3236 573 3306 exspectabis
604 3252 718 3307 me,
748 3254 855 3294 non
886 3239 1258 3296 fornicaberis.
1286 3239 1442 3295 Modo
1476 3254 1709 3310 namque
1727 3256 1811 3296 se.
1838 3227 1881 3288 (ἶ
1914 3249 2301 3316 misericordia,
2333 3259 2387 3306 et
2414 3252 2531 3308 sine
2558 3255 2783 3310 scientia
2812 3257 2940 3323 Dei,
2970 3266 3025 3313 et
3047 3260 3406 3331 maledictum,
3441 3274 3497 3321 et

234 3327 387 3392 dent,
438 3327 539 3383 hoc
575 3337 658 3383 est
702 3328 949 3384 habitant
980 3329 1149 3385 Judaei
1176 3330 1459 3407 contracti,
1490 3331 1614 3407 quia
1636 3340 1809 3387 status
1911 3340 2267 3415 mendacium,
2293 3349 2347 3397 et
2372 3343 3058 3419 homicidium,c:eteraque
3082 3352 3246 3408 multa
3270 3327 3497 3412 inunda-

234 3418 610 3493 rectitudinem
636 3420 963 3486 amiserunt.
1008 3429 1063 3477 et
1105 3428 1231 3477 sum
1269 3420 1387 3477 sine
1414 3436 1543 3492 rege
1567 3420 1805 3491 Christo.
1907 3439 2117 3502 verant,
2167 3431 2367 3489 idcirco
2418 3434 2511 3489 Dei
2545 3433 2752 3504 judicio
2787 3437 2953 3509 justo,
2976 3418 3053 3497 ab
3100 3442 3494 3503 habitatoribus

231 3511 327 3582 qui
344 3510 970 3584 loquiturztEgoautem
996 3512 1451 3570 constitutussum
1474 3512 1653 3581 rexab
1673 3526 1801 3578 eo,»
1908 3520 2050 3577 illius
2102 3530 2259 3579 terra:
2307 3523 2422 3580 haec
2469 3527 2650 3597 omnia
2696 3528 2893 3598 ablata,
2944 3533 3151 3605 ipsique
3194 3536 3493 3607 captivitati

236 3622 255 3652 ι
283 3610 339 3658 et
364 3604 480 3659 sine
500 3603 760 3674 principe,
798 3623 817 3658 ι
856 3605 909 3660 id
941 3613 1041 3677 est,
1072 3606 1188 3675 ipso
1211 3604 1512 3672 Salvatore.
1538 3605 1621 3660 vel
1642 3606 1804 3661 etiam
1907 3622 2030 3673 sunt
2050 3613 2254 3690 traditi,
2274 3625 2532 3690 augentes
2549 3629 2770 3691 peccata
2791 3603 3048 3695 peccatis,
3062 3603 3116 3681 et
3133 3603 3287 3684 novis
3310 3639 3490 3686 vetera

230 3693 858 3765 pontiﬁceetsacerdote,
875 3696 1057 3765 dequo
1072 3696 1485 3767 scriptumestn
1504 3694 1805 3783 Principom
1905 3705 2262 3773 cumulantes.
2301 3709 2372 3766 Ut
2399 3719 2579 3775 autem
2611 3693 2864 3783 diximus,
2912 3720 3150 3781 maxime
3178 3722 3245 3778 ad
3285 3737 3382 3780 eos
3407 3736 3492 3779 re~

230 3783 414 3853 populi
440 3784 631 3839 tninon
651 3784 959 3841 maledices.
982 3784 1323 3843 tSuntetiam
1344 3804 1363 3838 ι
1384 3774 1804 3855 sinesacriﬁcio,
1905 3797 2169 3869 fet-untur,
2198 3800 2290 3870 qui
2317 3802 2485 3857 Deum
2515 3802 2571 3870 in
2600 3818 2766 3868 carne
2793 3774 3050 3865 viderunt
3090 3822 3146 3868 et
3170 3814 3483 3873 audierunt.

226 3884 283 3928 et
310 3874 427 3929 sine
464 3875 641 3942 altari,
681 3896 700 3929 ι
732 3878 858 3964 quia
907 3877 1117 3967 perdito
1167 3876 1284 3933 loco
1325 3876 1417 3953 ubi
1458 3875 1715 3965 templum
1751 3887 1808 3934 et
1903 3889 1998 3955 sed
2026 3888 2081 3943 in
2105 3904 2230 3945 eum
2255 3892 2476 3947 credere
2501 3893 2806 3973 noluerunt,
2834 3897 2928 3953 sed
2955 3900 3021 3955 ad
3062 3915 3251 3958 eorum
3302 3918 3490 3974 poste-

223 3966 400 4021 altare
441 3958 770 4035 habuerant,
818 3969 884 4024 de
912 3962 1123 4040 quo‘eis
1149 3971 1204 4024 in
1231 3970 1346 4045 lege
1371 3961 1802 4062 praecipiebatur:
1905 3995 2014 4035 ros.
2044 3979 2252 4037 Dicitur
2280 3998 2515 4059 namque
2540 3986 2659 4041 eis:
2697 4005 2718 4040 ι
2751 3958 2948 4051 Audite
2973 3992 3195 4047 verbum

218 4057 282 4123 in
327 4055 446 4109 loco
475 4071 633 4124 quem
680 4057 905 4127 elegerit
941 4058 1218 4125 Dominus,
1263 4059 1611 4116 immolabitis
1651 4061 1719 4127 ei,
1751 4069 1806 4116 et
1904 4072 1995 4144 mit
2031 4073 2215 4137 Israel,
2247 4094 2264 4135 η
2301 4055 2442 4147 φήμ’
2463 4077 2725 4149 judicium
2758 4079 2985 4135 Domino
3017 4095 3137 4136 cum
3166 4055 3485 4140 ιηωιαιοιαῖξ

217 4162 335 4201 non
364 4146 419 4199 in
441 4146 585 4212 omni
616 4146 753 4211 loco,
805 4150 1366 4237 nequaquamlegaies
1394 4151 1645 4217 victimas
1669 4151 1802 4211 oﬁ'ee
1902 4162 2003 4217 bus
2020 4170 2200 4230 terrae,
2230 4146 2333 4220 hoc
2356 4174 2440 4221 est
2467 4146 2610 4237 lcum
2639 4165 2838 4224 Judeis
2859 4184 3074 4241 semper
3095 4178 3307 4229 terrena
3334 4176 3479 4231 desi-

219 4243 372 4293 runt.
408 4253 427 4286 t
462 4235 529 4290 Et
553 4236 670 4293 sine
702 4232 903 4307 ephod.
936 4256 955 4291 ι
987 4236 1176 4310 Ephod
1207 4240 1423 4308 proprie
1451 4242 1805 4309 superhume-

220 4330 338 4391 rale
367 4338 607 4404 vocatur,
642 4329 732 4384 sed
768 4330 856 4393 hic
881 4345 979 4401 pro
1000 4330 1144 4393 omni
1175 4331 1494 4387 vestimento
1518 4328 1800 4411 accipitur.

219 4422 526 4493 Aliquando
555 4431 735 4493 autem
766 4423 985 4493 ponitur
1012 4432 1069 4480 et
1094 4439 1193 4494 pro
1236 4422 1394 4498 lineis
1437 4424 1796 4487 vestimentis,

219 4514 361 4569 sicut
393 4512 460 4567 de
486 4511 733 4568 Samuele
761 4513 1006 4585 legimus,
1033 4501 1158 4584 quia
1196 4514 1414 4587 indutus
1449 4516 1624 4585 ephod
1656 4515 1799 4585 lineo

218 4613 359 4673 erat.
385 4604 710 4676 Theraphim
737 4606 951 4677 proprie
980 4607 1314 4677 appellantur
1338 4607 1519 4677 ﬁgurae
1548 4620 1602 4663 et
1637 4609 1797 4664 simu-

219 4700 363 4770 lacra
383 4738 397 4763 ,
429 4712 547 4767 quae
592 4712 697 4752 non
728 4705 950 4766 possunt
988 4698 1040 4752 in
1069 4698 1319 4768 praesenti
1367 4698 1484 4759 loco
1512 4701 1792 4768 duntaxat,

214 4787 474 4844 cherubin
497 4795 549 4841 et
599 4788 868 4858 seraphin,
900 4788 1013 4842 sive
1040 4789 1142 4843 alia
1169 4806 1287 4859 quae
1317 4789 1369 4844 in
1400 4790 1596 4860 templo
1629 4806 1791 4846 οτηε-

215 4886 398 4933 menta
428 4878 540 4936 ﬁeri
579 4866 735 4946 jussa'
754 4887 912 4944 sunt,
942 4879 1068 4954 dici,
1092 4881 1182 4935 sed
1213 4880 1303 4934 hic
1329 4896 1426 4949 pro
1457 4868 1603 4936 omni
1633 4896 1791 4949 orna-

214 4979 398 5025 mento
440 4969 761 5037 sacerdotali
807 4971 1038 5050 positum
1085 4971 1412 5027 noverimus.
1456 4970 1581 5037 1132c
1607 4975 1787 5029 omnia

211 5072 497 5134 postquam
530 5063 874 5131 perdiderunt
899 5062 1085 5134 Iudaei,
1110 5064 1465 5134 spiritualiter
1484 5066 1641 5125 nobis
1660 5066 1783 5121 data

209 5159 338 5208 sunt
360 5151 415 5207 in
445 5146 700 5211 Ecdlesia.
732 5151 837 5213 Nos
864 5155 1003 5209 enim
1026 5170 1214 5209 verum
1243 5171 1423 5225 regem
1452 5164 1505 5211 et
1534 5159 1779 5214 sacerdo-

1904 4253 2236 4320 derantibus,
2279 4256 2476 4327 quibus
2513 4260 2771 4325 contrarii
2800 4268 2925 4318 sunt
2961 4262 3035 4317 illi
3085 4264 3176 4334 qui
3232 4265 3481 4324 caelestes

1903 4343 2257 4418 appellantur,
2288 4347 2379 4418 qui
2409 4362 2470 4404 se
2492 4350 2806 4422 peregrinos
2827 4359 2881 4409 et
2901 4350 3136 4408 advenas
3162 4353 3215 4408 in
3246 4354 3348 4411 hac
3370 4357 3475 4411 vita

1901 4435 2304 4505 considerantes
2328 4439 2396 4493 ad
2423 4440 2663 4496 coelestia
2703 4442 2944 4513 tendunt,
2989 4441 3121 4498 Cum
3152 4444 3237 4499 his
3262 4444 3475 4500 habita-

1901 4525 2106 4589 toribus
2165 4535 2324 4585 ιρι-τῖε
2371 4528 2634 4602 judicium
2687 4533 2818 4605 agit,
2875 4532 2931 4592 id
2983 4541 3084 4600 est,
3141 4533 3472 4591 damnationi

1902 4626 2115 4675 aeternae
2144 4636 2238 4676 eos
2267 4622 2399 4677 tradi
2421 4624 2707 4693 promittit.
2742 4624 2917 4691 Quare
2939 4634 3119 4680 autem
3150 4626 3254 4682 hoc
3309 4625 3476 4683 faciat

1902 4708 2094 4779 aperit,
2120 4708 2463 4781 subjungens,
2505 4730 2524 4771 ς
2559 4711 2675 4767 Νοη
2720 4722 2803 4767 est
2854 4714 2997 4769 enim
3050 4714 3267 4778 veritas,
3305 4735 3326 4769 ι
3378 4718 3470 4771 sed

1901 4800 2265 4868 unusquisque
2292 4815 2415 4857 cum
2447 4803 2692 4870 proximo
2721 4818 2818 4860 suo
2844 4803 3080 4872 loquitur
3108 4804 3461 4861 mendacium.

1900 4887 1992 4945 Vel
2015 4905 2118 4947 non
2142 4900 2225 4946 est
2250 4892 2467 4955 veritas,
2483 4893 2604 4962 quia
2632 4892 2718 4947 ille
2738 4894 2826 4961 qui
2851 4893 2914 4948 de
2928 4908 2985 4947 se
3007 4893 3165 4965 dicit:
3187 4914 3204 4946 ‹
3224 4893 3337 4965 Ego
3349 4909 3467 4949 smn

1898 4979 2117 5044 veritas,
2148 5000 2166 5033 ι
2190 4996 2294 5045 non
2327 4981 2531 5049 habitat
2557 4983 2608 5036 in
2625 4983 2876 5047 cordibus
2903 5000 3107 5052 eorum.
3128 5005 3145 5036 ι
3171 4985 3237 5040 Et
3256 5001 3361 5042 non
3383 4997 3467 5040 est

1892 5066 2290 5133 misericordia,
2329 5088 2347 5121 ι
2383 5070 2506 5138 quia
2544 5071 2785 5127 subditos
2826 5082 3249 5147 persequuntur,
3283 5082 3338 5130 et
3364 5090 3462 5144 pu-

1882 5157 2008 5226 pillo
2032 5174 2094 5213 ac
2126 5159 2300 5213 vidua:
2331 5176 2437 5227 non
2468 5162 2808 5224 miserentur.
2846 5163 2992 5219 Unde
3021 5165 3183 5227 etiam
3235 5179 3334 5219 nec
3365 5165 3462 5232 ipsi

209 5255 318 5299 tem
336 5243 1497 5314 habemusChristum,qui«estsacerdosin
1518 5257 1776 5306 mternum
1880 5248 2096 5310 Christo
2141 5264 2517 5323 pepercerunt,
2568 5259 2662 5313 sed
2715 5258 2875 5324 veluti
2924 5273 3086 5314 canes
3137 5258 3462 5315 rabidissimi

206 5335 503 5397 secundum
526 5336 765 5397 ordinem
786 5334 1205 5404 Melchisedech;
1233 5357 1251 5389 ›
1277 5338 1537 5393 habemus
1566 5341 1773 5407 sacriﬁ-

203 5428 347 5485 cium
362 5442 548 5482 verum
563 5428 802 5500 corporis
818 5439 873 5483 et
891 5430 1164 5499 sanguinis
1186 5429 1424 5495 Domini;
1445 5432 1704 5488 habemus
1725 5443 1780 5488 et

201 5518 400 5591 ephod,
430 5519 532 5575 hoc
560 5528 644 5575 est
675 5520 1053 5578 vestimentum
1080 5520 1401 5577 innocentiae
1426 5531 1480 5576 et
1520 5521 1778 5592 simplici-

202 5615 350 5680 tatis,
377 5613 504 5670 facti
529 5614 627 5686 ipsi
647 5614 956 5673 sacerdotes
972 5624 1027 5670 et
1055 5629 1231 5688 reges,
1247 5612 1399 5683 juxta
1420 5615 1561 5685 quod
1584 5615 1777 5672 Petrus

199 5707 370 5761 uicit:
419 5726 437 5757 ι
472 5705 580 5761 Vos
629 5721 797 5776 genus
844 5708 1108 5773 electum,
1165 5706 1343 5778 regale
1391 5706 1773 5773 sacerdotium,

198 5812 331 5873 gens
377 5808 581 5873 sancta.
649 5820 667 5851 ι
716 5798 987 5855 Habemus
1053 5809 1106 5855 et
1155 5799 1485 5887 theraphim,
1540 5797 1639 5853 hoc
1694 5807 1776 5870 est

1880 5350 2064 5395 contra
2087 5357 2208 5397 eum
2234 5360 2325 5398 ora
2357 5360 2452 5401 sua
2475 5356 2821 5418 aperuerunt,
2852 5349 3126 5417 dicentes:
3161 5368 3177 5398 ι
3209 5346 3353 5403 Reus
3381 5358 3462 5403 cst

1884 5434 2089 5498 mortis,
2104 5454 2122 5487 ι
2146 5443 2225 5490 et:
2252 5456 2268 5488 ι
2280 5436 2564 5511 Cruciﬁge,
2580 5441 2725 5497 cruci
2733 5440 2851 5512 ﬁge.
2866 5461 2883 5498 ι
2910 5442 2996 5507 tEt
3019 5456 3122 5494 non
3138 5447 3221 5495 est
3234 5441 3457 5495 scientia

1884 5522 1999 5579 Dei.
2038 5544 2057 5575 ι
2090 5525 2203 5584 Hoc
2230 5537 2331 5595 est,
2365 5530 2499 5585 ﬁdes
2519 5538 2574 5598 et
2602 5533 2837 5602 cognitio
2862 5532 3094 5593 nominis
3120 5531 3213 5586 Dei
3242 5544 3347 5586 non
3376 5540 3459 5586 est

1884 5614 1935 5667 in
1961 5616 2211 5673 cordibus
2231 5634 2443 5688 eorum,
2469 5623 2560 5693 qui
2599 5631 2814 5689 terrena
2852 5623 3187 5680 solummodo
3219 5624 3451 5695 sapiunt.

1884 5706 1978 5762 Vel
2004 5718 2149 5765 certe
2176 5712 2421 5781 scientia,
2450 5715 2503 5771 id
2530 5723 2614 5772 est
2637 5717 2899 5786 sapientia
2925 5715 3016 5771 Dei
3042 5716 3231 5786 patris,
3276 5714 3370 5789 qui
3389 5715 3455 5772 de

1882 5810 1938 5850 sc
1954 5798 2081 5853 dicit
2095 5815 2190 5875 per
2207 5801 2548 5871 Salomonem
2567 5823 2581 5860 :
2604 5825 2622 5865 ς
2644 5806 2758 5877 Ego
2773 5807 3033 5878 sapientia
3050 5808 3231 5865 habito
3254 5805 3308 5864 iu
3331 5820 3454 5862 con-
