4022 6468
494 386 554 441 5|
952 358 1304 440 HAYMONIS
1343 382 1820 437 llALBERSTAT.
1863 380 2075 434 EPISC.
2112 380 2262 435 OPP.
2304 380 2498 434 PARS.
2543 381 2580 434 Ι.
2636 411 2681 419 -
2715 379 3068 435 COMMENT.
3107 381 3273 435 Βιιιι.
3674 384 3746 439 59.

492 499 636 564 silio,
653 507 709 554 et
731 498 960 555 eruditis
985 497 1244 556 intersum
1269 496 1700 567 cogitationibus.
1729 515 1747 547 ι
1766 496 1834 549 Et
1857 495 1925 550 de
1948 509 2056 564 quo
2083 498 2129 554 Α
2161 491 2529 562 temporalium
2547 490 2826 562 profundis
2841 493 3225 563 quazstiouibus
3245 493 3588 551 desudantes.
3606 470 3633 547 hc
3656 498 3745 553 Pi-

496 586 812 658 Apostolus,
842 608 860 640 ‹
889 586 1161 642 Christum
1190 587 1362 656 inquit
1387 586 1482 641 Dei
1506 586 1756 640 virtutem
1781 592 1836 640 et
1860 585 1955 643 Dei
1979 600 2065 639 sa-

493 685 770 754 pientiam.
787 703 805 735 ι
829 683 941 739 Νοη
957 681 1163 739 habitat
1188 682 1243 737 in
1269 690 1432 744 terra,
1463 682 1567 737 hoc
1591 690 1695 745 est,
1724 694 1830 736 nou
1857 679 2067 749 requie-

490 779 593 833 scit
616 778 669 831 in
696 776 906 831 illorum
936 774 1222 838 mentibus,
1248 772 1342 844 qui
1363 773 1432 828 ab
1456 772 1574 844 ejus
1601 772 1709 828 ﬁde
1727 779 1856 827 sunt
1880 770 2061 828 alieni.

493 868 569 922 De
597 865 790 936 quibus
825 864 1002 919 adhuc
1025 863 1287 933 sequitur.

566 977 583 1007 ι
608 955 964 1019 Maledictum,
985 962 1039 1008 et
1060 952 1422 1018 mendacium,
1436 960 1491 1008 et
1506 950 1869 1014 homicidium,
1889 956 1942 1006 el
1960 947 2069 1004 fur-

495 1058 628 1112 tum,
654 1057 710 1103 et
737 1046 1063 1107 adulterium
1090 1045 1500 1101 innudaverunt.
1526 1062 1544 1095 ι
1577 1041 1915 1097 Maledictum
1940 1055 2067 1110 per-

493 1138 628 1193 tinet
676 1138 745 1211 ad
793 1152 981 1197 eorum
1023 1135 1263 1193 convicia
1304 1143 1363 1190 et
1397 1133 1715 1203 opprobria,
1753 1132 1840 1202 qui
1878 1139 2067 1187 contra

497 1230 663 1284 Deum
692 1229 990 1292 tumebant,
1008 1227 1249 1283 dicentes
1274 1245 1287 1281 :
1318 1246 1337 1278 ι
1366 1226 1697 1282 Dacmonium
1718 1224 1902 1287 habes,
1931 1243 1948 1274 ι
1984 1230 2062 1287 et,

501 1338 519 1367 ι
554 1319 924 1377 Samaritanus
960 1332 1053 1382 es,
1089 1336 1119 1374 ο,
1144 1325 1199 1371 et
1239 1323 1431 1372 caetera
1458 1314 1603 1369 talia.
1628 1311 1961 1367 Mendacium
1999 1312 2065 1365 ad

490 1409 592 1463 hoc
620 1410 761 1479 quod
776 1406 1062 1463 dixerunt:
1092 1426 1110 1459 ι
1142 1407 1282 1462 Reus
1302 1414 1385 1461 est
1404 1404 1610 1468 mortis,
1650 1422 1669 1456 ι
1695 1411 1779 1468 et,
1815 1420 1834 1453 ι
1861 1401 1960 1460 Hic
1984 1410 2071 1459 est

488 1506 713 1553 vorator
753 1505 808 1553 et
834 1503 1049 1568 potator
1092 1496 1221 1551 vini.
1253 1515 1270 1547 ι
1301 1494 1657 1552 Homicidium
1686 1494 1753 1551 ad
1782 1493 1884 1549 hoc
1920 1491 2066 1562 quod

488 1588 668 1657 ipsum
692 1588 853 1642 morti
911 1587 1244 1643 tradiderunt
1271 1594 1326 1641 et
1352 1600 1540 1641 omnes
1566 1584 1883 1654 prophetas,
1926 1584 2068 1640 sicut

489 1677 607 1747 ipse
636 1676 714 1731 eis
742 1676 1073 1746 improperat
1113 1676 1336 1733 dicens:
1359 1675 1427 1732 Et
1450 1690 1546 1731 vos
1580 1674 1797 1744 implete
1842 1689 2061 1730 mensu-

486 1782 605 1825 ram
625 1773 835 1836 patrum
859 1774 1179 1824 vestrorum.
1209 1786 1227 1818 ι
1252 1766 1393 1823 Ecce
1409 1780 1510 1837 ego
1547 1766 1703 1821 mitto
1731 1765 1799 1820 ad
1822 1779 1918 1820 vos
1940 1779 2063 1833 pro-

485 1856 679 1926 phetas
689 1865 744 1912 et
768 1855 1036 1927 sapientes
1060 1864 1114 1912 et
1138 1856 1391 1922 scribas,»
1410 1836 1515 1911 etc.
1534 1856 1601 1911 Et
1623 1856 1812 1912 beatus
1833 1853 2057 1924 Stepha-
2091 1836 2133 1894 Β

485 1964 625 2006 nus:
651 1967 669 1999 ‹
691 1948 860 2014 Quem
883 1946 1099 2019 (inquit)
1118 1947 1495 2018 prophetarum
1521 1962 1626 2001 non
1648 1954 1774 2001 sunt
1793 1944 2069 2015 persecuti.

482 2045 665 2107 patres
700 2036 900 2090 vestri?
944 2035 1010 2089 Et
1028 2036 1335 2106 occiderunt
1379 2051 1473 2091 eos
1494 2036 1587 2106 qui
1631 2035 2066 2105 praenuntiabant

480 2131 556 2191 de
580 2127 811 2197 adventu
839 2126 1000 2192 Iusti,
1026 2125 1180 2195 cujus
1205 2143 1300 2197 vos
1326 2143 1468 2196 nunc
1490 2127 1794 2197 proditores
1820 2135 1876 2182 et
1888 2126 2061 2182 homi-

481 2219 617 2272 cidae
645 2217 842 2273 fuistis.
878 2238 896 2270 ι
927 2204 1412 2289 ῖυι-ιιιιηίητιῑηέι
1438 2220 1648 2284 adhoc,
1680 2220 1824 2290 quod
1853 2220 2060 2291 seipsos

479 2319 537 2375 et
565 2308 701 2365 filios
730 2324 858 2365 suos
902 2307 1066 2364 furati
1092 2319 1248 2375 sunt,
1279 2310 1521 2370 dicentes
1560 2329 1583 2379 ;;
1621 2328 1641 2362 ι
1690 2310 1921 2381 Sanguis
1944 2310 2060 2380 ejus

376 2429 395 2441 ο
480 2414 644 2471 super
666 2414 764 2455 nos
783 2407 838 2454 et
863 2414 1026 2470 super
1044 2399 1187 2456 filios
1209 2410 1443 2464 nostros.
1477 2421 1499 2457 ι,
1524 2401 1621 2457 Vel
1642 2402 1858 2471 quando
1885 2401 2059 2470 ipsum

479 2490 754 2560 Christum
784 2500 1029 2544 emerunt
1059 2489 1252 2550 furtim.
1272 2491 1487 2563 triginta
1517 2492 1807 2563 argenteis.
1840 2490 2059 2550 Adulte-

480 2579 655 2667 rium,
701 2578 789 2667 ad,
816 2577 1210 2633 immunditiam
1260 2579 1346 2634 vel
1390 2580 1458 2644 ad
1502 2579 1877 2647 idololatriam.
1932 2577 2060 2645 lch

477 2666 663 2737 omnia
686 2667 743 2723 in
762 2666 960 2743 Iudaeis
990 2667 1398 2733 inundaverant,
1429 2669 1484 2734 id
1504 2678 1588 2725 est
1633 2667 2075 2734 abundaveranta

480 2759 585 2823 Per
609 2757 828 2815 verbum
858 2759 1001 2814 enim
1031 2759 1415 2823 inundationis.
1440 2758 1863 2831 magnitudinem
1890 2758 2057 2814 scele-

480 2865 607 2905 rum
629 2849 880 2905 ostendit.
926 2868 945 2902 ι
978 2848 1046 2904 Et
1068 2851 1285 2922 sanguis
1313 2852 1628 2923 sanguinem
1657 2851 1846 2922 tetigit.
1877 2850 2059 2907 rSan-

481 2940 603 3010 guis
625 2939 938 3008 sanguinem
978 2939 1177 3010 tangit,
1207 2956 1329 3001 cum
1378 2942 1723 3007 homicidium
1769 2942 2058 3004 homicidio

480 3027 739 3105 jungitur,
777 3036 833 3084 et
860 3043 983 3085 cum
1005 3036 1283 3101 peccatum
1312 3039 1530 3100 peccato
1556 3038 1799 3101 augetur.
1830 3029 2058 3100 Sangui-

482 3121 570 3181 nis
594 3122 734 3177 enim
767 3121 980 3177 nomine
1004 3130 1284 3192 peccatum
1314 3124 1644 3210 degjgnatur,
1687 3131 1745 3178 ut
1776 3123 2012 3191 estillud
2036 3142 2061 3191 :_

486 3229 505 3261 ι
544 3210 739 3268 Libera
764 3227 851 3268 me
873 3212 939 3268 de
978 3213 1346 3285 sanguinibus.
1390 3233 1419 3270 ι.

555 3322 576 3358 ι
608 3302 836 3374 Propter
864 3304 968 3359 hoc
992 3303 1193 3374 lugebit
1220 3312 1381 3368 terra,
1418 3314 1474 3359 et
1503 3305 1862 3373 inﬁrmabitur
1884 3310 2071 3366 omnis

480 3393 574 3462 qui
605 3392 811 3448 habitat
832 3392 886 3446 in
907 3406 994 3458 ea,
1021 3392 1073 3447 in
1103 3393 1271 3450 bestia
1305 3393 1440 3467 agri,
1470 3396 1604 3453 etin
1643 3395 1860 3454 volucre
1897 3398 2018 3454 coeli
2041 3417 2071 3463 ε,

481 3483 575 3539 sed
610 3490 665 3539 et
694 3483 870 3554 pisces
914 3482 1082 3540 maris
1119 3485 1608 3556 congregabuntur.
1642 3505 1660 3537 ι
1686 3486 1915 3558 Propter
1936 3489 2057 3571 hoc,

481 3574 605 3642 quia
634 3588 734 3645 pro
758 3573 916 3629 bonis
937 3574 1189 3645 operibus
1219 3575 1349 3630 vitia
1380 3575 1626 3645 superius
1657 3576 1798 3633 dicta
1836 3579 2060 3635 inunda-

484 3673 698 3733 verunt,
743 3665 946 3737 lugebit
989 3678 1151 3723 terra.
1198 3667 1364 3723 Terra
1397 3668 1582 3740 lugere
1611 3669 1823 3740 videtur
1845 3674 2068 3742 quando

484 3756 679 3811 inculta
702 3765 965 3820 remanet,
990 3756 1211 3813 sublatis
1240 3758 1661 3824 habitatoribus,
1677 3768 1734 3821 et
1754 3776 1884 3831 quae
1901 3771 2067 3817 antea.

481 3845 590 3899 suis
608 3845 759 3900 laetos
780 3844 1081 3915 proferebat
1105 3846 1330 3913 fructus,
1354 3848 1539 3919 incipit
1561 3865 1751 3920 vepres
1770 3867 2069 3922 procreare

481 3944 533 3989 et
568 3936 768 4005 spinas.
821 3936 1053 4006 Ideoque
1099 3937 1151 3991 in
1184 3937 1285 3992 hoc
1332 3937 1451 3994 loco
1492 3939 1755 3997 desolatio
1791 3941 1976 3997 decem
2005 3952 2066 4000 et

480 4027 708 4081 duarum
740 4026 974 4081 tribuum
1012 4027 1353 4097 exprimitur,
1383 4044 1505 4083 cum
1539 4030 1768 4091 dicitur:
1792 4049 1809 4082 ι
1833 4030 2060 4102 Lugebit

481 4125 648 4175 terra.
679 4136 696 4169 ι
730 4115 855 4172 Sive
882 4131 977 4187 per
1028 4125 1227 4172 terram
1256 4118 1399 4188 ipsos
1425 4117 1647 4181 Judaeos,
1671 4136 1952 4191 possumus
1978 4122 2057 4177 in-

483 4207 745 4277 telligere,
795 4216 994 4262 terram
1052 4217 1372 4276 quaerentes,
1410 4217 1465 4265 et
1500 4218 1713 4289 terrena
1766 4212 2052 4281 sapientes.

483 4296 636 4363 Unde
664 4306 719 4353 et
745 4297 925 4353 statim
962 4299 1206 4368 sequitur
1238 4316 1251 4354 :
1306 4318 1326 4351 ‹
1377 4300 1443 4354 Ει
1484 4301 1847 4361 inﬁrmabitur
1881 4304 2066 4362 omnis

481 4391 572 4460 qui
602 4390 809 4448 habitat
845 4392 899 4445 in
928 4406 1015 4456 ea,
1056 4412 1075 4445 ι
1108 4393 1212 4449 hoc
1250 4403 1353 4457 est.
1384 4395 1474 4465 qui
1504 4412 1600 4467 per
1625 4412 1860 4453 amorem
1885 4408 1940 4453 et
1968 4400 2058 4456 de-

482 4479 739 4580 siderium
770 4480 842 4538 ibi
861 4489 1071 4580 manet.
1097 4480 1494 4580 Pomprehensi-
1510 4484 1651 4540 enim
1682 4487 1751 4541 ab
1776 4487 2056 4553 hostibus,
2086 4521 2134 4580 Β

484 4568 734 4625 luxerunt
768 4576 823 4627 et
859 4567 1115 4624 inﬁrmati
1150 4579 1294 4635 sunt,
1334 4574 1585 4641 quoniam
1613 4589 1677 4629 ea
1701 4588 1821 4645 quae
1845 4591 2055 4641 summa

483 4673 669 4717 amore
690 4659 1007 4727 dilexerant,
1028 4670 1083 4716 et
1105 4662 1158 4717 in
1181 4663 1373 4732 quibus
1393 4664 1603 4736 gloriati
1631 4664 1866 4733 fuerant,
1893 4669 2055 4731 amit-

485 4751 688 4808 tebant.
716 4771 735 4804 ι
762 4752 819 4808 In
835 4752 1006 4808 bestia
1029 4755 1161 4826 agri,
1182 4764 1235 4810 et
1263 4757 1315 4811 in
1341 4757 1556 4813 volucre
1582 4758 1722 4815 cteli.
1755 4778 1774 4812 ι
1801 4758 2058 4821 Naturale

481 4852 587 4907 est,
618 4852 679 4897 ut
715 4844 898 4902 beatus
939 4844 1291 4918 Hieronymus
1328 4848 1475 4914 dicit,
1513 4860 1574 4903 ut
1602 4848 1644 4904 si
1673 4857 1818 4904 terra
1854 4850 1923 4906 ab
1958 4850 2055 4904 ha-

484 4933 810 4989 bitatoribus
840 4934 950 4991 suis
993 4933 1151 4995 fuerit
1178 4937 1464 5002 derelicta,
1522 4939 1707 4997 bestia:
1739 4954 1954 5009 quoque
2001 4947 2057 4998 et

486 5040 614 5086 aves
651 5025 718 5080 ab
744 5040 805 5079 ea
849 5025 1118 5082 deficiant.
1158 5028 1350 5085 Altiori
1375 5040 1556 5084 autem
1602 5045 1796 5096 sensu,
1827 5046 1925 5101 per
1968 5031 2065 5086 bes

484 5115 619 5171 stias
668 5117 801 5186 agri,
839 5115 1045 5172 feroces
1092 5118 1348 5191 populos,
1403 5103 1478 5174 et
1506 5119 1717 5180 hestiali
1768 5120 2063 5176 stoliditate

488 5221 701 5275 pressos
728 5206 993 5277 stgmt'tcat
1016 5224 1030 5273 ;
1056 5225 1151 5280 per
1185 5216 1431 5267 volucres
1474 5224 1622 5275 vero,
1675 5210 1932 5278 superbos
1959 5252 1973 5276 ,
2005 5223 2059 5267 et

486 5296 678 5363 elatos,
724 5312 787 5352 ac
820 5297 967 5353 leves
1012 5314 1296 5367 possumus
1325 5297 1638 5366 intelligere,
1684 5298 1868 5366 quales
1907 5309 2062 5362 erant

488 5388 587 5457 ipsi
607 5387 798 5455 Judaei,
830 5388 896 5444 de
919 5390 1238 5453 meritorum
1264 5389 1522 5460 dignitate
1539 5386 1828 5456 iactantes,
1851 5398 1909 5445 et
1925 5390 2058 5450 alios

487 5480 843 5550 deSpicientes
865 5498 880 5546 ;
906 5497 1000 5551 per
1023 5482 1201 5551 pisces
1222 5481 1412 5545 maris,
1432 5480 1535 5550 ipsi,
1552 5496 1656 5537 non
1682 5480 2060 5545 inconvenien-

489 5579 575 5625 Icr
602 5572 938 5643 accipiuntur
987 5571 1077 5641 qui
1130 5570 1184 5624 in
1222 5568 1582 5640 profunditate
1617 5562 1866 5629 vitiorum
1913 5582 1967 5628 et
2005 5574 2057 5631 in

491 5663 724 5719 tenebris
745 5670 1085 5732 peccatorum
1109 5661 1582 5717 conversabantur.
1609 5662 1733 5719 Sive
1753 5679 1849 5735 per
1865 5666 2059 5738 pisces,

490 5752 831 5829 philosophos
857 5753 1035 5806 mundi
1060 5744 1507 5825 intelligaruumiu
1527 5756 1867 5824 exquirendis
1883 5772 2061 5813 rerum

2166 596 2286 637 secs
2324 580 2537 652 (inquit)
2578 583 2743 637 maris
2766 584 3261 659 congregabuntur,
3292 603 3309 636 ι
3344 586 3658 642 subauditur
3690 591 3741 643 iu

2166 680 2415 727 mortem.
2448 670 2601 739 Unde
2620 680 2675 726 et
2700 671 2812 739 alia
2831 671 3112 739 translatio
3140 673 3304 735 habet
3331 691 3343 729 :
3366 671 3551 731 Pisces
3575 678 3743 732 maris

2166 762 2434 823 deﬁcient.
2884 768 2892 775 ‘

2241 871 2259 903 ι
2292 853 2669 917 Verumtamen
2713 855 3085 928 unusquisque
3117 871 3221 922 non
3248 854 3493 925 iudicet;
3536 867 3593 915 et
3631 876 3741 917 non

2166 951 2439 1013 arguatur-
2463 942 2573 1010 vir.
2615 962 2634 995 ι
2668 942 3064 1000 Provocaverat
3086 961 3182 1001 eos
3210 947 3456 1016 superius
3484 949 3555 1005 ad
3597 949 3744 1020 judi-

2167 1033 2343 1104 cium,
2369 1041 2429 1087 ut
2471 1045 2862 1105 cognoscerent
2890 1051 2949 1091 se
2978 1051 3046 1092 ex
3092 1037 3325 1105 veritate
3346 1039 3638 1110 judicatos,
3685 1050 3746 1099 et

2166 1140 2273 1179 non
2302 1139 2399 1194 per
2424 1125 2719 1193 potentiam
2759 1125 2855 1181 Dei
2894 1141 3215 1197 oppressos,
3236 1128 3331 1184 sed
3366 1138 3585 1200 propter
3608 1146 3738 1202 pec-

2166 1229 2285 1276 cata
2311 1222 2581 1291 praeterita
2628 1222 2877 1286 hostibus
2908 1221 3154 1289 traditos.
3196 1223 3394 1281 Verum
3432 1225 3562 1297 quia
3584 1226 3739 1282 dete-

2166 1315 2339 1371 riores
2364 1313 2540 1372 eﬂ'eeti
2571 1325 2717 1382 sunt,
2764 1324 2926 1379 tanta:
2952 1324 3110 1381 erant
3152 1316 3553 1387 imprudentiae,
3584 1327 3645 1375 ut
3670 1335 3743 1375 ne

2166 1402 2399 1458 convicti
2438 1403 2656 1473 quidem
2690 1402 3073 1463 verecundiam
3102 1403 3384 1467 haberent.
3413 1403 3672 1471 Prohibet
3707 1422 3739 1460 a

2158 1489 2323 1561 justis
2358 1490 2595 1560 judicari
2626 1493 2854 1564 injustas
2896 1500 2954 1548 et
2993 1493 3182 1562 argui,
3208 1494 3335 1566 quia
3372 1493 3575 1567 indigni
3611 1505 3741 1550 sunt

2163 1581 2558 1652 correptionem
2584 1583 2879 1652 suscipere.
2917 1581 3294 1655 Unusquiqu
3319 1582 3538 1655 (inquit)
3558 1582 3740 1652 justus

2165 1688 2276 1740 non
2297 1672 2502 1742 judicet
2541 1671 2820 1741 injustum,
2865 1682 2922 1729 et
2948 1689 3053 1729 non
3079 1683 3339 1745 arguatur
3364 1675 3449 1730 vir
3483 1676 3678 1747 impius
3705 1693 3737 1731 a

2162 1763 2273 1834 pio,
2300 1763 2444 1834 quod
2482 1762 2669 1834 utique
2711 1764 3035 1820 enormitate
3080 1764 3347 1820 scelerum
3377 1766 3477 1835 ipsi
3508 1766 3657 1838 impii
3681 1778 3740 1825 et

2159 1857 2344 1927 injusti
2373 1872 2481 1912 non
2505 1866 2801 1919 merentur.
2833 1875 2853 1909 ‹
2884 1856 3120 1928 Populus
3145 1858 3291 1913 enim
3328 1866 3469 1925 tuus,
3496 1860 3633 1916 sicut
3678 1861 3735 1916 hi

2159 1949 2253 2019 qui
2277 1948 2655 2011 contradicunt
2671 1949 2957 2005 sacerdoti.
2984 1968 3004 2001 i
3024 1949 3090 2003 Et
3111 1958 3430 2015 estsensus;
3450 1947 3604 2005 Sicut
3620 1949 3736 2020 ple-

2158 2038 2351 2101 becula
2377 2038 2693 2098 inobediens
2713 2046 2800 2102 est,
2818 2038 3286 2110 sacerdoti,,cujus
3308 2054 3431 2106 neq
3443 2038 3558 2104 vult
3581 2038 3736 2095 obse-

2159 2128 2252 2198 qui
2292 2128 2580 2195 mandatis,
2612 2136 2667 2184 et
2716 2129 2876 2193 sicuti
2926 2113 3235 2199 discipulus.
3255 2129 3569 2194 inobediens
3611 2145 3732 2184 ma-

2159 2217 2348 2290 gistro,
2377 2217 2459 2274 sic
2477 2218 2705 2289 populus
2745 2218 3213 2287 tuuscontradicit
3240 2218 3420 2287 verbis
3447 2219 3560 2281 oris
3603 2221 3731 2286 mei,

2156 2316 2213 2375 et
2234 2308 2354 2363 ideo
2385 2324 2491 2364 non
2517 2318 2601 2366 est
2623 2309 2816 2380 dignus
2847 2309 2931 2375 vel
2959 2325 2989 2365 a
3019 2310 3301 2382 propheta,
3323 2309 3469 2375 vela
3497 2310 3736 2384 quolibet

2160 2399 2408 2471 redargui
2426 2397 2603 2468 justo.

2234 2509 2271 2551 ι,
2290 2490 2355 2545 Et
2378 2504 2600 2546 corrues
2640 2489 2820 2556 hodie,
2847 2498 2902 2547 et
2928 2500 3150 2551 corruet
3173 2490 3337 2557 etiam
3366 2492 3629 2563 propheta
3653 2500 3733 2548 te-

2158 2595 2300 2641 cum.
2334 2600 2352 2634 »
2381 2578 2642 2652 Superius
2662 2580 2728 2635 ad
2744 2582 3067 2652 prophetam
3098 2582 3304 2645 locutus
3321 2584 3493 2640 estde
3514 2584 3729 2654 populo,

2158 2685 2304 2733 nunc
2329 2677 2509 2734 autem
2539 2671 2606 2735 ad
2634 2671 2807 2741 ipsum
2831 2672 3110 2743 populum,
3137 2672 3324 2739 decem
3348 2673 3598 2730 videlicet
3631 2675 3729 2731 tri-

2157 2759 2486 2827 bus,-vertit
2519 2774 2848 2828 sermonem,
2886 2762 3074 2827 dicens
3114 2781 3137 2828 ;,
3174 2782 3192 2814 ε
3232 2762 3465 2820 Corrues
3491 2764 3670 2831 hodie,
3709 2785 3726 2816 ο

2158 2849 2214 2906 id
2237 2858 2321 2905 est
2345 2850 2399 2905 in
2434 2850 2684 2928 presenti
2717 2860 2980 2922 tempore,
3011 2852 3112 2918 vel,
3137 2862 3283 2908 certe
3311 2853 3362 2907 in
3386 2862 3571 2924 aperta
3592 2854 3730 2915 luce.

2157 2947 2214 2994 et
2238 2939 2292 3003 in
2320 2938 2562 3004 omnium
2598 2939 2767 3003 oculis
2816 2941 3050 3004 duceris
3077 2941 3131 2999 in
3173 2943 3562 3012 captivitatem.
3608 2961 3627 2995 ι
3664 2942 3731 2999 Et

2157 3040 2376 3092 corruet
2406 3032 2859 3104 etiamproplteta
2897 3040 3096 3097 tecum.
3124 3034 3378 3092 .Duobus
3407 3035 3582 3090 modis
3605 3050 3731 3106 pos-

2159 3136 2343 3185 sumus
2369 3120 2456 3177 hic
2498 3122 2818 3192 prophetam
2850 3121 3174 3194 intelligere,
3200 3122 3285 3177 vel
3321 3122 3511 3177 falsum
3545 3123 3734 3178 videli-

2156 3219 2246 3268 cet
2285 3212 2637 3284 prophetam,
2682 3213 2823 3282 quia,
2857 3214 3191 3284 aequivocum
3233 3228 3428 3269 nomen
3476 3221 3592 3275 est,
3643 3215 3726 3269 vel

2157 3303 2321 3370 etiam
2367 3304 2739 3375 prophetalem
2784 3304 3120 3378 dignitatem,
3174 3304 3298 3375 quia
3327 3304 3513 3360 decem
3554 3304 3731 3358 tribus

2157 3403 2281 3466 post
2307 3380 2674 3466 captivitatem
2717 3409 2823 3457 non
2854 3395 3080 3468 lcgimus
3103 3393 3357 3462 habuisse
3387 3393 3727 3468 prophetam.

2159 3484 2407 3551 Quandiu
2430 3483 2714 3550 enimnon
2746 3492 2872 3550 sunt
2898 3491 3071 3553 captas
3100 3485 3282 3539 decem
3312 3482 3509 3549 tribus,
3528 3481 3731 3563 habue-

2159 3580 2285 3637 runt
2304 3573 2475 3634 Ellam
2510 3573 2828 3647 prophetam
2854 3581 2909 3629 et
2943 3573 3221 3641 Eliszeum,
3241 3584 3573 3642 czeterosque
3595 3569 3733 3626 ﬁlios

2159 3663 2567 3735 prophetarum,
2611 3664 2702 3735 qui
2760 3663 3219 3736 prephetaverunt
3260 3664 3313 3718 in
3355 3662 3618 3723 Samaria.
3663 3661 3731 3717 Et

2158 3756 2376 3826 quidem
2402 3757 2520 3817 dum
2567 3757 2741 3825 tribus
2770 3759 2824 3813 in
2852 3759 2966 3833 ipsa
2993 3758 3302 3833 captivitate
3335 3764 3390 3811 et
3422 3764 3607 3829 postea
3635 3755 3731 3815 ha-

2159 3847 2324 3911 buere
2368 3848 2682 3919 prophetas.
2729 3847 2927 3913 Decem
2959 3862 3106 3910 vero,
3151 3854 3433 3921 postquam
3458 3844 3733 3907 translata:

2158 3947 2286 3993 sunt
2314 3938 2368 3993 in
2394 3938 2576 3997 Medos
2593 3948 2647 3994 et
2675 3940 2728 3999 in
2754 3938 2967 4005 Persas,
2997 3938 3269 4003 nemiuem
3281 3936 3603 3999 referuntur
3626 3938 3728 3992 ha-

2158 4027 2339 4087 buisse
2382 4028 2717 4099 prophetam.
2765 4027 2995 4103 Ideoque
3041 4027 3124 4082 eis
3164 4026 3392 4087 dicitur:
3433 4046 3452 4078 (
3505 4024 3734 4088 Corruet

2156 4121 2320 4181 etiam
2346 4121 2607 4192 propheta
2638 4129 2835 4186 tecum,
2875 4139 2893 4173 ι
2925 4119 2979 4174 id
3008 4128 3113 4186 est,
3138 4118 3371 4190 dignitas
3399 4116 3732 4189 prophetalis

2159 4229 2188 4275 a
2212 4222 2264 4273 te
2286 4213 2619 4284 peribit;gvel
2644 4212 2764 4277 falsi
2784 4214 3077 4286 prophetae,
3101 4213 3193 4283 qui
3219 4213 3370 4268 vobis
3395 4210 3732 4282 falsampro-

2158 4305 2394 4376 phetiam
2441 4305 2817 4375 resolvebant,
2847 4320 2955 4360 una
2988 4304 3264 4359 vobiscum
3307 4302 3577 4373 peribunt.
3608 4320 3636 4359 ι
3664 4302 3733 4369 Et

2160 4402 2319 4455 nocte
2360 4394 2469 4456 feci
2497 4404 2676 4461 tacere
2719 4402 2953 4459 matrem
2991 4401 3158 4455 tuam.
3203 4411 3221 4443 ι
3276 4391 3448 4446 Mater
3480 4392 3595 4462 ipsa
3632 4391 3729 4456 Ju—

2160 4482 2313 4543 daica
2333 4482 2483 4552 plebs
2504 4483 2558 4539 in
2580 4483 2927 4553 generalitate
2948 4480 3261 4563 appellatur.
3290 4481 3409 4546 Filii
3435 4467 3593 4552 hujus
3616 4496 3732 4544 ma-

2164 4571 2371 4637 trisvel
2399 4572 2590 4641 singuli
2633 4587 2664 4627 e
2706 4572 2922 4649 populo,
2955 4571 3038 4627 vel
3068 4571 3122 4626 hi
3160 4571 3252 4642 qui
3280 4585 3376 4641 per
3408 4570 3732 4641 oppidavily

2162 4662 2347 4732 [asque
2371 4669 2533 4727 erant
2555 4662 2805 4733 dispersi.
2834 4662 2889 4723 In
2921 4671 3078 4719 nocte
3099 4676 3247 4732 ergo,
3277 4660 3329 4715 id
3356 4669 3458 4725 est,
3488 4660 3543 4715 in
3577 4668 3731 4715 tene-

2160 4752 2273 4813 bris
2306 4752 2633 4823 captivitatis
2660 4760 2715 4815 et
2742 4753 2994 4816 maeroris
3028 4760 3082 4806 et
3115 4750 3409 4822 prementis
3434 4750 3692 4821 angustia:
3714 4790 3741 4817 ,ἡ

2161 4840 2269 4907 feci
2302 4849 2480 4901 tacere
2513 4849 2738 4906 matrem
2782 4841 3102 4917 tuam,_quia
3141 4856 3246 4905 non
3280 4849 3365 4903 est
3395 4855 3527 4895 ausa
3551 4838 3733 4894 dolere

2162 4932 2360 4997 malum
2384 4948 2539 4998 suum
2564 4947 2745 4993 coram
2775 4933 3040 4997 hostibus.

2234 5043 2261 5081 ‹.
2297 5023 2568 5089 Conticuit
2595 5023 2821 5095 populus
2852 5039 3023 5089 meus,
3056 5038 3122 5078 eo
3161 5022 3434 5101 quodnon
3478 5019 3734 5075 habuerit

2160 5116 2461 5179 scientiam.
2495 5135 2521 5177 ι,
2543 5116 2656 5172 Hoc
2683 5125 2795 5183 est,
2818 5116 3238 5191 comprehensus
3265 5113 3333 5168 ab
3374 5112 3616 5173 hostibus
3658 5112 3736 5166 si-

2158 5208 2323 5271 lentio
2352 5208 2548 5274 tabuit,
2568 5223 2674 5270 non
2696 5208 2899 5267 audens
2924 5208 3004 5262 eis
3039 5222 3359 5277 repugnare.
3389 5204 3455 5258 Et
3486 5204 3734 5261 redditur

2156 5313 2317 5359 causa
2346 5313 2444 5353 cur
2464 5306 2705 5353 sanctum
2734 5297 2802 5351 sit
2823 5298 2895 5364 ei,
2920 5297 3125 5353 scilicet
3145 5311 3210 5351 eo
3230 5294 3370 5365 quod
3398 5310 3501 5350 non
3531 5294 3735 5363 habue-

2162 5390 2235 5453 rit
2257 5390 2535 5446 scientiam
2562 5389 2694 5461 legis
2716 5390 2829 5453 Dei,
2861 5399 2916 5445 et
2938 5396 3204 5459 prmcepta
3229 5386 3323 5441 Dei
3354 5400 3459 5439 non
3485 5398 3733 5438 servave-

2167 5481 2256 5546 rit,
2285 5488 2344 5534 ut
2372 5480 2445 5534 illi
2474 5481 2707 5536 serviret
2739 5489 2793 5536 et
2822 5479 2961 5535 idola
3002 5485 3394 5535 contemneret.
3423 5474 3556 5541 Quia
3585 5475 3730 5535 enim

2165 5568 2355 5638 priusa
2376 5568 2622 5624 laudibus
2644 5570 2738 5624 Dei
2763 5585 2824 5624 os
2845 5569 3129 5633 clauserat,
3154 5566 3298 5637 juste
3326 5566 3391 5625 ad
3417 5566 3552 5627 hanc
3572 5565 3734 5619 devc-

2165 5661 2245 5714 nit
2275 5660 2565 5726 miseriam,
2588 5670 2648 5715 ut
2667 5676 2765 5716 nec
2793 5659 2989 5714 malum
3007 5675 3162 5722 suum
3180 5658 3321 5713 inter
3334 5658 3517 5717 hostes,
3537 5655 3737 5712 deflere

2166 5751 2405 5809 auderet.
2436 5771 2452 5803 ι
2493 5751 2625 5818 Quia
2658 5760 2711 5805 tu
2746 5750 3024 5805 scientiam
3053 5747 3313 5826 repulisti,
3359 5749 3611 5825 repellam
3658 5756 3731 5816 te,
