4022 6470
252 451 315 506 33

1265 439 1662 494 ENARRATIO
1706 438 1770 492 IN
1809 439 1982 493 OSEE
2026 439 2464 492 PliOl’llE'i'AM.

3427 437 3493 488 54

253 569 314 610 ne
370 551 669 608 sacerdotio
710 549 948 620 fungaris
984 548 1133 602 mihi.
1190 568 1206 597 ι
1243 546 1455 616 Repulit
1499 546 1614 615 ipsa
1671 545 1822 615 plebs
1852 557 1896 611 Α
1927 547 2056 599 bant
2113 548 2276 601 erecti
2328 547 2380 600 in
2419 549 2765 616 superbiam,
2811 549 2893 602 vel
2933 549 3094 605 etiam
3143 548 3274 603 falsa
3317 548 3497 602 adula-

1875 667 1878 670 ι
1925 633 2069 686 tione
2098 642 2383 704 peccantes
2420 635 2774 703 decipiebant,
2805 638 3044 693 dicentes
3077 656 3088 690 :
3124 639 3349 693 Dimissa
3374 647 3497 692 sunt

255 643 554 707 scientiam,
583 642 686 696 hoc
730 649 811 694 est
842 640 1032 703 Deum,
1062 637 1275 707 quando
1299 636 1616 690 stultissima
1645 644 1823 689 mente

254 751 383 807 opus
417 749 669 790 manuum
710 747 928 787 suarum
969 730 1132 799 cwpit
1157 729 1406 793 adorare,
1430 727 1823 798 Factoremque

255 825 372 881 coeli
397 833 454 880 et
485 832 642 877 terra:
671 822 944 882 deserens,
982 819 1179 874 vitulos
1217 833 1408 872 aureos
1447 827 1699 872 venerata
1743 825 1827 871 est

255 917 303 970 in
333 915 448 970 Dan
497 921 552 968 et
586 913 637 966 in
665 911 872 976 Bethel,
909 909 1134 979 ideoque
1174 909 1384 978 repulsa
1425 916 1528 972 est,
1552 923 1620 963 ne
1643 917 1826 964 essent

256 1021 314 1059 ex
340 1021 402 1060 ea
425 1002 732 1058 sacerdotes
763 1002 816 1056 in
845 1001 1004 1054 domo
1039 999 1270 1062 Domini,
1296 998 1388 1052 sed
1420 997 1597 1066 potius
1645 997 1698 1051 in
1730 997 1825 1052 de-

258 1098 418 1151 lubris
453 1095 737 1150 idolorum.
775 1111 794 1144 ‹
831 1093 896 1146 Ει
922 1093 1086 1147 oblita
1117 1107 1175 1148 es
1201 1091 1335 1162 legis
1374 1091 1466 1145 Dei
1516 1090 1674 1170 tui”;
1709 1101 1827 1160 quae

255 1186 499 1257 prohibet
527 1184 657 1240 deos
688 1183 891 1237 alienos
922 1181 1168 1242 adorare,
1206 1201 1223 1232 ί
1261 1180 1566 1235 Obliviscar
1592 1180 1824 1235 ﬁliorum

258 1286 466 1329 tuorum
491 1282 546 1329 et
569 1287 691 1344 ego,
725 1290 744 1325 ι
782 1273 1001 1326 tradens
1023 1285 1116 1326 eos
1145 1278 1359 1324 aeternae
1385 1267 1706 1338 captivitati,
1729 1282 1828 1320 nec

257 1367 556 1422 miserebor
573 1380 783 1430 eorum,
841 1371 900 1418 ut
949 1362 1077 1418 olim
1134 1363 1388 1417 misertus
1447 1376 1568 1416 sum
1615 1369 1826 1430 patrum

256 1470 439 1511 eorum
489 1455 545 1510 in
581 1456 816 1510 deserto.
850 1453 953 1520 Qui
987 1453 1130 1507 enim
1178 1453 1424 1522 ignorat,
1471 1450 1826 1522 ignorabitur.

257 1545 379 1602 Hzec
404 1546 584 1602 omnia
611 1552 840 1615 possunt
859 1554 914 1598 et
945 1543 1012 1598 ad
1032 1543 1314 1598 haereticos
1340 1541 1556 1608 referri,
1586 1541 1678 1611 qui
1708 1541 1832 1594 reli-

257 1644 490 1707 querunt
515 1636 728 1691 domum
754 1635 921 1688 David
937 1641 991 1689 et
1017 1632 1338 1698 Jerusalem,
1365 1633 1416 1686 id
1451 1639 1536 1686 est
1556 1630 1828 1686 Christum

258 1738 310 1783 et
335 1727 650 1783 Ecclesiam.
683 1727 748 1781 Et
793 1726 913 1781 ideo
949 1734 1150 1781 aeterna
1184 1733 1340 1780 nocte
1365 1723 1626 1794 cooperti,
1658 1721 1830 1777 conti-

258 1830 476 1876 cescunt
525 1836 555 1874 a
594 1821 686 1876 Dei
712 1819 977 1885 laudibus,
1005 1819 1144 1874 sicut
1164 1819 1420 1887 scripturn
1449 1824 1573 1872 est:
1607 1835 1624 1866 ι
1655 1803 1714 1869 in
1747 1814 1832 1868 in-

1933 724 2083 779 vobis
2108 734 2324 795 peccata
2358 734 2555 780 vestra.
2597 726 2791 796 Sicque
2832 731 3039 784 animas
3079 730 3290 785 illorum
3327 729 3500 785 suble-

1925 821 2145 888 vabant,
2176 822 2428 891 quoniam
2460 836 2645 876 eorum
2670 820 2849 874 verbis
2881 820 2997 888 plus
3025 835 3186 888 quam
3227 835 3336 874 suae
3373 834 3499 873 con-

1925 913 2162 968 scientia:
2185 916 2483 978 credentes,
2522 929 2642 967 cum
2685 920 2996 982 peccatores
3019 923 3221 976 essent,
3242 911 3416 980 justas
3443 925 3501 966 se

1924 1017 2044 1058 esse
2088 1003 2444 1058 aestimabant.
2479 1001 2629 1056 Unde
2675 1011 2791 1056 est:
2840 1019 2857 1050 ι
2885 1000 3083 1069 Popule
3109 1017 3281 1066 meus,
3313 1002 3402 1071 qui
3451 1010 3503 1055 te

1929 1095 2148 1149 beatum
2191 1095 2394 1159 dicunt,
2427 1094 2526 1163 ipsi
2559 1102 2608 1146 te
2635 1093 2927 1162 decipiunt.-
2964 1111 2982 1143 ι

2004 1183 2122 1236 «Et
2160 1183 2264 1237 erit
2308 1183 2444 1238 sicut
2472 1181 2722 1252 p0pulus,
2772 1181 2850 1235 sic
2902 1180 3176 1234 sacerdos.
3231 1198 3249 1232 ι
3290 1179 3345 1235 ld
3397 1189 3504 1246 est,

1926 1272 2054 1342 quia
2107 1271 2386 1341 aequaliter
2427 1279 2674 1340 peccant.
2705 1271 2985 1340 (equaliter
3035 1270 3363 1340 indignantis
3411 1271 3505 1326 Dei

1930 1363 2251 1418 sententiam
2289 1361 2648 1417 sustinebunt.
2682 1360 3003 1416 Sacerdotes
3029 1369 3208 1415 autem
3247 1361 3358 1426 isti,
3391 1378 3508 1431 qm-

1930 1455 2032 1509 bus
2068 1469 2222 1523 azque
2251 1462 2310 1508 ut
2339 1453 2534 1524 populo
2565 1453 2703 1507 mala
2749 1462 3008 1507 eventura
3059 1468 3088 1506 a
3121 1452 3348 1507 Domino
3372 1468 3504 1524 przc-

1933 1545 2205 1610 dicuntur,
2255 1559 2360 1598 non
2395 1553 2550 1597 erant
2585 1544 2649 1598 dc
2677 1544 2817 1598 tribu
2847 1543 3000 1608 Levi,
3043 1543 3135 1598 sed
3176 1557 3238 1598 ex
3271 1558 3510 1614 quacun—

1933 1649 2037 1702 que
2059 1635 2200 1689 tribu
2223 1635 2504 1690 venientes
2528 1634 2821 1704 implebant
2851 1651 3065 1690 manum
3092 1651 3243 1690 suam
3271 1651 3403 1691 auro
3429 1635 3510 1690 vel

1935 1735 2181 1795 argento,
2208 1726 2396 1780 dantes
2423 1741 2647 1780 munera
2677 1728 2891 1797 regibus
2919 1729 3103 1783 decem
3133 1728 3389 1794 tribuum,
3425 1727 3514 1781 ﬁe-

1936 1817 2068 1870 bant
2096 1819 2406 1872 sacerdotes
2453 1817 2505 1871 in
2539 1817 2754 1887 templis
2785 1817 3070 1873 idolorum.
3111 1818 3216 1873 Sed
3249 1825 3305 1872 et
3328 1832 3513 1872 sacer-

261 1910 412 1968 terno
467 1921 648 1966 autem
691 1911 812 1982 quis
854 1909 1198 1966 conﬁtebitur
1229 1909 1357 1963 tibi?
1395 1928 1414 1960 ›
1448 1907 1515 1962 Et
1537 1907 1638 1962 hoc
1672 1920 1802 1976 prop
1862 1905 1908 1964 B
1938 1905 2034 1960 dos
2073 1914 2128 1959 et
2160 1905 2414 1976 praelatus
2439 1905 2689 1976 quilibet,
2727 1906 2819 1975 qui
2865 1907 3003 1961 mala
3032 1907 3261 1962 aliorum
3287 1907 3389 1963 sibi
3427 1923 3513 1961 as-

260 2010 430 2065 terea,
468 2001 593 2070 quia
624 2015 725 2054 non
773 2000 1076 2055 habuerunt
1125 1998 1409 2054 scientiam
1464 1998 1581 2064 Dei,
1637 1999 1690 2052 id
1748 2004 1831 2051 est

259 2090 554 2156 Christum,
593 2099 650 2144 ut
691 2099 893 2146 rectam
923 2089 1081 2144 ﬁdem
1125 2087 1242 2158 ejus
1272 2090 1568 2144 crederent.
1600 2086 1751 2143 Unde
1777 2093 1833 2140 et

265 2181 460 2236 merito
487 2195 518 2234 a
546 2179 770 2235 Domino
798 2180 1149 2250 repelluntur,
1181 2194 1250 2232 ne
1275 2175 1578 2234 sacerdotio
1601 2175 1830 2248 fungan-

273 2278 361 2326 tur
384 2272 453 2326 ei.
486 2269 795 2326 Sacerdotio
818 2268 952 2339 ejus,
983 2269 1106 2341 quia
1128 2269 1440 2340 plerumque
1476 2263 1608 2321 tales
1639 2266 1829 2320 imma-

267 2371 386 2417 tura
435 2373 608 2418 morte
651 2364 720 2416 ab
750 2363 850 2417 hac
891 2361 1000 2415 vita
1029 2359 1314 2424 subtracti,
1344 2356 1674 2414 :eternaliter
1710 2369 1835 2425 per-

257 2462 406 2520 eunt,
459 2469 524 2510 ne
558 2453 642 2509 vel
673 2454 772 2524 ipsi
798 2453 1014 2522 indigne
1054 2467 1251 2522 corpus
1297 2461 1352 2506 et
1379 2450 1697 2522 sanguinem
1732 2447 1836 2501 Do-

258 2542 391 2596 mini
428 2549 798 2608 attrectantes,
843 2540 962 2595 aliis
1001 2541 1110 2596 sint
1139 2537 1541 2604 oﬂ‘endiculum,
1574 2536 1661 2592 vel
1695 2534 1834 2590 mala

258 2646 353 2686 sua
397 2630 641 2686 doctrina
669 2645 830 2686 causa
874 2629 1193 2700 perditionis
1241 2627 1425 2684 multis
1480 2627 1570 2684 diu
1608 2625 1836 2682 vivendo

256 2723 510 2778 existant.
549 2723 788 2790 Quorum
827 2723 990 2778 etiam
1028 2720 1120 2775 ﬁlii
1154 2736 1184 2775 a
1223 2720 1334 2776 Deo
1375 2719 1618 2775 oblivisci
1649 2719 1836 2774 dicun-

259 2822 370 2879 tur,
400 2813 452 2866 id
482 2822 586 2878 est,
619 2814 672 2868 hi
699 2811 789 2883 qui
817 2812 884 2866 ab
926 2805 1140 2866 illorum
1169 2824 1422 2880 perversa
1465 2809 1709 2865 doctrina
1740 2820 1834 2878 ge-

257 2903 435 2958 nerati
465 2911 608 2968 sunt,
639 2903 764 2973 quia
795 2901 953 2958 simul
979 2915 1100 2956 cum
1121 2901 1368 2971 patribus
1393 2908 1665 2972 perpetuae
1687 2899 1837 2953 dam-

256 2995 468 3050 nationi
499 2995 796 3049 tradentur.

330 3105 350 3137 ι
380 3085 690 3142 Secundum
719 3083 1113 3141 multitudinem
1136 3094 1344 3148 eorum,
1374 3081 1452 3137 sic
1476 3087 1837 3151 peccaverunt

1933 1999 2112 2062 sumit,
2150 1999 2229 2054 eis
2257 1999 2521 2053 adulando
2563 2000 2782 2068 mqualis
2808 1998 3060 2066 efﬁcitur,
3099 2002 3324 2070 ideoque
3360 2017 3514 2072 aeque

1934 2103 2058 2142 cum
2086 2087 2166 2141 eis
2194 2089 2558 2145 damnabitur.
2595 2107 2613 2138 ιι
2651 2088 2715 2142 Ει
2744 2089 2972 2144 visitabo
3007 2105 3169 2159 super
3206 2105 3328 2144 eum
3355 2130 3370 2155 ,
3409 2109 3426 2141 ι
3462 2090 3513 2143 id

1942 2178 2404 2244 est'sacerdotem,
2427 2198 2445 2229 ι
2486 2178 2602 2233 vias
2624 2177 2759 2252 ejus.
2799 2197 2817 2230 ι
2854 2177 3044 2233 Omnia
3073 2179 3324 2234 videlicet
3350 2194 3514 2248 opera

1933 2265 2050 2336 ejus
2090 2270 2330 2338 puniam,
2361 2269 2486 2338 quia
2519 2268 2766 2333 visitabo,
2803 2268 2889 2322 hic
2909 2283 3006 2337 pro
3030 2268 3315 2324 aﬁlictione
3355 2269 3515 2338 poni-

1934 2369 2023 2416 tur
2047 2369 2100 2416 et
2123 2370 2414 2416 tormento.
2457 2380 2474 2412 ι
2508 2361 2574 2414 Et
2594 2361 2952 2431 cogitationes
2979 2359 3095 2428 ejus
3136 2360 3354 2415 reddam
3384 2361 3454 2414 ei.
3492 2381 3509 2411 ι

1935 2449 2071 2516 Quia
2097 2464 2204 2504 non
2229 2449 2400 2505 solum
2423 2465 2518 2518 pro
2543 2449 2698 2504 malis
2716 2449 2993 2520 operibus,
3023 2462 3209 2504 verum
3231 2449 3397 2504 etiam
3421 2464 3518 2518 pro

1935 2540 2184 2611 pessimis
2236 2540 2693 2610 cogitationibus,
2755 2540 2952 2609 quibus
3000 2547 3062 2594 ut
3107 2539 3231 2593 talia
3283 2538 3521 2593 facerent

1937 2640 2330 2706 tractaverunt,
2365 2647 2556 2703 paruas
2593 2632 2762 2687 luent.
2803 2633 2878 2686 De
2909 2631 3179 2686 haereticis
3223 2629 3397 2684 facilis
3432 2629 3519 2683 in-

1937 2719 2228 2792 telligentia
2253 2728 2358 2786 est,
2374 2721 2520 2790 quod
2549 2728 2750 2789 quanto
2766 2719 2947 2789 plures
2970 2717 3205 2782 fuerunt,
3234 2726 3384 2774 tanto
3407 2733 3521 2771 ma-

1951 2809 2034 2879 gis
2082 2809 2395 2882 delinquant
2447 2811 2695 2877 Domino,
2747 2819 2801 2865 et
2833 2811 2986 2880 juxta
3038 2825 3194 2865 suum
3238 2824 3520 2864 numerum

1913 2902 2309 2974 .multiplicant
2336 2893 2483 2957 varia
2511 2903 2759 2973 dogmata
2787 2916 3033 2958 errorum
3059 2916 3286 2972 quorum
3330 2901 3520 2972 gloria,

1938 2991 1994 3046 id
2025 3001 2130 3057 est,
2174 2992 2450 3062 sapientiae
2488 2999 2543 3047 et
2571 2990 2993 3046 Christianitatis
3027 2989 3262 3062 dignitas
3291 2989 3347 3044 in
3376 2990 3524 3060 igno-

1938 3077 2160 3140 miniam
2181 3091 2566 3149 commutatur,
2603 3083 2818 3153 quando
2846 3097 2945 3152 pro
2971 3082 3262 3152 praeteritis
3284 3082 3524 3151 peccatis

252 3179 416 3233 mihi.
467 3197 485 3229 ›
516 3178 572 3232 ld
609 3187 710 3242 est,
754 3187 884 3247 quot
910 3175 1156 3232 homines
1185 3175 1372 3230 habuit
1396 3160 1580 3237 Israel,
1612 3178 1690 3226 ιοι
1716 3186 1839 3224 aras
1933 3174 2082 3243 justo
2107 3175 2201 3230 Dei
2225 3175 2429 3245 judicio
2454 3175 2510 3228 in
2529 3189 2746 3230 errores
2769 3175 2950 3227 varios
2970 3174 3079 3226 labi
3111 3173 3520 3242 permittuntur,

252 3270 520 3326 instruxit
548 3269 896 3333 dmmonibus,
931 3269 981 3322 in
1025 3281 1254 3337 quorum
1303 3258 1542 3318 victimis
1575 3274 1836 3332 peccave—
1866 3249 1909 3310 C
1941 3282 2038 3338 pro
2068 3266 2263 3337 quibus
2310 3265 2529 3321 domum
2571 3273 2627 3319 ei,
2664 3262 2884 3318 anei-uis
2913 3261 3190 3332 suppliciis
3221 3259 3523 3314 tradantur,

251 3374 391 3420 runt
422 3363 572 3419 mihi.
610 3384 627 3414 ε
665 3359 902 3418 Gloriam
923 3375 1107 3416 eorum
1139 3359 1192 3413 in
1224 3355 1570 3428 ignominiam
1602 3369 1837 3409 commu-

251 3458 413 3511 tabo.
454 3474 471 3506 ι
498 3453 735 3509 Gloriam
777 3467 962 3507 eorum
988 3447 1188 3505 idolum
1231 3447 1481 3518 appellat,
1511 3446 1564 3500 in
1592 3460 1698 3515 quo
1731 3443 1842 3515 glo-

252 3550 571 3613 riabantur,
600 3555 654 3601 et
681 3547 734 3600 in
765 3544 914 3613 cujus
943 3543 1288 3598 veneratione
1323 3541 1666 3605 laetabantur,
1697 3538 1841 3610 quod

253 3650 394 3694 tunc
441 3639 494 3692 in
525 3636 870 3708 ignominiam
901 3641 1287 3690 commutatum
1320 3639 1425 3693 est,
1455 3621 1710 3702 quoniam
1744 3644 1843 3699 pro

252 3733 380 3802 ipso
421 3729 622 3784 scelere
658 3725 816 3784 simul
854 3742 977 3783 cum
1020 3721 1135 3797 ipso
1165 3723 1312 3780 ducti
1355 3725 1480 3779 sunt
1521 3721 1575 3777 in
1619 3720 1843 3792 captivi-

251 3829 459 3875 tatem.

337 3929 356 3959 ‹
401 3907 627 3963 Peccata
679 3907 856 3978 pepuli
884 3905 986 3960 mei
1015 3905 1314 3961 comedent.
1351 3924 1368 3956 ι
1394 3901 1684 3974 Dupliciter
1729 3899 1843 3957 hzcc

249 4005 538 4060 sententia
578 4005 922 4074 intelligenda
961 4014 1043 4058 est
1073 4022 1085 4057 :
1119 4001 1346 4058 Peccata
1373 4001 1554 4073 populi
1592 4000 1846 4057 sacerdo-

251 4107 348 4150 tes
382 4094 684 4155 comedent,
719 4094 768 4145 id
799 4102 902 4155 est,
951 4091 1213 4146 sacriﬁcia
1261 4108 1356 4162 pro
1397 4090 1635 4161 peccatis
1671 4089 1846 4142 homi-

250 4199 404 4240 num
439 4181 636 4235 oblata.
672 4176 746 4235 Ea
795 4181 1011 4249 quippe,
1041 4179 1126 4234 vel
1154 4196 1272 4248 qua:
1303 4189 1428 4234 tunc
1459 4177 1846 4242 offerebantur,

249 4273 350 4327 vel
384 4285 527 4326 nunc
559 4269 610 4325 in
646 4264 843 4342 templo
861 4269 1066 4324 Domini
1089 4267 1407 4333 offeruntur,
1438 4271 1489 4322 in
1518 4284 1648 4322 usus
1672 4276 1847 4322 trans-

246 4372 403 4420 eunt
443 4363 802 4417 sacerdotum.
840 4360 995 4416 Unde
1019 4367 1073 4414 et
1114 4356 1166 4413 in
1198 4357 1494 4414 canonibus
1524 4352 1744 4422 dicitur,
1794 4366 1852 4411 ut

252 4452 396 4508 laici
446 4452 512 4504 de
557 4451 886 4506 consecratis
920 4460 1025 4503 non
1052 4449 1354 4504 comedant.
1397 4447 1503 4504 Sed
1550 4456 1606 4504 et
1642 4448 1717 4502 illi
1755 4449 1847 4519 qui

249 4545 643 4611 eleemosynas
683 4541 909 4595 aliorum
956 4541 1260 4605 comedunt,
1293 4539 1395 4594 nisi
1435 4539 1593 4610 digne
1629 4555 1726 4609 pro
1770 4541 1848 4596 eis

255 4633 570 4697 oraverint,
600 4623 797 4686 Iudaeis
822 4631 1025 4686 similes
1069 4641 1213 4684 sunt.
1247 4629 1348 4698 Qui
1378 4646 1506 4686 vero
1546 4624 1706 4703 digne
1751 4648 1848 4702 pro

252 4725 345 4779 eis
393 4729 575 4787 orant,
620 4723 869 4791 operibus
895 4731 1148 4775 manuum
1198 4738 1416 4776 suarum
1467 4724 1674 4777 vivunt.
1724 4717 1849 4780 Sive

253 4821 496 4886 peccata
526 4811 702 4882 populi
735 4811 1042 4866 sacerdotes
1064 4813 1372 4876 comedunt,
1403 4813 1527 4881 quia
1558 4828 1682 4867 cum
1713 4803 1850 4868 male

253 4901 560 4974 agentibus
602 4900 906 4964 adulantur,
949 4915 1133 4956 eorum
1166 4909 1382 4971 peccata
1419 4901 1519 4956 sibi
1551 4905 1850 4958 assumunt.

254 4993 372 5062 Qui
413 4991 556 5045 enim
596 4990 818 5044 alterius
871 4990 1110 5060 peccatis
1153 4992 1514 5057 consentiunt,
1560 4993 1853 5062 participes

253 5081 588 5139 corumdem
611 5080 980 5150 peccaminum
1006 5080 1166 5147 ﬁunt;
1191 5081 1440 5149 quoniam
1469 5097 1588 5135 cum
1614 5097 1706 5137 eos
1731 5098 1855 5152 pec-

255 5187 405 5230 care
435 5172 834 5241 COIISpexcrint,
865 5187 971 5225 non
999 5171 1170 5226 solum
1195 5185 1299 5225 non
1325 5179 1576 5241 arguunt,
1610 5173 1702 5227 sed
1733 5172 1851 5226 lau-

258 5264 438 5319 dibus
460 5270 746 5332 peccantes
764 5260 1030 5316 attollunt.
1061 5261 1213 5316 Unde
1233 5261 1508 5315 subditur:
1535 5279 1553 5312 ε
1583 5269 1638 5317 et
1663 5262 1728 5316 ad
1754 5262 1855 5315 ini-

257 5354 543 5424 quitatem
574 5362 760 5405 eorum
796 5348 1149 5405 sublevabunt
1183 5351 1388 5405 animas
1419 5367 1623 5406 eorum.
1665 5373 1682 5404 ι
1717 5351 1852 5406 Dum

262 5443 346 5498 illi
426 5441 660 5510 peccatis
713 5441 1046 5496 deservirent
1074 5481 1088 5505 ,
1141 5442 1446 5496 sacerdotes
1503 5443 1853 5498 sublevabant

263 5539 496 5595 animas
509 5553 716 5601 eorum,
744 5538 981 5592 dicentes
1005 5556 1016 5592 :
1039 5537 1302 5605 Quoniam
1327 5538 1553 5607 populus
1575 5539 1666 5593 Dei
1697 5537 1849 5607 estis,

262 5649 338 5686 ex
369 5644 576 5701 genere
601 5629 867 5682 Abraham
895 5629 1266 5692 descendistis,
1299 5637 1518 5699 preptcr
1553 5629 1694 5683 illius
1721 5629 1854 5683 ami-

267 5722 472 5776 citiam
526 5728 711 5789 parcet
744 5719 892 5773 vobis
926 5719 1098 5783 Deus,
1137 5720 1178 5773 si
1215 5721 1565 5789 peccaveritis
1606 5719 1854 5789 ei..Quo-

271 5829 410 5867 rum
446 5810 622 5866 verbis
647 5810 968 5878 accipientes
991 5810 1062 5865 illi
1095 5811 1361 5876 ﬁduciam,
1383 5811 1640 5865 audacter
1661 5799 1852 5881 pecca-

1877 4592 1924 4650 D

1943 3358 2020 3414 De
2047 3356 2242 3426 quibus
2291 3355 2424 3410 dicit
2449 3353 2736 3425 Apostolus
2773 3370 2787 3408 ε
2827 3351 3073 3407 Tradidit
3118 3350 3238 3406 illos
3290 3349 3434 3405 Deus
3473 3350 3524 3403 in

1943 3446 2232 3518 reprobum
2260 3460 2501 3511 sensum,
2531 3452 2591 3498 ut
2627 3443 2830 3500 faciant
2869 3458 2991 3513 quae
3021 3457 3128 3496 non
3176 3440 3522 3496 conveniunt.

1943 3537 2047 3605 Qui
2092 3545 2313 3607 peccata
2358 3534 2538 3606 populi
2570 3535 2881 3598 comedunt,
2925 3533 3140 3604 quando
3173 3542 3228 3586 et
3261 3531 3527 3602 placentia

1942 3626 2257 3696 loquuntur,
2299 3634 2354 3680 et
2387 3639 2484 3696 per
2509 3623 2694 3679 dulces
2731 3637 3010 3680 sermones
3050 3623 3326 3692 decipiunt
3363 3620 3527 3674 corda

1942 3717 2296 3781 credentium,
2320 3723 2377 3770 et
2397 3715 2660 3769 devorant
2684 3714 2876 3768 domos
2890 3713 3194 3766 viduarum.
3219 3710 3356 3765 Cum
3379 3709 3525 3764 enim

1943 3807 2180 3863 viderint
2205 3806 2341 3864 alios
2365 3805 2759 3874 delinquentes,
2792 3803 2964 3868 aiunt,
3000 3803 3135 3856 nihil
3158 3801 3301 3855 aliud
3331 3801 3529 3870 quaerit

1953 3896 2119 3962 Deus,
2143 3896 2246 3950 nisi
2271 3895 2393 3950 ﬁdei
2416 3894 2720 3958 veritatem,
2744 3907 2904 3962 quam
2937 3893 2980 3947 si
3012 3891 3394 3956 custodieritis,
3421 3905 3528 3944 non

1950 3997 2109 4044 curat
2130 3988 2259 4058 quid
2273 3988 2463 4059 agatis,
2487 3985 2627 4040 male
2645 3984 2998 4055 intelligentes
3011 3984 3138 4037 illud
3152 3982 3489 4036 Dominicum
3512 4002 3522 4035 :

1952 4098 1971 4130 ι
2017 4078 2115 4145 Qui
2159 4079 2451 4134 crediderit
2490 4086 2543 4132 et
2586 4077 2891 4146 baptizatus
2919 4073 3098 4140 fuerit,
3135 4073 3315 4127 salvus
3336 4073 3460 4126 erit.
3504 4092 3522 4124 ι

1949 4163 2194 4239 Dumque
2227 4171 2344 4224 haec
2378 4167 2587 4234 dicunt,
2618 4169 2672 4223 in
2713 4166 3084 4236 iniquitatibus
3129 4177 3316 4219 eorum
3355 4163 3531 4218 suble-

1949 4259 2154 4313 vabunt
2183 4259 2390 4313 animas
2417 4273 2621 4322 eorum,
2654 4266 2714 4312 ut
2742 4273 2848 4312 non
2879 4257 3054 4313 solum
3089 4273 3194 4312 non
3226 4265 3389 4328 agant
3408 4271 3526 4328 poe-

1950 4349 2230 4404 nitentiam
2273 4364 2372 4404 nec
2405 4349 2757 4403 humilientur
2786 4383 2804 4414 ,
2841 4347 2936 4403 sed
2974 4348 3137 4402 etiam
3166 4346 3433 4418 gaudeant
3473 4346 3526 4400 in

1951 4441 2242 4497 sceleribus
2290 4441 2422 4505 suis,
2453 4449 2509 4496 et
2539 4451 2720 4495 erecta
2759 4440 3076 4508 gradiantur
3110 4439 3340 4494 cervice.
3377 4438 3527 4493 Unde

1951 4541 2004 4588 et
2033 4532 2259 4602 populus
2303 4541 2357 4588 et
2390 4533 2667 4597 sacerdos,
2692 4532 2743 4586 id
2771 4541 2875 4598 est,
2908 4533 2962 4587 bi
2991 4533 3081 4601 qui
3120 4533 3262 4586 docti
3298 4539 3422 4586 sunt
3473 4540 3528 4584 ct

1952 4624 2004 4677 bi
2053 4623 2142 4694 qui
2171 4623 2466 4678 docuerunt
2508 4624 2623 4694 pari
2652 4623 2856 4693 judicio
2909 4624 3363 4693 constringentur,
3403 4639 3524 4676 cum

1952 4728 2057 4767 non
2088 4712 2245 4767 modo
2266 4712 2560 4782 prorl‘actis,
2589 4728 2772 4766 verum
2799 4713 2960 4767 etiam
2985 4728 3083 4782 pro
3111 4712 3527 4782 cogitationibus

1954 4802 2108 4856 malis
2133 4803 2326 4858 debita:
2350 4818 2522 4871 paenae
2556 4802 2668 4859 illis
2695 4803 2915 4856 redditae
2935 4803 3063 4857 sint.

2027 4903 2142 4957 (Et
2178 4905 2483 4968 comedent,
2535 4912 2589 4957 et
2641 4918 2749 4958 non
2801 4905 3220 4968 saturabuntur;
3269 4923 3288 4956 p
3340 4903 3391 4958 id
3421 4912 3522 4966 est,

1955 4993 2095 5048 mala
2145 5009 2306 5063 opera
2337 4993 2685 5059 exercebunt,
2721 5001 2776 5047 et
2825 5009 2930 5048 non
2969 4993 3329 5063 implebuntur
3357 5011 3370 5046 :
3399 4993 3524 5062 quia

1955 5084 2213 5139 luxuriosi
2251 5092 2304 5138 et
2337 5085 2482 5137 avari
2527 5099 2800 5153 nunquam
2829 5084 3031 5138 malitia
3077 5099 3174 5139 sua
3201 5084 3523 5139 saturabun-

1956 5184 2062 5230 tur.
2111 5166 2428 5230 Econtrarin
2471 5184 2650 5229 autem
2679 5193 2695 5228 :-
2729 5193 2748 5226 ‹
2789 5175 2939 5230 Beati
2971 5175 3062 5245 qui
3092 5175 3338 5230 esuriunt
3366 5180 3418 5227 et
3448 5173 3524 5227 si-

1955 5257 2394 5333 tiuntjustitiam,
2427 5269 2681 5336 quoniam
2706 5265 2806 5336 ipsi
2828 5268 3227 5321 saturabuntur.
3271 5285 3288 5317 »
3320 5264 3399 5319 llli
3421 5265 3525 5318 sci-

1955 5351 2080 5410 licet
2123 5356 2189 5410 de
2218 5357 2410 5426 quibus
2433 5355 2702 5427 Propheta
2753 5356 2883 5412 dicit
2919 5371 2934 5409 :
2981 5374 2998 5408 ι
3040 5357 3209 5410 Edent
3239 5370 3525 5425 pauperes,

1955 5454 2007 5498 et
2037 5438 2437 5501 saturabunt'ur.
2479 5467 2494 5497 ι
2551 5446 2702 5501 Sicut
2749 5449 2891 5502 enim
2915 5446 3123 5515 justitia
3176 5455 3402 5511 saturat,
3445 5448 3524 5502 sic

1959 5537 2210 5605 iniquitas
2249 5539 2601 5593 substantiam
2629 5555 2733 5594 non
2761 5540 2983 5602 habens,
3023 5552 3159 5590 vana
3187 5539 3526 5592 comedentes

1959 5625 2145 5681 fraude
2171 5627 2389 5692 deludit,
2434 5638 2489 5684 et
2519 5639 2702 5684 uteros
2741 5629 3115 5682 devorantium
3145 5644 3345 5685 vacuos
3373 5630 3527 5685 dere-

1957 5717 2170 5786 linquit,
2202 5718 2252 5772 id
2274 5729 2353 5773 est
2378 5735 2597 5774 sensus:
2623 5740 2638 5770 ί
2676 5718 2945 5772 Fornicati
2968 5728 3106 5782 sunt,
3133 5728 3185 5774 et
3209 5737 3314 5774 non
3343 5735 3522 5774 cessa-

1959 5810 2221 5864 verunt.»
2250 5802 2591 5866 Subauditur
2607 5809 2882 5874 fornicari,
2912 5810 3034 5878 quia
3069 5820 3216 5884 utres
3240 5824 3526 5879 perverso:
