4022 6436
514 419 584 476 35
999 404 1351 462 iIAYlIthlS
1392 399 1872 458 HALBERSTAT.
1914 396 2128 454 EPISC.
2174 396 2325 451 OPP.
2368 394 2549 450 PARS
2590 393 2630 448 1.
2660 424 2727 434 —
2758 392 3114 449 COSIXIENT.
3158 392 3329 449 llIBL.
3728 393 3805 451 36

518 548 639 587 rum
682 527 961 585 hominum
1007 523 1061 577 in
1111 518 1468 575 fornicatione
1522 514 1802 579 deficiunt,
1833 522 1889 568 et
1932 511 2103 568 forni-
2136 516 2180 574 Α
2212 510 2462 579 Regum:
2504 507 2888 564 Verumtamen
2937 508 3151 564 excelsa
3193 523 3301 563 non
3338 508 3579 565 abstulit.
3607 508 3808 566 Adhuc

517 621 676 681 candi
719 616 1047 675 desiderium
1080 628 1186 668 non
1217 609 1470 681 quiescit.
1517 608 1586 664 Et
1612 609 1737 678 quia
1784 621 1888 661 non
1924 604 2109 660 audie-

515 720 681 770 runt:
720 730 737 762 ι
770 704 1032 769 Peccasti,
1061 702 1304 774 quiesce,
1346 721 1362 750 ο
1404 698 1624 753 audient
1661 698 1715 752 in
1751 696 1836 753 die
1873 693 2059 767 judicii
2089 710 2103 746 :

522 824 541 858 ι
583 800 851 861 Discedite
876 814 906 852 a
957 810 1064 860 me,
1098 791 1392 857 maledicti,
1420 790 1476 845 in
1516 790 1696 859 ignem
1752 798 2038 844 :eternum.
2083 804 2102 837 ι

515 893 820 951 Fornicata:
862 897 989 943 sunt
1026 885 1190 941 etiam
1224 884 1411 938 decem
1451 881 1622 935 tribus
1657 895 1779 935 cum
1821 877 1979 934 idolis
2008 879 2108 934 sub

515 986 824 1047 Jeroboam,
877 980 990 1035 filio
1020 976 1250 1041 Nahath,
1294 982 1478 1030 etnon
1520 978 1874 1029 cessaverunt
1917 978 2107 1042 postea

516 1076 657 1133 idola
688 1072 889 1130 colere.
931 1070 997 1125 Et
1030 1070 1132 1124 ho'c
1158 1066 1362 1137 quare?
1392 1084 1410 1116 ί
1457 1063 1594 1132 Quia
1634 1063 1923 1119 Dominum
1954 1063 2110 1119 dere-

514 1168 789 1239 liqueruut
809 1164 865 1218 in
890 1178 998 1218 non
1014 1157 1383 1216 custodiendo.
1404 1154 1735 1219 Fornieatio,
1753 1154 2027 1219 etvinum,
2054 1161 2110 1209 et

515 1259 781 1323 ebrietas,
812 1253 1067 1309 auferunt
1096 1267 1211 1308 cor:
1249 1270 1267 1302 ι
1297 1249 1412 1304 Non
1435 1248 1787 1304 custodiendo
1816 1247 1986 1313 illum,
2020 1259 2109 1302 su-‘

514 1348 777 1406 bauditur
827 1344 969 1402 idola
1016 1343 1326 1405 coluerunt,
1360 1339 1481 1395 ideo
1526 1330 1654 1408 quia
1703 1338 2110 1409 dereliquerunt

517 1436 805 1493 Dominum
828 1436 998 1490 Deum
1021 1447 1200 1497 suum,
1225 1446 1332 1486 non
1361 1429 1608 1485 'valentes
1632 1430 1842 1486 duobus
1877 1429 2111 1485 dominis

518 1528 726 1587 servire
755 1524 935 1591 simul,
968 1532 1025 1581 et
1053 1524 1158 1579 hoc
1186 1523 1242 1578 in
1288 1536 1397 1577 non
1435 1519 1808 1587 custodiendo,
1852 1519 2110 1576 subaudis

519 1618 777 1677 mandata
811 1616 975 1683 illius,
1010 1615 1205 1686 quibus
1244 1611 1517 1682 iusserat:
1557 1627 1577 1664 ι
1606 1612 1893 1668 Dominum
1940 1611 2112 1665 Deum

519 1721 671 1767 tuum
696 1709 967 1774 adorabis,
997 1715 1051 1763 et
1077 1706 1154 1761 illi
1182 1704 1284 1760 soli
1313 1704 1539 1761 servies.
1565 1721 1584 1756 ι
1602 1700 1914 1759 Fornicatio
1946 1711 2002 1757 et
2030 1700 2113 1756 vi-

523 1818 676 1869 num,
725 1806 856 1867 ete.,
903 1801 958 1857 id
985 1807 1088 1864 est,
1118 1811 1340 1854 sensum
1391 1804 1447 1851 et
1495 1795 1826 1851 intellectum
1875 1794 2113 1850 hominis

2211 600 2355 653 enim
2391 597 2618 668 populus
2646 597 2965 653 immolabat
3016 597 3073 652 in
3118 597 3368 654 excelsis.
3420 596 3519 654 Vel
3549 608 3701 655 certe
3749 600 3808 654 in

2209 691 2439 748 excelsis
2466 692 2582 749 haec
2612 691 2806 747 fecisse
2834 691 3108 755 dicuntur,
3139 692 3267 761 quia
3299 691 3353 746 in
3378 689 3592 747 solariis
3613 693 3811 748 domo—

2209 802 2329 842 rum
2354 802 2576 843 suarum
2606 788 2930 854 adorabaut,
2961 797 3015 844 et
3056 789 3160 844 hoc
3192 803 3258 844 ex
3298 788 3711 856 consuetudine,
3746 797 3813 842 ut

2208 892 2355 946 reor,
2389 881 2656 950 serpentis
2682 883 2736 935 in
2765 881 2949 951 stipite
2976 879 3190 936 elevati.
3221 900 3240 933 ι
3281 880 3483 937 Subtus
3514 896 3807 953 quercum,

2208 974 2263 1027 et
2299 973 2577 1044 populum,
2609 981 2664 1030 et
2686 974 3080 1042 terebinthum,
3110 995 3129 1028 ι
3177 974 3499 1030 subauditur
3526 974 3809 1031 sacrifiea-

2208 1064 2363 1134 bant,
2395 1080 2416 1119 α
2459 1067 2584 1138 quia
2617 1066 2762 1122 bona
2789 1073 2908 1122 erat
2932 1067 3125 1122 umbra
3152 1065 3290 1137 ejus.
3327 1087 3346 1121 ι
3386 1066 3687 1125 Veritatem
3707 1067 3811 1125 Ju-

2210 1157 2311 1213 daei
2340 1158 2707 1230 perdiderunt,
2735 1167 2790 1215 et
2820 1158 3025 1214 idcirco
3071 1158 3173 1214 hoc
3201 1158 3490 1215 faciebant.
3523 1160 3811 1230 Prmeepeo

2210 1250 2509 1321 ratquippe
2533 1248 2796 1306 Dominus
2828 1250 2884 1305 in
2907 1249 3025 1320 lege
3056 1265 3125 1305 ne
3153 1250 3559 1306 sacrificaretur
3590 1250 3696 1305 nisi
3742 1251 3800 1304 in

2210 1340 2331 1397 loco
2354 1355 2515 1412 quem
2536 1341 2790 1412 elegisset
2814 1340 2958 1407 {sed
2980 1340 3056 1395 illi
3082 1353 3306 1412 propter
3326 1341 3631 1413 voluptates
3652 1357 3808 1407 suas,

2215 1442 2271 1489 ut
2298 1433 2550 1505 superius
2578 1432 2781 1491 dictum
2811 1439 2918 1500 est,
2951 1434 3005 1489 in
3035 1433 3445 1491 delectabilibus
3474 1434 3719 1490 lucorum
3748 1445 3811 1489 et

2211 1525 2474 1580 montium
2502 1524 2636 1580 locis
2667 1523 3050 1580 sacrificabant
3080 1524 3260 1591 idolis,
3293 1525 3391 1580 sub
3422 1526 3613 1580 dmbra
3643 1525 3811 1580 arbo-

2211 1632 2332 1672 rum
2381 1615 2573 1671 altaria
2623 1615 2905 1682 facientes,
2951 1618 3185 1687 quarum
3233 1616 3552 1671 amm’nitate
3596 1615 3803 1679 allecti,

2214 1708 2612 1787 immunditiam
2640 1723 2752 1765 sua:
2778 1708 2959 1764 carnis
2979 1708 3327 1765 exercebant.
3363 1700 3517 1764 Unde
3544 1707 3810 1763 Dominus

2213 1801 2565 1871 prohibuerat
2585 1800 2817 1873 plantari
2837 1815 3032 1857 nemus
3045 1799 3202 1870 juxta
3228 1800 3400 1855 altare
3429 1815 3606 1855 suum.
3637 1818 3657 1851 ‹
3679 1799 3810 1853 Ideo

519 1894 820 1959 subvertit;
849 1901 904 1950 ει
950 1899 1036 1948 εει
1074 1904 1269 1947 sensus
1317 1906 1331 1943 ε
1360 1886 1515 1944 Sicut
1549 1887 1735 1943 Vinum
1766 1894 1823 1942 οι
1848 1885 2106 1951 ebrietasa
2140 1885 2186 1945 B
2214 1892 2625 1950 fornicabuntur
2668 1890 2792 1950 filia:
2815 1903 3030 1950 vestrae.
3069 1912 3087 1946 ι
3122 1892 3455 1950 Subauditur
3512 1908 3637 1948 cum
3667 1892 3807 1946 alie-

518 1988 611 2060 qui
652 1985 878 2042 nimium
916 1983 1135 2048 biberit,
1169 1980 1369 2036 mentis
1405 1994 1518 2036 sua:
1558 1979 1821 2048 impotem
1853 1976 2004 2042 facit,
2035 1976 2111 2030 ita

520 2076 812 2133 fornicatio
839 2075 955 2131 sive
1001 2070 1322 2149 corporalis,
1374 2070 1489 2126 sive
1522 2066 1825 2140 spiritualis
1850 2066 2115 2138 pervertit

523 2183 764 2234 sensum,
793 2166 1145 2235 animumque
1164 2162 1431 2228 debilitat,
1453 2169 1509 2216 et
1529 2161 1595 2216 de
1618 2159 1867 2216 rationali
1895 2158 2115 2215 homine

524 2261 744 2317 brutum
795 2257 962 2315 efIicit
1018 2255 1240 2323 animal,
1294 2263 1355 2311 ut
1404 2254 1685 2325 lupanaria
1740 2261 1797 2310 et
1832 2252 2116 2308 libidinum

521 2351 692 2407 lustra
719 2357 979 2415 sectetur,
1015 2347 1267 2419 lignaque
1294 2355 1352 2403 et
1379 2345 1589 2417 lapides
1618 2344 1750 2401 deos
1778 2350 1957 2416 putet,
1981 2342 2116 2399 ado-

523 2456 654 2498 rans
687 2455 853 2510 opera
885 2454 1146 2494 manuum
1174 2453 1418 2494 suarum.

605 2551 626 2584 ι
659 2529 900 2601 Populus
928 2543 1103 2595 meus,
1140 2545 1159 2583 ι
1188 2527 1511 2584 subauditur
1529 2527 1824 2598 quondam,-
1845 2545 1866 2579 α
1894 2526 1951 2583 in
1975 2527 2120 2597 ligno

527 2637 629 2678 suo
671 2622 1045 2694 interrogavit,
1088 2629 1145 2675 et
1190 2619 1417 2676 baculus
1453 2617 1567 2688 ejus
1613 2618 1958 2681 annuntiavit
1986 2618 2056 2672 ei.
2094 2636 2113 2669 ι

530 2711 723 2770 Genus
753 2720 873 2768 erat
913 2711 1280 2777 divinationis,
1312 2710 1456 2781 quod
1489 2711 1651 2765 flebat
1681 2710 1734 2764 in
1774 2710 1918 2783 ligno
1944 2717 2002 2763 et
2027 2709 2118 2763 ba-

534 2806 693 2872 culis,
727 2822 836 2877 quo
879 2804 1182 2861 futurarum
1233 2817 1417 2859 rerum
1458 2804 1817 2873 captabantur
1872 2801 2116 2873 auguria:

532 2896 686 2954 Unde
720 2899 773 2953 in
804 2896 1084 2953 Ezechiele
1112 2896 1326 2967 legitur,
1356 2894 1500 2966 quod
1528 2913 1546 2946 ι
1570 2905 1801 2964 pergens
1830 2890 2119 2948 Nabucho'

529 2988 767 3044 donosor
792 2996 983 3043 contra
1012 2987 1187 3043 Amen
1232 2995 1289 3042 et
1323 2984 1649 3050 Jerusalem,
1679 2990 1907 3039 steterat
1931 2982 1988 3037 in
2035 2980 2120 3040 bi-

534 3078 639 3142 vio.
666 3078 753 3134 ubi
798 3079 943 3134 inter
967 3086 1195 3134 czeteras
1225 3075 1588 3131 divinationes
1610 3072 2013 3131 commiscuerit
2036 3086 2123 3126 sa-

526 3172 714 3242 gittas,
735 3180 789 3227 et
806 3171 948 3226 inter
968 3178 1197 3226 caeteras
1215 3181 1323 3224 una
1334 3166 1531 3222 exierit
1544 3174 1732 3222 contra
1747 3163 2069 3222 Jerusalem.
2098 3181 2116 3214 ι

2216 1985 2445 2058 nigenis,
2481 1986 2568 2041 vel
2597 1985 2884 2041 Dominum
2924 1985 3089 2039 etiam
3117 1984 3508 2055 relinquentes,-
3543 1981 3685 2036 idola
3716 1997 3813 2036 co-

2215 2076 2367 2133 lent:
2398 2094 2418 2129 ‹
2459 2084 2515 2133 et
2538 2090 2751 2147 sponsa:
2772 2085 2969 2131 vestrae
3012 2074 3267 2131 adulterae
3290 2077 3471 2141 erant,
3511 2093 3530 2125 ι
3564 2073 3669 2128 hoc
3702 2082 3829 2137 est,

2218 2167 2431 2223 thorum
2465 2166 2742 2238 proprium
2768 2164 3160 2236 relinquentes,
3185 2164 3377 2221 alienis
3404 2179 3464 2219 se
3484 2162 3734 2234 jungeut.

2296 2276 2315 2310 ι
2351 2256 2467 2313 Non
2495 2257 2729 2313 visitabo
2749 2270 2918 2327 super
2932 2256 3073 2311 filias
3092 2264 3300 2311 vestras
3321 2269 3442 2310 cum
3472 2253 3673 2308 fuerint
3700 2251 3814 2308 for-

2218 2350 2431 2414 nicatus,
2476 2359 2531 2405 et
2556 2358 2720 2420 super
2761 2362 2990 2418 sponsas
3040 2334 3253 2403 vestras
3296 2361 3419 2404 cum
3470 2345 3814 2402 adulterave-

2221 2441 2352 2495 rint.
2407 2459 2425 2493 ι
2462 2438 2784 2495 Fornicatds
2830 2437 3009 2495 fuerat
3034 2433 3196 2494 Israel
3223 2453 3255 2493 a
3296 2437 3529 2493 Domino
3567 2437 3679 2494 Deo
3714 2454 3814 2492 sun

2221 2532 2500 2598 recedens,
2537 2531 2658 2586 ideo
2703 2514 3114 2585 fornicabantur
3153 2529 3277 2585 filiae
3327 2528 3444 2599 ejus
3491 2536 3547 2584 et
3599 2544 3813 2599 sponse

2224 2625 2428 2694 absque
2456 2622 2566 2677 ulla
2595 2621 2855 2687 vindicta,
2887 2636 2985 2677 suo
3006 2620 3198 2677 sceleri
3226 2620 3630 2692 relinquuntur,
3659 2630 3720 2674 ut
3743 2638 3814 2675 ex

2221 2716 2441 2786 proprio
2469 2713 2654 2770 dolore
2680 2713 2982 2783 intelligant
3006 2712 3248 2770 dolorem
3264 2712 3380 2779 Dei,
3406 2713 3499 2784 qui
3544 2712 3811 2767 intantmu

2224 2808 2395 2863 iratus
2442 2814 2545 2873 est,
2596 2813 2655 2861 ut
2704 2820 3047 2876 nequaquam
3102 2805 3375 2876 percutiat
3417 2803 3811 2874 delinquentes.

2230 2912 2248 2954 α
2288 2900 2404 2956 Non
2439 2896 2659 2971 (inquit)
2683 2899 2916 2953 visitabo
2946 2913 3109 2967 super
3151 2896 3290 2951 filias
3316 2909 3526 2952 vestras
3548 2911 3668 2952 cum
3697 2893 3817 2949 fue-

2224 2992 2335 3047 rint
2354 2991 2660 3056 fornicatus,
2690 2998 2745 3046 et
2774 3005 2938 3060 super
2967 3004 3193 3060 sponsas
3219 2999 3427 3044 vestras
3452 3004 3576 3043 cum
3610 2987 3821 3044 adulteo

2227 3081 2488 3149 raverint,
2529 3098 2549 3134 ι
2578 3080 2682 3137 hoc
2714 3088 2819 3147 est,
2844 3095 2950 3135 non
2979 3080 3200 3150 puniam
3222 3095 3316 3135 eas
3336 3094 3433 3150 pro
3460 3094 3555 3134 sua
3576 3076 3821 3133 fornica-

2229 3179 2374 3235 tione
2405 3186 2461 3233 et
2490 3176 2779 3242 adulterio,
2811 3175 2907 3231 sed
2953 3175 3123 3231 libere
3158 3174 3511 3245 voluptatibus
3546 3173 3663 3227 suis
3693 3188 3819 3228 ser-

528 3263 690 3319 FOI‘le
711 3262 963 3318 Similiter
989 3262 1237 3318 fecerunt
1262 3259 1372 3325 ἱειίί
1396 3266 1699 3330 ιιιιεθτεηιεε
1721 3258 1852 3329 (ιιιξά
1878 3257 1960 3313 eis
1980 3264 2123 3312 esset
2150 3244 2197 3309 δ
2230 3268 2345 3324 vire
2370 3269 2705 3340 permittam,
2734 3278 2795 3322 ut
2813 3273 2994 3323 vestra
3020 3264 3217 3336 injuria
3246 3244 3417 3321 meam
3443 3264 3819 3336 cognoscatis,

528 3354 737 3419 utilius,
759 3362 943 3409 utrum
963 3352 1132 3407 Deum
1172 3368 1240 3406 an
1273 3348 1414 3406 idola
1442 3350 1723 3405 colerent?
1742 3350 1807 3404 Et
1833 3349 1961 3420 quia
1991 3349 2126 3404 adeo

527 3445 773 3515 perversi
806 3452 982 3509 erant,
1018 3451 1078 3498 ut
1105 3442 1289 3497 relicta
1313 3441 1544 3497 veritate
1566 3442 1909 3498 mendacium
1934 3458 2126 3512 seque-

532 3542 741 3601 rentur,
763 3535 912 3606 justo
931 3533 1138 3605 judicio
1167 3532 1342 3590 relicti
1373 3548 1405 3587 a
1428 3534 1559 3601 Deo,
1582 3550 1682 3605 per
1716 3535 2124 3606 responsionem

531 3625 711 3682 baculi
738 3624 947 3681 seducti
973 3634 1147 3682 sunta
1176 3625 1414 3682 diabolo.
1443 3625 1600 3683 Unde
1623 3627 1905 3699 sequitur:
1941 3647 1960 3679 ι
2000 3627 2123 3699 Spi-

532 3716 671 3772 ritus
712 3716 859 3771 enim
899 3714 1323 3773 fornicationum
1354 3718 1566 3787 decepit
1605 3733 1734 3785 eos,
1777 3730 1833 3774 et
1874 3718 2127 3775 fornicati

530 3816 659 3862 sunt
685 3822 717 3861 a
750 3806 861 3861 Deo
887 3822 1027 3874 suo;
1064 3827 1085 3860 ι
1126 3807 1179 3862 id
1219 3816 1323 3873 est,
1363 3824 1460 3878 per
1489 3809 2128 3867 idololatriam‘recesse—

531 3909 660 3956 runt
695 3916 725 3956 a
755 3902 867 3958 Deo
892 3917 1010 3958 suo.
1035 3901 1275 3974 Spiritus
1318 3904 1463 3959 enim
1495 3903 1921 3962 fornicationum
1947 3906 2129 3961 diabn;

494 4050 499 4056 ,
537 3994 619 4049 lus
644 3994 979 4065 intelligitur,
1008 3998 1100 4065 qui
1133 3996 1324 4051 suadet
1354 3995 1665 4051 hominibus
1690 4006 1800 4052 uta
1829 3996 1941 4054 Deo
1972 4013 2125 4054 rece-

530 4088 685 4149 dant,
710 4094 767 4141 et
791 4101 851 4141 se
878 4086 933 4141 in
955 4086 1263 4142 simulacris
1290 4086 1483 4157 ligneis
1502 4094 1557 4140 et
1581 4087 1847 4159 lapidibus
1867 4100 2128 4146 veneren—

534 4182 641 4230 tur.
666 4176 999 4247 Prineipium
1022 4177 1221 4247 quippe
1247 4176 1408 4247 hujus
1449 4176 1827 4236 fornicationis
1856 4179 2125 4236 idolorum

535 4268 808 4323 formatio.
836 4267 942 4324 Sed
962 4278 1015 4323 et
1038 4268 1305 4335 haaretiei,
1329 4270 1524 4339 quibus
1547 4270 1661 4326 haec
1684 4286 1983 4343 congruere
2004 4288 2128 4343 pos-

536 4367 685 4422 sunt,
712 4375 985 4430 nunquam
1020 4361 1131 4415 suis
1163 4361 1431 4415 satiantur
1452 4362 1754 4427 erroribus,
1786 4378 1887 4417 nec
1911 4375 2130 4418 cessant

535 4465 563 4502 a
592 4448 966 4505 fornicationis
993 4450 1361 4518 turpitudine;
1385 4449 1781 4505 immunditiam
1805 4452 1986 4507 carnis
2008 4467 2130 4523 epe-

536 4549 737 4604 rantes,
769 4550 823 4594 et
848 4555 956 4596 non
986 4541 1355 4595 custodientes
1376 4540 1550 4613 legem
1576 4550 1915 4612 caeterasque
1943 4543 2120 4614 Serip-

535 4642 705 4697 turas,
732 4634 899 4687 Deum
920 4632 1324 4702 derelinquunt,
1362 4632 1639 4687 insaniunt
1664 4643 1719 4689 et
1742 4634 2122 4707 inebriantur;

533 4734 589 4781 et
632 4726 841 4797 perdito
883 4725 1081 4780 mentis
1113 4726 1321 4797 vigore,
1345 4724 1576 4781 adorant
1607 4728 1749 4784 idola
1785 4745 1905 4799 qua:
1929 4731 1996 4786 de
2030 4747 2128 4788 suo

534 4820 696 4873 corde
771 4818 1077 4884 finxerunt,
1142 4816 1624 4892 fornicationisque
1688 4821 1939 4891 spiritum
1996 4839 2125 4894 pos-

534 4910 736 4966 sident.

612 5024 630 5056 (
679 5004 855 5074 Super
901 5006 1078 5076 capita
1131 5005 1401 5075 montium,
1440 5006 1840 5075 sacrificabant,
1871 5018 1927 5064 et
1966 5024 2128 5082 super

534 5095 701 5151 colles
720 5098 1087 5153 accendebant
1117 5099 1432 5170 thymiama.
1468 5117 1486 5150 ι
1515 5099 1635 5153 Filii
1658 5100 1818 5155 Israel
1848 5104 2126 5172 sequendo

536 5188 839 5258 voluptates
880 5205 1009 5245 suas
1051 5199 1106 5243 et
1144 5190 1416 5246 desideria
1456 5193 1655 5257 carnis,
1693 5193 1801 5248 Deo
1845 5193 2124 5263 derelicto,

536 5288 828 5349 spretoque
878 5277 995 5348 ejus
1026 5280 1250 5350 templo,
1283 5280 1338 5335 in
1387 5283 1664 5338 montibus
1710 5293 1764 5339 et
1800 5283 1856 5337 in
1899 5276 2128 5341 collibus

538 5368 923 5424 sacrificabant
957 5370 1128 5436 idolis,
1167 5372 1353 5442 eisque
1384 5373 1677 5444 thymiama
1713 5375 1789 5445 (id
1810 5384 1913 5443 est,
1942 5376 2127 5431 incen-

539 5473 658 5512 sum
686 5458 992 5531 suavitatis)
1023 5461 1399 5528 incendebant,
1434 5464 1616 5534 ibique
1651 5474 1872 5537 propter
1892 5467 2127 5521 ammni-

542 5558 709 5605 tatem
751 5549 992 5607 locorum
1041 5555 1415 5621 comedebant,
1452 5555 1731 5622 bibebant,
1762 5556 2126 5624 dormiebant,

542 5650 598 5696 et
624 5643 1051 5712 luxuriahantur,
1089 5648 1385 5719 eademque
1420 5648 1536 5703 loca
1586 5648 1797 5704 excelsa
1836 5649 2124 5705 vocabant.

542 5735 664 5790 Ideo
690 5748 867 5795 autem
911 5741 1010 5796 ista
1046 5741 1339 5807 faciebant,
1368 5742 1625 5812 quoniam
1656 5741 1929 5798 excelsum
1958 5742 2126 5797 Deum

512 5900 517 5905 ο
541 5841 646 5883 non
674 5830 960 5889 habebant.
993 5831 1070 5891 De
1101 5835 1295 5907 quibus
1322 5831 1550 5890 excelsis
1571 5832 1803 5904 legimus
1833 5832 1889 5890 in
1915 5833 2126 5892 actibus

2226 3376 2327 3417 nec
2351 3361 2492 3416 mala
2521 3361 2732 3418 illarum
2753 3358 3062 3426 vindicabo,
3087 3360 3191 3414 nisi
3219 3376 3313 3431 per
3335 3358 3580 3414 ultimam
3595 3358 3821 3428 captivi-

2227 3462 2417 3510 tatem.
2462 3472 2482 3507 ι
2518 3453 2783 3521 Quoniam
2811 3453 2914 3524 ipsi
2943 3469 3065 3507 eum
3120 3451 3504 3508 meretricibus
3531 3466 3824 3507 conversa-

2225 3546 2444 3610 bantnr,
2490 3557 2547 3600 et
2587 3560 2710 3600 cum
2748 3543 3073 3599 effeminatis
3116 3544 3518 3598 sacriﬁcabant.
3571 3561 3591 3595 ι
3625 3540 3822 3596 Reddit

2226 3645 2448 3691 Causam
2484 3652 2653 3706 quare
2687 3651 2745 3691 se
2774 3635 2920 3691 dicat
2943 3652 3050 3690 non
3077 3636 3475 3691 vindicaturum
3502 3634 3821 3706 iniquitates

2228 3727 2459 3784 filiarum
2485 3737 2649 3797 atque
2677 3744 2908 3784 uxorum
2948 3728 3133 3800 populi
3161 3727 3347 3783 Israel.
3390 3726 3599 3781 Tantus
3624 3725 3823 3796 quippe

2230 3821 2332 3876 fuit
2358 3835 2616 3876 numerus
2644 3819 2875 3875 filiorum
2906 3819 3091 3886 Israel,
3116 3827 3175 3874 ut
3195 3828 3339 3874 esset
3371 3818 3506 3873 ultio
3528 3818 3823 3888 desperans

2228 3914 2681 3969 emendationem.
2720 3929 2739 3961 ί
2771 3909 2905 3967 Cum
2943 3910 3318 3965 meretricibus
3348 3906 3568 3980 (inquit)
3591 3922 3822 3962 conver-

2229 4005 2509 4069 sabantur,
2538 4011 2594 4058 et
2617 4017 2741 4058 eum
2769 4000 3093 4056 effeminatis
3134 3998 3535 4065 sacrificabant,
3568 4018 3589 4050 ι
3616 4008 3671 4051 et
3696 4012 3820 4051 eum

2230 4094 2547 4151 mulieribus
2591 4101 2646 4149 et
2672 4092 2955 4148 cum‘viris
2982 4091 3375 4162 turpitudinem
3402 4090 3732 4145 exercebant
3767 4090 3819 4141 in

2231 4187 2446 4258 templis
2481 4185 2705 4240 deorum
2753 4199 2997 4239 suorum.
3044 4202 3062 4233 ι
3110 4181 3179 4237 Et
3219 4182 3449 4252 populus
3488 4197 3595 4236 non
3626 4181 3823 4235 intelli-

2231 4295 2364 4351 gens
2394 4299 2411 4329 ι
2454 4278 2773 4333 subauditur
2817 4276 2982 4330 Deum
3017 4272 3102 4328 vel
3127 4282 3411 4344 peccatum
3460 4286 3639 4334 suum,
3674 4291 3694 4323 ι
3732 4288 3824 4323 va—

2231 4374 2456 4444 pulabit,
2496 4392 2513 4424 »
2543 4374 2592 4428 id
2624 4383 2729 4435 est,
2753 4388 2849 4440 per
2876 4370 3245 4440 captivitatem
3271 4368 3443 4440 plagis
3473 4369 3823 4424 verberibus-

2232 4481 2336 4535 que
2366 4466 2606 4519 attritus.
2640 4463 2696 4517 Si
2739 4476 2902 4530 super
2942 4460 3211 4515 hazreticis
3242 4461 3343 4514 ista
3380 4457 3712 4513 voluerimus
3742 4458 3826 4513 in-

2236 4556 2499 4628 telligere,
2530 4553 2653 4609 filiae
2676 4553 2761 4608 vel
2800 4567 3015 4622 sponsa:
3057 4551 3270 4606 illorum
3314 4550 3685 4620 intelliguntur
3706 4550 3827 4605 ani-

2235 4663 2355 4712 mae,
2384 4662 2519 4717 quas
2558 4645 2611 4701 in
2656 4659 2843 4700 errore
2896 4651 3215 4715 genuerunt,
3245 4652 3299 4697 et
3336 4642 3450 4697 suis
3483 4642 3827 4711 dogmatibus

2233 4740 2650 4811 desponsarunt.
2703 4735 3009 4791 Istiusmodi
3065 4734 3268 4806 indigni
3314 4743 3440 4788 sunt
3482 4732 3825 4803 correptione

2235 4831 2354 4897 Dei,
2380 4828 2633 4899 quoniam
2676 4826 2855 4881 omnis
2893 4839 3081 4880 eorum
3109 4824 3286 4879 cultus
3329 4822 3616 4879 fornicatio
3641 4830 3747 4886 est,
3770 4829 3820 4874 ct

2236 4928 2420 4989 turpes
2445 4918 2690 4987 turpibus
2714 4915 3155 4972 commiscentur.
3186 4914 3253 4968 Et
3279 4921 3565 4984 propterea
3601 4911 3817 4982 vapula~

2232 5012 2388 5077 bunt,
2407 5019 2466 5064 ut
2496 5008 2787 5079 aliquando
2808 5022 2905 5078 per
2932 5005 3120 5079 plagas
3157 5006 3249 5077 qui
3284 5004 3621 5074 reliquerunt
3642 5001 3823 5058 Domi-

2232 5117 2383 5167 num,
2408 5100 2748 5170 resipiscant.

2314 5210 2333 5245 ‹
2378 5193 2434 5248 Si
2474 5188 2761 5247 fornicaris
2806 5196 2863 5244 tu
2902 5187 3099 5253 Israel,
3146 5202 3252 5245 non
3305 5187 3587 5256 delinquat
3631 5184 3823 5241 saltem

2235 5282 2392 5339 Juda.
2443 5301 2461 5333 ι
2508 5280 2674 5336 Israel
2714 5280 2767 5334 in
2803 5280 2908 5334 hoc
2944 5279 3087 5343 loco,
3122 5277 3264 5332 sicut
3298 5291 3441 5347 saepe
3477 5276 3682 5331 dictum
3719 5285 3820 5333 est.

2236 5375 2420 5432 decem
2460 5373 2633 5428 tribus
2670 5370 2961 5443 significat,
3002 5368 3167 5424 Judas
3206 5378 3409 5432 autem,
3452 5366 3730 5435 Benjamin
3772 5374 3818 5420 et

2236 5461 2651 5528 sacerdotalem,
2670 5461 2720 5516 id
2737 5469 2839 5523 est,
2856 5460 3174 5524 Leviticam,
3189 5475 3311 5515 cum
3325 5459 3513 5515 eadem
3538 5458 3679 5512 tribu
3704 5472 3825 5512 con—

2229 5554 2468 5626 junctus.
2518 5554 2691 5620 Quam
2738 5553 2938 5608 tribum
2989 5567 3130 5606 nunc
3179 5552 3429 5605 hortatur
3477 5549 3825 5618 propheticus

2234 5666 2434 5716 sermo,
2466 5664 2533 5704 ne
2564 5649 2732 5704 Deum
2769 5649 2984 5704 deserat
3008 5664 3105 5719 per
3136 5648 3406 5703 culturam
3438 5646 3730 5708 idolorum,
3753 5644 3797 5698 si

2235 5751 2326 5799 cut
2374 5742 2576 5798 fecerat
2621 5740 2818 5805 Israei,
2858 5740 2910 5794 id
2949 5748 3033 5794 est
3069 5740 3255 5794 decem
3310 5739 3509 5804 tribus,
3550 5737 3825 5791 adoranda

2222 5822 2396 5917 idola,
2428 5851 2549 5907 quas
2595 5832 2799 5891 fecerat
2838 5834 2917 5890 eis
2954 5831 3263 5900 Jerohoam,
3303 5833 3446 5888 ﬁlius
3494 5830 3723 5886 Nabath.
3767 5828 3822 5880 Si
