  <div class='ocr_page' id='page_1' title='image "/cluster/home/n/w/nwhite01/storage/ocr_20150623/117/hvd.32044015466899/024.png"; bbox 0 0 4022 6468; ppageno 0'>
   <div class='ocr_carea' id='block_1_1' title="bbox 244 408 3492 481">
    <p class='ocr_par' dir='ltr' id='par_1_1' title="bbox 244 408 3492 481">
     <span class='ocr_line' id='line_1_1' title="bbox 244 408 3492 481; baseline 0.002 -16"><span class='ocrx_word' id='word_1_1' title='bbox 244 412 309 466; x_wconf 73' lang='grc'><strong>57</strong></span> <span class='ocrx_word' id='word_1_2' title='bbox 1271 408 1667 466; x_wconf 76' lang='lat' dir='ltr'><strong>ENARRATIO</strong></span> <span class='ocrx_word' id='word_1_3' title='bbox 1702 409 1768 465; x_wconf 78' lang='lat' dir='ltr'><strong>IN</strong></span> <span class='ocrx_word' id='word_1_4' title='bbox 1807 409 1982 468; x_wconf 84' lang='lat' dir='ltr'><strong>OSEE</strong></span> <span class='ocrx_word' id='word_1_5' title='bbox 2024 412 2340 469; x_wconf 81' lang='lat' dir='ltr'><strong>PROPIIET</strong></span> <span class='ocrx_word' id='word_1_6' title='bbox 2358 415 2462 469; x_wconf 54' lang='grc' dir='ltr'><strong>ΚΜ.</strong></span> <span class='ocrx_word' id='word_1_7' title='bbox 3422 427 3492 481; x_wconf 75' lang='lat' dir='ltr'><strong>3s</strong></span> 
     </span>
    </p>
   </div>
   <div class='ocr_carea' id='block_1_2' title="bbox 245 519 3490 605">
    <p class='ocr_par' dir='ltr' id='par_1_2' title="bbox 245 519 3490 605">
     <span class='ocr_line' id='line_1_2' title="bbox 245 519 3490 605; baseline 0.003 -25"><span class='ocrx_word' id='word_1_8' title='bbox 245 523 530 583; x_wconf 85' lang='lat' dir='ltr'><strong>fornicaris</strong></span> <span class='ocrx_word' id='word_1_9' title='bbox 572 521 788 593; x_wconf 77' lang='lat' dir='ltr'><strong>(inquit)</strong></span> <span class='ocrx_word' id='word_1_10' title='bbox 829 531 882 576; x_wconf 89' lang='lat' dir='ltr'><strong>tu</strong></span> <span class='ocrx_word' id='word_1_11' title='bbox 919 519 1112 586; x_wconf 88' lang='lat' dir='ltr'><strong>Israel,</strong></span> <span class='ocrx_word' id='word_1_12' title='bbox 1144 522 1233 591; x_wconf 98' lang='lat' dir='ltr'><strong>qui</strong></span> <span class='ocrx_word' id='word_1_13' title='bbox 1274 538 1398 577; x_wconf 91' lang='lat' dir='ltr'><strong>cum</strong></span> <span class='ocrx_word' id='word_1_14' title='bbox 1440 523 1815 581; x_wconf 86' lang='lat' dir='ltr'><strong>meretricibus</strong></span> <span class='ocrx_word' id='word_1_15' title='bbox 1845 528 1887 586; x_wconf 80' lang='grc' dir='ltr'><strong>Α</strong></span> <span class='ocrx_word' id='word_1_16' title='bbox 1917 532 1972 577; x_wconf 87' lang='lat' dir='ltr'><strong>et</strong></span> <span class='ocrx_word' id='word_1_17' title='bbox 1997 523 2068 577; x_wconf 85' lang='lat' dir='ltr'><strong>ibi</strong></span> <span class='ocrx_word' id='word_1_18' title='bbox 2110 522 2163 577; x_wconf 91' lang='lat' dir='ltr'><strong>in</strong></span> <span class='ocrx_word' id='word_1_19' title='bbox 2207 525 2515 594; x_wconf 72' lang='lat' dir='ltr'><strong>captivitate</strong></span> <span class='ocrx_word' id='word_1_20' title='bbox 2560 526 2858 584; x_wconf 77' lang='lat' dir='ltr'><strong>latitudinis</strong></span> <span class='ocrx_word' id='word_1_21' title='bbox 2886 539 3042 586; x_wconf 78' lang='lat' dir='ltr'><strong>terra:</strong></span> <span class='ocrx_word' id='word_1_22' title='bbox 3086 531 3490 605; x_wconf 85' lang='lat' dir='ltr'><strong>dispergentur,</strong></span> 
     </span>
    </p>
   </div>
   <div class='ocr_carea' id='block_1_3' title="bbox 242 611 1812 684">
    <p class='ocr_par' dir='ltr' id='par_1_3' title="bbox 242 611 1812 684">
     <span class='ocr_line' id='line_1_3' title="bbox 242 611 1812 684; baseline -0.002 -12"><span class='ocrx_word' id='word_1_23' title='bbox 242 625 296 672; x_wconf 88' lang='lat' dir='ltr'><strong>te</strong></span> <span class='ocrx_word' id='word_1_24' title='bbox 328 613 615 678; x_wconf 84' lang='lat' dir='ltr'><strong>miscuisti,</strong></span> <span class='ocrx_word' id='word_1_25' title='bbox 645 613 716 667; x_wconf 88' lang='lat' dir='ltr'><strong>ita</strong></span> <span class='ocrx_word' id='word_1_26' title='bbox 757 621 816 667; x_wconf 93' lang='lat' dir='ltr'><strong>ut</strong></span> <span class='ocrx_word' id='word_1_27' title='bbox 847 611 1150 683; x_wconf 84' lang='lat' dir='ltr'><strong>quicunque</strong></span> <span class='ocrx_word' id='word_1_28' title='bbox 1195 613 1443 684; x_wconf 83' lang='lat' dir='ltr'><strong>impleret</strong></span> <span class='ocrx_word' id='word_1_29' title='bbox 1470 629 1704 679; x_wconf 87' lang='lat' dir='ltr'><strong>manum,</strong></span> <span class='ocrx_word' id='word_1_30' title='bbox 1728 616 1812 669; x_wconf 92' lang='lat' dir='ltr'><strong>vel</strong></span> 
     </span>
    </p>
   </div>
   <div class='ocr_carea' id='block_1_4' title="bbox 1917 614 3492 697">
    <p class='ocr_par' dir='ltr' id='par_1_4' title="bbox 1917 614 3492 697">
     <span class='ocr_line' id='line_1_4' title="bbox 1917 614 3492 697; baseline 0.011 -30"><span class='ocrx_word' id='word_1_31' title='bbox 1917 614 2096 685; x_wconf 80' lang='lat' dir='ltr'><strong>ibique</strong></span> <span class='ocrx_word' id='word_1_32' title='bbox 2176 614 2344 670; x_wconf 91' lang='lat' dir='ltr'><strong>multo</strong></span> <span class='ocrx_word' id='word_1_33' title='bbox 2422 623 2662 685; x_wconf 90' lang='lat' dir='ltr'><strong>tempore</strong></span> <span class='ocrx_word' id='word_1_34' title='bbox 2746 621 3115 677; x_wconf 89' lang='lat' dir='ltr'><strong>morabuntur.</strong></span> <span class='ocrx_word' id='word_1_35' title='bbox 3195 625 3492 697; x_wconf 86' lang='lat' dir='ltr'><strong>Allegorice</strong></span> 
     </span>
    </p>
   </div>
   <div class='ocr_carea' id='block_1_5' title="bbox 242 701 3483 779">
    <p class='ocr_par' dir='ltr' id='par_1_5' title="bbox 242 701 3483 779">
     <span class='ocr_line' id='line_1_5' title="bbox 242 701 3483 779; baseline 0.002 -17"><span class='ocrx_word' id='word_1_36' title='bbox 242 704 518 771; x_wconf 80' lang='lat' dir='ltr'><strong>suam,vel</strong></span> <span class='ocrx_word' id='word_1_37' title='bbox 550 704 723 774; x_wconf 86' lang='lat' dir='ltr'><strong>regis,</strong></span> <span class='ocrx_word' id='word_1_38' title='bbox 764 717 989 759; x_wconf 88' lang='lat' dir='ltr'><strong>munera</strong></span> <span class='ocrx_word' id='word_1_39' title='bbox 1016 704 1195 759; x_wconf 86' lang='lat' dir='ltr'><strong>dando</strong></span> <span class='ocrx_word' id='word_1_40' title='bbox 1237 704 1391 760; x_wconf 81' lang='lat' dir='ltr'><strong>ﬁeret</strong></span> <span class='ocrx_word' id='word_1_41' title='bbox 1427 704 1689 761; x_wconf 89' lang='lat' dir='ltr'><strong>idolorum</strong></span> <span class='ocrx_word' id='word_1_42' title='bbox 1725 721 1813 761; x_wconf 90' lang='lat' dir='ltr'><strong>sa-</strong></span> <span class='ocrx_word' id='word_1_43' title='bbox 1914 701 2124 758; x_wconf 90' lang='lat' dir='ltr'><strong>lsraelis</strong></span> <span class='ocrx_word' id='word_1_44' title='bbox 2172 705 2386 759; x_wconf 89' lang='lat' dir='ltr'><strong>nomine</strong></span> <span class='ocrx_word' id='word_1_45' title='bbox 2428 705 2664 762; x_wconf 68' lang='lat' dir='ltr'><strong>hmretici</strong></span> <span class='ocrx_word' id='word_1_46' title='bbox 2698 710 3066 779; x_wconf 83' lang='lat' dir='ltr'><strong>appellantur,</strong></span> <span class='ocrx_word' id='word_1_47' title='bbox 3111 711 3276 769; x_wconf 74' lang='lat' dir='ltr'><strong>ludas</strong></span> <span class='ocrx_word' id='word_1_48' title='bbox 3305 726 3483 770; x_wconf 85' lang='lat' dir='ltr'><strong>autem</strong></span> 
     </span>
    </p>
   </div>
   <div class='ocr_carea' id='block_1_6' title="bbox 240 793 1811 865">
    <p class='ocr_par' dir='ltr' id='par_1_6' title="bbox 240 793 1811 865">
     <span class='ocr_line' id='line_1_6' title="bbox 240 793 1811 865; baseline -0.001 -12"><span class='ocrx_word' id='word_1_49' title='bbox 240 796 451 855; x_wconf 88' lang='lat' dir='ltr'><strong>cerdos.</strong></span> <span class='ocrx_word' id='word_1_50' title='bbox 482 793 687 852; x_wconf 85' lang='lat' dir='ltr'><strong>Saltem</strong></span> <span class='ocrx_word' id='word_1_51' title='bbox 720 803 775 849; x_wconf 92' lang='lat' dir='ltr'><strong>tu</strong></span> <span class='ocrx_word' id='word_1_52' title='bbox 797 793 951 860; x_wconf 82' lang='lat' dir='ltr'><strong>Juda,</strong></span> <span class='ocrx_word' id='word_1_53' title='bbox 978 795 1067 865; x_wconf 89' lang='lat' dir='ltr'><strong>qui</strong></span> <span class='ocrx_word' id='word_1_54' title='bbox 1094 794 1335 865; x_wconf 86' lang='lat' dir='ltr'><strong>possides</strong></span> <span class='ocrx_word' id='word_1_55' title='bbox 1360 794 1694 852; x_wconf 78' lang='lat' dir='ltr'><strong>Hierusalem</strong></span> <span class='ocrx_word' id='word_1_56' title='bbox 1714 835 1728 858; x_wconf 86' lang='lat'><strong>,</strong></span> <span class='ocrx_word' id='word_1_57' title='bbox 1757 803 1811 851; x_wconf 91' lang='lat' dir='ltr'><strong>et</strong></span> 
     </span>
    </p>
   </div>
   <div class='ocr_carea' id='block_1_7' title="bbox 240 885 1807 957">
    <p class='ocr_par' dir='ltr' id='par_1_7' title="bbox 240 885 1807 957">
     <span class='ocr_line' id='line_1_7' title="bbox 240 885 1807 957; baseline -0.001 -15"><span class='ocrx_word' id='word_1_58' title='bbox 240 886 406 953; x_wconf 81' lang='lat' dir='ltr'><strong>habes</strong></span> <span class='ocrx_word' id='word_1_59' title='bbox 429 901 496 941; x_wconf 79' lang='lat' dir='ltr'><strong>ex</strong></span> <span class='ocrx_word' id='word_1_60' title='bbox 523 885 637 957; x_wconf 85' lang='lat' dir='ltr'><strong>lege</strong></span> <span class='ocrx_word' id='word_1_61' title='bbox 663 887 969 941; x_wconf 89' lang='lat' dir='ltr'><strong>sacerdotes</strong></span> <span class='ocrx_word' id='word_1_62' title='bbox 991 893 1046 939; x_wconf 89' lang='lat' dir='ltr'><strong>et</strong></span> <span class='ocrx_word' id='word_1_63' title='bbox 1068 886 1306 952; x_wconf 87' lang='lat' dir='ltr'><strong>Levitas,</strong></span> <span class='ocrx_word' id='word_1_64' title='bbox 1328 902 1391 942; x_wconf 92' lang='lat' dir='ltr'><strong>ac</strong></span> <span class='ocrx_word' id='word_1_65' title='bbox 1413 886 1663 957; x_wconf 91' lang='lat' dir='ltr'><strong>templum</strong></span> <span class='ocrx_word' id='word_1_66' title='bbox 1687 902 1807 941; x_wconf 86' lang='lat' dir='ltr'><strong>eum</strong></span> 
     </span>
    </p>
   </div>
   <div class='ocr_carea' id='block_1_8' title="bbox 240 972 1810 1049">
    <p class='ocr_par' dir='ltr' id='par_1_8' title="bbox 240 972 1810 1049">
     <span class='ocr_line' id='line_1_8' title="bbox 240 972 1810 1049; baseline 0.003 -17"><span class='ocrx_word' id='word_1_67' title='bbox 240 977 498 1049; x_wconf 82' lang='lat' dir='ltr'><strong>legalibus</strong></span> <span class='ocrx_word' id='word_1_68' title='bbox 511 977 866 1039; x_wconf 77' lang='lat' dir='ltr'><strong>caeremoniis,</strong></span> <span class='ocrx_word' id='word_1_69' title='bbox 895 972 1001 1032; x_wconf 82' lang='lat' dir='ltr'><strong>noli</strong></span> <span class='ocrx_word' id='word_1_70' title='bbox 1018 977 1331 1049; x_wconf 84' lang='lat' dir='ltr'><strong>delinquere</strong></span> <span class='ocrx_word' id='word_1_71' title='bbox 1354 988 1412 1033; x_wconf 89' lang='lat' dir='ltr'><strong>ut</strong></span> <span class='ocrx_word' id='word_1_72' title='bbox 1434 992 1554 1033; x_wconf 90' lang='lat' dir='ltr'><strong>eum</strong></span> <span class='ocrx_word' id='word_1_73' title='bbox 1581 980 1810 1036; x_wconf 89' lang='lat' dir='ltr'><strong>imiteris</strong></span> 
     </span>
    </p>
   </div>
   <div class='ocr_carea' id='block_1_9' title="bbox 239 1067 1809 1141">
    <p class='ocr_par' dir='ltr' id='par_1_9' title="bbox 239 1067 1809 1141">
     <span class='ocr_line' id='line_1_9' title="bbox 239 1067 1809 1141; baseline 0.001 -18"><span class='ocrx_word' id='word_1_74' title='bbox 239 1067 378 1124; x_wconf 87' lang='lat' dir='ltr'><strong>idola</strong></span> <span class='ocrx_word' id='word_1_75' title='bbox 408 1067 652 1125; x_wconf 89' lang='lat' dir='ltr'><strong>colendo.</strong></span> <span class='ocrx_word' id='word_1_76' title='bbox 687 1086 704 1119; x_wconf 72' lang='grc' dir='ltr'>ι</span> <span class='ocrx_word' id='word_1_77' title='bbox 735 1068 801 1122; x_wconf 87' lang='lat' dir='ltr'><strong>Et</strong></span> <span class='ocrx_word' id='word_1_78' title='bbox 828 1067 995 1135; x_wconf 78' lang='lat' dir='ltr'><strong>nolite</strong></span> <span class='ocrx_word' id='word_1_79' title='bbox 1028 1069 1233 1139; x_wconf 84' lang='lat' dir='ltr'><strong>ingredi</strong></span> <span class='ocrx_word' id='word_1_80' title='bbox 1272 1069 1326 1123; x_wconf 94' lang='lat' dir='ltr'><strong>in</strong></span> <span class='ocrx_word' id='word_1_81' title='bbox 1354 1069 1593 1141; x_wconf 84' lang='lat' dir='ltr'><strong>Galgala.</strong></span> <span class='ocrx_word' id='word_1_82' title='bbox 1626 1089 1644 1123; x_wconf 71' lang='grc' dir='ltr'><strong><em>ι</em></strong></span> <span class='ocrx_word' id='word_1_83' title='bbox 1684 1070 1809 1125; x_wconf 85' lang='lat' dir='ltr'><strong>Gal-</strong></span> 
     </span>
    </p>
   </div>
   <div class='ocr_carea' id='block_1_10' title="bbox 238 1158 1806 1233">
    <p class='ocr_par' dir='ltr' id='par_1_10' title="bbox 238 1158 1806 1233">
     <span class='ocr_line' id='line_1_10' title="bbox 238 1158 1806 1233; baseline 0.001 -19"><span class='ocrx_word' id='word_1_84' title='bbox 238 1160 349 1233; x_wconf 82' lang='lat' dir='ltr'><strong>gaia</strong></span> <span class='ocrx_word' id='word_1_85' title='bbox 377 1160 528 1217; x_wconf 88' lang='lat' dir='ltr'><strong>locus</strong></span> <span class='ocrx_word' id='word_1_86' title='bbox 554 1167 637 1215; x_wconf 87' lang='lat' dir='ltr'><strong>est</strong></span> <span class='ocrx_word' id='word_1_87' title='bbox 673 1160 764 1215; x_wconf 89' lang='lat' dir='ltr'><strong>ubi</strong></span> <span class='ocrx_word' id='word_1_88' title='bbox 794 1159 886 1214; x_wconf 77' lang='lat' dir='ltr'><strong>lilii</strong></span> <span class='ocrx_word' id='word_1_89' title='bbox 923 1160 1104 1224; x_wconf 91' lang='lat' dir='ltr'><strong>lsrael,</strong></span> <span class='ocrx_word' id='word_1_90' title='bbox 1149 1161 1373 1216; x_wconf 86' lang='lat' dir='ltr'><strong>transito</strong></span> <span class='ocrx_word' id='word_1_91' title='bbox 1413 1159 1664 1227; x_wconf 71' lang='lat' dir='ltr'><strong>Iordane,</strong></span> <span class='ocrx_word' id='word_1_92' title='bbox 1692 1158 1806 1232; x_wconf 88' lang='lat' dir='ltr'><strong>pri-</strong></span> 
     </span>
    </p>
   </div>
   <div class='ocr_carea' id='block_1_11' title="bbox 238 1248 1809 1321">
    <p class='ocr_par' dir='ltr' id='par_1_11' title="bbox 238 1248 1809 1321">
     <span class='ocr_line' id='line_1_11' title="bbox 238 1248 1809 1321; baseline 0.003 -17"><span class='ocrx_word' id='word_1_93' title='bbox 238 1266 380 1306; x_wconf 88' lang='lat' dir='ltr'><strong>mum</strong></span> <span class='ocrx_word' id='word_1_94' title='bbox 394 1259 571 1306; x_wconf 85' lang='lat' dir='ltr'><strong>castra</strong></span> <span class='ocrx_word' id='word_1_95' title='bbox 594 1248 777 1305; x_wconf 85' lang='lat' dir='ltr'><strong>metati</strong></span> <span class='ocrx_word' id='word_1_96' title='bbox 800 1257 924 1305; x_wconf 88' lang='lat' dir='ltr'><strong>sunt</strong></span> <span class='ocrx_word' id='word_1_97' title='bbox 938 1266 952 1315; x_wconf 87' lang='lat'><strong>;</strong></span> <span class='ocrx_word' id='word_1_98' title='bbox 970 1249 1147 1321; x_wconf 88' lang='lat' dir='ltr'><strong>ibique</strong></span> <span class='ocrx_word' id='word_1_99' title='bbox 1157 1250 1390 1305; x_wconf 89' lang='lat' dir='ltr'><strong>secunda</strong></span> <span class='ocrx_word' id='word_1_100' title='bbox 1403 1251 1809 1308; x_wconf 87' lang='lat' dir='ltr'><strong>circumcisione</strong></span> 
     </span>
    </p>
   </div>
   <div class='ocr_carea' id='block_1_12' title="bbox 236 1341 1807 1413">
    <p class='ocr_par' dir='ltr' id='par_1_12' title="bbox 236 1341 1807 1413">
     <span class='ocr_line' id='line_1_12' title="bbox 236 1341 1807 1413; baseline 0.001 -16"><span class='ocrx_word' id='word_1_101' title='bbox 236 1352 472 1413; x_wconf 84' lang='lat' dir='ltr'><strong>accepta,</strong></span> <span class='ocrx_word' id='word_1_102' title='bbox 505 1341 806 1411; x_wconf 84' lang='lat' dir='ltr'><strong>purgabant</strong></span> <span class='ocrx_word' id='word_1_103' title='bbox 840 1342 914 1396; x_wconf 86' lang='lat' dir='ltr'><strong>ibi</strong></span> <span class='ocrx_word' id='word_1_104' title='bbox 949 1341 1112 1406; x_wconf 91' lang='lat' dir='ltr'><strong>idola,</strong></span> <span class='ocrx_word' id='word_1_105' title='bbox 1140 1356 1169 1396; x_wconf 88' lang='lat' dir='ltr'><strong>a</strong></span> <span class='ocrx_word' id='word_1_106' title='bbox 1200 1357 1428 1412; x_wconf 91' lang='lat' dir='ltr'><strong>quorum</strong></span> <span class='ocrx_word' id='word_1_107' title='bbox 1458 1344 1807 1399; x_wconf 88' lang='lat' dir='ltr'><strong>veneratione</strong></span> 
     </span>
    </p>
   </div>
   <div class='ocr_carea' id='block_1_13' title="bbox 234 1430 1807 1501">
    <p class='ocr_par' dir='ltr' id='par_1_13' title="bbox 234 1430 1807 1501">
     <span class='ocr_line' id='line_1_13' title="bbox 234 1430 1807 1501; baseline 0.002 -15"><span class='ocrx_word' id='word_1_108' title='bbox 234 1447 377 1486; x_wconf 88' lang='lat' dir='ltr'><strong>nunc</strong></span> <span class='ocrx_word' id='word_1_109' title='bbox 412 1433 580 1488; x_wconf 84' lang='lat' dir='ltr'><strong>tribus</strong></span> <span class='ocrx_word' id='word_1_110' title='bbox 605 1430 743 1487; x_wconf 78' lang='lat' dir='ltr'><strong>Juda</strong></span> <span class='ocrx_word' id='word_1_111' title='bbox 787 1430 1123 1501; x_wconf 80' lang='lat' dir='ltr'><strong>prohibethr,</strong></span> <span class='ocrx_word' id='word_1_112' title='bbox 1168 1447 1288 1487; x_wconf 89' lang='lat' dir='ltr'><strong>cum</strong></span> <span class='ocrx_word' id='word_1_113' title='bbox 1318 1433 1548 1488; x_wconf 89' lang='lat' dir='ltr'><strong>dicitur:</strong></span> <span class='ocrx_word' id='word_1_114' title='bbox 1578 1452 1595 1485; x_wconf 74' lang='grc' dir='ltr'>ι</span> <span class='ocrx_word' id='word_1_115' title='bbox 1632 1434 1807 1489; x_wconf 82' lang='lat' dir='ltr'><strong>Nolite</strong></span> 
     </span>
    </p>
   </div>
   <div class='ocr_carea' id='block_1_14' title="bbox 233 1521 1804 1593">
    <p class='ocr_par' dir='ltr' id='par_1_14' title="bbox 233 1521 1804 1593">
     <span class='ocr_line' id='line_1_14' title="bbox 233 1521 1804 1593; baseline 0.003 -17"><span class='ocrx_word' id='word_1_116' title='bbox 233 1521 519 1578; x_wconf 85' lang='lat' dir='ltr'><strong>ascendere</strong></span> <span class='ocrx_word' id='word_1_117' title='bbox 542 1523 595 1577; x_wconf 91' lang='lat' dir='ltr'><strong>in</strong></span> <span class='ocrx_word' id='word_1_118' title='bbox 618 1521 857 1593; x_wconf 85' lang='lat' dir='ltr'><strong>Galgala,</strong></span> <span class='ocrx_word' id='word_1_119' title='bbox 888 1542 905 1574; x_wconf 73' lang='grc' dir='ltr'><strong><em>ι</em></strong></span> <span class='ocrx_word' id='word_1_120' title='bbox 931 1521 1186 1579; x_wconf 86' lang='lat' dir='ltr'><strong>subaudis</strong></span> <span class='ocrx_word' id='word_1_121' title='bbox 1211 1531 1268 1578; x_wconf 92' lang='lat' dir='ltr'><strong>ut</strong></span> <span class='ocrx_word' id='word_1_122' title='bbox 1300 1523 1373 1578; x_wconf 87' lang='lat' dir='ltr'><strong>ibi</strong></span> <span class='ocrx_word' id='word_1_123' title='bbox 1395 1523 1525 1579; x_wconf 90' lang='lat' dir='ltr'><strong>deos</strong></span> <span class='ocrx_word' id='word_1_124' title='bbox 1546 1524 1804 1590; x_wconf 87' lang='lat' dir='ltr'><strong>adoretis,</strong></span> 
     </span>
    </p>
   </div>
   <div class='ocr_carea' id='block_1_15' title="bbox 233 1610 1805 1678">
    <p class='ocr_par' dir='ltr' id='par_1_15' title="bbox 233 1610 1805 1678">
     <span class='ocr_line' id='line_1_15' title="bbox 233 1610 1805 1678; baseline 0.002 -10"><span class='ocrx_word' id='word_1_125' title='bbox 233 1613 374 1668; x_wconf 85' lang='lat' dir='ltr'><strong>sicut</strong></span> <span class='ocrx_word' id='word_1_126' title='bbox 398 1612 603 1669; x_wconf 86' lang='lat' dir='ltr'><strong>faciunt</strong></span> <span class='ocrx_word' id='word_1_127' title='bbox 626 1610 897 1678; x_wconf 72' lang='lat' dir='ltr'><strong>Israelitre,</strong></span> <span class='ocrx_word' id='word_1_128' title='bbox 938 1613 990 1668; x_wconf 92' lang='lat' dir='ltr'><strong>id</strong></span> <span class='ocrx_word' id='word_1_129' title='bbox 1031 1622 1115 1669; x_wconf 85' lang='lat' dir='ltr'><strong>est</strong></span> <span class='ocrx_word' id='word_1_130' title='bbox 1151 1613 1333 1669; x_wconf 89' lang='lat' dir='ltr'><strong>decem</strong></span> <span class='ocrx_word' id='word_1_131' title='bbox 1361 1614 1552 1670; x_wconf 88' lang='lat' dir='ltr'><strong>tribus.</strong></span> <span class='ocrx_word' id='word_1_132' title='bbox 1587 1633 1606 1666; x_wconf 75' lang='grc' dir='ltr'>ι</span> <span class='ocrx_word' id='word_1_133' title='bbox 1635 1614 1701 1669; x_wconf 83' lang='grc' dir='ltr'><strong>Ει</strong></span> <span class='ocrx_word' id='word_1_134' title='bbox 1737 1629 1805 1671; x_wconf 87' lang='lat' dir='ltr'><strong>ne</strong></span> 
     </span>
    </p>
   </div>
   <div class='ocr_carea' id='block_1_16' title="bbox 232 1702 1798 1777">
    <p class='ocr_par' dir='ltr' id='par_1_16' title="bbox 232 1702 1798 1777">
     <span class='ocr_line' id='line_1_16' title="bbox 232 1702 1798 1777; baseline 0.003 -21"><span class='ocrx_word' id='word_1_135' title='bbox 232 1702 535 1758; x_wconf 82' lang='lat' dir='ltr'><strong>ascendatis</strong></span> <span class='ocrx_word' id='word_1_136' title='bbox 562 1703 615 1758; x_wconf 90' lang='lat' dir='ltr'><strong>in</strong></span> <span class='ocrx_word' id='word_1_137' title='bbox 641 1702 934 1759; x_wconf 88' lang='lat' dir='ltr'><strong>Bethaven.</strong></span> <span class='ocrx_word' id='word_1_138' title='bbox 971 1723 989 1755; x_wconf 76' lang='grc' dir='ltr'><strong><em>ι</em></strong></span> <span class='ocrx_word' id='word_1_139' title='bbox 1017 1703 1289 1761; x_wconf 88' lang='lat' dir='ltr'><strong>Bethaven</strong></span> <span class='ocrx_word' id='word_1_140' title='bbox 1324 1705 1437 1777; x_wconf 89' lang='lat' dir='ltr'><strong>ipsa</strong></span> <span class='ocrx_word' id='word_1_141' title='bbox 1460 1714 1544 1761; x_wconf 89' lang='lat' dir='ltr'><strong>est</strong></span> <span class='ocrx_word' id='word_1_142' title='bbox 1591 1704 1798 1772; x_wconf 82' lang='lat' dir='ltr'><strong>Bethel,</strong></span> 
     </span>
    </p>
   </div>
   <div class='ocr_carea' id='block_1_17' title="bbox 230 1795 1794 1866">
    <p class='ocr_par' dir='ltr' id='par_1_17' title="bbox 230 1795 1794 1866">
     <span class='ocr_line' id='line_1_17' title="bbox 230 1795 1794 1866; baseline 0 -15"><span class='ocrx_word' id='word_1_143' title='bbox 230 1810 349 1864; x_wconf 65' lang='lat' dir='ltr'><strong>quae</strong></span> <span class='ocrx_word' id='word_1_144' title='bbox 375 1796 526 1866; x_wconf 90' lang='lat' dir='ltr'><strong>prius</strong></span> <span class='ocrx_word' id='word_1_145' title='bbox 559 1795 707 1852; x_wconf 87' lang='lat' dir='ltr'><strong>dicta</strong></span> <span class='ocrx_word' id='word_1_146' title='bbox 736 1802 821 1851; x_wconf 92' lang='lat' dir='ltr'><strong>est</strong></span> <span class='ocrx_word' id='word_1_147' title='bbox 843 1796 1047 1863; x_wconf 88' lang='lat' dir='ltr'><strong>Betbel,</strong></span> <span class='ocrx_word' id='word_1_148' title='bbox 1080 1798 1182 1854; x_wconf 90' lang='lat' dir='ltr'><strong>hoc</strong></span> <span class='ocrx_word' id='word_1_149' title='bbox 1222 1807 1307 1854; x_wconf 88' lang='lat' dir='ltr'><strong>est</strong></span> <span class='ocrx_word' id='word_1_150' title='bbox 1345 1799 1536 1855; x_wconf 87' lang='lat' dir='ltr'><strong>domus</strong></span> <span class='ocrx_word' id='word_1_151' title='bbox 1564 1799 1794 1855; x_wconf 87' lang='lat' dir='ltr'><strong>Domini.</strong></span> 
     </span>
    </p>
   </div>
   <div class='ocr_carea' id='block_1_18' title="bbox 1914 792 3489 879">
    <p class='ocr_par' dir='ltr' id='par_1_18' title="bbox 1914 792 3489 879">
     <span class='ocr_line' id='line_1_18' title="bbox 1914 792 3489 879; baseline 0.012 -34"><span class='ocrx_word' id='word_1_152' title='bbox 1914 793 1996 847; x_wconf 84' lang='lat' dir='ltr'><strong>vir</strong></span> <span class='ocrx_word' id='word_1_153' title='bbox 2039 792 2264 863; x_wconf 82' lang='lat' dir='ltr'><strong>quilibet</strong></span> <span class='ocrx_word' id='word_1_154' title='bbox 2310 795 2708 853; x_wconf 88' lang='lat' dir='ltr'><strong>ecclesiasticus</strong></span> <span class='ocrx_word' id='word_1_155' title='bbox 2752 799 2916 855; x_wconf 91' lang='lat' dir='ltr'><strong>Deum</strong></span> <span class='ocrx_word' id='word_1_156' title='bbox 2966 802 3249 872; x_wconf 81' lang='lat' dir='ltr'><strong>conﬁtens,</strong></span> <span class='ocrx_word' id='word_1_157' title='bbox 3295 809 3489 879; x_wconf 84' lang='lat' dir='ltr'><strong>quibus</strong></span> 
     </span>
    </p>
   </div>
   <div class='ocr_carea' id='block_1_19' title="bbox 1910 882 3485 965">
    <p class='ocr_par' dir='ltr' id='par_1_19' title="bbox 1910 882 3485 965">
     <span class='ocr_line' id='line_1_19' title="bbox 1910 882 3485 965; baseline 0.011 -29"><span class='ocrx_word' id='word_1_158' title='bbox 1910 882 2107 938; x_wconf 89' lang='lat' dir='ltr'><strong>dicitur</strong></span> <span class='ocrx_word' id='word_1_159' title='bbox 2132 898 2145 938; x_wconf 83' lang='lat'><strong>:</strong></span> <span class='ocrx_word' id='word_1_160' title='bbox 2171 883 2227 939; x_wconf 84' lang='lat' dir='ltr'><strong>Si</strong></span> <span class='ocrx_word' id='word_1_161' title='bbox 2267 883 2550 941; x_wconf 88' lang='lat' dir='ltr'><strong>fornicaris</strong></span> <span class='ocrx_word' id='word_1_162' title='bbox 2591 897 2643 941; x_wconf 92' lang='lat' dir='ltr'><strong>tu</strong></span> <span class='ocrx_word' id='word_1_163' title='bbox 2675 889 2854 955; x_wconf 88' lang='lat' dir='ltr'><strong>Israel,</strong></span> <span class='ocrx_word' id='word_1_164' title='bbox 2878 892 2982 948; x_wconf 88' lang='lat' dir='ltr'><strong>hoc</strong></span> <span class='ocrx_word' id='word_1_165' title='bbox 3007 904 3110 959; x_wconf 84' lang='lat' dir='ltr'><strong>est,</strong></span> <span class='ocrx_word' id='word_1_166' title='bbox 3136 896 3181 952; x_wconf 87' lang='lat' dir='ltr'><strong>si</strong></span> <span class='ocrx_word' id='word_1_167' title='bbox 3210 905 3288 965; x_wconf 89' lang='lat' dir='ltr'><strong>tu,</strong></span> <span class='ocrx_word' id='word_1_168' title='bbox 3320 912 3352 953; x_wconf 91' lang='grc' dir='ltr'>ο</span> <span class='ocrx_word' id='word_1_169' title='bbox 3374 900 3485 954; x_wconf 75' lang='lat' dir='ltr'><strong>bte-</strong></span> 
     </span>
    </p>
   </div>
   <div class='ocr_carea' id='block_1_20' title="bbox 1911 975 3488 1053">
    <p class='ocr_par' dir='ltr' id='par_1_20' title="bbox 1911 975 3488 1053">
     <span class='ocr_line' id='line_1_20' title="bbox 1911 975 3488 1053; baseline 0.01 -24"><span class='ocrx_word' id='word_1_170' title='bbox 1911 975 2093 1039; x_wconf 87' lang='lat' dir='ltr'><strong>retiee,</strong></span> <span class='ocrx_word' id='word_1_171' title='bbox 2122 990 2153 1029; x_wconf 92' lang='lat' dir='ltr'><strong>a</strong></span> <span class='ocrx_word' id='word_1_172' title='bbox 2191 976 2301 1031; x_wconf 84' lang='lat' dir='ltr'><strong>Deo</strong></span> <span class='ocrx_word' id='word_1_173' title='bbox 2330 977 2534 1032; x_wconf 85' lang='lat' dir='ltr'><strong>recedis</strong></span> <span class='ocrx_word' id='word_1_174' title='bbox 2556 994 2654 1049; x_wconf 89' lang='lat' dir='ltr'><strong>per</strong></span> <span class='ocrx_word' id='word_1_175' title='bbox 2680 979 2869 1035; x_wconf 83' lang='lat' dir='ltr'><strong>falsam</strong></span> <span class='ocrx_word' id='word_1_176' title='bbox 2900 983 3219 1053; x_wconf 86' lang='lat' dir='ltr'><strong>doctrinam,</strong></span> <span class='ocrx_word' id='word_1_177' title='bbox 3264 1004 3369 1043; x_wconf 91' lang='lat' dir='ltr'><strong>non</strong></span> <span class='ocrx_word' id='word_1_178' title='bbox 3398 990 3488 1044; x_wconf 82' lang='lat' dir='ltr'><strong>de-</strong></span> 
     </span>
    </p>
   </div>
   <div class='ocr_carea' id='block_1_21' title="bbox 1910 1062 3488 1149">
    <p class='ocr_par' dir='ltr' id='par_1_21' title="bbox 1910 1062 3488 1149">
     <span class='ocr_line' id='line_1_21' title="bbox 1910 1062 3488 1149; baseline 0.009 -30"><span class='ocrx_word' id='word_1_179' title='bbox 1910 1064 2114 1137; x_wconf 86' lang='lat' dir='ltr'><strong>linquat</strong></span> <span class='ocrx_word' id='word_1_180' title='bbox 2144 1064 2311 1121; x_wconf 86' lang='lat' dir='ltr'><strong>Judas</strong></span> <span class='ocrx_word' id='word_1_181' title='bbox 2338 1083 2352 1131; x_wconf 91' lang='lat'><strong>;</strong></span> <span class='ocrx_word' id='word_1_182' title='bbox 2375 1067 2475 1123; x_wconf 90' lang='lat' dir='ltr'><strong>hoc</strong></span> <span class='ocrx_word' id='word_1_183' title='bbox 2498 1077 2598 1133; x_wconf 88' lang='lat' dir='ltr'><strong>est,</strong></span> <span class='ocrx_word' id='word_1_184' title='bbox 2624 1062 2709 1124; x_wconf 91' lang='lat' dir='ltr'><strong>vir</strong></span> <span class='ocrx_word' id='word_1_185' title='bbox 2731 1069 3129 1130; x_wconf 87' lang='lat' dir='ltr'><strong>ecclesiasticus</strong></span> <span class='ocrx_word' id='word_1_186' title='bbox 3164 1093 3268 1132; x_wconf 89' lang='lat' dir='ltr'><strong>non</strong></span> <span class='ocrx_word' id='word_1_187' title='bbox 3296 1095 3488 1149; x_wconf 83' lang='lat' dir='ltr'><strong>sequa-</strong></span> 
     </span>
    </p>
   </div>
   <div class='ocr_carea' id='block_1_22' title="bbox 1910 1156 3484 1234">
    <p class='ocr_par' dir='ltr' id='par_1_22' title="bbox 1910 1156 3484 1234">
     <span class='ocr_line' id='line_1_22' title="bbox 1910 1156 3484 1234; baseline 0.009 -25"><span class='ocrx_word' id='word_1_188' title='bbox 1910 1163 1998 1210; x_wconf 91' lang='lat' dir='ltr'><strong>tur</strong></span> <span class='ocrx_word' id='word_1_189' title='bbox 2034 1156 2283 1227; x_wconf 81' lang='lat' dir='ltr'><strong>dogmata</strong></span> <span class='ocrx_word' id='word_1_190' title='bbox 2312 1164 2416 1211; x_wconf 72' lang='lat' dir='ltr'><strong>tua:</strong></span> <span class='ocrx_word' id='word_1_191' title='bbox 2457 1160 2845 1227; x_wconf 87' lang='lat' dir='ltr'><strong>perversitatis.</strong></span> <span class='ocrx_word' id='word_1_192' title='bbox 2882 1162 2947 1216; x_wconf 80' lang='lat' dir='ltr'><strong>Et</strong></span> <span class='ocrx_word' id='word_1_193' title='bbox 2977 1177 3045 1218; x_wconf 91' lang='lat' dir='ltr'><strong>ne</strong></span> <span class='ocrx_word' id='word_1_194' title='bbox 3072 1164 3404 1234; x_wconf 79' lang='lat' dir='ltr'><strong>ingrediatur</strong></span> <span class='ocrx_word' id='word_1_195' title='bbox 3434 1170 3484 1223; x_wconf 94' lang='lat' dir='ltr'><strong>iu</strong></span> 
     </span>
    </p>
   </div>
   <div class='ocr_carea' id='block_1_23' title="bbox 1908 1246 3482 1321">
    <p class='ocr_par' dir='ltr' id='par_1_23' title="bbox 1908 1246 3482 1321">
     <span class='ocr_line' id='line_1_23' title="bbox 1908 1246 3482 1321; baseline 0.006 -19"><span class='ocrx_word' id='word_1_196' title='bbox 1908 1246 2177 1319; x_wconf 86' lang='lat' dir='ltr'><strong>Galgala,</strong></span> <span class='ocrx_word' id='word_1_197' title='bbox 2236 1248 2341 1303; x_wconf 90' lang='lat' dir='ltr'><strong>hoc</strong></span> <span class='ocrx_word' id='word_1_198' title='bbox 2395 1256 2479 1303; x_wconf 86' lang='lat' dir='ltr'><strong>est</strong></span> <span class='ocrx_word' id='word_1_199' title='bbox 2539 1248 2591 1303; x_wconf 91' lang='lat' dir='ltr'><strong>in</strong></span> <span class='ocrx_word' id='word_1_200' title='bbox 2658 1250 3008 1307; x_wconf 87' lang='lat' dir='ltr'><strong>conciliabula</strong></span> <span class='ocrx_word' id='word_1_201' title='bbox 3066 1252 3441 1311; x_wconf 70' lang='lat' dir='ltr'><strong>haereticorum</strong></span> <span class='ocrx_word' id='word_1_202' title='bbox 3468 1299 3482 1321; x_wconf 89' lang='lat'><strong><em>.</em></strong></span> 
     </span>
    </p>
   </div>
   <div class='ocr_carea' id='block_1_24' title="bbox 1908 1340 3482 1415">
    <p class='ocr_par' dir='ltr' id='par_1_24' title="bbox 1908 1340 3482 1415">
     <span class='ocr_line' id='line_1_24' title="bbox 1908 1340 3482 1415; baseline 0.006 -21"><span class='ocrx_word' id='word_1_203' title='bbox 1908 1340 1997 1395; x_wconf 93' lang='lat' dir='ltr'><strong>ubi</strong></span> <span class='ocrx_word' id='word_1_204' title='bbox 2025 1340 2263 1395; x_wconf 90' lang='lat' dir='ltr'><strong>omnium</strong></span> <span class='ocrx_word' id='word_1_205' title='bbox 2290 1349 2510 1411; x_wconf 89' lang='lat' dir='ltr'><strong>peccata</strong></span> <span class='ocrx_word' id='word_1_206' title='bbox 2540 1342 2866 1409; x_wconf 80' lang='lat' dir='ltr'><strong>revelantur,</strong></span> <span class='ocrx_word' id='word_1_207' title='bbox 2899 1352 2954 1399; x_wconf 92' lang='lat' dir='ltr'><strong>et</strong></span> <span class='ocrx_word' id='word_1_208' title='bbox 2980 1344 3152 1399; x_wconf 91' lang='lat' dir='ltr'><strong>instar</strong></span> <span class='ocrx_word' id='word_1_209' title='bbox 3198 1362 3482 1415; x_wconf 87' lang='lat' dir='ltr'><strong>porcorum</strong></span> 
     </span>
    </p>
   </div>
   <div class='ocr_carea' id='block_1_25' title="bbox 1908 1428 3484 1505">
    <p class='ocr_par' dir='ltr' id='par_1_25' title="bbox 1908 1428 3484 1505">
     <span class='ocr_line' id='line_1_25' title="bbox 1908 1428 3484 1505; baseline 0.006 -23"><span class='ocrx_word' id='word_1_210' title='bbox 1908 1428 2211 1485; x_wconf 80' lang='lat' dir='ltr'><strong>volutantur</strong></span> <span class='ocrx_word' id='word_1_211' title='bbox 2250 1430 2304 1485; x_wconf 92' lang='lat' dir='ltr'><strong>in</strong></span> <span class='ocrx_word' id='word_1_212' title='bbox 2348 1444 2503 1487; x_wconf 69' lang='lat' dir='ltr'><strong>caeno</strong></span> <span class='ocrx_word' id='word_1_213' title='bbox 2537 1432 2809 1487; x_wconf 88' lang='lat' dir='ltr'><strong>vitiorum.</strong></span> <span class='ocrx_word' id='word_1_214' title='bbox 2854 1432 3041 1505; x_wconf 85' lang='lat' dir='ltr'><strong>Galgal</strong></span> <span class='ocrx_word' id='word_1_215' title='bbox 3066 1436 3211 1490; x_wconf 91' lang='lat' dir='ltr'><strong>enim</strong></span> <span class='ocrx_word' id='word_1_216' title='bbox 3244 1437 3484 1492; x_wconf 78' lang='lat' dir='ltr'><strong>revelatio</strong></span> 
     </span>
    </p>
   </div>
   <div class='ocr_carea' id='block_1_26' title="bbox 1904 1520 3486 1592">
    <p class='ocr_par' dir='ltr' id='par_1_26' title="bbox 1904 1520 3486 1592">
     <span class='ocr_line' id='line_1_26' title="bbox 1904 1520 3486 1592; baseline 0.006 -17"><span class='ocrx_word' id='word_1_217' title='bbox 1904 1520 2292 1592; x_wconf 81' lang='lat' dir='ltr'><strong>interpretatur</strong></span> <span class='ocrx_word' id='word_1_218' title='bbox 2311 1523 2424 1578; x_wconf 88' lang='lat' dir='ltr'><strong>sive</strong></span> <span class='ocrx_word' id='word_1_219' title='bbox 2441 1523 2791 1579; x_wconf 80' lang='lat' dir='ltr'><strong>volutabrum.</strong></span> <span class='ocrx_word' id='word_1_220' title='bbox 2817 1524 2926 1581; x_wconf 88' lang='lat' dir='ltr'><strong>Nec</strong></span> <span class='ocrx_word' id='word_1_221' title='bbox 2949 1528 3204 1582; x_wconf 86' lang='lat' dir='ltr'><strong>ascendat</strong></span> <span class='ocrx_word' id='word_1_222' title='bbox 3227 1528 3278 1582; x_wconf 89' lang='lat' dir='ltr'><strong>in</strong></span> <span class='ocrx_word' id='word_1_223' title='bbox 3293 1529 3486 1584; x_wconf 86' lang='lat' dir='ltr'><strong>Betha-</strong></span> 
     </span>
    </p>
   </div>
   <div class='ocr_carea' id='block_1_27' title="bbox 1906 1608 3479 1690">
    <p class='ocr_par' dir='ltr' id='par_1_27' title="bbox 1906 1608 3479 1690">
     <span class='ocr_line' id='line_1_27' title="bbox 1906 1608 3479 1690; baseline 0.006 -26"><span class='ocrx_word' id='word_1_224' title='bbox 1906 1619 2029 1675; x_wconf 82' lang='lat' dir='ltr'><strong>ven,</strong></span> <span class='ocrx_word' id='word_1_225' title='bbox 2059 1608 2163 1667; x_wconf 87' lang='lat' dir='ltr'><strong>hoc</strong></span> <span class='ocrx_word' id='word_1_226' title='bbox 2184 1620 2267 1668; x_wconf 88' lang='lat' dir='ltr'><strong>est</strong></span> <span class='ocrx_word' id='word_1_227' title='bbox 2295 1613 2363 1670; x_wconf 87' lang='lat' dir='ltr'><strong>ad</strong></span> <span class='ocrx_word' id='word_1_228' title='bbox 2400 1623 2712 1687; x_wconf 77' lang='lat' dir='ltr'><strong>arrogantes</strong></span> <span class='ocrx_word' id='word_1_229' title='bbox 2738 1616 2994 1672; x_wconf 90' lang='lat' dir='ltr'><strong>falsorum</strong></span> <span class='ocrx_word' id='word_1_230' title='bbox 3036 1618 3343 1690; x_wconf 88' lang='lat' dir='ltr'><strong>dogmatum</strong></span> <span class='ocrx_word' id='word_1_231' title='bbox 3375 1620 3479 1674; x_wconf 85' lang='lat' dir='ltr'><strong>ﬁu-</strong></span> 
     </span>
    </p>
   </div>
   <div class='ocr_carea' id='block_1_28' title="bbox 1903 1704 3481 1775">
    <p class='ocr_par' dir='ltr' id='par_1_28' title="bbox 1903 1704 3481 1775">
     <span class='ocr_line' id='line_1_28' title="bbox 1903 1704 3481 1775; baseline 0.004 -16"><span class='ocrx_word' id='word_1_232' title='bbox 1903 1704 2128 1769; x_wconf 83' lang='lat' dir='ltr'><strong>ctioncs,</strong></span> <span class='ocrx_word' id='word_1_233' title='bbox 2161 1706 2419 1775; x_wconf 85' lang='lat' dir='ltr'><strong>quoniam</strong></span> <span class='ocrx_word' id='word_1_234' title='bbox 2448 1714 2555 1761; x_wconf 79' lang='lat' dir='ltr'><strong>nan</strong></span> <span class='ocrx_word' id='word_1_235' title='bbox 2584 1715 2666 1762; x_wconf 89' lang='lat' dir='ltr'><strong>est</strong></span> <span class='ocrx_word' id='word_1_236' title='bbox 2696 1706 2768 1761; x_wconf 90' lang='lat' dir='ltr'><strong>ibi</strong></span> <span class='ocrx_word' id='word_1_237' title='bbox 2796 1707 2987 1764; x_wconf 80' lang='lat' dir='ltr'><strong>domita</strong></span> <span class='ocrx_word' id='word_1_238' title='bbox 3012 1708 3129 1774; x_wconf 85' lang='lat' dir='ltr'><strong>Dei,</strong></span> <span class='ocrx_word' id='word_1_239' title='bbox 3170 1710 3262 1764; x_wconf 91' lang='lat' dir='ltr'><strong>sed</strong></span> <span class='ocrx_word' id='word_1_240' title='bbox 3290 1710 3481 1766; x_wconf 88' lang='lat' dir='ltr'><strong>domus</strong></span> 
     </span>
    </p>
   </div>
   <div class='ocr_carea' id='block_1_29' title="bbox 1902 1794 3483 1871">
    <p class='ocr_par' dir='ltr' id='par_1_29' title="bbox 1902 1794 3483 1871">
     <span class='ocr_line' id='line_1_29' title="bbox 1902 1794 3483 1871; baseline 0.004 -18"><span class='ocrx_word' id='word_1_241' title='bbox 1902 1794 2187 1855; x_wconf 83' lang='lat' dir='ltr'><strong>idolorum.</strong></span> <span class='ocrx_word' id='word_1_242' title='bbox 2219 1798 2581 1856; x_wconf 85' lang='lat' dir='ltr'><strong>Prohibentur</strong></span> <span class='ocrx_word' id='word_1_243' title='bbox 2600 1801 2763 1856; x_wconf 89' lang='lat' dir='ltr'><strong>etiam</strong></span> <span class='ocrx_word' id='word_1_244' title='bbox 2791 1801 3094 1871; x_wconf 76' lang='lat' dir='ltr'><strong>huiusmodi</strong></span> <span class='ocrx_word' id='word_1_245' title='bbox 3126 1802 3334 1859; x_wconf 86' lang='lat' dir='ltr'><strong>delictis</strong></span> <span class='ocrx_word' id='word_1_246' title='bbox 3361 1819 3483 1859; x_wconf 89' lang='lat' dir='ltr'><strong>ma-</strong></span> 
     </span>
    </p>
   </div>
   <div class='ocr_carea' id='block_1_30' title="bbox 233 1872 3479 1967">
    <p class='ocr_par' dir='ltr' id='par_1_30' title="bbox 233 1872 3479 1967">
     <span class='ocr_line' id='line_1_30' title="bbox 233 1872 3479 1967; baseline 0.002 -25"><span class='ocrx_word' id='word_1_247' title='bbox 233 1885 339 1942; x_wconf 76' lang='lat' dir='ltr'><strong>Sed</strong></span> <span class='ocrx_word' id='word_1_248' title='bbox 388 1896 671 1957; x_wconf 85' lang='lat' dir='ltr'><strong>postquam</strong></span> <span class='ocrx_word' id='word_1_249' title='bbox 714 1887 979 1945; x_wconf 85' lang='lat' dir='ltr'><strong>idolorum</strong></span> <span class='ocrx_word' id='word_1_250' title='bbox 995 1887 1177 1967; x_wconf 85' lang='lat' dir='ltr'><strong>cultus</strong></span> <span class='ocrx_word' id='word_1_251' title='bbox 1203 1889 1257 1946; x_wconf 93' lang='lat' dir='ltr'><strong>iu</strong></span> <span class='ocrx_word' id='word_1_252' title='bbox 1278 1905 1344 1946; x_wconf 88' lang='lat' dir='ltr'><strong>ea</strong></span> <span class='ocrx_word' id='word_1_253' title='bbox 1370 1900 1588 1947; x_wconf 81' lang='lat' dir='ltr'><strong>exortus</strong></span> <span class='ocrx_word' id='word_1_254' title='bbox 1614 1901 1714 1958; x_wconf 88' lang='lat' dir='ltr'><strong>est,</strong></span> <span class='ocrx_word' id='word_1_255' title='bbox 1746 1903 1800 1948; x_wconf 92' lang='lat' dir='ltr'><strong>et</strong></span> <span class='ocrx_word' id='word_1_256' title='bbox 1832 1872 1876 1933; x_wconf 79' lang='grc' dir='ltr'><strong>Β</strong></span> <span class='ocrx_word' id='word_1_257' title='bbox 1904 1890 2069 1945; x_wconf 90' lang='lat' dir='ltr'><strong>culati</strong></span> <span class='ocrx_word' id='word_1_258' title='bbox 2112 1889 2296 1960; x_wconf 91' lang='lat' dir='ltr'><strong>iurare</strong></span> <span class='ocrx_word' id='word_1_259' title='bbox 2337 1892 2390 1947; x_wconf 91' lang='lat' dir='ltr'><strong>in</strong></span> <span class='ocrx_word' id='word_1_260' title='bbox 2426 1893 2643 1948; x_wconf 87' lang='lat' dir='ltr'><strong>nomine</strong></span> <span class='ocrx_word' id='word_1_261' title='bbox 2686 1892 2920 1960; x_wconf 86' lang='lat' dir='ltr'><strong>Domini,</strong></span> <span class='ocrx_word' id='word_1_262' title='bbox 2950 1893 3105 1963; x_wconf 89' lang='lat' dir='ltr'><strong>cujus</strong></span> <span class='ocrx_word' id='word_1_263' title='bbox 3141 1895 3479 1966; x_wconf 88' lang='lat' dir='ltr'><strong>maiestatem</strong></span> 
     </span>
    </p>
   </div>
   <div class='ocr_carea' id='block_1_31' title="bbox 226 1972 1801 2050">
    <p class='ocr_par' dir='ltr' id='par_1_31' title="bbox 226 1972 1801 2050">
     <span class='ocr_line' id='line_1_31' title="bbox 226 1972 1801 2050; baseline 0.004 -20"><span class='ocrx_word' id='word_1_264' title='bbox 226 1977 379 2032; x_wconf 82' lang='lat' dir='ltr'><strong>vituli</strong></span> <span class='ocrx_word' id='word_1_265' title='bbox 415 1978 486 2032; x_wconf 86' lang='lat' dir='ltr'><strong>ab</strong></span> <span class='ocrx_word' id='word_1_266' title='bbox 511 1972 793 2034; x_wconf 80' lang='lat' dir='ltr'><strong>Jeroboatn</strong></span> <span class='ocrx_word' id='word_1_267' title='bbox 839 1979 913 2034; x_wconf 92' lang='lat' dir='ltr'><strong>ibi</strong></span> <span class='ocrx_word' id='word_1_268' title='bbox 951 1980 1110 2050; x_wconf 90' lang='lat' dir='ltr'><strong>positi</strong></span> <span class='ocrx_word' id='word_1_269' title='bbox 1156 1990 1312 2045; x_wconf 89' lang='lat' dir='ltr'><strong>sunt,</strong></span> <span class='ocrx_word' id='word_1_270' title='bbox 1363 1981 1554 2037; x_wconf 88' lang='lat' dir='ltr'><strong>domus</strong></span> <span class='ocrx_word' id='word_1_271' title='bbox 1597 1981 1801 2037; x_wconf 91' lang='lat' dir='ltr'><strong>inutilis</strong></span> 
     </span>
    </p>
   </div>
   <div class='ocr_carea' id='block_1_32' title="bbox 227 2066 1802 2142">
    <p class='ocr_par' dir='ltr' id='par_1_32' title="bbox 227 2066 1802 2142">
     <span class='ocr_line' id='line_1_32' title="bbox 227 2066 1802 2142; baseline 0.004 -21"><span class='ocrx_word' id='word_1_272' title='bbox 227 2066 488 2138; x_wconf 81' lang='lat' dir='ltr'><strong>appellata</strong></span> <span class='ocrx_word' id='word_1_273' title='bbox 504 2076 591 2123; x_wconf 87' lang='lat' dir='ltr'><strong>est</strong></span> <span class='ocrx_word' id='word_1_274' title='bbox 614 2075 667 2123; x_wconf 85' lang='lat' dir='ltr'><strong>et</strong></span> <span class='ocrx_word' id='word_1_275' title='bbox 701 2069 890 2125; x_wconf 89' lang='lat' dir='ltr'><strong>domus</strong></span> <span class='ocrx_word' id='word_1_276' title='bbox 911 2069 1057 2125; x_wconf 90' lang='lat' dir='ltr'><strong>idoli.</strong></span> <span class='ocrx_word' id='word_1_277' title='bbox 1088 2066 1240 2126; x_wconf 83' lang='lat' dir='ltr'><strong>Unde</strong></span> <span class='ocrx_word' id='word_1_278' title='bbox 1260 2079 1317 2125; x_wconf 90' lang='lat' dir='ltr'><strong>et</strong></span> <span class='ocrx_word' id='word_1_279' title='bbox 1340 2069 1689 2142; x_wconf 68' lang='lat' dir='ltr'><strong>Septuaginta</strong></span> <span class='ocrx_word' id='word_1_280' title='bbox 1702 2086 1802 2142; x_wconf 89' lang='lat' dir='ltr'><strong>pro</strong></span> 
     </span>
    </p>
   </div>
   <div class='ocr_carea' id='block_1_33' title="bbox 227 2159 1798 2234">
    <p class='ocr_par' dir='ltr' id='par_1_33' title="bbox 227 2159 1798 2234">
     <span class='ocr_line' id='line_1_33' title="bbox 227 2159 1798 2234; baseline 0.004 -21"><span class='ocrx_word' id='word_1_281' title='bbox 227 2159 516 2225; x_wconf 85' lang='lat' dir='ltr'><strong>Betbaven,</strong></span> <span class='ocrx_word' id='word_1_282' title='bbox 539 2160 791 2227; x_wconf 85' lang='lat' dir='ltr'><strong>domoon,</strong></span> <span class='ocrx_word' id='word_1_283' title='bbox 841 2162 893 2216; x_wconf 93' lang='lat' dir='ltr'><strong>id</strong></span> <span class='ocrx_word' id='word_1_284' title='bbox 937 2171 1020 2218; x_wconf 89' lang='lat' dir='ltr'><strong>est</strong></span> <span class='ocrx_word' id='word_1_285' title='bbox 1045 2162 1261 2218; x_wconf 90' lang='lat' dir='ltr'><strong>domum</strong></span> <span class='ocrx_word' id='word_1_286' title='bbox 1286 2163 1553 2219; x_wconf 90' lang='lat' dir='ltr'><strong>inutilium</strong></span> <span class='ocrx_word' id='word_1_287' title='bbox 1574 2173 1798 2234; x_wconf 90' lang='lat' dir='ltr'><strong>ponunt,</strong></span> 
     </span>
    </p>
   </div>
   <div class='ocr_carea' id='block_1_34' title="bbox 224 2250 1800 2327">
    <p class='ocr_par' dir='ltr' id='par_1_34' title="bbox 224 2250 1800 2327">
     <span class='ocr_line' id='line_1_34' title="bbox 224 2250 1800 2327; baseline 0.005 -23"><span class='ocrx_word' id='word_1_288' title='bbox 224 2250 351 2320; x_wconf 89' lang='lat' dir='ltr'><strong>quia</strong></span> <span class='ocrx_word' id='word_1_289' title='bbox 372 2251 613 2308; x_wconf 86' lang='lat' dir='ltr'><strong>videlicet</strong></span> <span class='ocrx_word' id='word_1_290' title='bbox 635 2254 705 2309; x_wconf 89' lang='lat' dir='ltr'><strong>ibi</strong></span> <span class='ocrx_word' id='word_1_291' title='bbox 732 2269 871 2309; x_wconf 88' lang='lat' dir='ltr'><strong>unus</strong></span> <span class='ocrx_word' id='word_1_292' title='bbox 899 2264 966 2310; x_wconf 71' lang='lat' dir='ltr'><strong>ex</strong></span> <span class='ocrx_word' id='word_1_293' title='bbox 992 2254 1170 2311; x_wconf 82' lang='lat' dir='ltr'><strong>vitulis</strong></span> <span class='ocrx_word' id='word_1_294' title='bbox 1196 2256 1377 2315; x_wconf 86' lang='lat' dir='ltr'><strong>aureis</strong></span> <span class='ocrx_word' id='word_1_295' title='bbox 1402 2258 1607 2327; x_wconf 90' lang='lat' dir='ltr'><strong>positus</strong></span> <span class='ocrx_word' id='word_1_296' title='bbox 1624 2256 1800 2314; x_wconf 81' lang='lat' dir='ltr'><strong>fuerat</strong></span> 
     </span>
    </p>
   </div>
   <div class='ocr_carea' id='block_1_35' title="bbox 221 2341 1799 2417">
    <p class='ocr_par' dir='ltr' id='par_1_35' title="bbox 221 2341 1799 2417">
     <span class='ocr_line' id='line_1_35' title="bbox 221 2341 1799 2417; baseline 0.006 -22"><span class='ocrx_word' id='word_1_297' title='bbox 221 2342 291 2396; x_wconf 90' lang='lat' dir='ltr'><strong>ab</strong></span> <span class='ocrx_word' id='word_1_298' title='bbox 322 2341 626 2399; x_wconf 80' lang='lat' dir='ltr'><strong>Jeroboam.</strong></span> <span class='ocrx_word' id='word_1_299' title='bbox 661 2344 836 2401; x_wconf 87' lang='lat' dir='ltr'><strong>Nolite</strong></span> <span class='ocrx_word' id='word_1_300' title='bbox 868 2345 1085 2417; x_wconf 87' lang='lat' dir='ltr'><strong>(inquit)</strong></span> <span class='ocrx_word' id='word_1_301' title='bbox 1117 2347 1408 2404; x_wconf 89' lang='lat' dir='ltr'><strong>ascendere</strong></span> <span class='ocrx_word' id='word_1_302' title='bbox 1446 2348 1498 2403; x_wconf 92' lang='lat' dir='ltr'><strong>in</strong></span> <span class='ocrx_word' id='word_1_303' title='bbox 1529 2350 1799 2406; x_wconf 85' lang='lat' dir='ltr'><strong>Bethaven</strong></span> 
     </span>
    </p>
   </div>
   <div class='ocr_carea' id='block_1_36' title="bbox 220 2435 1800 2509">
    <p class='ocr_par' dir='ltr' id='par_1_36' title="bbox 220 2435 1800 2509">
     <span class='ocr_line' id='line_1_36' title="bbox 220 2435 1800 2509; baseline 0.007 -23"><span class='ocrx_word' id='word_1_304' title='bbox 220 2442 274 2488; x_wconf 93' lang='lat' dir='ltr'><strong>ut</strong></span> <span class='ocrx_word' id='word_1_305' title='bbox 298 2435 373 2489; x_wconf 89' lang='lat' dir='ltr'><strong>ibi</strong></span> <span class='ocrx_word' id='word_1_306' title='bbox 403 2436 712 2503; x_wconf 89' lang='lat' dir='ltr'><strong>immoletis,</strong></span> <span class='ocrx_word' id='word_1_307' title='bbox 735 2438 858 2509; x_wconf 87' lang='lat' dir='ltr'><strong>quia</strong></span> <span class='ocrx_word' id='word_1_308' title='bbox 873 2438 983 2508; x_wconf 88' lang='lat' dir='ltr'><strong>jam</strong></span> <span class='ocrx_word' id='word_1_309' title='bbox 1009 2454 1113 2494; x_wconf 91' lang='lat' dir='ltr'><strong>non</strong></span> <span class='ocrx_word' id='word_1_310' title='bbox 1140 2447 1225 2494; x_wconf 92' lang='lat' dir='ltr'><strong>est</strong></span> <span class='ocrx_word' id='word_1_311' title='bbox 1251 2440 1321 2495; x_wconf 89' lang='lat' dir='ltr'><strong>ibi</strong></span> <span class='ocrx_word' id='word_1_312' title='bbox 1349 2441 1538 2497; x_wconf 90' lang='lat' dir='ltr'><strong>domus</strong></span> <span class='ocrx_word' id='word_1_313' title='bbox 1558 2442 1674 2505; x_wconf 88' lang='lat' dir='ltr'><strong>Dei,</strong></span> <span class='ocrx_word' id='word_1_314' title='bbox 1706 2441 1800 2497; x_wconf 90' lang='lat' dir='ltr'><strong>sed</strong></span> 
     </span>
    </p>
   </div>
   <div class='ocr_carea' id='block_1_37' title="bbox 217 2525 1789 2600">
    <p class='ocr_par' dir='ltr' id='par_1_37' title="bbox 217 2525 1789 2600">
     <span class='ocr_line' id='line_1_37' title="bbox 217 2525 1789 2600; baseline 0.004 -21"><span class='ocrx_word' id='word_1_315' title='bbox 217 2526 411 2583; x_wconf 88' lang='lat' dir='ltr'><strong>domus</strong></span> <span class='ocrx_word' id='word_1_316' title='bbox 431 2527 711 2584; x_wconf 86' lang='lat' dir='ltr'><strong>idolorum.</strong></span> <span class='ocrx_word' id='word_1_317' title='bbox 739 2547 759 2580; x_wconf 71' lang='grc' dir='ltr'><em>α</em></span> <span class='ocrx_word' id='word_1_318' title='bbox 782 2525 1308 2600; x_wconf 84' lang='lat' dir='ltr'><strong>Nequeiuraveritis,</strong></span> <span class='ocrx_word' id='word_1_319' title='bbox 1330 2526 1462 2586; x_wconf 81' lang='lat' dir='ltr'><strong>vivit</strong></span> <span class='ocrx_word' id='word_1_320' title='bbox 1481 2531 1756 2587; x_wconf 90' lang='lat' dir='ltr'><strong>Dominus.</strong></span> <span class='ocrx_word' id='word_1_321' title='bbox 1771 2552 1789 2585; x_wconf 78' lang='grc' dir='ltr'><strong><em>ι</em></strong></span> 
     </span>
    </p>
   </div>
   <div class='ocr_carea' id='block_1_38' title="bbox 216 2616 1800 2692">
    <p class='ocr_par' dir='ltr' id='par_1_38' title="bbox 216 2616 1800 2692">
     <span class='ocr_line' id='line_1_38' title="bbox 216 2616 1800 2692; baseline 0.006 -22"><span class='ocrx_word' id='word_1_322' title='bbox 216 2616 581 2674; x_wconf 88' lang='lat' dir='ltr'><strong>Probibentur</strong></span> <span class='ocrx_word' id='word_1_323' title='bbox 614 2617 802 2689; x_wconf 85' lang='lat' dir='ltr'><strong>iurare</strong></span> <span class='ocrx_word' id='word_1_324' title='bbox 841 2619 894 2674; x_wconf 93' lang='lat' dir='ltr'><strong>in</strong></span> <span class='ocrx_word' id='word_1_325' title='bbox 926 2620 1143 2676; x_wconf 87' lang='lat' dir='ltr'><strong>nomine</strong></span> <span class='ocrx_word' id='word_1_326' title='bbox 1170 2620 1401 2687; x_wconf 80' lang='lat' dir='ltr'><strong>Dumini,</strong></span> <span class='ocrx_word' id='word_1_327' title='bbox 1432 2623 1523 2692; x_wconf 91' lang='lat' dir='ltr'><strong>qui</strong></span> <span class='ocrx_word' id='word_1_328' title='bbox 1566 2622 1800 2679; x_wconf 79' lang='lat' dir='ltr'><strong>cultores</strong></span> 
     </span>
    </p>
   </div>
   <div class='ocr_carea' id='block_1_39' title="bbox 216 2706 1797 2783">
    <p class='ocr_par' dir='ltr' id='par_1_39' title="bbox 216 2706 1797 2783">
     <span class='ocr_line' id='line_1_39' title="bbox 216 2706 1797 2783; baseline 0.004 -23"><span class='ocrx_word' id='word_1_329' title='bbox 216 2706 483 2764; x_wconf 87' lang='lat' dir='ltr'><strong>idolorum</strong></span> <span class='ocrx_word' id='word_1_330' title='bbox 510 2710 853 2775; x_wconf 81' lang='lat' dir='ltr'><strong>exstiterant,</strong></span> <span class='ocrx_word' id='word_1_331' title='bbox 898 2718 954 2765; x_wconf 90' lang='lat' dir='ltr'><strong>et</strong></span> <span class='ocrx_word' id='word_1_332' title='bbox 986 2709 1231 2766; x_wconf 89' lang='lat' dir='ltr'><strong>laudibus</strong></span> <span class='ocrx_word' id='word_1_333' title='bbox 1254 2711 1555 2767; x_wconf 73' lang='lat' dir='ltr'><strong>daemonum</strong></span> <span class='ocrx_word' id='word_1_334' title='bbox 1587 2726 1649 2767; x_wconf 90' lang='lat' dir='ltr'><strong>os</strong></span> <span class='ocrx_word' id='word_1_335' title='bbox 1677 2712 1797 2783; x_wconf 86' lang='lat' dir='ltr'><strong>pol-</strong></span> 
     </span>
    </p>
   </div>
   <div class='ocr_carea' id='block_1_40' title="bbox 214 2800 1841 2875">
    <p class='ocr_par' dir='ltr' id='par_1_40' title="bbox 214 2800 1841 2875">
     <span class='ocr_line' id='line_1_40' title="bbox 214 2800 1841 2875; baseline 0.006 -22"><span class='ocrx_word' id='word_1_336' title='bbox 214 2800 386 2854; x_wconf 89' lang='lat' dir='ltr'><strong>lutum</strong></span> <span class='ocrx_word' id='word_1_337' title='bbox 414 2800 699 2856; x_wconf 87' lang='lat' dir='ltr'><strong>habebant.</strong></span> <span class='ocrx_word' id='word_1_338' title='bbox 745 2801 861 2857; x_wconf 79' lang='lat' dir='ltr'><strong>Non</strong></span> <span class='ocrx_word' id='word_1_339' title='bbox 914 2810 998 2858; x_wconf 91' lang='lat' dir='ltr'><strong>est</strong></span> <span class='ocrx_word' id='word_1_340' title='bbox 1038 2803 1180 2858; x_wconf 90' lang='lat' dir='ltr'><strong>enim</strong></span> <span class='ocrx_word' id='word_1_341' title='bbox 1211 2804 1452 2875; x_wconf 87' lang='lat' dir='ltr'><strong>speciosa</strong></span> <span class='ocrx_word' id='word_1_342' title='bbox 1480 2804 1598 2861; x_wconf 90' lang='lat' dir='ltr'><strong>laus</strong></span> <span class='ocrx_word' id='word_1_343' title='bbox 1628 2806 1681 2861; x_wconf 94' lang='lat' dir='ltr'><strong>in</strong></span> <span class='ocrx_word' id='word_1_344' title='bbox 1703 2821 1798 2862; x_wconf 89' lang='lat' dir='ltr'><strong>ore</strong></span> <span class='ocrx_word' id='word_1_345' title='bbox 1837 2868 1841 2872; x_wconf 80' lang='lat'><em>_</em></span> 
     </span>
    </p>
   </div>
   <div class='ocr_carea' id='block_1_41' title="bbox 210 2888 1798 2966">
    <p class='ocr_par' dir='ltr' id='par_1_41' title="bbox 210 2888 1798 2966">
     <span class='ocr_line' id='line_1_41' title="bbox 210 2888 1798 2966; baseline 0.004 -22"><span class='ocrx_word' id='word_1_346' title='bbox 210 2891 533 2958; x_wconf 82' lang='lat' dir='ltr'><strong>peccatoris.</strong></span> <span class='ocrx_word' id='word_1_347' title='bbox 589 2890 719 2946; x_wconf 83' lang='lat' dir='ltr'><strong>Nam</strong></span> <span class='ocrx_word' id='word_1_348' title='bbox 768 2892 1116 2962; x_wconf 89' lang='lat' dir='ltr'><strong>prohibuerat</strong></span> <span class='ocrx_word' id='word_1_349' title='bbox 1161 2894 1416 2950; x_wconf 86' lang='lat' dir='ltr'><strong>Dominus</strong></span> <span class='ocrx_word' id='word_1_350' title='bbox 1466 2894 1518 2949; x_wconf 94' lang='lat' dir='ltr'><strong>in</strong></span> <span class='ocrx_word' id='word_1_351' title='bbox 1550 2888 1697 2966; x_wconf 83' lang='lat' dir='ltr'><strong>lege,</strong></span> <span class='ocrx_word' id='word_1_352' title='bbox 1731 2912 1798 2951; x_wconf 88' lang='lat' dir='ltr'><strong>ne</strong></span> 
     </span>
    </p>
   </div>
   <div class='ocr_carea' id='block_1_42' title="bbox 205 2974 1795 3051">
    <p class='ocr_par' dir='ltr' id='par_1_42' title="bbox 205 2974 1795 3051">
     <span class='ocr_line' id='line_1_42' title="bbox 205 2974 1795 3051; baseline 0.006 -21"><span class='ocrx_word' id='word_1_353' title='bbox 205 2977 455 3047; x_wconf 84' lang='lat' dir='ltr'><strong>iurarent</strong></span> <span class='ocrx_word' id='word_1_354' title='bbox 479 2978 646 3035; x_wconf 73' lang='lat' dir='ltr'><strong>Judzei</strong></span> <span class='ocrx_word' id='word_1_355' title='bbox 685 2995 782 3051; x_wconf 90' lang='lat' dir='ltr'><strong>per</strong></span> <span class='ocrx_word' id='word_1_356' title='bbox 816 2982 1033 3036; x_wconf 85' lang='lat' dir='ltr'><strong>nomina</strong></span> <span class='ocrx_word' id='word_1_357' title='bbox 1061 2974 1321 3038; x_wconf 87' lang='lat' dir='ltr'><strong>idolorum</strong></span> <span class='ocrx_word' id='word_1_358' title='bbox 1359 2982 1443 3037; x_wconf 88' lang='lat' dir='ltr'><strong>vel</strong></span> <span class='ocrx_word' id='word_1_359' title='bbox 1472 2982 1795 3049; x_wconf 74' lang='lat' dir='ltr'><strong>elicuerunt,</strong></span> 
     </span>
    </p>
   </div>
   <div class='ocr_carea' id='block_1_43' title="bbox 211 3068 1795 3145">
    <p class='ocr_par' dir='ltr' id='par_1_43' title="bbox 211 3068 1795 3145">
     <span class='ocr_line' id='line_1_43' title="bbox 211 3068 1795 3145; baseline 0.004 -19"><span class='ocrx_word' id='word_1_360' title='bbox 211 3088 308 3141; x_wconf 80' lang='lat' dir='ltr'><strong>per</strong></span> <span class='ocrx_word' id='word_1_361' title='bbox 330 3087 528 3127; x_wconf 87' lang='lat' dir='ltr'><strong>nomen</strong></span> <span class='ocrx_word' id='word_1_362' title='bbox 547 3088 701 3127; x_wconf 89' lang='lat' dir='ltr'><strong>suum</strong></span> <span class='ocrx_word' id='word_1_363' title='bbox 724 3073 908 3143; x_wconf 87' lang='lat' dir='ltr'><strong>iurare</strong></span> <span class='ocrx_word' id='word_1_364' title='bbox 919 3074 1239 3129; x_wconf 85' lang='lat' dir='ltr'><strong>concedens.</strong></span> <span class='ocrx_word' id='word_1_365' title='bbox 1256 3068 1637 3145; x_wconf 87' lang='lat' dir='ltr'><strong>Unusquisque</strong></span> <span class='ocrx_word' id='word_1_366' title='bbox 1650 3077 1795 3132; x_wconf 91' lang='lat' dir='ltr'><strong>enim</strong></span> 
     </span>
    </p>
   </div>
   <div class='ocr_carea' id='block_1_44' title="bbox 205 3156 1796 3233">
    <p class='ocr_par' dir='ltr' id='par_1_44' title="bbox 205 3156 1796 3233">
     <span class='ocr_line' id='line_1_44' title="bbox 205 3156 1796 3233; baseline 0.004 -18"><span class='ocrx_word' id='word_1_367' title='bbox 205 3177 301 3232; x_wconf 87' lang='lat' dir='ltr'><strong>per</strong></span> <span class='ocrx_word' id='word_1_368' title='bbox 326 3176 494 3233; x_wconf 89' lang='lat' dir='ltr'><strong>quem</strong></span> <span class='ocrx_word' id='word_1_369' title='bbox 524 3161 691 3231; x_wconf 86' lang='lat' dir='ltr'><strong>iurat,</strong></span> <span class='ocrx_word' id='word_1_370' title='bbox 724 3172 816 3217; x_wconf 89' lang='lat' dir='ltr'><strong>aut</strong></span> <span class='ocrx_word' id='word_1_371' title='bbox 844 3170 1013 3229; x_wconf 88' lang='lat' dir='ltr'><strong>amat,</strong></span> <span class='ocrx_word' id='word_1_372' title='bbox 1062 3168 1156 3218; x_wconf 85' lang='lat' dir='ltr'><strong>aut</strong></span> <span class='ocrx_word' id='word_1_373' title='bbox 1197 3173 1506 3220; x_wconf 82' lang='lat' dir='ltr'><strong>veneratur.</strong></span> <span class='ocrx_word' id='word_1_374' title='bbox 1541 3156 1690 3221; x_wconf 90' lang='lat' dir='ltr'><strong>Unde</strong></span> <span class='ocrx_word' id='word_1_375' title='bbox 1728 3180 1796 3221; x_wconf 92' lang='lat' dir='ltr'><strong>ne</strong></span> 
     </span>
    </p>
   </div>
   <div class='ocr_carea' id='block_1_45' title="bbox 203 3251 1799 3328">
    <p class='ocr_par' dir='ltr' id='par_1_45' title="bbox 203 3251 1799 3328">
     <span class='ocr_line' id='line_1_45' title="bbox 203 3251 1799 3328; baseline 0.006 -24"><span class='ocrx_word' id='word_1_376' title='bbox 203 3252 349 3307; x_wconf 81' lang='lat' dir='ltr'><strong>idola</strong></span> <span class='ocrx_word' id='word_1_377' title='bbox 382 3251 665 3323; x_wconf 78' lang='lat' dir='ltr'><strong>diligerent</strong></span> <span class='ocrx_word' id='word_1_378' title='bbox 693 3261 787 3307; x_wconf 90' lang='lat' dir='ltr'><strong>aut</strong></span> <span class='ocrx_word' id='word_1_379' title='bbox 814 3262 1223 3319; x_wconf 90' lang='lat' dir='ltr'><strong>venerarentur,</strong></span> <span class='ocrx_word' id='word_1_380' title='bbox 1254 3255 1510 3326; x_wconf 91' lang='lat' dir='ltr'><strong>prohibiti</strong></span> <span class='ocrx_word' id='word_1_381' title='bbox 1541 3264 1665 3312; x_wconf 87' lang='lat' dir='ltr'><strong>sunt</strong></span> <span class='ocrx_word' id='word_1_382' title='bbox 1700 3271 1799 3328; x_wconf 89' lang='lat' dir='ltr'><strong>per</strong></span> 
     </span>
    </p>
   </div>
   <div class='ocr_carea' id='block_1_46' title="bbox 202 3344 1798 3415">
    <p class='ocr_par' dir='ltr' id='par_1_46' title="bbox 202 3344 1798 3415">
     <span class='ocr_line' id='line_1_46' title="bbox 202 3344 1798 3415; baseline 0.006 -19"><span class='ocrx_word' id='word_1_383' title='bbox 202 3344 429 3399; x_wconf 86' lang='lat' dir='ltr'><strong>nomina</strong></span> <span class='ocrx_word' id='word_1_384' title='bbox 460 3344 721 3400; x_wconf 89' lang='lat' dir='ltr'><strong>idolorum</strong></span> <span class='ocrx_word' id='word_1_385' title='bbox 747 3344 954 3415; x_wconf 89' lang='lat' dir='ltr'><strong>iurare,</strong></span> <span class='ocrx_word' id='word_1_386' title='bbox 999 3359 1067 3402; x_wconf 88' lang='lat' dir='ltr'><strong>ne</strong></span> <span class='ocrx_word' id='word_1_387' title='bbox 1096 3345 1234 3402; x_wconf 89' lang='lat' dir='ltr'><strong>forte</strong></span> <span class='ocrx_word' id='word_1_388' title='bbox 1262 3362 1450 3403; x_wconf 91' lang='lat' dir='ltr'><strong>eorum</strong></span> <span class='ocrx_word' id='word_1_389' title='bbox 1475 3347 1617 3405; x_wconf 89' lang='lat' dir='ltr'><strong>facta</strong></span> <span class='ocrx_word' id='word_1_390' title='bbox 1646 3364 1798 3407; x_wconf 88' lang='lat' dir='ltr'><strong>men-</strong></span> 
     </span>
    </p>
   </div>
   <div class='ocr_carea' id='block_1_47' title="bbox 201 3432 1793 3508">
    <p class='ocr_par' dir='ltr' id='par_1_47' title="bbox 201 3432 1793 3508">
     <span class='ocr_line' id='line_1_47' title="bbox 201 3432 1793 3508; baseline 0.006 -20"><span class='ocrx_word' id='word_1_391' title='bbox 201 3435 388 3499; x_wconf 88' lang='lat' dir='ltr'><strong>tione,</strong></span> <span class='ocrx_word' id='word_1_392' title='bbox 422 3432 752 3491; x_wconf 85' lang='lat' dir='ltr'><strong>illicerentur</strong></span> <span class='ocrx_word' id='word_1_393' title='bbox 795 3437 862 3490; x_wconf 91' lang='lat' dir='ltr'><strong>ad</strong></span> <span class='ocrx_word' id='word_1_394' title='bbox 889 3451 1127 3493; x_wconf 88' lang='lat' dir='ltr'><strong>amorem</strong></span> <span class='ocrx_word' id='word_1_395' title='bbox 1175 3446 1230 3492; x_wconf 90' lang='lat' dir='ltr'><strong>et</strong></span> <span class='ocrx_word' id='word_1_396' title='bbox 1273 3438 1536 3494; x_wconf 87' lang='lat' dir='ltr'><strong>culturam</strong></span> <span class='ocrx_word' id='word_1_397' title='bbox 1583 3455 1793 3508; x_wconf 85' lang='lat' dir='ltr'><strong>eorum,</strong></span> 
     </span>
    </p>
   </div>
   <div class='ocr_carea' id='block_1_48' title="bbox 201 3529 1795 3603">
    <p class='ocr_par' dir='ltr' id='par_1_48' title="bbox 201 3529 1795 3603">
     <span class='ocr_line' id='line_1_48' title="bbox 201 3529 1795 3603; baseline 0.007 -22"><span class='ocrx_word' id='word_1_398' title='bbox 201 3530 301 3583; x_wconf 83' lang='lat' dir='ltr'><strong>sed</strong></span> <span class='ocrx_word' id='word_1_399' title='bbox 336 3529 606 3585; x_wconf 86' lang='lat' dir='ltr'><strong>habentes</strong></span> <span class='ocrx_word' id='word_1_400' title='bbox 650 3545 842 3586; x_wconf 75' lang='lat' dir='ltr'><strong>nomen</strong></span> <span class='ocrx_word' id='word_1_401' title='bbox 868 3530 962 3587; x_wconf 90' lang='lat' dir='ltr'><strong>Dei</strong></span> <span class='ocrx_word' id='word_1_402' title='bbox 989 3541 1202 3603; x_wconf 86' lang='lat' dir='ltr'><strong>semper</strong></span> <span class='ocrx_word' id='word_1_403' title='bbox 1230 3532 1283 3587; x_wconf 90' lang='lat' dir='ltr'><strong>in</strong></span> <span class='ocrx_word' id='word_1_404' title='bbox 1312 3550 1440 3602; x_wconf 90' lang='lat' dir='ltr'><strong>ore,</strong></span> <span class='ocrx_word' id='word_1_405' title='bbox 1464 3534 1613 3590; x_wconf 90' lang='lat' dir='ltr'><strong>illum</strong></span> <span class='ocrx_word' id='word_1_406' title='bbox 1649 3536 1795 3592; x_wconf 89' lang='lat' dir='ltr'><strong>cole-</strong></span> 
     </span>
    </p>
   </div>
   <div class='ocr_carea' id='block_1_49' title="bbox 202 3620 1796 3699">
    <p class='ocr_par' dir='ltr' id='par_1_49' title="bbox 202 3620 1796 3699">
     <span class='ocr_line' id='line_1_49' title="bbox 202 3620 1796 3699; baseline 0.006 -25"><span class='ocrx_word' id='word_1_407' title='bbox 202 3631 330 3675; x_wconf 62' lang='lat' dir='ltr'><strong>rent</strong></span> <span class='ocrx_word' id='word_1_408' title='bbox 354 3628 415 3675; x_wconf 90' lang='lat' dir='ltr'><strong>et</strong></span> <span class='ocrx_word' id='word_1_409' title='bbox 435 3620 742 3676; x_wconf 84' lang='lat' dir='ltr'><strong>adorarent.</strong></span> <span class='ocrx_word' id='word_1_410' title='bbox 773 3622 971 3677; x_wconf 80' lang='lat' dir='ltr'><strong>Verum</strong></span> <span class='ocrx_word' id='word_1_411' title='bbox 1002 3622 1127 3693; x_wconf 90' lang='lat' dir='ltr'><strong>quia</strong></span> <span class='ocrx_word' id='word_1_412' title='bbox 1156 3624 1257 3695; x_wconf 89' lang='lat' dir='ltr'><strong>ipsi</strong></span> <span class='ocrx_word' id='word_1_413' title='bbox 1285 3620 1453 3682; x_wconf 75' lang='lat' dir='ltr'><strong>Judzei</strong></span> <span class='ocrx_word' id='word_1_414' title='bbox 1475 3620 1586 3699; x_wconf 88' lang='lat' dir='ltr'><strong>iam</strong></span> <span class='ocrx_word' id='word_1_415' title='bbox 1607 3627 1796 3685; x_wconf 86' lang='lat' dir='ltr'><strong>relicto</strong></span> 
     </span>
    </p>
   </div>
   <div class='ocr_carea' id='block_1_50' title="bbox 199 3712 1794 3785">
    <p class='ocr_par' dir='ltr' id='par_1_50' title="bbox 199 3712 1794 3785">
     <span class='ocr_line' id='line_1_50' title="bbox 199 3712 1794 3785; baseline 0.006 -18"><span class='ocrx_word' id='word_1_416' title='bbox 199 3714 321 3773; x_wconf 81' lang='lat' dir='ltr'><strong>Deo</strong></span> <span class='ocrx_word' id='word_1_417' title='bbox 355 3712 604 3769; x_wconf 83' lang='lat' dir='ltr'><strong>colebant</strong></span> <span class='ocrx_word' id='word_1_418' title='bbox 637 3713 804 3780; x_wconf 88' lang='lat' dir='ltr'><strong>idola,</strong></span> <span class='ocrx_word' id='word_1_419' title='bbox 835 3716 1190 3785; x_wconf 86' lang='lat' dir='ltr'><strong>prohibentur</strong></span> <span class='ocrx_word' id='word_1_420' title='bbox 1221 3715 1448 3785; x_wconf 88' lang='lat' dir='ltr'><strong>iurare:</strong></span> <span class='ocrx_word' id='word_1_421' title='bbox 1476 3738 1494 3771; x_wconf 85' lang='grc'>‹</span> <span class='ocrx_word' id='word_1_422' title='bbox 1525 3717 1667 3775; x_wconf 75' lang='lat' dir='ltr'><strong>Vivit</strong></span> <span class='ocrx_word' id='word_1_423' title='bbox 1694 3720 1794 3777; x_wconf 84' lang='lat' dir='ltr'><strong>Do-</strong></span> 
     </span>
    </p>
   </div>
   <div class='ocr_carea' id='block_1_51' title="bbox 191 3803 1796 3877">
    <p class='ocr_par' dir='ltr' id='par_1_51' title="bbox 191 3803 1796 3877">
     <span class='ocr_line' id='line_1_51' title="bbox 191 3803 1796 3877; baseline 0.006 -18"><span class='ocrx_word' id='word_1_424' title='bbox 191 3806 407 3859; x_wconf 83' lang='lat' dir='ltr'><strong>minus.</strong></span> <span class='ocrx_word' id='word_1_425' title='bbox 441 3824 460 3857; x_wconf 73' lang='grc' dir='ltr'><strong><em>ι</em></strong></span> <span class='ocrx_word' id='word_1_426' title='bbox 495 3804 647 3873; x_wconf 80' lang='lat' dir='ltr'><strong>Quod</strong></span> <span class='ocrx_word' id='word_1_427' title='bbox 688 3803 1067 3874; x_wconf 28' lang='lat' dir='ltr'><strong>iuramentum‘</strong></span> <span class='ocrx_word' id='word_1_428' title='bbox 1101 3808 1241 3877; x_wconf 90' lang='lat' dir='ltr'><strong>apud</strong></span> <span class='ocrx_word' id='word_1_429' title='bbox 1288 3806 1409 3864; x_wconf 90' lang='lat' dir='ltr'><strong>illos</strong></span> <span class='ocrx_word' id='word_1_430' title='bbox 1456 3818 1605 3877; x_wconf 89' lang='lat' dir='ltr'><strong>erat,</strong></span> <span class='ocrx_word' id='word_1_431' title='bbox 1654 3810 1796 3868; x_wconf 87' lang='lat' dir='ltr'><strong>sicut</strong></span> 
     </span>
    </p>
   </div>
   <div class='ocr_carea' id='block_1_52' title="bbox 190 3895 1796 3974">
    <p class='ocr_par' dir='ltr' id='par_1_52' title="bbox 190 3895 1796 3974">
     <span class='ocr_line' id='line_1_52' title="bbox 190 3895 1796 3974; baseline 0.006 -25"><span class='ocrx_word' id='word_1_432' title='bbox 190 3896 432 3951; x_wconf 89' lang='lat' dir='ltr'><strong>dicebat</strong></span> <span class='ocrx_word' id='word_1_433' title='bbox 478 3895 659 3951; x_wconf 79' lang='lat' dir='ltr'><strong>Elius:</strong></span> <span class='ocrx_word' id='word_1_434' title='bbox 691 3915 710 3947; x_wconf 69' lang='grc' dir='ltr'>ι</span> <span class='ocrx_word' id='word_1_435' title='bbox 740 3897 882 3952; x_wconf 80' lang='lat' dir='ltr'><strong>Vivit</strong></span> <span class='ocrx_word' id='word_1_436' title='bbox 908 3898 1186 3964; x_wconf 84' lang='lat' dir='ltr'><strong>Dominus,</strong></span> <span class='ocrx_word' id='word_1_437' title='bbox 1222 3900 1277 3954; x_wconf 89' lang='lat' dir='ltr'><strong>in</strong></span> <span class='ocrx_word' id='word_1_438' title='bbox 1307 3901 1459 3972; x_wconf 88' lang='lat' dir='ltr'><strong>cuius</strong></span> <span class='ocrx_word' id='word_1_439' title='bbox 1505 3911 1796 3974; x_wconf 88' lang='lat' dir='ltr'><strong>conspectu</strong></span> 
     </span>
    </p>
   </div>
   <div class='ocr_carea' id='block_1_53' title="bbox 186 3984 1799 4060">
    <p class='ocr_par' dir='ltr' id='par_1_53' title="bbox 186 3984 1799 4060">
     <span class='ocr_line' id='line_1_53' title="bbox 186 3984 1799 4060; baseline 0.003 -20"><span class='ocrx_word' id='word_1_440' title='bbox 186 3997 305 4041; x_wconf 86' lang='lat' dir='ltr'><strong>sto.</strong></span> <span class='ocrx_word' id='word_1_441' title='bbox 351 4004 373 4037; x_wconf 71' lang='grc' dir='ltr'><strong>ι</strong></span> <span class='ocrx_word' id='word_1_442' title='bbox 404 3984 470 4039; x_wconf 86' lang='lat' dir='ltr'><strong>Et</strong></span> <span class='ocrx_word' id='word_1_443' title='bbox 492 3986 785 4054; x_wconf 82' lang='lat' dir='ltr'><strong>saepissime</strong></span> <span class='ocrx_word' id='word_1_444' title='bbox 808 3987 1031 4057; x_wconf 76' lang='lat' dir='ltr'><strong>legimus</strong></span> <span class='ocrx_word' id='word_1_445' title='bbox 1056 4001 1150 4043; x_wconf 88' lang='lat' dir='ltr'><strong>eos</strong></span> <span class='ocrx_word' id='word_1_446' title='bbox 1176 3989 1277 4044; x_wconf 90' lang='lat' dir='ltr'><strong>hoc</strong></span> <span class='ocrx_word' id='word_1_447' title='bbox 1310 4005 1436 4045; x_wconf 91' lang='lat' dir='ltr'><strong>usos</strong></span> <span class='ocrx_word' id='word_1_448' title='bbox 1469 3989 1799 4060; x_wconf 82' lang='lat' dir='ltr'><strong>fuisseiura-</strong></span> 
     </span>
    </p>
   </div>
   <div class='ocr_carea' id='block_1_54' title="bbox 184 4074 1790 4150">
    <p class='ocr_par' dir='ltr' id='par_1_54' title="bbox 184 4074 1790 4150">
     <span class='ocr_line' id='line_1_54' title="bbox 184 4074 1790 4150; baseline 0.003 -19"><span class='ocrx_word' id='word_1_449' title='bbox 184 4085 414 4134; x_wconf 86' lang='lat' dir='ltr'><strong>mento.</strong></span> <span class='ocrx_word' id='word_1_450' title='bbox 453 4094 472 4126; x_wconf 72' lang='grc' dir='ltr'><strong><em>ι</em></strong></span> <span class='ocrx_word' id='word_1_451' title='bbox 511 4074 699 4145; x_wconf 87' lang='lat' dir='ltr'><strong>Neque</strong></span> <span class='ocrx_word' id='word_1_452' title='bbox 724 4078 866 4131; x_wconf 88' lang='lat' dir='ltr'><strong>enim</strong></span> <span class='ocrx_word' id='word_1_453' title='bbox 886 4079 1237 4147; x_wconf 79' lang='lat' dir='ltr'><strong>iuraveritis:</strong></span> <span class='ocrx_word' id='word_1_454' title='bbox 1275 4083 1421 4137; x_wconf 78' lang='lat' dir='ltr'><strong>Vivit</strong></span> <span class='ocrx_word' id='word_1_455' title='bbox 1447 4083 1734 4150; x_wconf 87' lang='lat' dir='ltr'><strong>Dominus;</strong></span> <span class='ocrx_word' id='word_1_456' title='bbox 1771 4104 1790 4136; x_wconf 75' lang='grc' dir='ltr'><strong>ι</strong></span> 
     </span>
    </p>
   </div>
   <div class='ocr_carea' id='block_1_55' title="bbox 181 4162 1793 4233">
    <p class='ocr_par' dir='ltr' id='par_1_55' title="bbox 181 4162 1793 4233">
     <span class='ocr_line' id='line_1_55' title="bbox 181 4162 1793 4233; baseline 0.006 -13"><span class='ocrx_word' id='word_1_457' title='bbox 181 4181 259 4220; x_wconf 82' lang='lat' dir='ltr'><strong>ac</strong></span> <span class='ocrx_word' id='word_1_458' title='bbox 293 4163 349 4218; x_wconf 82' lang='lat' dir='ltr'><strong>si</strong></span> <span class='ocrx_word' id='word_1_459' title='bbox 379 4162 618 4218; x_wconf 88' lang='lat' dir='ltr'><strong>diceret:</strong></span> <span class='ocrx_word' id='word_1_460' title='bbox 643 4162 775 4217; x_wconf 84' lang='lat' dir='ltr'><strong>Nolo</strong></span> <span class='ocrx_word' id='word_1_461' title='bbox 802 4178 899 4233; x_wconf 88' lang='lat' dir='ltr'><strong>per</strong></span> <span class='ocrx_word' id='word_1_462' title='bbox 926 4180 988 4220; x_wconf 93' lang='lat' dir='ltr'><strong>os</strong></span> <span class='ocrx_word' id='word_1_463' title='bbox 1012 4175 1248 4222; x_wconf 87' lang='lat' dir='ltr'><strong>vestrum</strong></span> <span class='ocrx_word' id='word_1_464' title='bbox 1281 4171 1385 4225; x_wconf 86' lang='lat' dir='ltr'><strong>mei</strong></span> <span class='ocrx_word' id='word_1_465' title='bbox 1415 4170 1530 4226; x_wconf 82' lang='lat' dir='ltr'><strong>ﬁeri</strong></span> <span class='ocrx_word' id='word_1_466' title='bbox 1560 4174 1793 4230; x_wconf 88' lang='lat' dir='ltr'><strong>mentio-</strong></span> 
     </span>
    </p>
   </div>
   <div class='ocr_carea' id='block_1_56' title="bbox 181 4252 1615 4325">
    <p class='ocr_par' dir='ltr' id='par_1_56' title="bbox 181 4252 1615 4325">
     <span class='ocr_line' id='line_1_56' title="bbox 181 4252 1615 4325; baseline 0.001 -12"><span class='ocrx_word' id='word_1_467' title='bbox 181 4270 356 4321; x_wconf 84' lang='lat' dir='ltr'><strong>nem,</strong></span> <span class='ocrx_word' id='word_1_468' title='bbox 385 4253 528 4325; x_wconf 87' lang='lat' dir='ltr'><strong>quod</strong></span> <span class='ocrx_word' id='word_1_469' title='bbox 557 4252 820 4313; x_wconf 84' lang='lat' dir='ltr'><strong>idolorum</strong></span> <span class='ocrx_word' id='word_1_470' title='bbox 846 4254 1109 4324; x_wconf 89' lang='lat' dir='ltr'><strong>pollutum</strong></span> <span class='ocrx_word' id='word_1_471' title='bbox 1137 4266 1221 4312; x_wconf 91' lang='lat' dir='ltr'><strong>est</strong></span> <span class='ocrx_word' id='word_1_472' title='bbox 1248 4261 1615 4316; x_wconf 86' lang='lat' dir='ltr'><strong>veneratione.</strong></span> 
     </span>
    </p>
   </div>
   <div class='ocr_carea' id='block_1_57' title="bbox 269 4343 1796 4418">
    <p class='ocr_par' dir='ltr' id='par_1_57' title="bbox 269 4343 1796 4418">
     <span class='ocr_line' id='line_1_57' title="bbox 269 4343 1796 4418; baseline 0.004 -19"><span class='ocrx_word' id='word_1_473' title='bbox 269 4367 290 4399; x_wconf 78' lang='grc' dir='ltr'>ι</span> <span class='ocrx_word' id='word_1_474' title='bbox 333 4344 602 4411; x_wconf 83' lang='lat' dir='ltr'><strong>Quoniam</strong></span> <span class='ocrx_word' id='word_1_475' title='bbox 632 4343 771 4399; x_wconf 87' lang='lat' dir='ltr'><strong>sicut</strong></span> <span class='ocrx_word' id='word_1_476' title='bbox 790 4358 954 4399; x_wconf 89' lang='lat' dir='ltr'><strong>vacca</strong></span> <span class='ocrx_word' id='word_1_477' title='bbox 976 4344 1259 4403; x_wconf 85' lang='lat' dir='ltr'><strong>lasciviens</strong></span> <span class='ocrx_word' id='word_1_478' title='bbox 1281 4348 1569 4404; x_wconf 90' lang='lat' dir='ltr'><strong>declinavit</strong></span> <span class='ocrx_word' id='word_1_479' title='bbox 1588 4347 1752 4405; x_wconf 87' lang='lat' dir='ltr'><strong>Israel</strong></span> <span class='ocrx_word' id='word_1_480' title='bbox 1781 4373 1796 4418; x_wconf 66' lang='grc' dir='ltr'><strong>ε</strong></span> 
     </span>
    </p>
   </div>
   <div class='ocr_carea' id='block_1_58' title="bbox 183 4436 1795 4511">
    <p class='ocr_par' dir='ltr' id='par_1_58' title="bbox 183 4436 1795 4511">
     <span class='ocr_line' id='line_1_58' title="bbox 183 4436 1795 4511; baseline -0.001 -13"><span class='ocrx_word' id='word_1_481' title='bbox 183 4453 353 4498; x_wconf 78' lang='lat' dir='ltr'><strong>nunc</strong></span> <span class='ocrx_word' id='word_1_482' title='bbox 405 4444 589 4507; x_wconf 86' lang='lat' dir='ltr'><strong>pascet</strong></span> <span class='ocrx_word' id='word_1_483' title='bbox 629 4452 724 4492; x_wconf 91' lang='lat' dir='ltr'><strong>eos</strong></span> <span class='ocrx_word' id='word_1_484' title='bbox 781 4436 1038 4494; x_wconf 86' lang='lat' dir='ltr'><strong>Dominus</strong></span> <span class='ocrx_word' id='word_1_485' title='bbox 1085 4440 1238 4509; x_wconf 88' lang='lat' dir='ltr'><strong>quasi</strong></span> <span class='ocrx_word' id='word_1_486' title='bbox 1299 4455 1496 4511; x_wconf 86' lang='lat' dir='ltr'><strong>agnum</strong></span> <span class='ocrx_word' id='word_1_487' title='bbox 1562 4442 1615 4497; x_wconf 94' lang='lat' dir='ltr'><strong>in</strong></span> <span class='ocrx_word' id='word_1_488' title='bbox 1666 4442 1795 4498; x_wconf 86' lang='lat' dir='ltr'><strong>lati-</strong></span> 
     </span>
    </p>
   </div>
   <div class='ocr_carea' id='block_1_59' title="bbox 184 4529 1872 4627">
    <p class='ocr_par' dir='ltr' id='par_1_59' title="bbox 184 4529 1872 4627">
     <span class='ocr_line' id='line_1_59' title="bbox 184 4529 1872 4627; baseline -0.001 -36"><span class='ocrx_word' id='word_1_489' title='bbox 184 4534 414 4591; x_wconf 89' lang='lat' dir='ltr'><strong>tudine.</strong></span> <span class='ocrx_word' id='word_1_490' title='bbox 437 4548 457 4581; x_wconf 72' lang='grc' dir='ltr'><strong><em>ι</em></strong></span> <span class='ocrx_word' id='word_1_491' title='bbox 486 4530 655 4627; x_wconf 72' lang='lat' dir='ltr'><strong>Vacca</strong></span> <span class='ocrx_word' id='word_1_492' title='bbox 686 4529 968 4627; x_wconf 73' lang='lat' dir='ltr'><strong>lasciviens</strong></span> <span class='ocrx_word' id='word_1_493' title='bbox 995 4530 1295 4627; x_wconf 78' lang='lat' dir='ltr'><strong>appellatur</strong></span> <span class='ocrx_word' id='word_1_494' title='bbox 1321 4533 1548 4603; x_wconf 83' lang='lat' dir='ltr'><strong>superba</strong></span> <span class='ocrx_word' id='word_1_495' title='bbox 1577 4543 1796 4604; x_wconf 85' lang='lat' dir='ltr'><strong>propter</strong></span> <span class='ocrx_word' id='word_1_496' title='bbox 1819 4568 1872 4627; x_wconf 69' lang='grc' dir='ltr'>Β</span> 
     </span>
    </p>
   </div>
   <div class='ocr_carea' id='block_1_60' title="bbox 184 4618 1785 4694">
    <p class='ocr_par' dir='ltr' id='par_1_60' title="bbox 184 4618 1785 4694">
     <span class='ocr_line' id='line_1_60' title="bbox 184 4618 1785 4694; baseline 0 -15"><span class='ocrx_word' id='word_1_497' title='bbox 184 4624 432 4679; x_wconf 85' lang='lat' dir='ltr'><strong>nimiam</strong></span> <span class='ocrx_word' id='word_1_498' title='bbox 460 4618 891 4686; x_wconf 82' lang='lat' dir='ltr'><strong>crassitudinem,</strong></span> <span class='ocrx_word' id='word_1_499' title='bbox 938 4634 1058 4690; x_wconf 77' lang='lat' dir='ltr'><strong>qua:</strong></span> <span class='ocrx_word' id='word_1_500' title='bbox 1100 4627 1154 4676; x_wconf 91' lang='lat' dir='ltr'><strong>et</strong></span> <span class='ocrx_word' id='word_1_501' title='bbox 1175 4620 1364 4692; x_wconf 80' lang='lat' dir='ltr'><strong>iugum</strong></span> <span class='ocrx_word' id='word_1_502' title='bbox 1397 4623 1669 4694; x_wconf 88' lang='lat' dir='ltr'><strong>suscipere</strong></span> <span class='ocrx_word' id='word_1_503' title='bbox 1694 4625 1785 4679; x_wconf 89' lang='lat' dir='ltr'><strong>de-</strong></span> 
     </span>
    </p>
   </div>
   <div class='ocr_carea' id='block_1_61' title="bbox 186 4710 1789 4777">
    <p class='ocr_par' dir='ltr' id='par_1_61' title="bbox 186 4710 1789 4777">
     <span class='ocr_line' id='line_1_61' title="bbox 186 4710 1789 4777; baseline -0.001 -6"><span class='ocrx_word' id='word_1_504' title='bbox 186 4719 427 4777; x_wconf 80' lang='lat' dir='ltr'><strong>trectat,</strong></span> <span class='ocrx_word' id='word_1_505' title='bbox 455 4720 512 4766; x_wconf 90' lang='lat' dir='ltr'><strong>et</strong></span> <span class='ocrx_word' id='word_1_506' title='bbox 538 4718 706 4765; x_wconf 66' lang='lat' dir='ltr'><strong>oestro</strong></span> <span class='ocrx_word' id='word_1_507' title='bbox 748 4710 1044 4776; x_wconf 79' lang='lat' dir='ltr'><strong>stimulata,</strong></span> <span class='ocrx_word' id='word_1_508' title='bbox 1090 4712 1361 4766; x_wconf 87' lang='lat' dir='ltr'><strong>tramitem</strong></span> <span class='ocrx_word' id='word_1_509' title='bbox 1408 4713 1539 4767; x_wconf 88' lang='lat' dir='ltr'><strong>recti</strong></span> <span class='ocrx_word' id='word_1_510' title='bbox 1587 4712 1789 4769; x_wconf 87' lang='lat' dir='ltr'><strong>deserit</strong></span> 
     </span>
    </p>
   </div>
   <div class='ocr_carea' id='block_1_62' title="bbox 185 4800 1788 4877">
    <p class='ocr_par' dir='ltr' id='par_1_62' title="bbox 185 4800 1788 4877">
     <span class='ocr_line' id='line_1_62' title="bbox 185 4800 1788 4877; baseline -0.001 -15"><span class='ocrx_word' id='word_1_511' title='bbox 185 4806 366 4863; x_wconf 85' lang='lat' dir='ltr'><strong>sulci.</strong></span> <span class='ocrx_word' id='word_1_512' title='bbox 415 4801 508 4858; x_wconf 86' lang='lat' dir='ltr'><strong>Sic</strong></span> <span class='ocrx_word' id='word_1_513' title='bbox 532 4800 694 4858; x_wconf 79' lang='lat' dir='ltr'><strong>Israel</strong></span> <span class='ocrx_word' id='word_1_514' title='bbox 723 4801 846 4875; x_wconf 88' lang='lat' dir='ltr'><strong>(hoc</strong></span> <span class='ocrx_word' id='word_1_515' title='bbox 868 4812 981 4868; x_wconf 83' lang='lat' dir='ltr'><strong>est,</strong></span> <span class='ocrx_word' id='word_1_516' title='bbox 1012 4803 1197 4859; x_wconf 85' lang='lat' dir='ltr'><strong>decem</strong></span> <span class='ocrx_word' id='word_1_517' title='bbox 1226 4804 1415 4866; x_wconf 87' lang='lat' dir='ltr'><strong>tribus)</strong></span> <span class='ocrx_word' id='word_1_518' title='bbox 1438 4804 1625 4875; x_wconf 85' lang='lat' dir='ltr'><strong>iugum</strong></span> <span class='ocrx_word' id='word_1_519' title='bbox 1654 4805 1788 4877; x_wconf 76' lang='lat' dir='ltr'><strong>legis</strong></span> 
     </span>
    </p>
   </div>
   <div class='ocr_carea' id='block_1_63' title="bbox 184 4895 1789 4965">
    <p class='ocr_par' dir='ltr' id='par_1_63' title="bbox 184 4895 1789 4965">
     <span class='ocr_line' id='line_1_63' title="bbox 184 4895 1789 4965; baseline -0.002 -10"><span class='ocrx_word' id='word_1_520' title='bbox 184 4900 261 4955; x_wconf 83' lang='lat' dir='ltr'><strong>de</strong></span> <span class='ocrx_word' id='word_1_521' title='bbox 291 4895 521 4953; x_wconf 73' lang='lat' dir='ltr'><strong>cervice</strong></span> <span class='ocrx_word' id='word_1_522' title='bbox 557 4908 653 4949; x_wconf 82' lang='lat' dir='ltr'><strong>sua</strong></span> <span class='ocrx_word' id='word_1_523' title='bbox 692 4895 947 4959; x_wconf 76' lang='lat' dir='ltr'><strong>excussit,</strong></span> <span class='ocrx_word' id='word_1_524' title='bbox 971 4896 1375 4951; x_wconf 79' lang='lat' dir='ltr'><strong>etdacmoniaco</strong></span> <span class='ocrx_word' id='word_1_525' title='bbox 1418 4897 1608 4965; x_wconf 90' lang='lat' dir='ltr'><strong>spiritu</strong></span> <span class='ocrx_word' id='word_1_526' title='bbox 1653 4897 1789 4952; x_wconf 89' lang='lat' dir='ltr'><strong>inci-</strong></span> 
     </span>
    </p>
   </div>
   <div class='ocr_carea' id='block_1_64' title="bbox 188 4985 1788 5057">
    <p class='ocr_par' dir='ltr' id='par_1_64' title="bbox 188 4985 1788 5057">
     <span class='ocr_line' id='line_1_64' title="bbox 188 4985 1788 5057; baseline 0.002 -18"><span class='ocrx_word' id='word_1_527' title='bbox 188 5001 311 5045; x_wconf 75' lang='lat' dir='ltr'><strong>tata</strong></span> <span class='ocrx_word' id='word_1_528' title='bbox 334 5027 352 5053; x_wconf 93' lang='lat'><strong>,</strong></span> <span class='ocrx_word' id='word_1_529' title='bbox 398 4986 561 5055; x_wconf 82' lang='lat' dir='ltr'><strong>latam</strong></span> <span class='ocrx_word' id='word_1_530' title='bbox 588 4985 727 5040; x_wconf 85' lang='lat' dir='ltr'><strong>viam</strong></span> <span class='ocrx_word' id='word_1_531' title='bbox 752 4985 979 5056; x_wconf 87' lang='lat' dir='ltr'><strong>arripuit</strong></span> <span class='ocrx_word' id='word_1_532' title='bbox 1004 4985 1303 5055; x_wconf 84' lang='lat' dir='ltr'><strong>voluptates</strong></span> <span class='ocrx_word' id='word_1_533' title='bbox 1341 5002 1469 5042; x_wconf 88' lang='lat' dir='ltr'><strong>suas</strong></span> <span class='ocrx_word' id='word_1_534' title='bbox 1494 4988 1788 5057; x_wconf 80' lang='lat' dir='ltr'><strong>sequendo,</strong></span> 
     </span>
    </p>
   </div>
   <div class='ocr_carea' id='block_1_65' title="bbox 188 5074 1790 5147">
    <p class='ocr_par' dir='ltr' id='par_1_65' title="bbox 188 5074 1790 5147">
     <span class='ocr_line' id='line_1_65' title="bbox 188 5074 1790 5147; baseline 0.001 -17"><span class='ocrx_word' id='word_1_535' title='bbox 188 5081 261 5136; x_wconf 81' lang='lat' dir='ltr'><strong>de</strong></span> <span class='ocrx_word' id='word_1_536' title='bbox 294 5091 418 5147; x_wconf 85' lang='lat' dir='ltr'><strong>qua</strong></span> <span class='ocrx_word' id='word_1_537' title='bbox 446 5076 701 5130; x_wconf 88' lang='lat' dir='ltr'><strong>Dominus</strong></span> <span class='ocrx_word' id='word_1_538' title='bbox 727 5075 858 5130; x_wconf 85' lang='lat' dir='ltr'><strong>dicit</strong></span> <span class='ocrx_word' id='word_1_539' title='bbox 883 5094 896 5130; x_wconf 90' lang='lat'><strong>:</strong></span> <span class='ocrx_word' id='word_1_540' title='bbox 943 5093 962 5126; x_wconf 77' lang='grc' dir='ltr'>ι</span> <span class='ocrx_word' id='word_1_541' title='bbox 1010 5074 1143 5130; x_wconf 86' lang='lat' dir='ltr'><strong>Lata</strong></span> <span class='ocrx_word' id='word_1_542' title='bbox 1172 5076 1256 5130; x_wconf 86' lang='lat' dir='ltr'><strong>via</strong></span> <span class='ocrx_word' id='word_1_543' title='bbox 1293 5085 1376 5130; x_wconf 79' lang='lat' dir='ltr'><strong>est</strong></span> <span class='ocrx_word' id='word_1_544' title='bbox 1403 5091 1521 5146; x_wconf 77' lang='lat' dir='ltr'><strong>quae</strong></span> <span class='ocrx_word' id='word_1_545' title='bbox 1548 5079 1694 5133; x_wconf 88' lang='lat' dir='ltr'><strong>ducit</strong></span> <span class='ocrx_word' id='word_1_546' title='bbox 1724 5078 1790 5132; x_wconf 88' lang='lat' dir='ltr'><strong>ad</strong></span> 
     </span>
    </p>
   </div>
   <div class='ocr_carea' id='block_1_66' title="bbox 188 5165 1791 5238">
    <p class='ocr_par' dir='ltr' id='par_1_66' title="bbox 188 5165 1791 5238">
     <span class='ocr_line' id='line_1_66' title="bbox 188 5165 1791 5238; baseline -0.001 -16"><span class='ocrx_word' id='word_1_547' title='bbox 188 5166 592 5238; x_wconf 82' lang='lat' dir='ltr'><strong>perditionem.</strong></span> <span class='ocrx_word' id='word_1_548' title='bbox 626 5184 644 5216; x_wconf 72' lang='grc' dir='ltr'><strong><em>ι</em></strong></span> <span class='ocrx_word' id='word_1_549' title='bbox 673 5165 822 5220; x_wconf 85' lang='lat' dir='ltr'><strong>Nunc</strong></span> <span class='ocrx_word' id='word_1_550' title='bbox 866 5173 1046 5234; x_wconf 87' lang='lat' dir='ltr'><strong>pascet</strong></span> <span class='ocrx_word' id='word_1_551' title='bbox 1089 5178 1181 5219; x_wconf 88' lang='lat' dir='ltr'><strong>eos</strong></span> <span class='ocrx_word' id='word_1_552' title='bbox 1223 5174 1282 5219; x_wconf 92' lang='lat' dir='ltr'><strong>ut</strong></span> <span class='ocrx_word' id='word_1_553' title='bbox 1323 5178 1505 5235; x_wconf 85' lang='lat' dir='ltr'><strong>supra.</strong></span> <span class='ocrx_word' id='word_1_554' title='bbox 1550 5165 1650 5221; x_wconf 84' lang='lat' dir='ltr'><strong>llic</strong></span> <span class='ocrx_word' id='word_1_555' title='bbox 1691 5183 1791 5221; x_wconf 80' lang='lat' dir='ltr'><strong>vox</strong></span> 
     </span>
    </p>
   </div>
   <div class='ocr_carea' id='block_1_67' title="bbox 189 5253 1792 5328">
    <p class='ocr_par' dir='ltr' id='par_1_67' title="bbox 189 5253 1792 5328">
     <span class='ocr_line' id='line_1_67' title="bbox 189 5253 1792 5328; baseline -0.001 -17"><span class='ocrx_word' id='word_1_556' title='bbox 189 5257 494 5328; x_wconf 78' lang='lat' dir='ltr'><strong>prophetae</strong></span> <span class='ocrx_word' id='word_1_557' title='bbox 513 5263 594 5310; x_wconf 89' lang='lat' dir='ltr'><strong>est</strong></span> <span class='ocrx_word' id='word_1_558' title='bbox 617 5256 682 5309; x_wconf 85' lang='lat' dir='ltr'><strong>de</strong></span> <span class='ocrx_word' id='word_1_559' title='bbox 709 5256 894 5310; x_wconf 88' lang='lat' dir='ltr'><strong>eodem</strong></span> <span class='ocrx_word' id='word_1_560' title='bbox 919 5253 1147 5323; x_wconf 82' lang='lat' dir='ltr'><strong>populo:</strong></span> <span class='ocrx_word' id='word_1_561' title='bbox 1167 5261 1224 5308; x_wconf 90' lang='lat' dir='ltr'><strong>et</strong></span> <span class='ocrx_word' id='word_1_562' title='bbox 1244 5254 1368 5323; x_wconf 88' lang='lat' dir='ltr'><strong>quia</strong></span> <span class='ocrx_word' id='word_1_563' title='bbox 1390 5262 1627 5323; x_wconf 71' lang='lat' dir='ltr'><strong>cmperat</strong></span> <span class='ocrx_word' id='word_1_564' title='bbox 1649 5254 1792 5324; x_wconf 88' lang='lat' dir='ltr'><strong>loqui</strong></span> 
     </span>
    </p>
   </div>
   <div class='ocr_carea' id='block_1_68' title="bbox 191 5346 1793 5417">
    <p class='ocr_par' dir='ltr' id='par_1_68' title="bbox 191 5346 1793 5417">
     <span class='ocr_line' id='line_1_68' title="bbox 191 5346 1793 5417; baseline -0.004 -11"><span class='ocrx_word' id='word_1_565' title='bbox 191 5353 265 5406; x_wconf 85' lang='lat' dir='ltr'><strong>de</strong></span> <span class='ocrx_word' id='word_1_566' title='bbox 299 5362 476 5404; x_wconf 83' lang='lat' dir='ltr'><strong>vacca</strong></span> <span class='ocrx_word' id='word_1_567' title='bbox 500 5346 834 5413; x_wconf 81' lang='lat' dir='ltr'><strong>iasciviente,</strong></span> <span class='ocrx_word' id='word_1_568' title='bbox 861 5355 1043 5402; x_wconf 85' lang='lat' dir='ltr'><strong>servat</strong></span> <span class='ocrx_word' id='word_1_569' title='bbox 1072 5347 1441 5417; x_wconf 86' lang='lat' dir='ltr'><strong>metaphoram</strong></span> <span class='ocrx_word' id='word_1_570' title='bbox 1471 5347 1522 5400; x_wconf 92' lang='lat' dir='ltr'><strong>in</strong></span> <span class='ocrx_word' id='word_1_571' title='bbox 1552 5346 1793 5415; x_wconf 85' lang='lat' dir='ltr'><strong>reliquis,</strong></span> 
     </span>
    </p>
   </div>
   <div class='ocr_carea' id='block_1_69' title="bbox 190 5434 1785 5506">
    <p class='ocr_par' dir='ltr' id='par_1_69' title="bbox 190 5434 1785 5506">
     <span class='ocr_line' id='line_1_69' title="bbox 190 5434 1785 5506; baseline -0.004 -10"><span class='ocrx_word' id='word_1_572' title='bbox 190 5442 335 5496; x_wconf 86' lang='lat' dir='ltr'><strong>dum</strong></span> <span class='ocrx_word' id='word_1_573' title='bbox 371 5439 431 5492; x_wconf 90' lang='lat' dir='ltr'><strong>in</strong></span> <span class='ocrx_word' id='word_1_574' title='bbox 457 5437 737 5492; x_wconf 86' lang='lat' dir='ltr'><strong>latitudine</strong></span> <span class='ocrx_word' id='word_1_575' title='bbox 782 5450 1109 5506; x_wconf 85' lang='lat' dir='ltr'><strong>camporum,</strong></span> <span class='ocrx_word' id='word_1_576' title='bbox 1143 5435 1308 5490; x_wconf 91' lang='lat' dir='ltr'><strong>Deum</strong></span> <span class='ocrx_word' id='word_1_577' title='bbox 1338 5434 1470 5489; x_wconf 81' lang='lat' dir='ltr'><strong>dicit</strong></span> <span class='ocrx_word' id='word_1_578' title='bbox 1508 5444 1785 5504; x_wconf 82' lang='lat' dir='ltr'><strong>pastorum</strong></span> 
     </span>
    </p>
   </div>
   <div class='ocr_carea' id='block_1_70' title="bbox 189 5525 1787 5599">
    <p class='ocr_par' dir='ltr' id='par_1_70' title="bbox 189 5525 1787 5599">
     <span class='ocr_line' id='line_1_70' title="bbox 189 5525 1787 5599; baseline -0.003 -12"><span class='ocrx_word' id='word_1_579' title='bbox 189 5530 485 5588; x_wconf 82' lang='lat' dir='ltr'><strong>Israelitas</strong></span> <span class='ocrx_word' id='word_1_580' title='bbox 510 5529 662 5599; x_wconf 84' lang='lat' dir='ltr'><strong>quasi</strong></span> <span class='ocrx_word' id='word_1_581' title='bbox 685 5543 897 5598; x_wconf 87' lang='lat' dir='ltr'><strong>agnum.</strong></span> <span class='ocrx_word' id='word_1_582' title='bbox 922 5526 1091 5591; x_wconf 82' lang='lat' dir='ltr'><strong>Nunc,</strong></span> <span class='ocrx_word' id='word_1_583' title='bbox 1119 5525 1314 5596; x_wconf 87' lang='lat' dir='ltr'><strong>inquit,</strong></span> <span class='ocrx_word' id='word_1_584' title='bbox 1339 5526 1441 5580; x_wconf 88' lang='lat' dir='ltr'><strong>hoc</strong></span> <span class='ocrx_word' id='word_1_585' title='bbox 1472 5534 1555 5581; x_wconf 87' lang='lat' dir='ltr'><strong>est</strong></span> <span class='ocrx_word' id='word_1_586' title='bbox 1586 5526 1641 5580; x_wconf 88' lang='lat' dir='ltr'><strong>in</strong></span> <span class='ocrx_word' id='word_1_587' title='bbox 1657 5542 1787 5597; x_wconf 64' lang='lat' dir='ltr'><strong>prae-</strong></span> 
     </span>
    </p>
   </div>
   <div class='ocr_carea' id='block_1_71' title="bbox 189 5615 1787 5687">
    <p class='ocr_par' dir='ltr' id='par_1_71' title="bbox 189 5615 1787 5687">
     <span class='ocr_line' id='line_1_71' title="bbox 189 5615 1787 5687; baseline -0.005 -9"><span class='ocrx_word' id='word_1_588' title='bbox 189 5622 347 5678; x_wconf 84' lang='lat' dir='ltr'><strong>senti</strong></span> <span class='ocrx_word' id='word_1_589' title='bbox 382 5627 645 5687; x_wconf 82' lang='lat' dir='ltr'><strong>tempore,</strong></span> <span class='ocrx_word' id='word_1_590' title='bbox 676 5616 805 5671; x_wconf 90' lang='lat' dir='ltr'><strong>dum</strong></span> <span class='ocrx_word' id='word_1_591' title='bbox 835 5616 1057 5684; x_wconf 88' lang='lat' dir='ltr'><strong>spiritus</strong></span> <span class='ocrx_word' id='word_1_592' title='bbox 1086 5617 1183 5670; x_wconf 90' lang='lat' dir='ltr'><strong>hos</strong></span> <span class='ocrx_word' id='word_1_593' title='bbox 1214 5615 1349 5686; x_wconf 86' lang='lat' dir='ltr'><strong>regit</strong></span> <span class='ocrx_word' id='word_1_594' title='bbox 1373 5625 1542 5679; x_wconf 90' lang='lat' dir='ltr'><strong>artus,</strong></span> <span class='ocrx_word' id='word_1_595' title='bbox 1568 5631 1653 5670; x_wconf 90' lang='lat' dir='ltr'><strong>me</strong></span> <span class='ocrx_word' id='word_1_596' title='bbox 1682 5615 1787 5672; x_wconf 89' lang='lat' dir='ltr'><strong>sci-</strong></span> 
     </span>
    </p>
   </div>
   <div class='ocr_carea' id='block_1_72' title="bbox 191 5696 1784 5777">
    <p class='ocr_par' dir='ltr' id='par_1_72' title="bbox 191 5696 1784 5777">
     <span class='ocr_line' id='line_1_72' title="bbox 191 5696 1784 5777; baseline -0.004 -10"><span class='ocrx_word' id='word_1_597' title='bbox 191 5712 330 5767; x_wconf 86' lang='lat' dir='ltr'><strong>licet</strong></span> <span class='ocrx_word' id='word_1_598' title='bbox 362 5709 602 5773; x_wconf 84' lang='lat' dir='ltr'><strong>viveute,</strong></span> <span class='ocrx_word' id='word_1_599' title='bbox 642 5713 823 5777; x_wconf 84' lang='lat' dir='ltr'><strong>pascet</strong></span> <span class='ocrx_word' id='word_1_600' title='bbox 850 5721 944 5761; x_wconf 88' lang='lat' dir='ltr'><strong>eos</strong></span> <span class='ocrx_word' id='word_1_601' title='bbox 963 5696 1222 5761; x_wconf 71' lang='lat' dir='ltr'><strong>Dominus</strong></span> <span class='ocrx_word' id='word_1_602' title='bbox 1249 5707 1299 5759; x_wconf 90' lang='lat' dir='ltr'><strong>in</strong></span> <span class='ocrx_word' id='word_1_603' title='bbox 1329 5705 1607 5760; x_wconf 86' lang='lat' dir='ltr'><strong>latitudine</strong></span> <span class='ocrx_word' id='word_1_604' title='bbox 1631 5705 1784 5776; x_wconf 88' lang='lat' dir='ltr'><strong>quasi</strong></span> 
     </span>
    </p>
   </div>
   <div class='ocr_carea' id='block_1_73' title="bbox 191 5796 1783 5874">
    <p class='ocr_par' dir='ltr' id='par_1_73' title="bbox 191 5796 1783 5874">
     <span class='ocr_line' id='line_1_73' title="bbox 191 5796 1783 5874; baseline -0.004 -15"><span class='ocrx_word' id='word_1_605' title='bbox 191 5816 440 5874; x_wconf 80' lang='lat' dir='ltr'><strong>agnum,</strong></span> <span class='ocrx_word' id='word_1_606' title='bbox 467 5801 518 5855; x_wconf 85' lang='lat' dir='ltr'><strong>id</strong></span> <span class='ocrx_word' id='word_1_607' title='bbox 540 5808 641 5865; x_wconf 83' lang='lat' dir='ltr'><strong>est,</strong></span> <span class='ocrx_word' id='word_1_608' title='bbox 671 5797 930 5854; x_wconf 84' lang='lat' dir='ltr'><strong>ducentur</strong></span> <span class='ocrx_word' id='word_1_609' title='bbox 955 5796 1020 5850; x_wconf 83' lang='lat' dir='ltr'><strong>ab</strong></span> <span class='ocrx_word' id='word_1_610' title='bbox 1049 5796 1282 5868; x_wconf 75' lang='lat' dir='ltr'><strong>Assyriis</strong></span> <span class='ocrx_word' id='word_1_611' title='bbox 1311 5797 1364 5850; x_wconf 92' lang='lat' dir='ltr'><strong>in</strong></span> <span class='ocrx_word' id='word_1_612' title='bbox 1393 5796 1783 5865; x_wconf 78' lang='lat' dir='ltr'><strong>captivitatem,</strong></span> 
     </span>
    </p>
   </div>
   <div class='ocr_carea' id='block_1_74' title="bbox 1902 1978 3481 2054">
    <p class='ocr_par' dir='ltr' id='par_1_74' title="bbox 1902 1978 3481 2054">
     <span class='ocr_line' id='line_1_74' title="bbox 1902 1978 3481 2054; baseline 0.004 -20"><span class='ocrx_word' id='word_1_613' title='bbox 1902 1978 2043 2035; x_wconf 89' lang='lat' dir='ltr'><strong>mala</strong></span> <span class='ocrx_word' id='word_1_614' title='bbox 2072 1980 2139 2037; x_wconf 91' lang='lat' dir='ltr'><strong>de</strong></span> <span class='ocrx_word' id='word_1_615' title='bbox 2158 1996 2223 2037; x_wconf 89' lang='lat' dir='ltr'><strong>eo</strong></span> <span class='ocrx_word' id='word_1_616' title='bbox 2251 1982 2544 2038; x_wconf 88' lang='lat' dir='ltr'><strong>sentientes</strong></span> <span class='ocrx_word' id='word_1_617' title='bbox 2561 1982 2825 2054; x_wconf 87' lang='lat' dir='ltr'><strong>polluunt,</strong></span> <span class='ocrx_word' id='word_1_618' title='bbox 2851 1984 2943 2054; x_wconf 90' lang='lat' dir='ltr'><strong>qui</strong></span> <span class='ocrx_word' id='word_1_619' title='bbox 2967 1984 3106 2039; x_wconf 91' lang='lat' dir='ltr'><strong>sicut</strong></span> <span class='ocrx_word' id='word_1_620' title='bbox 3129 1992 3295 2040; x_wconf 80' lang='lat' dir='ltr'><strong>vacca</strong></span> <span class='ocrx_word' id='word_1_621' title='bbox 3322 1984 3481 2040; x_wconf 90' lang='lat' dir='ltr'><strong>lasci—</strong></span> 
     </span>
    </p>
   </div>
   <div class='ocr_carea' id='block_1_75' title="bbox 1900 2071 3479 2148">
    <p class='ocr_par' dir='ltr' id='par_1_75' title="bbox 1900 2071 3479 2148">
     <span class='ocr_line' id='line_1_75' title="bbox 1900 2071 3479 2148; baseline 0.003 -24"><span class='ocrx_word' id='word_1_622' title='bbox 1900 2071 2052 2127; x_wconf 68' lang='lat' dir='ltr'><strong>viens</strong></span> <span class='ocrx_word' id='word_1_623' title='bbox 2080 2072 2230 2142; x_wconf 82' lang='lat' dir='ltr'><strong>asylo</strong></span> <span class='ocrx_word' id='word_1_624' title='bbox 2250 2084 2522 2143; x_wconf 83' lang='lat' dir='ltr'><strong>percussa.</strong></span> <span class='ocrx_word' id='word_1_625' title='bbox 2555 2074 2866 2130; x_wconf 83' lang='lat' dir='ltr'><strong>ardentibus</strong></span> <span class='ocrx_word' id='word_1_626' title='bbox 2893 2074 3089 2131; x_wconf 89' lang='lat' dir='ltr'><strong>diaboli</strong></span> <span class='ocrx_word' id='word_1_627' title='bbox 3111 2076 3319 2148; x_wconf 78' lang='lat' dir='ltr'><strong>sagittis</strong></span> <span class='ocrx_word' id='word_1_628' title='bbox 3352 2091 3479 2145; x_wconf 88' lang='lat' dir='ltr'><strong>per-</strong></span> 
     </span>
    </p>
   </div>
   <div class='ocr_carea' id='block_1_76' title="bbox 1901 2162 3479 2239">
    <p class='ocr_par' dir='ltr' id='par_1_76' title="bbox 1901 2162 3479 2239">
     <span class='ocr_line' id='line_1_76' title="bbox 1901 2162 3479 2239; baseline 0 -18"><span class='ocrx_word' id='word_1_629' title='bbox 1901 2167 2043 2222; x_wconf 84' lang='lat' dir='ltr'><strong>eussi</strong></span> <span class='ocrx_word' id='word_1_630' title='bbox 2087 2172 2208 2222; x_wconf 88' lang='lat' dir='ltr'><strong>sunt</strong></span> <span class='ocrx_word' id='word_1_631' title='bbox 2264 2173 2319 2221; x_wconf 88' lang='lat' dir='ltr'><strong>et</strong></span> <span class='ocrx_word' id='word_1_632' title='bbox 2362 2165 2496 2237; x_wconf 84' lang='lat' dir='ltr'><strong>legis</strong></span> <span class='ocrx_word' id='word_1_633' title='bbox 2538 2165 2784 2220; x_wconf 89' lang='lat' dir='ltr'><strong>notitiam</strong></span> <span class='ocrx_word' id='word_1_634' title='bbox 2829 2166 3162 2239; x_wconf 83' lang='lat' dir='ltr'><strong>reliquerunt</strong></span> <span class='ocrx_word' id='word_1_635' title='bbox 3191 2207 3207 2232; x_wconf 90' lang='lat'><strong>,</strong></span> <span class='ocrx_word' id='word_1_636' title='bbox 3253 2162 3479 2238; x_wconf 82' lang='lat' dir='ltr'><strong>ideoque</strong></span> 
     </span>
    </p>
   </div>
   <div class='ocr_carea' id='block_1_77' title="bbox 1900 2256 3474 2326">
    <p class='ocr_par' dir='ltr' id='par_1_77' title="bbox 1900 2256 3474 2326">
     <span class='ocr_line' id='line_1_77' title="bbox 1900 2256 3474 2326; baseline 0.003 -16"><span class='ocrx_word' id='word_1_637' title='bbox 1900 2266 2189 2326; x_wconf 88' lang='lat' dir='ltr'><strong>pascentur</strong></span> <span class='ocrx_word' id='word_1_638' title='bbox 2209 2256 2380 2311; x_wconf 87' lang='lat' dir='ltr'><strong>inlata</strong></span> <span class='ocrx_word' id='word_1_639' title='bbox 2407 2264 2461 2312; x_wconf 91' lang='lat' dir='ltr'><strong>et</strong></span> <span class='ocrx_word' id='word_1_640' title='bbox 2483 2256 2718 2326; x_wconf 89' lang='lat' dir='ltr'><strong>spatiosa</strong></span> <span class='ocrx_word' id='word_1_641' title='bbox 2740 2256 2845 2318; x_wconf 83' lang='lat' dir='ltr'><strong>via,</strong></span> <span class='ocrx_word' id='word_1_642' title='bbox 2870 2268 2988 2326; x_wconf 68' lang='lat' dir='ltr'><strong>quae</strong></span> <span class='ocrx_word' id='word_1_643' title='bbox 3032 2256 3179 2312; x_wconf 87' lang='lat' dir='ltr'><strong>ducit</strong></span> <span class='ocrx_word' id='word_1_644' title='bbox 3220 2257 3286 2313; x_wconf 89' lang='lat' dir='ltr'><strong>ad</strong></span> <span class='ocrx_word' id='word_1_645' title='bbox 3330 2275 3474 2314; x_wconf 88' lang='lat' dir='ltr'><strong>mor-</strong></span> 
     </span>
    </p>
   </div>
   <div class='ocr_carea' id='block_1_78' title="bbox 1902 2347 2033 2404">
    <p class='ocr_par' dir='ltr' id='par_1_78' title="bbox 1902 2347 2033 2404">
     <span class='ocr_line' id='line_1_78' title="bbox 1902 2347 2033 2404; baseline 0.008 -1"><span class='ocrx_word' id='word_1_646' title='bbox 1902 2347 2033 2404; x_wconf 64' lang='lat' dir='ltr'><strong>tem.</strong></span> 
     </span>
    </p>
   </div>
   <div class='ocr_carea' id='block_1_79' title="bbox 1977 2432 3480 2511">
    <p class='ocr_par' dir='ltr' id='par_1_79' title="bbox 1977 2432 3480 2511">
     <span class='ocr_line' id='line_1_79' title="bbox 1977 2432 3480 2511; baseline 0.005 -21"><span class='ocrx_word' id='word_1_647' title='bbox 1977 2460 1993 2490; x_wconf 81' lang='grc' dir='ltr'>ι</span> <span class='ocrx_word' id='word_1_648' title='bbox 2034 2432 2313 2511; x_wconf 84' lang='lat' dir='ltr'><strong>Particeps</strong></span> <span class='ocrx_word' id='word_1_649' title='bbox 2343 2436 2603 2495; x_wconf 92' lang='lat' dir='ltr'><strong>idolorum</strong></span> <span class='ocrx_word' id='word_1_650' title='bbox 2636 2439 2908 2509; x_wconf 83' lang='lat' dir='ltr'><strong>Ephraim.</strong></span> <span class='ocrx_word' id='word_1_651' title='bbox 2951 2459 2969 2492; x_wconf 76' lang='grc' dir='ltr'><strong><em>ι</em></strong></span> <span class='ocrx_word' id='word_1_652' title='bbox 3007 2432 3260 2511; x_wconf 83' lang='lat' dir='ltr'><strong>Ephraim</strong></span> <span class='ocrx_word' id='word_1_653' title='bbox 3293 2441 3344 2496; x_wconf 92' lang='lat' dir='ltr'><strong>in</strong></span> <span class='ocrx_word' id='word_1_654' title='bbox 3378 2443 3480 2497; x_wconf 90' lang='lat' dir='ltr'><strong>boc</strong></span> 
     </span>
    </p>
   </div>
   <div class='ocr_carea' id='block_1_80' title="bbox 1899 2525 3477 2601">
    <p class='ocr_par' dir='ltr' id='par_1_80' title="bbox 1899 2525 3477 2601">
     <span class='ocr_line' id='line_1_80' title="bbox 1899 2525 3477 2601; baseline 0 -16"><span class='ocrx_word' id='word_1_655' title='bbox 1899 2525 2030 2595; x_wconf 80' lang='lat' dir='ltr'><strong>loco</strong></span> <span class='ocrx_word' id='word_1_656' title='bbox 2061 2526 2397 2600; x_wconf 86' lang='lat' dir='ltr'><strong>appellantur</strong></span> <span class='ocrx_word' id='word_1_657' title='bbox 2438 2530 2623 2585; x_wconf 88' lang='lat' dir='ltr'><strong>decem</strong></span> <span class='ocrx_word' id='word_1_658' title='bbox 2659 2530 2829 2585; x_wconf 89' lang='lat' dir='ltr'><strong>tribus</strong></span> <span class='ocrx_word' id='word_1_659' title='bbox 2869 2536 2991 2599; x_wconf 91' lang='lat' dir='ltr'><strong>post</strong></span> <span class='ocrx_word' id='word_1_660' title='bbox 3032 2531 3419 2601; x_wconf 90' lang='lat' dir='ltr'><strong>separationem</strong></span> <span class='ocrx_word' id='word_1_661' title='bbox 3447 2548 3477 2585; x_wconf 90' lang='lat' dir='ltr'><strong>a</strong></span> 
     </span>
    </p>
   </div>
   <div class='ocr_carea' id='block_1_81' title="bbox 1899 2618 3475 2688">
    <p class='ocr_par' dir='ltr' id='par_1_81' title="bbox 1899 2618 3475 2688">
     <span class='ocr_line' id='line_1_81' title="bbox 1899 2618 3475 2688; baseline -0.003 -11"><span class='ocrx_word' id='word_1_662' title='bbox 1899 2622 2056 2677; x_wconf 89' lang='lat' dir='ltr'><strong>domo</strong></span> <span class='ocrx_word' id='word_1_663' title='bbox 2078 2621 2243 2675; x_wconf 88' lang='lat' dir='ltr'><strong>David</strong></span> <span class='ocrx_word' id='word_1_664' title='bbox 2282 2619 2348 2674; x_wconf 89' lang='lat' dir='ltr'><strong>ad</strong></span> <span class='ocrx_word' id='word_1_665' title='bbox 2371 2618 2676 2683; x_wconf 84' lang='lat' dir='ltr'><strong>Jeroboam,</strong></span> <span class='ocrx_word' id='word_1_666' title='bbox 2697 2620 2787 2688; x_wconf 91' lang='lat' dir='ltr'><strong>qui</strong></span> <span class='ocrx_word' id='word_1_667' title='bbox 2812 2619 2876 2675; x_wconf 85' lang='lat' dir='ltr'><strong>de</strong></span> <span class='ocrx_word' id='word_1_668' title='bbox 2898 2619 3036 2674; x_wconf 91' lang='lat' dir='ltr'><strong>tribu</strong></span> <span class='ocrx_word' id='word_1_669' title='bbox 3071 2619 3170 2673; x_wconf 91' lang='lat' dir='ltr'><strong>fuit</strong></span> <span class='ocrx_word' id='word_1_670' title='bbox 3192 2618 3475 2688; x_wconf 88' lang='lat' dir='ltr'><strong>prraim,</strong></span> 
     </span>
    </p>
   </div>
   <div class='ocr_carea' id='block_1_82' title="bbox 1899 2709 3477 2781">
    <p class='ocr_par' dir='ltr' id='par_1_82' title="bbox 1899 2709 3477 2781">
     <span class='ocr_line' id='line_1_82' title="bbox 1899 2709 3477 2781; baseline -0.005 -9"><span class='ocrx_word' id='word_1_671' title='bbox 1899 2715 1987 2772; x_wconf 91' lang='lat' dir='ltr'><strong>cui</strong></span> <span class='ocrx_word' id='word_1_672' title='bbox 2036 2714 2201 2771; x_wconf 81' lang='lat' dir='ltr'><strong>Jacob</strong></span> <span class='ocrx_word' id='word_1_673' title='bbox 2243 2712 2670 2768; x_wconf 88' lang='lat' dir='ltr'><strong>benedictionem</strong></span> <span class='ocrx_word' id='word_1_674' title='bbox 2720 2709 2870 2781; x_wconf 85' lang='lat' dir='ltr'><strong>regni</strong></span> <span class='ocrx_word' id='word_1_675' title='bbox 2918 2710 3154 2766; x_wconf 89' lang='lat' dir='ltr'><strong>dederat.</strong></span> <span class='ocrx_word' id='word_1_676' title='bbox 3205 2709 3477 2765; x_wconf 90' lang='lat' dir='ltr'><strong>Interdum</strong></span> 
     </span>
    </p>
   </div>
   <div class='ocr_carea' id='block_1_83' title="bbox 1900 2799 3475 2877">
    <p class='ocr_par' dir='ltr' id='par_1_83' title="bbox 1900 2799 3475 2877">
     <span class='ocr_line' id='line_1_83' title="bbox 1900 2799 3475 2877; baseline -0.004 -17"><span class='ocrx_word' id='word_1_677' title='bbox 1900 2806 2234 2877; x_wconf 88' lang='lat' dir='ltr'><strong>appellantur</strong></span> <span class='ocrx_word' id='word_1_678' title='bbox 2256 2813 2311 2859; x_wconf 88' lang='lat' dir='ltr'><strong>et</strong></span> <span class='ocrx_word' id='word_1_679' title='bbox 2334 2802 2528 2873; x_wconf 79' lang='lat' dir='ltr'><strong>Josepb</strong></span> <span class='ocrx_word' id='word_1_680' title='bbox 2555 2802 2789 2866; x_wconf 88' lang='lat' dir='ltr'><strong>nomine,</strong></span> <span class='ocrx_word' id='word_1_681' title='bbox 2820 2808 3102 2872; x_wconf 84' lang='lat' dir='ltr'><strong>propterea</strong></span> <span class='ocrx_word' id='word_1_682' title='bbox 3131 2800 3256 2871; x_wconf 88' lang='lat' dir='ltr'><strong>quia</strong></span> <span class='ocrx_word' id='word_1_683' title='bbox 3280 2799 3475 2871; x_wconf 86' lang='lat' dir='ltr'><strong>Josepb</strong></span> 
     </span>
    </p>
   </div>
   <div class='ocr_carea' id='block_1_84' title="bbox 1898 2882 3475 2966">
    <p class='ocr_par' dir='ltr' id='par_1_84' title="bbox 1898 2882 3475 2966">
     <span class='ocr_line' id='line_1_84' title="bbox 1898 2882 3475 2966; baseline -0.005 -16"><span class='ocrx_word' id='word_1_684' title='bbox 1898 2904 2051 2966; x_wconf 87' lang='lat' dir='ltr'><strong>pater</strong></span> <span class='ocrx_word' id='word_1_685' title='bbox 2076 2893 2175 2951; x_wconf 88' lang='lat' dir='ltr'><strong>fuit</strong></span> <span class='ocrx_word' id='word_1_686' title='bbox 2197 2893 2471 2963; x_wconf 87' lang='lat' dir='ltr'><strong>Ephraim.</strong></span> <span class='ocrx_word' id='word_1_687' title='bbox 2501 2882 2756 2963; x_wconf 82' lang='lat' dir='ltr'><strong>Ephraim</strong></span> <span class='ocrx_word' id='word_1_688' title='bbox 2781 2890 2983 2959; x_wconf 90' lang='lat' dir='ltr'><strong>itaque,</strong></span> <span class='ocrx_word' id='word_1_689' title='bbox 3012 2889 3137 2959; x_wconf 91' lang='lat' dir='ltr'><strong>(hoc</strong></span> <span class='ocrx_word' id='word_1_690' title='bbox 3160 2896 3243 2944; x_wconf 89' lang='lat' dir='ltr'><strong>est</strong></span> <span class='ocrx_word' id='word_1_691' title='bbox 3291 2888 3475 2944; x_wconf 90' lang='lat' dir='ltr'><strong>decem</strong></span> 
     </span>
    </p>
   </div>
   <div class='ocr_carea' id='block_1_85' title="bbox 1901 2978 3479 3055">
    <p class='ocr_par' dir='ltr' id='par_1_85' title="bbox 1901 2978 3479 3055">
     <span class='ocr_line' id='line_1_85' title="bbox 1901 2978 3479 3055; baseline -0.006 -14"><span class='ocrx_word' id='word_1_692' title='bbox 1901 2986 2093 3055; x_wconf 91' lang='lat' dir='ltr'><strong>tribus)</strong></span> <span class='ocrx_word' id='word_1_693' title='bbox 2117 2985 2413 3055; x_wconf 86' lang='lat' dir='ltr'><strong>participes</strong></span> <span class='ocrx_word' id='word_1_694' title='bbox 2437 2981 2652 3038; x_wconf 87' lang='lat' dir='ltr'><strong>fuerunt</strong></span> <span class='ocrx_word' id='word_1_695' title='bbox 2679 2978 2976 3047; x_wconf 85' lang='lat' dir='ltr'><strong>idolorum,</strong></span> <span class='ocrx_word' id='word_1_696' title='bbox 3010 2979 3135 3050; x_wconf 92' lang='lat' dir='ltr'><strong>quia</strong></span> <span class='ocrx_word' id='word_1_697' title='bbox 3174 2978 3377 3035; x_wconf 84' lang='lat' dir='ltr'><strong>similes</strong></span> <span class='ocrx_word' id='word_1_698' title='bbox 3398 2978 3479 3034; x_wconf 88' lang='lat' dir='ltr'><strong>eis</strong></span> 
     </span>
    </p>
   </div>
   <div class='ocr_carea' id='block_1_86' title="bbox 1898 3071 3477 3144">
    <p class='ocr_par' dir='ltr' id='par_1_86' title="bbox 1898 3071 3477 3144">
     <span class='ocr_line' id='line_1_86' title="bbox 1898 3071 3477 3144; baseline -0.001 -16"><span class='ocrx_word' id='word_1_699' title='bbox 1898 3074 2128 3139; x_wconf 80' lang='lat' dir='ltr'><strong>fuerant,</strong></span> <span class='ocrx_word' id='word_1_700' title='bbox 2162 3089 2296 3144; x_wconf 90' lang='lat' dir='ltr'><strong>quos</strong></span> <span class='ocrx_word' id='word_1_701' title='bbox 2324 3073 2574 3128; x_wconf 82' lang='lat' dir='ltr'><strong>manibus</strong></span> <span class='ocrx_word' id='word_1_702' title='bbox 2599 3080 2886 3143; x_wconf 87' lang='lat' dir='ltr'><strong>operantes</strong></span> <span class='ocrx_word' id='word_1_703' title='bbox 2908 3078 2968 3125; x_wconf 91' lang='lat' dir='ltr'><strong>ut</strong></span> <span class='ocrx_word' id='word_1_704' title='bbox 2989 3071 3118 3127; x_wconf 89' lang='lat' dir='ltr'><strong>deos</strong></span> <span class='ocrx_word' id='word_1_705' title='bbox 3142 3072 3477 3127; x_wconf 84' lang='lat' dir='ltr'><strong>veneraban-</strong></span> 
     </span>
    </p>
   </div>
   <div class='ocr_carea' id='block_1_87' title="bbox 1901 3154 3477 3232">
    <p class='ocr_par' dir='ltr' id='par_1_87' title="bbox 1901 3154 3477 3232">
     <span class='ocr_line' id='line_1_87' title="bbox 1901 3154 3477 3232; baseline -0.002 -10"><span class='ocrx_word' id='word_1_706' title='bbox 1901 3175 2007 3222; x_wconf 90' lang='lat' dir='ltr'><strong>tur.</strong></span> <span class='ocrx_word' id='word_1_707' title='bbox 2039 3165 2132 3221; x_wconf 89' lang='lat' dir='ltr'><strong>Sic</strong></span> <span class='ocrx_word' id='word_1_708' title='bbox 2157 3166 2301 3221; x_wconf 90' lang='lat' dir='ltr'><strong>enim</strong></span> <span class='ocrx_word' id='word_1_709' title='bbox 2328 3154 2610 3220; x_wconf 88' lang='lat' dir='ltr'><strong>Psalmista</strong></span> <span class='ocrx_word' id='word_1_710' title='bbox 2642 3165 2753 3218; x_wconf 90' lang='lat' dir='ltr'><strong>ait:</strong></span> <span class='ocrx_word' id='word_1_711' title='bbox 2782 3183 2798 3213; x_wconf 82' lang='grc' dir='ltr'>ι</span> <span class='ocrx_word' id='word_1_712' title='bbox 2830 3159 3043 3219; x_wconf 87' lang='lat' dir='ltr'><strong>Similes</strong></span> <span class='ocrx_word' id='word_1_713' title='bbox 3086 3163 3192 3218; x_wconf 93' lang='lat' dir='ltr'><strong>illis</strong></span> <span class='ocrx_word' id='word_1_714' title='bbox 3232 3163 3363 3218; x_wconf 85' lang='lat' dir='ltr'><strong>ﬁant</strong></span> <span class='ocrx_word' id='word_1_715' title='bbox 3386 3167 3477 3232; x_wconf 89' lang='lat' dir='ltr'><strong>qui</strong></span> 
     </span>
    </p>
   </div>
   <div class='ocr_carea' id='block_1_88' title="bbox 1900 3242 3478 3324">
    <p class='ocr_par' dir='ltr' id='par_1_88' title="bbox 1900 3242 3478 3324">
     <span class='ocr_line' id='line_1_88' title="bbox 1900 3242 3478 3324; baseline -0.003 -12"><span class='ocrx_word' id='word_1_716' title='bbox 1900 3257 2103 3313; x_wconf 82' lang='lat' dir='ltr'><strong>faciunt</strong></span> <span class='ocrx_word' id='word_1_717' title='bbox 2126 3265 2213 3323; x_wconf 85' lang='lat' dir='ltr'><strong>ea,</strong></span> <span class='ocrx_word' id='word_1_718' title='bbox 2244 3263 2299 3312; x_wconf 91' lang='lat' dir='ltr'><strong>et</strong></span> <span class='ocrx_word' id='word_1_719' title='bbox 2324 3263 2513 3311; x_wconf 87' lang='lat' dir='ltr'><strong>omnes</strong></span> <span class='ocrx_word' id='word_1_720' title='bbox 2537 3254 2626 3324; x_wconf 92' lang='lat' dir='ltr'><strong>qui</strong></span> <span class='ocrx_word' id='word_1_721' title='bbox 2648 3250 2930 3309; x_wconf 82' lang='lat' dir='ltr'><strong>confidunt</strong></span> <span class='ocrx_word' id='word_1_722' title='bbox 2952 3242 3006 3308; x_wconf 88' lang='lat' dir='ltr'><strong>iu</strong></span> <span class='ocrx_word' id='word_1_723' title='bbox 3026 3253 3126 3309; x_wconf 90' lang='lat' dir='ltr'><strong>eis.</strong></span> <span class='ocrx_word' id='word_1_724' title='bbox 3164 3272 3183 3304; x_wconf 74' lang='grc' dir='ltr'><strong><em>ι</em></strong></span> <span class='ocrx_word' id='word_1_725' title='bbox 3220 3272 3238 3306; x_wconf 80' lang='grc' dir='ltr'>ι</span> <span class='ocrx_word' id='word_1_726' title='bbox 3258 3254 3478 3309; x_wconf 90' lang='lat' dir='ltr'><strong>Dimitte</strong></span> 
     </span>
    </p>
   </div>
   <div class='ocr_carea' id='block_1_89' title="bbox 1898 3347 3474 3417">
    <p class='ocr_par' dir='ltr' id='par_1_89' title="bbox 1898 3347 3474 3417">
     <span class='ocr_line' id='line_1_89' title="bbox 1898 3347 3474 3417; baseline -0.004 -11"><span class='ocrx_word' id='word_1_727' title='bbox 1898 3362 2042 3407; x_wconf 87' lang='lat' dir='ltr'><strong>eum.</strong></span> <span class='ocrx_word' id='word_1_728' title='bbox 2083 3370 2102 3402; x_wconf 76' lang='grc' dir='ltr'><strong><em>ι</em></strong></span> <span class='ocrx_word' id='word_1_729' title='bbox 2136 3349 2181 3408; x_wconf 91' lang='grc' dir='ltr'>Ο</span> <span class='ocrx_word' id='word_1_730' title='bbox 2208 3348 2342 3407; x_wconf 74' lang='lat' dir='ltr'><strong>inda</strong></span> <span class='ocrx_word' id='word_1_731' title='bbox 2365 3390 2381 3417; x_wconf 88' lang='lat'><strong>,</strong></span> <span class='ocrx_word' id='word_1_732' title='bbox 2407 3347 2696 3412; x_wconf 89' lang='lat' dir='ltr'><strong>subaudis,</strong></span> <span class='ocrx_word' id='word_1_733' title='bbox 2728 3347 2778 3401; x_wconf 91' lang='lat' dir='ltr'><strong>id</strong></span> <span class='ocrx_word' id='word_1_734' title='bbox 2825 3356 2908 3401; x_wconf 91' lang='lat' dir='ltr'><strong>est</strong></span> <span class='ocrx_word' id='word_1_735' title='bbox 2934 3362 3002 3402; x_wconf 91' lang='lat' dir='ltr'><strong>ue</strong></span> <span class='ocrx_word' id='word_1_736' title='bbox 3047 3360 3272 3417; x_wconf 86' lang='lat' dir='ltr'><strong>spernas</strong></span> <span class='ocrx_word' id='word_1_737' title='bbox 3312 3347 3474 3402; x_wconf 88' lang='lat' dir='ltr'><strong>verba</strong></span> 
     </span>
    </p>
   </div>
   <div class='ocr_carea' id='block_1_90' title="bbox 1899 3426 3476 3516">
    <p class='ocr_par' dir='ltr' id='par_1_90' title="bbox 1899 3426 3476 3516">
     <span class='ocr_line' id='line_1_90' title="bbox 1899 3426 3476 3516; baseline -0.004 -17"><span class='ocrx_word' id='word_1_738' title='bbox 1899 3444 2197 3516; x_wconf 64' lang='lat' dir='ltr'><strong>prophetae,</strong></span> <span class='ocrx_word' id='word_1_739' title='bbox 2227 3450 2282 3498; x_wconf 93' lang='lat' dir='ltr'><strong>et</strong></span> <span class='ocrx_word' id='word_1_740' title='bbox 2303 3452 2372 3496; x_wconf 92' lang='lat' dir='ltr'><strong>ne</strong></span> <span class='ocrx_word' id='word_1_741' title='bbox 2398 3439 2643 3512; x_wconf 81' lang='lat' dir='ltr'><strong>seqttaris</strong></span> <span class='ocrx_word' id='word_1_742' title='bbox 2665 3428 2997 3511; x_wconf 84' lang='lat' dir='ltr'><strong>impietatem</strong></span> <span class='ocrx_word' id='word_1_743' title='bbox 3023 3426 3211 3500; x_wconf 84' lang='lat' dir='ltr'><strong>Israel,</strong></span> <span class='ocrx_word' id='word_1_744' title='bbox 3238 3436 3330 3507; x_wconf 92' lang='lat' dir='ltr'><strong>qui</strong></span> <span class='ocrx_word' id='word_1_745' title='bbox 3360 3437 3476 3493; x_wconf 90' lang='lat' dir='ltr'><strong>ido-</strong></span> 
     </span>
    </p>
   </div>
   <div class='ocr_carea' id='block_1_91' title="bbox 1896 3526 3482 3606">
    <p class='ocr_par' dir='ltr' id='par_1_91' title="bbox 1896 3526 3482 3606">
     <span class='ocr_line' id='line_1_91' title="bbox 1896 3526 3482 3606; baseline -0.006 -15"><span class='ocrx_word' id='word_1_746' title='bbox 1896 3531 2072 3591; x_wconf 82' lang='lat' dir='ltr'><strong>lorum</strong></span> <span class='ocrx_word' id='word_1_747' title='bbox 2086 3534 2357 3606; x_wconf 80' lang='lat' dir='ltr'><strong>particeps</strong></span> <span class='ocrx_word' id='word_1_748' title='bbox 2370 3536 2426 3587; x_wconf 91' lang='lat' dir='ltr'><strong>et</strong></span> <span class='ocrx_word' id='word_1_749' title='bbox 2448 3532 2657 3586; x_wconf 87' lang='lat' dir='ltr'><strong>amicus</strong></span> <span class='ocrx_word' id='word_1_750' title='bbox 2667 3538 2768 3593; x_wconf 86' lang='lat' dir='ltr'><strong>est,</strong></span> <span class='ocrx_word' id='word_1_751' title='bbox 2785 3528 2938 3598; x_wconf 86' lang='lat' dir='ltr'><strong>cuius</strong></span> <span class='ocrx_word' id='word_1_752' title='bbox 2960 3528 3155 3593; x_wconf 90' lang='lat' dir='ltr'><strong>cultus,</strong></span> <span class='ocrx_word' id='word_1_753' title='bbox 3194 3526 3382 3598; x_wconf 73' lang='lat' dir='ltr'><strong>religio</strong></span> <span class='ocrx_word' id='word_1_754' title='bbox 3423 3537 3482 3581; x_wconf 89' lang='lat' dir='ltr'><strong>et</strong></span> 
     </span>
    </p>
   </div>
   <div class='ocr_carea' id='block_1_92' title="bbox 1897 3616 3473 3691">
    <p class='ocr_par' dir='ltr' id='par_1_92' title="bbox 1897 3616 3473 3691">
     <span class='ocr_line' id='line_1_92' title="bbox 1897 3616 3473 3691; baseline -0.005 -10"><span class='ocrx_word' id='word_1_755' title='bbox 1897 3616 2049 3682; x_wconf 88' lang='lat' dir='ltr'><strong>cibus</strong></span> <span class='ocrx_word' id='word_1_756' title='bbox 2095 3640 2126 3679; x_wconf 88' lang='lat' dir='ltr'><strong>a</strong></span> <span class='ocrx_word' id='word_1_757' title='bbox 2157 3632 2246 3679; x_wconf 89' lang='lat' dir='ltr'><strong>tuo</strong></span> <span class='ocrx_word' id='word_1_758' title='bbox 2289 3620 2535 3679; x_wconf 87' lang='lat' dir='ltr'><strong>convivio</strong></span> <span class='ocrx_word' id='word_1_759' title='bbox 2562 3628 2842 3691; x_wconf 84' lang='lat' dir='ltr'><strong>separatus</strong></span> <span class='ocrx_word' id='word_1_760' title='bbox 2870 3623 2971 3685; x_wconf 88' lang='lat' dir='ltr'><strong>est,</strong></span> <span class='ocrx_word' id='word_1_761' title='bbox 3001 3620 3142 3675; x_wconf 88' lang='lat' dir='ltr'><strong>unde</strong></span> <span class='ocrx_word' id='word_1_762' title='bbox 3185 3619 3434 3691; x_wconf 88' lang='lat' dir='ltr'><strong>sequitur</strong></span> <span class='ocrx_word' id='word_1_763' title='bbox 3460 3638 3473 3673; x_wconf 89' lang='lat'><strong>:</strong></span> 
     </span>
    </p>
   </div>
   <div class='ocr_carea' id='block_1_93' title="bbox 1974 3707 3479 3783">
    <p class='ocr_par' dir='ltr' id='par_1_93' title="bbox 1974 3707 3479 3783">
     <span class='ocr_line' id='line_1_93' title="bbox 1974 3707 3479 3783; baseline -0.003 -17"><span class='ocrx_word' id='word_1_764' title='bbox 1974 3733 1993 3766; x_wconf 84' lang='grc' dir='ltr'>ι</span> <span class='ocrx_word' id='word_1_765' title='bbox 2026 3713 2345 3783; x_wconf 83' lang='lat' dir='ltr'><strong>Separatu’m</strong></span> <span class='ocrx_word' id='word_1_766' title='bbox 2372 3717 2458 3767; x_wconf 88' lang='lat' dir='ltr'><strong>est</strong></span> <span class='ocrx_word' id='word_1_767' title='bbox 2475 3710 2780 3766; x_wconf 83' lang='lat' dir='ltr'><strong>convivium</strong></span> <span class='ocrx_word' id='word_1_768' title='bbox 2810 3724 3017 3773; x_wconf 86' lang='lat' dir='ltr'><strong>eorum,</strong></span> <span class='ocrx_word' id='word_1_769' title='bbox 3053 3726 3073 3761; x_wconf 75' lang='grc' dir='ltr'><strong><em>ι</em></strong></span> <span class='ocrx_word' id='word_1_770' title='bbox 3106 3707 3154 3762; x_wconf 91' lang='lat' dir='ltr'><strong>id</strong></span> <span class='ocrx_word' id='word_1_771' title='bbox 3182 3716 3284 3774; x_wconf 88' lang='lat' dir='ltr'><strong>est,</strong></span> <span class='ocrx_word' id='word_1_772' title='bbox 3312 3709 3479 3763; x_wconf 84' lang='lat' dir='ltr'><strong>sacri-</strong></span> 
     </span>
    </p>
   </div>
   <div class='ocr_carea' id='block_1_94' title="bbox 1900 3800 3478 3872">
    <p class='ocr_par' dir='ltr' id='par_1_94' title="bbox 1900 3800 3478 3872">
     <span class='ocr_line' id='line_1_94' title="bbox 1900 3800 3478 3872; baseline -0.009 -6"><span class='ocrx_word' id='word_1_773' title='bbox 1900 3803 2078 3868; x_wconf 82' lang='lat' dir='ltr'><strong>ficium</strong></span> <span class='ocrx_word' id='word_1_774' title='bbox 2108 3806 2369 3862; x_wconf 87' lang='lat' dir='ltr'><strong>idolorum</strong></span> <span class='ocrx_word' id='word_1_775' title='bbox 2398 3818 2429 3860; x_wconf 85' lang='lat' dir='ltr'><strong>a</strong></span> <span class='ocrx_word' id='word_1_776' title='bbox 2449 3811 2543 3858; x_wconf 78' lang='lat' dir='ltr'><strong>tito</strong></span> <span class='ocrx_word' id='word_1_777' title='bbox 2568 3802 2871 3872; x_wconf 89' lang='lat' dir='ltr'><strong>seiunctum</strong></span> <span class='ocrx_word' id='word_1_778' title='bbox 2917 3809 3018 3867; x_wconf 89' lang='lat' dir='ltr'><strong>est,</strong></span> <span class='ocrx_word' id='word_1_779' title='bbox 3066 3800 3191 3871; x_wconf 65' lang='lat' dir='ltr'><strong>Quia</strong></span> <span class='ocrx_word' id='word_1_780' title='bbox 3221 3809 3276 3854; x_wconf 92' lang='lat' dir='ltr'><strong>tu</strong></span> <span class='ocrx_word' id='word_1_781' title='bbox 3305 3800 3478 3855; x_wconf 85' lang='lat' dir='ltr'><strong>omni-</strong></span> 
     </span>
    </p>
   </div>
   <div class='ocr_carea' id='block_1_95' title="bbox 1896 3888 3479 3972">
    <p class='ocr_par' dir='ltr' id='par_1_95' title="bbox 1896 3888 3479 3972">
     <span class='ocr_line' id='line_1_95' title="bbox 1896 3888 3479 3972; baseline -0.009 -17"><span class='ocrx_word' id='word_1_782' title='bbox 1896 3899 2100 3972; x_wconf 86' lang='lat' dir='ltr'><strong>potenti</strong></span> <span class='ocrx_word' id='word_1_783' title='bbox 2126 3898 2234 3965; x_wconf 87' lang='lat' dir='ltr'><strong>Deo</strong></span> <span class='ocrx_word' id='word_1_784' title='bbox 2260 3888 2446 3961; x_wconf 81' lang='lat' dir='ltr'><strong>oll‘ers,</strong></span> <span class='ocrx_word' id='word_1_785' title='bbox 2491 3893 2566 3949; x_wconf 91' lang='lat' dir='ltr'><strong>illi</strong></span> <span class='ocrx_word' id='word_1_786' title='bbox 2588 3901 2769 3947; x_wconf 91' lang='lat' dir='ltr'><strong>autem</strong></span> <span class='ocrx_word' id='word_1_787' title='bbox 2796 3889 3145 3947; x_wconf 66' lang='lat' dir='ltr'><strong>daemonibus.</strong></span> <span class='ocrx_word' id='word_1_788' title='bbox 3175 3907 3193 3940; x_wconf 74' lang='grc' dir='ltr'><strong><em>ι</em></strong></span> <span class='ocrx_word' id='word_1_789' title='bbox 3219 3889 3479 3944; x_wconf 83' lang='lat' dir='ltr'><strong>Fornica-</strong></span> 
     </span>
    </p>
   </div>
   <div class='ocr_carea' id='block_1_96' title="bbox 1900 3977 3476 4051">
    <p class='ocr_par' dir='ltr' id='par_1_96' title="bbox 1900 3977 3476 4051">
     <span class='ocr_line' id='line_1_96' title="bbox 1900 3977 3476 4051; baseline -0.008 -8"><span class='ocrx_word' id='word_1_790' title='bbox 1900 3984 2043 4045; x_wconf 88' lang='lat' dir='ltr'><strong>tione</strong></span> <span class='ocrx_word' id='word_1_791' title='bbox 2058 3985 2301 4041; x_wconf 83' lang='lat' dir='ltr'><strong>fornicati</strong></span> <span class='ocrx_word' id='word_1_792' title='bbox 2324 3992 2468 4039; x_wconf 78' lang='lat' dir='ltr'><strong>sont.</strong></span> <span class='ocrx_word' id='word_1_793' title='bbox 2494 4003 2511 4036; x_wconf 74' lang='grc' dir='ltr'><strong>ι</strong></span> <span class='ocrx_word' id='word_1_794' title='bbox 2533 3980 2802 4051; x_wconf 81' lang='lat' dir='ltr'><strong>Repetitio</strong></span> <span class='ocrx_word' id='word_1_795' title='bbox 2828 3979 3117 4043; x_wconf 82' lang='lat' dir='ltr'><strong>sermOuis,</strong></span> <span class='ocrx_word' id='word_1_796' title='bbox 3139 3977 3476 4031; x_wconf 82' lang='lat' dir='ltr'><strong>conﬁrmatio</strong></span> 
     </span>
    </p>
   </div>
   <div class='ocr_carea' id='block_1_97' title="bbox 1898 4065 3477 4148">
    <p class='ocr_par' dir='ltr' id='par_1_97' title="bbox 1898 4065 3477 4148">
     <span class='ocr_line' id='line_1_97' title="bbox 1898 4065 3477 4148; baseline -0.009 -13"><span class='ocrx_word' id='word_1_797' title='bbox 1898 4080 2016 4144; x_wconf 84' lang='lat' dir='ltr'><strong>est;</strong></span> <span class='ocrx_word' id='word_1_798' title='bbox 2046 4078 2188 4148; x_wconf 90' lang='lat' dir='ltr'><strong>quod</strong></span> <span class='ocrx_word' id='word_1_799' title='bbox 2238 4076 2342 4131; x_wconf 85' lang='lat' dir='ltr'><strong>tale</strong></span> <span class='ocrx_word' id='word_1_800' title='bbox 2369 4083 2453 4129; x_wconf 90' lang='lat' dir='ltr'><strong>est</strong></span> <span class='ocrx_word' id='word_1_801' title='bbox 2483 4084 2547 4127; x_wconf 88' lang='lat' dir='ltr'><strong>ac</strong></span> <span class='ocrx_word' id='word_1_802' title='bbox 2572 4073 2615 4127; x_wconf 90' lang='lat' dir='ltr'><strong>si</strong></span> <span class='ocrx_word' id='word_1_803' title='bbox 2647 4070 2855 4124; x_wconf 89' lang='lat' dir='ltr'><strong>diceret</strong></span> <span class='ocrx_word' id='word_1_804' title='bbox 2891 4087 2903 4122; x_wconf 91' lang='lat'><strong>:</strong></span> <span class='ocrx_word' id='word_1_805' title='bbox 2933 4066 3179 4134; x_wconf 75' lang='lat' dir='ltr'><strong>Quotidie</strong></span> <span class='ocrx_word' id='word_1_806' title='bbox 3209 4065 3477 4121; x_wconf 74' lang='lat' dir='ltr'><strong>fornican-</strong></span> 
     </span>
    </p>
   </div>
   <div class='ocr_carea' id='block_1_98' title="bbox 1899 4160 3478 4235">
    <p class='ocr_par' dir='ltr' id='par_1_98' title="bbox 1899 4160 3478 4235">
     <span class='ocr_line' id='line_1_98' title="bbox 1899 4160 3478 4235; baseline -0.008 -12"><span class='ocrx_word' id='word_1_807' title='bbox 1899 4177 2017 4231; x_wconf 81' lang='lat' dir='ltr'><strong>tur,</strong></span> <span class='ocrx_word' id='word_1_808' title='bbox 2079 4176 2134 4221; x_wconf 91' lang='lat' dir='ltr'><strong>et</strong></span> <span class='ocrx_word' id='word_1_809' title='bbox 2189 4165 2417 4235; x_wconf 87' lang='lat' dir='ltr'><strong>diligunt</strong></span> <span class='ocrx_word' id='word_1_810' title='bbox 2466 4160 2876 4215; x_wconf 81' lang='lat' dir='ltr'><strong>fornicationem</strong></span> <span class='ocrx_word' id='word_1_811' title='bbox 2921 4170 3110 4218; x_wconf 86' lang='lat' dir='ltr'><strong>suam,</strong></span> <span class='ocrx_word' id='word_1_812' title='bbox 3158 4169 3478 4224; x_wconf 86' lang='lat' dir='ltr'><strong>semperque</strong></span> 
     </span>
    </p>
   </div>
   <div class='ocr_carea' id='block_1_99' title="bbox 1900 4243 3477 4319">
    <p class='ocr_par' dir='ltr' id='par_1_99' title="bbox 1900 4243 3477 4319">
     <span class='ocr_line' id='line_1_99' title="bbox 1900 4243 3477 4319; baseline -0.007 -8"><span class='ocrx_word' id='word_1_813' title='bbox 1900 4255 2281 4311; x_wconf 86' lang='lat' dir='ltr'><strong>fornicationes</strong></span> <span class='ocrx_word' id='word_1_814' title='bbox 2327 4248 2774 4308; x_wconf 82' lang='lat' dir='ltr'><strong>fornicationibus</strong></span> <span class='ocrx_word' id='word_1_815' title='bbox 2802 4253 3018 4319; x_wconf 82' lang='lat' dir='ltr'><strong>augent.</strong></span> <span class='ocrx_word' id='word_1_816' title='bbox 3068 4243 3252 4301; x_wconf 91' lang='lat' dir='ltr'><strong>Primo</strong></span> <span class='ocrx_word' id='word_1_817' title='bbox 3278 4244 3477 4315; x_wconf 81' lang='lat' dir='ltr'><strong>quippe</strong></span> 
     </span>
    </p>
   </div>
   <div class='ocr_carea' id='block_1_100' title="bbox 1901 4334 3475 4411">
    <p class='ocr_par' dir='ltr' id='par_1_100' title="bbox 1901 4334 3475 4411">
     <span class='ocr_line' id='line_1_100' title="bbox 1901 4334 3475 4411; baseline -0.009 -8"><span class='ocrx_word' id='word_1_818' title='bbox 1901 4347 2103 4403; x_wconf 90' lang='lat' dir='ltr'><strong>idolum</strong></span> <span class='ocrx_word' id='word_1_819' title='bbox 2158 4346 2554 4408; x_wconf 79' lang='lat' dir='ltr'><strong>adOraverunt,</strong></span> <span class='ocrx_word' id='word_1_820' title='bbox 2596 4340 2738 4411; x_wconf 89' lang='lat' dir='ltr'><strong>quod</strong></span> <span class='ocrx_word' id='word_1_821' title='bbox 2794 4338 2999 4395; x_wconf 87' lang='lat' dir='ltr'><strong>fecerat</strong></span> <span class='ocrx_word' id='word_1_822' title='bbox 3045 4336 3126 4392; x_wconf 90' lang='lat' dir='ltr'><strong>eis</strong></span> <span class='ocrx_word' id='word_1_823' title='bbox 3163 4334 3475 4400; x_wconf 81' lang='lat' dir='ltr'><strong>Jeroboam,</strong></span> 
     </span>
    </p>
   </div>
   <div class='ocr_carea' id='block_1_101' title="bbox 1902 4425 3477 4503">
    <p class='ocr_par' dir='ltr' id='par_1_101' title="bbox 1902 4425 3477 4503">
     <span class='ocr_line' id='line_1_101' title="bbox 1902 4425 3477 4503; baseline -0.009 -7"><span class='ocrx_word' id='word_1_824' title='bbox 1902 4441 2043 4496; x_wconf 89' lang='lat' dir='ltr'><strong>filius</strong></span> <span class='ocrx_word' id='word_1_825' title='bbox 2084 4427 2325 4503; x_wconf 81' lang='lat' dir='ltr'><strong>Nabath,</strong></span> <span class='ocrx_word' id='word_1_826' title='bbox 2354 4435 2544 4492; x_wconf 90' lang='lat' dir='ltr'><strong>deinde</strong></span> <span class='ocrx_word' id='word_1_827' title='bbox 2568 4433 2807 4489; x_wconf 86' lang='lat' dir='ltr'><strong>omnium</strong></span> <span class='ocrx_word' id='word_1_828' title='bbox 2832 4429 3069 4502; x_wconf 81' lang='lat' dir='ltr'><strong>gentium</strong></span> <span class='ocrx_word' id='word_1_829' title='bbox 3109 4428 3252 4483; x_wconf 89' lang='lat' dir='ltr'><strong>deos.</strong></span> <span class='ocrx_word' id='word_1_830' title='bbox 3285 4446 3303 4479; x_wconf 86' lang='grc'><strong>‹</strong></span> <span class='ocrx_word' id='word_1_831' title='bbox 3334 4425 3477 4483; x_wconf 89' lang='lat' dir='ltr'><strong>Dile-</strong></span> 
     </span>
    </p>
   </div>
   <div class='ocr_carea' id='block_1_102' title="bbox 1901 4517 3476 4598">
    <p class='ocr_par' dir='ltr' id='par_1_102' title="bbox 1901 4517 3476 4598">
     <span class='ocr_line' id='line_1_102' title="bbox 1901 4517 3476 4598; baseline -0.008 -13"><span class='ocrx_word' id='word_1_832' title='bbox 1901 4537 2095 4585; x_wconf 76' lang='lat' dir='ltr'><strong>tterunt</strong></span> <span class='ocrx_word' id='word_1_833' title='bbox 2133 4526 2326 4583; x_wconf 75' lang='lat' dir='ltr'><strong>alierre</strong></span> <span class='ocrx_word' id='word_1_834' title='bbox 2368 4524 2712 4598; x_wconf 81' lang='lat' dir='ltr'><strong>ignominiam</strong></span> <span class='ocrx_word' id='word_1_835' title='bbox 2754 4527 3089 4591; x_wconf 85' lang='lat' dir='ltr'><strong>protectores</strong></span> <span class='ocrx_word' id='word_1_836' title='bbox 3133 4517 3266 4588; x_wconf 85' lang='lat' dir='ltr'><strong>eius.</strong></span> <span class='ocrx_word' id='word_1_837' title='bbox 3299 4536 3318 4568; x_wconf 72' lang='grc' dir='ltr'><strong><em>ι</em></strong></span> <span class='ocrx_word' id='word_1_838' title='bbox 3344 4517 3476 4573; x_wconf 83' lang='lat' dir='ltr'><strong>Pro-</strong></span> 
     </span>
    </p>
   </div>
   <div class='ocr_carea' id='block_1_103' title="bbox 1898 4599 3475 4693">
    <p class='ocr_par' dir='ltr' id='par_1_103' title="bbox 1898 4599 3475 4693">
     <span class='ocr_line' id='line_1_103' title="bbox 1898 4599 3475 4693; baseline -0.008 -20"><span class='ocrx_word' id='word_1_839' title='bbox 1898 4627 2127 4675; x_wconf 88' lang='lat' dir='ltr'><strong>tectores</strong></span> <span class='ocrx_word' id='word_1_840' title='bbox 2166 4616 2443 4673; x_wconf 90' lang='lat' dir='ltr'><strong>lsraelitici</strong></span> <span class='ocrx_word' id='word_1_841' title='bbox 2498 4611 2677 4685; x_wconf 91' lang='lat' dir='ltr'><strong>populi</strong></span> <span class='ocrx_word' id='word_1_842' title='bbox 2706 4600 3044 4693; x_wconf 85' lang='lat' dir='ltr'><strong>appellantur</strong></span> <span class='ocrx_word' id='word_1_843' title='bbox 3089 4599 3371 4662; x_wconf 74' lang='lat' dir='ltr'><strong>Jeroboam</strong></span> <span class='ocrx_word' id='word_1_844' title='bbox 3420 4615 3475 4662; x_wconf 88' lang='lat' dir='ltr'><strong>et</strong></span> 
     </span>
    </p>
   </div>
   <div class='ocr_carea' id='block_1_104' title="bbox 1888 4696 3475 4779">
    <p class='ocr_par' dir='ltr' id='par_1_104' title="bbox 1888 4696 3475 4779">
     <span class='ocr_line' id='line_1_104' title="bbox 1888 4696 3475 4779; baseline -0.01 -12"><span class='ocrx_word' id='word_1_845' title='bbox 1888 4700 2067 4767; x_wconf 57' lang='lat' dir='ltr'><strong>(ueteri</strong></span> <span class='ocrx_word' id='word_1_846' title='bbox 2090 4720 2240 4779; x_wconf 86' lang='lat' dir='ltr'><strong>reges</strong></span> <span class='ocrx_word' id='word_1_847' title='bbox 2254 4696 2390 4777; x_wconf 82' lang='lat' dir='ltr'><strong>eius,</strong></span> <span class='ocrx_word' id='word_1_848' title='bbox 2411 4706 2502 4777; x_wconf 91' lang='lat' dir='ltr'><strong>qui</strong></span> <span class='ocrx_word' id='word_1_849' title='bbox 2525 4698 2642 4759; x_wconf 77' lang='lat' dir='ltr'><strong>illos</strong></span> <span class='ocrx_word' id='word_1_850' title='bbox 2663 4710 2718 4758; x_wconf 89' lang='lat' dir='ltr'><strong>et</strong></span> <span class='ocrx_word' id='word_1_851' title='bbox 2738 4700 2951 4757; x_wconf 91' lang='lat' dir='ltr'><strong>erudire</strong></span> <span class='ocrx_word' id='word_1_852' title='bbox 2980 4699 3032 4753; x_wconf 93' lang='lat' dir='ltr'><strong>in</strong></span> <span class='ocrx_word' id='word_1_853' title='bbox 3056 4699 3141 4751; x_wconf 86' lang='lat' dir='ltr'><strong>via</strong></span> <span class='ocrx_word' id='word_1_854' title='bbox 3165 4698 3405 4768; x_wconf 72' lang='lat' dir='ltr'><strong>iustitim,</strong></span> <span class='ocrx_word' id='word_1_855' title='bbox 3421 4707 3475 4753; x_wconf 80' lang='lat' dir='ltr'><strong>et</strong></span> 
     </span>
    </p>
   </div>
   <div class='ocr_carea' id='block_1_105' title="bbox 1890 4789 3473 4860">
    <p class='ocr_par' dir='ltr' id='par_1_105' title="bbox 1890 4789 3473 4860">
     <span class='ocr_line' id='line_1_105' title="bbox 1890 4789 3473 4860; baseline -0.01 0"><span class='ocrx_word' id='word_1_856' title='bbox 1890 4806 1956 4860; x_wconf 91' lang='lat' dir='ltr'><strong>ab</strong></span> <span class='ocrx_word' id='word_1_857' title='bbox 1972 4802 2213 4859; x_wconf 88' lang='lat' dir='ltr'><strong>hostibus</strong></span> <span class='ocrx_word' id='word_1_858' title='bbox 2227 4800 2512 4856; x_wconf 90' lang='lat' dir='ltr'><strong>defendere</strong></span> <span class='ocrx_word' id='word_1_859' title='bbox 2532 4791 2941 4853; x_wconf 87' lang='lat' dir='ltr'><strong>debuerant.lsti</strong></span> <span class='ocrx_word' id='word_1_860' title='bbox 2957 4791 3259 4846; x_wconf 84' lang='lat' dir='ltr'><strong>dilexerunt</strong></span> <span class='ocrx_word' id='word_1_861' title='bbox 3280 4789 3473 4844; x_wconf 85' lang='lat' dir='ltr'><strong>afferre</strong></span> 
     </span>
    </p>
   </div>
   <div class='ocr_carea' id='block_1_106' title="bbox 1892 4877 3471 4966">
    <p class='ocr_par' dir='ltr' id='par_1_106' title="bbox 1892 4877 3471 4966">
     <span class='ocr_line' id='line_1_106' title="bbox 1892 4877 3471 4966; baseline -0.012 -16"><span class='ocrx_word' id='word_1_862' title='bbox 1892 4892 2259 4966; x_wconf 87' lang='lat' dir='ltr'><strong>ignominiam,</strong></span> <span class='ocrx_word' id='word_1_863' title='bbox 2276 4891 2379 4945; x_wconf 86' lang='lat' dir='ltr'><strong>hoc</strong></span> <span class='ocrx_word' id='word_1_864' title='bbox 2392 4894 2494 4954; x_wconf 90' lang='lat' dir='ltr'><strong>est,</strong></span> <span class='ocrx_word' id='word_1_865' title='bbox 2513 4885 2892 4948; x_wconf 89' lang='lat' dir='ltr'><strong>idololatriam,</strong></span> <span class='ocrx_word' id='word_1_866' title='bbox 2907 4896 3134 4952; x_wconf 86' lang='lat' dir='ltr'><strong>quorum</strong></span> <span class='ocrx_word' id='word_1_867' title='bbox 3149 4887 3269 4935; x_wconf 86' lang='lat' dir='ltr'><strong>actu</strong></span> <span class='ocrx_word' id='word_1_868' title='bbox 3287 4877 3471 4933; x_wconf 79' lang='lat' dir='ltr'><strong>infelix</strong></span> 
     </span>
    </p>
   </div>
   <div class='ocr_carea' id='block_1_107' title="bbox 1893 4971 3472 5058">
    <p class='ocr_par' dir='ltr' id='par_1_107' title="bbox 1893 4971 3472 5058">
     <span class='ocr_line' id='line_1_107' title="bbox 1893 4971 3472 5058; baseline -0.009 -21"><span class='ocrx_word' id='word_1_869' title='bbox 1893 4986 2118 5058; x_wconf 80' lang='lat' dir='ltr'><strong>populus</strong></span> <span class='ocrx_word' id='word_1_870' title='bbox 2144 4983 2345 5039; x_wconf 90' lang='lat' dir='ltr'><strong>cultum</strong></span> <span class='ocrx_word' id='word_1_871' title='bbox 2375 4979 2608 5050; x_wconf 89' lang='lat' dir='ltr'><strong>suscepit</strong></span> <span class='ocrx_word' id='word_1_872' title='bbox 2638 4976 2921 5038; x_wconf 82' lang='lat' dir='ltr'><strong>idolOrum,</strong></span> <span class='ocrx_word' id='word_1_873' title='bbox 2950 4973 3148 5044; x_wconf 78' lang='lat' dir='ltr'><strong>quique</strong></span> <span class='ocrx_word' id='word_1_874' title='bbox 3175 4971 3472 5026; x_wconf 86' lang='lat' dir='ltr'><strong>debuerant</strong></span> 
     </span>
    </p>
   </div>
   <div class='ocr_carea' id='block_1_108' title="bbox 1893 5062 3472 5133">
    <p class='ocr_par' dir='ltr' id='par_1_108' title="bbox 1893 5062 3472 5133">
     <span class='ocr_line' id='line_1_108' title="bbox 1893 5062 3472 5133; baseline -0.011 -1"><span class='ocrx_word' id='word_1_875' title='bbox 1893 5080 2144 5133; x_wconf 88' lang='lat' dir='ltr'><strong>ductores</strong></span> <span class='ocrx_word' id='word_1_876' title='bbox 2168 5074 2403 5129; x_wconf 80' lang='lat' dir='ltr'><strong>existere</strong></span> <span class='ocrx_word' id='word_1_877' title='bbox 2431 5071 2583 5127; x_wconf 91' lang='lat' dir='ltr'><strong>eisin</strong></span> <span class='ocrx_word' id='word_1_878' title='bbox 2610 5062 2752 5123; x_wconf 73' lang='lat' dir='ltr'><strong>viam</strong></span> <span class='ocrx_word' id='word_1_879' title='bbox 2772 5065 2980 5130; x_wconf 90' lang='lat' dir='ltr'><strong>salutis,</strong></span> <span class='ocrx_word' id='word_1_880' title='bbox 3009 5063 3136 5119; x_wconf 89' lang='lat' dir='ltr'><strong>facti</strong></span> <span class='ocrx_word' id='word_1_881' title='bbox 3158 5069 3288 5117; x_wconf 81' lang='lat' dir='ltr'><strong>sunt</strong></span> <span class='ocrx_word' id='word_1_882' title='bbox 3307 5063 3472 5117; x_wconf 89' lang='lat' dir='ltr'><strong>duces</strong></span> 
     </span>
    </p>
   </div>
   <div class='ocr_carea' id='block_1_109' title="bbox 1892 5157 2775 5231">
    <p class='ocr_par' dir='ltr' id='par_1_109' title="bbox 1892 5157 2775 5231">
     <span class='ocr_line' id='line_1_109' title="bbox 1892 5157 2775 5231; baseline -0.012 -9"><span class='ocrx_word' id='word_1_883' title='bbox 1892 5166 2094 5222; x_wconf 90' lang='lat' dir='ltr'><strong>erroris</strong></span> <span class='ocrx_word' id='word_1_884' title='bbox 2127 5172 2182 5220; x_wconf 88' lang='lat' dir='ltr'><strong>et</strong></span> <span class='ocrx_word' id='word_1_885' title='bbox 2202 5171 2416 5218; x_wconf 66' lang='lat' dir='ltr'><strong>aeterna:</strong></span> <span class='ocrx_word' id='word_1_886' title='bbox 2438 5157 2775 5231; x_wconf 91' lang='lat' dir='ltr'><strong>perditionis.</strong></span> 
     </span>
    </p>
   </div>
   <div class='ocr_carea' id='block_1_110' title="bbox 1971 5241 3472 5327">
    <p class='ocr_par' dir='ltr' id='par_1_110' title="bbox 1971 5241 3472 5327">
     <span class='ocr_line' id='line_1_110' title="bbox 1971 5241 3472 5327; baseline -0.01 -18"><span class='ocrx_word' id='word_1_887' title='bbox 1971 5277 1989 5309; x_wconf 84' lang='grc'><strong><em>‹</em></strong></span> <span class='ocrx_word' id='word_1_888' title='bbox 2023 5248 2236 5327; x_wconf 79' lang='lat' dir='ltr'><strong>Ligavit</strong></span> <span class='ocrx_word' id='word_1_889' title='bbox 2278 5269 2400 5308; x_wconf 89' lang='lat' dir='ltr'><strong>eum</strong></span> <span class='ocrx_word' id='word_1_890' title='bbox 2448 5251 2669 5322; x_wconf 83' lang='lat' dir='ltr'><strong>spiritus</strong></span> <span class='ocrx_word' id='word_1_891' title='bbox 2694 5249 2747 5304; x_wconf 92' lang='lat' dir='ltr'><strong>in</strong></span> <span class='ocrx_word' id='word_1_892' title='bbox 2772 5248 2873 5303; x_wconf 91' lang='lat' dir='ltr'><strong>alis</strong></span> <span class='ocrx_word' id='word_1_893' title='bbox 2920 5246 3052 5302; x_wconf 91' lang='lat' dir='ltr'><strong>suis.</strong></span> <span class='ocrx_word' id='word_1_894' title='bbox 3090 5264 3107 5295; x_wconf 74' lang='grc' dir='ltr'><strong><em>ι</em></strong></span> <span class='ocrx_word' id='word_1_895' title='bbox 3143 5241 3376 5313; x_wconf 86' lang='lat' dir='ltr'><strong>Spiritus</strong></span> <span class='ocrx_word' id='word_1_896' title='bbox 3416 5248 3472 5295; x_wconf 85' lang='lat' dir='ltr'><strong>et</strong></span> 
     </span>
    </p>
   </div>
   <div class='ocr_carea' id='block_1_111' title="bbox 1896 5330 3469 5411">
    <p class='ocr_par' dir='ltr' id='par_1_111' title="bbox 1896 5330 3469 5411">
     <span class='ocr_line' id='line_1_111' title="bbox 1896 5330 3469 5411; baseline -0.009 -12"><span class='ocrx_word' id='word_1_897' title='bbox 1896 5355 2088 5401; x_wconf 67' lang='lat' dir='ltr'><strong>ventus</strong></span> <span class='ocrx_word' id='word_1_898' title='bbox 2123 5360 2228 5399; x_wconf 92' lang='lat' dir='ltr'><strong>uno</strong></span> <span class='ocrx_word' id='word_1_899' title='bbox 2257 5343 2420 5397; x_wconf 90' lang='lat' dir='ltr'><strong>verbo</strong></span> <span class='ocrx_word' id='word_1_900' title='bbox 2460 5341 2597 5411; x_wconf 91' lang='lat' dir='ltr'><strong>apud</strong></span> <span class='ocrx_word' id='word_1_901' title='bbox 2624 5338 2877 5393; x_wconf 63' lang='lat' dir='ltr'><strong>Hebraeos</strong></span> <span class='ocrx_word' id='word_1_902' title='bbox 2903 5335 3296 5406; x_wconf 80' lang='lat' dir='ltr'><strong>exprimuntur,</strong></span> <span class='ocrx_word' id='word_1_903' title='bbox 3327 5330 3469 5399; x_wconf 88' lang='lat' dir='ltr'><strong>quod</strong></span> 
     </span>
    </p>
   </div>
   <div class='ocr_carea' id='block_1_112' title="bbox 1883 5421 3465 5503">
    <p class='ocr_par' dir='ltr' id='par_1_112' title="bbox 1883 5421 3465 5503">
     <span class='ocr_line' id='line_1_112' title="bbox 1883 5421 3465 5503; baseline -0.01 -13"><span class='ocrx_word' id='word_1_904' title='bbox 1883 5445 1977 5491; x_wconf 85' lang='lat' dir='ltr'><strong>.est</strong></span> <span class='ocrx_word' id='word_1_905' title='bbox 2010 5434 2210 5490; x_wconf 82' lang='lat' dir='ltr'><strong>Ruach.</strong></span> <span class='ocrx_word' id='word_1_906' title='bbox 2242 5433 2474 5503; x_wconf 89' lang='lat' dir='ltr'><strong>Spiritus</strong></span> <span class='ocrx_word' id='word_1_907' title='bbox 2528 5438 2705 5484; x_wconf 85' lang='lat' dir='ltr'><strong>autem</strong></span> <span class='ocrx_word' id='word_1_908' title='bbox 2734 5430 2822 5484; x_wconf 86' lang='lat' dir='ltr'><strong>hic</strong></span> <span class='ocrx_word' id='word_1_909' title='bbox 2867 5429 3137 5483; x_wconf 61' lang='lat' dir='ltr'><strong>daemones</strong></span> <span class='ocrx_word' id='word_1_910' title='bbox 3177 5421 3465 5493; x_wconf 83' lang='lat' dir='ltr'><strong>significat,</strong></span> 
     </span>
    </p>
   </div>
   <div class='ocr_carea' id='block_1_113' title="bbox 1892 5518 3466 5595">
    <p class='ocr_par' dir='ltr' id='par_1_113' title="bbox 1892 5518 3466 5595">
     <span class='ocr_line' id='line_1_113' title="bbox 1892 5518 3466 5595; baseline -0.01 -16"><span class='ocrx_word' id='word_1_911' title='bbox 1892 5527 1982 5595; x_wconf 83' lang='lat' dir='ltr'><strong>qui</strong></span> <span class='ocrx_word' id='word_1_912' title='bbox 2003 5525 2305 5595; x_wconf 81' lang='lat' dir='ltr'><strong>ligaverunt</strong></span> <span class='ocrx_word' id='word_1_913' title='bbox 2316 5537 2429 5588; x_wconf 85' lang='lat' dir='ltr'><strong>eos,</strong></span> <span class='ocrx_word' id='word_1_914' title='bbox 2445 5521 2585 5576; x_wconf 89' lang='lat' dir='ltr'><strong>haud</strong></span> <span class='ocrx_word' id='word_1_915' title='bbox 2601 5518 2818 5576; x_wconf 89' lang='lat' dir='ltr'><strong>dubium</strong></span> <span class='ocrx_word' id='word_1_916' title='bbox 2832 5518 2958 5588; x_wconf 92' lang='lat' dir='ltr'><strong>quin</strong></span> <span class='ocrx_word' id='word_1_917' title='bbox 2986 5527 3040 5570; x_wconf 91' lang='lat' dir='ltr'><strong>et</strong></span> <span class='ocrx_word' id='word_1_918' title='bbox 3061 5520 3279 5585; x_wconf 87' lang='lat' dir='ltr'><strong>regeset</strong></span> <span class='ocrx_word' id='word_1_919' title='bbox 3299 5526 3466 5583; x_wconf 91' lang='lat' dir='ltr'><strong>popu-</strong></span> 
     </span>
    </p>
   </div>
   <div class='ocr_carea' id='block_1_114' title="bbox 1892 5601 3467 5687">
    <p class='ocr_par' dir='ltr' id='par_1_114' title="bbox 1892 5601 3467 5687">
     <span class='ocr_line' id='line_1_114' title="bbox 1892 5601 3467 5687; baseline -0.008 -19"><span class='ocrx_word' id='word_1_920' title='bbox 1892 5614 1999 5670; x_wconf 89' lang='lat' dir='ltr'><strong>lum</strong></span> <span class='ocrx_word' id='word_1_921' title='bbox 2035 5601 2136 5670; x_wconf 78' lang='lat' dir='ltr'><strong>si&#39;oi</strong></span> <span class='ocrx_word' id='word_1_922' title='bbox 2184 5613 2476 5682; x_wconf 83' lang='lat' dir='ltr'><strong>subjectum</strong></span> <span class='ocrx_word' id='word_1_923' title='bbox 2514 5611 2797 5681; x_wconf 86' lang='lat' dir='ltr'><strong>ligaverint</strong></span> <span class='ocrx_word' id='word_1_924' title='bbox 2826 5610 2878 5663; x_wconf 91' lang='lat' dir='ltr'><strong>in</strong></span> <span class='ocrx_word' id='word_1_925' title='bbox 2919 5608 3018 5663; x_wconf 86' lang='lat' dir='ltr'><strong>alis</strong></span> <span class='ocrx_word' id='word_1_926' title='bbox 3069 5606 3214 5672; x_wconf 86' lang='lat' dir='ltr'><strong>suis,</strong></span> <span class='ocrx_word' id='word_1_927' title='bbox 3241 5605 3344 5687; x_wconf 88' lang='lat' dir='ltr'><strong>hoc</strong></span> <span class='ocrx_word' id='word_1_928' title='bbox 3384 5612 3467 5658; x_wconf 82' lang='lat' dir='ltr'><strong>est</strong></span> 
     </span>
    </p>
   </div>
   <div class='ocr_carea' id='block_1_115' title="bbox 1892 5689 3466 5766">
    <p class='ocr_par' dir='ltr' id='par_1_115' title="bbox 1892 5689 3466 5766">
     <span class='ocr_line' id='line_1_115' title="bbox 1892 5689 3466 5766; baseline -0.008 -8"><span class='ocrx_word' id='word_1_929' title='bbox 1892 5704 1945 5759; x_wconf 94' lang='lat' dir='ltr'><strong>in</strong></span> <span class='ocrx_word' id='word_1_930' title='bbox 1973 5704 2625 5764; x_wconf 76' lang='lat' dir='ltr'><strong>umbrationibus&#39;eorum,</strong></span> <span class='ocrx_word' id='word_1_931' title='bbox 2671 5708 2729 5754; x_wconf 94' lang='lat' dir='ltr'><strong>ut</strong></span> <span class='ocrx_word' id='word_1_932' title='bbox 2754 5698 2947 5753; x_wconf 85' lang='lat' dir='ltr'><strong>mentis</strong></span> <span class='ocrx_word' id='word_1_933' title='bbox 2974 5702 3285 5766; x_wconf 88' lang='lat' dir='ltr'><strong>paterentur</strong></span> <span class='ocrx_word' id='word_1_934' title='bbox 3311 5689 3466 5747; x_wconf 59' lang='lat' dir='ltr'><strong>exci-</strong></span> 
     </span>
    </p>
   </div>
   <div class='ocr_carea' id='block_1_116' title="bbox 1893 5779 3466 5865">
    <p class='ocr_par' dir='ltr' id='par_1_116' title="bbox 1893 5779 3466 5865">
     <span class='ocr_line' id='line_1_116' title="bbox 1893 5779 3466 5865; baseline -0.011 -17"><span class='ocrx_word' id='word_1_935' title='bbox 1893 5800 2077 5863; x_wconf 86' lang='lat' dir='ltr'><strong>tatem,</strong></span> <span class='ocrx_word' id='word_1_936' title='bbox 2102 5811 2170 5852; x_wconf 89' lang='lat' dir='ltr'><strong>ne</strong></span> <span class='ocrx_word' id='word_1_937' title='bbox 2190 5808 2295 5865; x_wconf 73' lang='lat' dir='ltr'><strong>Quo</strong></span> <span class='ocrx_word' id='word_1_938' title='bbox 2322 5793 2519 5849; x_wconf 89' lang='lat' dir='ltr'><strong>vellent</strong></span> <span class='ocrx_word' id='word_1_939' title='bbox 2541 5790 2708 5847; x_wconf 80' lang='lat' dir='ltr'><strong>libere</strong></span> <span class='ocrx_word' id='word_1_940' title='bbox 2728 5797 2946 5859; x_wconf 88' lang='lat' dir='ltr'><strong>possent</strong></span> <span class='ocrx_word' id='word_1_941' title='bbox 2970 5779 3466 5852; x_wconf 68' lang='lat' dir='ltr'><strong>incedere..l.igavlt</strong></span> 
     </span>
    </p>
   </div>
  </div>
