4022 6440
551 382 621 437 59
1014 371 1367 431 llAYMONlS
1405 369 1883 427 HALBERSTAT.
1926 367 2139 426 ΕΡιεο.
2184 366 2333 424 ΟΡΡ.
2369 367 2567 424 PARS.
2604 368 2644 422 1.
2670 398 2740 408 --
2777 366 3127 423 COMMENT.
3171 366 3339 421 BlDL.
3738 366 3809 421 ιο

555 508 744 565 nempe
770 492 917 548 illum
955 490 1065 561 ipse
1090 488 1339 559 spiritus,
1366 485 1583 557 quando
1608 485 1707 540 sibi
1733 483 2041 554 conjunxit,
2074 490 2129 538 et
2154 487 2203 544 Α
2231 480 2442 535 Domini
2481 489 2607 536 sunt
2633 480 2820 535 laudes
2870 479 3224 546 credentium,
3251 478 3565 550 paenitentia
3608 492 3810 550 pecca-

556 588 630 644 ita
659 587 863 652 univit,
895 592 955 638 ιιι
980 581 1212 636 nondum
1233 577 1348 647 jam
1375 578 1605 642 coleret,
1632 577 1726 633 sed
1757 577 1902 632 illum
1934 577 2046 646 jam
2072 576 2127 629 in

556 677 859 734 simulacris
892 674 1158 729 adoraret.
1196 691 1213 722 ι
1246 669 1313 724 Et
1347 668 1741 724 confundeutur
1782 683 1813 722 a
1852 666 2130 722 sacriﬁciis

558 768 689 823 suis.
720 786 739 817 ι
764 764 876 820 Hoc
893 771 994 828 est,
1020 776 1140 816 cum
1164 759 1363 813 fuerint
1384 757 1755 828 comprehensi
1776 757 1844 810 ab
1868 757 2127 819 hostibus,

560 856 950 914 confundentur
986 860 1040 907 et
1068 852 1421 914 ernbescent,
1450 856 1833 918 cognoscentes
1862 847 1963 902 sibi
1991 846 2130 903 hanc.

559 959 767 1016 pmuam
803 940 1006 997 illatam
1044 946 1263 1010 propter
1300 935 1594 1002 sacriﬁcia,
1634 950 1753 1005 quae
1794 934 1951 989 idolis
1981 933 2132 1003 prius

560 1032 925 1091 immolabant.
954 1030 1145 1085 Altiori
1174 1044 1354 1096 sensu,
1383 1028 1486 1084 hoc
1511 1036 1565 1082 et
1583 1027 1652 1082 ad
1682 1027 1965 1083 haereticos
1995 1024 2135 1080 refe-

559 1125 802 1189 rendum,
832 1124 925 1193 qui
946 1121 1231 1193 participes
1252 1119 1469 1175 fuerunt
1489 1118 1772 1183 idolorum,
1797 1116 2011 1187 quando
2033 1130 2131 1172 sua

557 1216 705 1270 varia
735 1216 983 1286 dogmata
1012 1212 1212 1267 colunt.
1236 1210 1463 1280 Ideoque
1490 1210 1738 1263 hortatur
1761 1206 1938 1261 virum
1962 1204 2134 1260 cccle-

558 1308 832 1363 siasticum
863 1306 1144 1376 prOpheta,
1169 1310 1231 1357 ut
1261 1287 1580 1357 dimittafet
1604 1305 1912 1355 contemnat
1946 1311 2134 1351 eorum

562 1398 865 1463 vesaniam,
917 1407 1236 1465 omnemque
1279 1392 1489 1447 illorum
1536 1399 1756 1462 spernat
1800 1389 2133 1453 societatem,

561 1465 685 1557 quia
716 1484 1037 1542 sacriﬁcium
1068 1483 1304 1553 ipsorum
1329 1497 1360 1534 a
1385 1479 1649 1535 sacriﬁcio
1684 1478 1919 1533 ﬁdelium
1946 1486 2029 1532 est
2056 1476 2137 1530 di-

562 1579 754 1640 visum,
781 1577 906 1631 dum
937 1590 1042 1631 non
1069 1580 1214 1629 recte
1234 1570 1505 1626 celebrant
1536 1568 1790 1639 mysteria
1814 1566 2055 1637 corporis
2081 1572 2139 1619 et

561 1671 839 1742 sanguinis
888 1667 1121 1731 Domini,
1173 1672 1332 1735 atque
1363 1664 1564 1719 idcirco
1606 1661 1937 1716 fornicamur
1960 1659 2137 1713 varios

563 1760 835 1832 sequendo
860 1773 1105 1821 errores,
1138 1764 1193 1811 et
1218 1754 1566 1809 immunditite
1611 1751 1790 1806 carnis
1833 1749 2131 1805 serviendo.

2233 580 2433 636 torum,
2450 570 2702 641 lacrymae
2727 570 3058 636 orationum,
3084 570 3150 625 de
3169 569 3367 639 quibus
3395 568 3661 638 scriptum
3688 578 3806 624 est:

2237 681 2255 714 ι
2289 660 2626 717 Sacriﬁcium
2653 660 2762 714 Deo
2790 660 3012 730 spiritus
3043 658 3456 714 contribulatus.
3493 678 3513 711 ι
3542 657 3652 713 Sed
3680 669 3811 712 sunt

2232 749 2472 804 nonnulli
2496 749 2608 818 qui,
2640 755 2760 819 post
2780 747 3043 817 lacrymas
3068 755 3123 802 et
3156 747 3528 817 paenitentiam
3551 756 3814 815 peccatu-

2233 854 2374 904 rum,
2396 840 2464 892 ad
2500 835 2615 906 jam
2660 844 2968 907 perpetrata
3000 837 3229 892 redeunt
3259 844 3503 906 peccata.
3540 834 3815 900 Hi,nimi—

2232 946 2351 985 rum
2380 930 2753 1000 pmnitentiam
2797 944 2961 999 quam
2990 929 3056 983 de
3091 927 3334 998 pristinis
3358 927 3599 998 peccatis
3645 944 3814 983 exer—

2232 1029 2477 1088 cuerant,
2508 1023 2561 1076 in
2589 1020 2910 1092 profundum
2956 1019 3247 1085 declinant,
3271 1019 3399 1089 quia
3440 1020 3655 1090 pejores
3703 1017 3818 1074 eﬂio

2232 1114 2468 1171 ciuntur.
2496 1114 2573 1169 De
2600 1112 2847 1183 qualibus
2879 1112 3139 1181 scriptum
3173 1119 3279 1178 est,-
3312 1128 3331 1162 ι
3359 1110 3524 1167 Canis
3557 1126 3817 1167 reversus

2233 1205 2301 1261 ad
2332 1205 2591 1261 vomitum
2615 1220 2794 1260 suum.
2831 1224 2849 1257 ι
2879 1202 3038 1259 Juxta
3070 1204 3329 1275 mysticos
3357 1218 3572 1274 quoque
3594 1219 3815 1268 sensus,

2232 1297 2542 1353 sacerdotes
2582 1304 2637 1351 et
2684 1295 2955 1367 principes
2997 1294 3241 1350 haeretici
3277 1294 3672 1365 intelliguntur,
3716 1310 3817 1365 po—

2233 1388 2343 1459 puli
2371 1396 2547 1443 autem
2576 1385 2822 1457 discipuli
2865 1393 2921 1441 et
2942 1383 3168 1454 subjecti
3206 1399 3417 1439 eorum.
3455 1383 3820 1454 lncrepantur

2234 1490 2289 1536 et
2329 1480 2619 1551 principes,
2650 1486 2706 1534 et
2732 1478 2803 1533 ad
2833 1476 3096 1547 judicium
3141 1476 3476 1532 deducuntur
3502 1475 3818 1530 damnatio-

2236 1574 2322 1628 nis
2348 1586 2362 1625 :
2389 1572 2514 1642 quia
2547 1570 2639 1640 qui
2682 1570 2982 1625 debuerant
3024 1579 3146 1623 esse
3192 1567 3441 1622 doctores
3467 1566 3817 1636 populorum,

2233 1670 2496 1732 ceperunt
2514 1676 2611 1731 per
2634 1674 2857 1731 pravam
2899 1657 3225 1722 doctrinam,
3248 1656 3681 1725 induxeruntque
3718 1670 3818 1709 eos

2239 1755 2294 1809 in
2318 1768 2577 1810 errorem.
2616 1753 2783 1808 iidem
2813 1763 3026 1821 quoque
3054 1748 3296 1804 haeretici
3340 1748 3650 1817 expanduut
3697 1755 3819 1801 rete

562 1854 905 1924 Diliguntque
928 1848 1120 1905 aﬁ‘erre
1144 1846 1510 1918 ignominiam,
1535 1845 1636 1899 hoc
1655 1852 1759 1909 est,
1788 1857 1952 1898 vanas
1975 1850 2029 1897 et
2051 1858 2139 1897 su-
2170 1836 2214 1895 Β
2241 1860 2402 1916 super
2455 1844 2706 1910 Thabor,
2763 1844 2855 1913 qui
2905 1843 3293 1911 interpretatur
3348 1838 3554 1895 veniens
3613 1837 3816 1901 lumen,

563 1944 794 2015 perﬁuas
816 1941 1128 1998 traditiones
1148 1938 1481 1994 auditoribus
1498 1937 1607 1992 suis
1627 1936 1856 2007 gaudent
1875 1936 2135 2006 praebere;

566 2051 701 2106 quos
732 2033 972 2104 spiritus,
1004 2032 1056 2086 id
1086 2038 1187 2095 est,
1217 2029 1480 2093 diabolus,
1511 2026 1670 2097 ligat,
1703 2041 1768 2080 ne
1795 2024 1971 2081 stabili
2006 2026 2140 2095 pede

566 2126 619 2180 in
646 2122 883 2180 Ecclesia
904 2128 1275 2192 permaneant,
1291 2122 1384 2175 scd
1413 2138 1429 2170 ι
1456 2119 1557 2173 hac
1583 2127 1639 2173 ct
1664 2118 1784 2172 illac
1807 2117 1953 2173 omni
1978 2125 2140 2173 vento

566 2213 822 2268 doctrina:
847 2212 1316 2268 circumferantur.
1343 2231 1359 2263 ι
1378 2210 1477 2277 Qui
1495 2225 1617 2264 vere
1644 2210 1695 2264 in
1728 2210 1840 2266 suis
1860 2210 2140 2265 sacriﬁciis

567 2303 986 2368 confunduntur,
1014 2302 1137 2371 quia
1160 2300 1317 2372 panis
1339 2315 1548 2365 eorum,
1579 2288 1682 2355 hoc
1721 2313 1807 2355 εει
1835 2313 2144 2354 remunera-

569 2394 665 2461 tio,
697 2400 981 2466 perpetuus
1013 2392 1117 2448 erit
1156 2390 1349 2447 luctus.

1165 2563 1394 2624 CAPUT
1435 2554 1502 2622 ν.

645 2736 666 2773 ι
700 2718 897 2775 Audite
937 2712 1044 2774 hoc
1070 2717 1402 2784 sacerdOtes,
1447 2723 1503 2772 et
1531 2707 1807 2785 attendite,
1839 2716 2032 2775 donius
2068 2717 2144 2773 ls-

569 2811 704 2879 rael,
738 2820 794 2866 et
822 2812 1012 2866 domus
1039 2808 1184 2880 regis
1210 2806 1507 2863 auscultate
1534 2825 1547 2861 :
1589 2809 1715 2878 quia
1752 2808 2014 2878 judicium
2054 2823 2147 2864 vo-

571 2903 657 2957 bis
699 2910 803 2967 est,
835 2889 1094 2971 quoniam
1146 2899 1374 2969 laqueus
1418 2897 1546 2953 facti
1590 2899 1721 2953 estis
1781 2899 2147 2969 speculatione

570 3001 627 3049 et
648 3000 761 3048 rete
786 3006 1084 3062 expansum
1108 3005 1270 3062 super
1294 2989 1531 3046 Thabor.
1567 3008 1586 3042 ι
1614 2989 1935 3048 Sacerdotes
1958 2993 2146 3047 decem

572 3086 813 3141 tribuum
856 3084 1169 3155 alloquitur,
1212 3092 1269 3140 et
1292 3091 1455 3140 vocat
1500 3092 1657 3155 reges
1685 3095 1875 3139 eorum
1900 3084 1968 3139 ad
2004 3081 2149 3152 judi-

2241 1935 2457 2005 quando
2498 1949 2625 1990 suas
2652 1933 2707 1988 in
2749 1932 2989 1989 Ecclesia
3033 1930 3259 1986 tendunt
3297 1928 3541 1993 insidias,
3566 1942 3666 1997 per
3693 1942 3820 1995 quae

2241 2029 2489 2099 dogmata
2525 2040 2775 2098 perversa
2810 2040 2938 2080 aves
2969 2023 3045 2094 (id
3090 2032 3173 2078 est
3203 2021 3411 2077 animas
3456 2020 3526 2075 ad
3571 2020 3820 2075 cmlestia

2242 2121 2502 2191 volantes)
2530 2122 2766 2191 capiunt;
2804 2118 3066 2173 Victimas
3093 2116 3234 2171 enim
3283 2112 3559 2169 declinant
3596 2112 3649 2166 in
3693 2127 3822 2181 pro—

2241 2212 2485 2277 fundum,
2518 2212 2610 2281 qui
2650 2211 2879 2268 suadent
2903 2207 3211 2264 hominibus
3238 2205 3515 2260 immolare
3556 2203 3821 2258 daemoni-

2241 2302 2359 2364 bus,
2387 2301 2511 2355 dum
2540 2315 2635 2357 eos
2656 2298 2956 2357 affectando
2984 2311 3201 2352 errores
3222 2308 3347 2351 suos
3387 2295 3734 2365 pertrahunt,
3761 2303 3825 2346 ut

2243 2407 2348 2448 non
2372 2392 2690 2461 resipiscant
2717 2390 3005 2461 aliquando
3028 2403 3059 2443 a
3088 2387 3262 2449 malis.
3308 2394 3364 2442 et
3405 2401 3463 2442 se
3504 2386 3717 2457 erigant
3751 2385 3822 2439 ad

2243 2480 2484 2537 caelestia
2520 2480 2843 2535 contuenda.
2879 2498 2897 2529 ι
2926 2477 2991 2531 Ει
3032 2490 3130 2545 ego
3168 2475 3413 2532 eruditor
3448 2476 3693 2531 omnium
3730 2490 3824 2529 eo-

2245 2587 2382 2626 rum.
2407 2590 2425 2621 ι
2455 2569 2531 2626 Ne
2556 2570 2906 2641 desperarent
2926 2567 3105 2638 populi
3134 2577 3191 2622 et
3219 2566 3462 2638 magistri
3482 2582 3693 2632 eorum,
3717 2567 3825 2622 hoc

2243 2671 2329 2716 est
2370 2659 2640 2732 principes
2674 2667 2728 2715 et
2759 2658 3090 2721 sacerdotes,
3123 2656 3301 2712 redire
3326 2671 3386 2711 se
3438 2670 3598 2726 posse
3638 2657 3706 2711 ad
3732 2672 3829 2711 ve-

2244 2754 2417 2816 niam,
2434 2749 2858 2807 misericorditer
2871 2762 2931 2803 se
2942 2746 3203 2803 Dominus
3228 2746 3556 2802 creditorem
3582 2746 3828 2801 omnium

2247 2857 2433 2899 eorum
2477 2841 2594 2896 fore
2633 2839 2968 2912 pronuntiat,
3003 2837 3231 2893 dicens:
3266 2855 3284 2887 ι
3328 2835 3395 2890 Et
3441 2850 3540 2907 ego
3584 2836 3833 2892 eruditor

2247 2935 2489 2992 omnium
2510 2949 2716 2989 eorum.
2730 2952 2748 2983 ι
2779 2931 2857 2986 Ae
2878 2931 2924 2986 si
2946 2931 3149 2986 diceret
3168 2948 3180 2982 :
3201 2928 3258 2987 Si
3280 2929 3653 2999 pteniteutiam
3667 2944 3833 2999 agere

2250 3025 2550 3091 voluerint,
2584 3033 2641 3080 et
2669 3024 2772 3080 diis
2816 3037 2952 3093 quos
2986 3021 3248 3077 hactenus
3295 3020 3578 3077 coluerunt
3623 3022 3834 3075 servire

2248 3118 2601 3182 cessaverint,
2627 3132 2698 3172 ne
2717 3115 3003 3185 desperent
3037 3132 3050 3166 :
3077 3112 3203 3183 quia
3231 3126 3330 3179 ego
3356 3111 3597 3167 eruditor
3636 3125 3833 3167 eorum

569 3179 737 3277 οίιιιητ
924 3178 1065 3277 «uad
1578 3166 2024 3277 damkuﬁsti’
2055 3177 2147 3277 sa
2177 3206 2221 3267 ρ
2252 3166 2603 3264 assariis;
2628 3166 3349 3277 aagggaaazmnm
3714 3216 3836 3259 ηοη

570 3269 826 3339 quoniam
849 3269 1157 3324 sacerdotes
1185 3276 1445 3324 vocentur
1466 3285 1496 3322 a
1518 3266 1731 3338 populo.
1760 3268 1867 3322 Sed
1885 3275 1941 3321 et
1960 3266 2141 3331 lsrael,

575 3360 629 3413 id
659 3370 743 3414 est
781 3358 1032 3428 populus,
1064 3370 1292 3413 vocatur
1336 3360 1404 3413 ad
1436 3349 1718 3426 judicium,
1748 3357 2030 3427 nullusque
2058 3366 2151 3412 ex-

574 3449 679 3518 cipi
690 3458 794 3514 tur,
827 3456 886 3503 ut
905 3456 959 3503 et
985 3450 1315 3513 sacerdotes,
1339 3457 1395 3504 et
1415 3447 1664 3518 populus,
1686 3465 1748 3504 ac
1764 3449 2041 3520 reges,qui
2067 3463 2152 3503 se-

577 3539 846 3595 duxerant
886 3539 1141 3609 populum
1171 3547 1227 3594 et
1272 3539 1669 3595 constituerant
1703 3540 1776 3595 illi
1808 3540 1944 3596 tales
1969 3555 2152 3595 sacer-

576 3632 751 3696 dotes,
779 3630 939 3685 simul
975 3632 1196 3685 audiant
1239 3632 1368 3702 q‘uid
1399 3631 1660 3698 facerent,
1685 3632 1739 3686 et
1779 3648 1876 3688 cur
1918 3629 2153 3688 inimicis

577 3725 882 3781 tradantur.
913 3724 1111 3779 Audite
1148 3716 1252 3779 hoc
1292 3736 1481 3779 omnes
1514 3734 1569 3779 et
1606 3725 1925 3791 auscultate,
1949 3725 2003 3779 id
2047 3732 2153 3791 est,

581 3814 829 3885 corporis
850 3829 981 3869 aure
1009 3814 1289 3884 percipite,
1310 3822 1366 3869 et
1388 3807 1585 3871 mentis
1610 3813 1881 3871 intellectu
1904 3816 2152 3879 retinete,

579 3908 706 3977 quia
746 3907 902 3962 vobis
936 3906 1198 3978 judicium
1228 3914 1331 3971 est,
1369 3907 1424 3962 id
1452 3909 1559 3974 est,
1596 3907 1871 3963 damnatio
1913 3908 2159 3963 imminet

582 3998 776 4054 merito
824 4006 1019 4054 vestrae
1061 3997 1364 4067 iniquitatis
1392 4039 1406 4064 ,
1452 3987 1711 4070 quoniam
1760 3996 1983 4070 laqueus
2031 3999 2159 4054 facti

579 4089 715 4145 estis
734 4089 1066 4159 captivitatis
1091 4097 1146 4145 et
1174 4088 1590 4147 lnterfectionis.
1628 4089 1739 4162 Ego
1762 4088 1979 4160 quidem
2005 4090 2162 4160 posui

583 4193 682 4233 vos
706 4178 1071 4248 speculatores
1111 4187 1166 4234 et
1207 4179 1481 4251 principes
1508 4172 1565 4235 in
1601 4178 1820 4251 populo,
1845 4187 1907 4234 ut
1934 4186 2057 4236 eum
2081 4186 2166 4234 re-

582 4268 784 4338 geretis
830 4276 1124 4322 errantem.
1187 4267 1295 4323 Vos
1343 4273 1523 4324 autem
1570 4269 1700 4325 facti
1741 4270 1875 4326 estis
1916 4269 2163 4340 laqueus,

585 4359 814 4427 ideoque
834 4356 948 4427 jam
972 4373 1082 4412 non
1106 4358 1473 4427 speculatores
1492 4367 1546 4414 et
1573 4360 1865 4431 principes,
1887 4362 1981 4416 sed
2002 4366 2167 4415 vena—

2250 3298 2446 3370 punire
2488 3298 2645 3367 cupio
2679 3315 2693 3352 :
2721 3306 2777 3351 et
2808 3295 3041 3360 salvare,
3069 3311 3175 3350 non
3207 3294 3432 3366 perdere
3455 3309 3660 3363 quaero.

2329 3405 2348 3440 ι
2377 3387 2489 3458 Ego
2517 3385 2775 3457 Ephraim
2805 3385 2941 3450 scio,
2962 3392 3018 3440 et
3041 3383 3207 3439 Israel
3237 3398 3343 3438 non
3380 3392 3463 3439 est
3487 3384 3841 3440 absconditus

2253 3496 2283 3534 a
2307 3494 2413 3535 me.
2449 3498 2469 3531 ι
2512 3477 2738 3533 Nomine
2781 3477 3060 3547 Ephraim,
3093 3476 3502 3549 comprehcndit
3524 3474 3836 3543 Jeroboanz,

2253 3571 2422 3627 ﬁlium
2448 3571 2676 3634 Nabath,
2710 3578 2765 3625 et
2791 3583 2981 3626 omnes
3006 3584 3073 3623 ex
3110 3570 3299 3625 eadem
3347 3568 3490 3623 tribu
3518 3584 3694 3640 reges.
3725 3569 3841 3637 Ego

2253 3663 2417 3719 etiam
2442 3661 2658 3717 condidi
2697 3660 2923 3730 populos
2958 3660 3177 3730 regibus
3206 3658 3497 3728 subjectos.
3543 3658 3680 3726 Quia
3709 3674 3840 3729 ergo

2255 3770 2375 3810 mea
2402 3762 2529 3810 sunt
2572 3764 2841 3819 creatura,
2871 3762 2927 3808 et
2950 3753 3133 3808 omnia
3172 3767 3362 3809 eorum
3411 3752 3623 3808 intueor
3649 3766 3837 3821 opera.

2256 3861 2364 3901 non
2391 3845 2700 3915 desperent,
2722 3843 2817 3899 sed
2844 3842 3217 3912 paenitentiam
3254 3851 3437 3914 agant,
3469 3850 3524 3898 et
3550 3844 3845 3912 suscipiant

2258 3951 2372 3992 eos.
2404 3953 2421 3986 ι
2456 3933 2590 4001 Quia
2613 3922 2912 3990 fornicatus
2936 3942 3020 3988 est
3058 3948 3201 3988 nunc
3229 3933 3508 4004 Ephraim.
3548 3953 3566 3985 ι
3595 3932 3709 3988 Hoc
3735 3942 3842 3997 est,

2260 4039 2414 4097 reges
2434 4038 2623 4080 eorum
2654 4024 2710 4079 iu
2755 4023 3009 4095 praesenti
3043 4033 3286 4094 tempore
3325 4039 3357 4079 a
3382 4022 3479 4079 Dei
3500 4024 3650 4079 cultu
3690 4039 3845 4080 rece-

2261 4118 2470 4184 dentes,
2496 4115 2753 4173 fornicari
2779 4123 3063 4187 coeperunt
3097 4115 3298 4171 vitulos
3326 4130 3522 4172 aureos
3548 4115 3845 4172 adoranda.

2268 4226 2286 4259 ι
2320 4192 2389 4262 Et
2413 4206 2578 4262 Israel
2606 4206 3006 4262 contaminatus
3034 4212 3136 4261 est.
3160 4225 3179 4259 ι
3198 4203 3333 4273 Quia
3359 4205 3667 4263 {emicante
3694 4222 3846 4277 rege,

2262 4298 2491 4369 populus
2513 4306 2597 4354 est
2622 4307 2861 4361 secutus,
2888 4311 3183 4366 paremque
3217 4297 3548 4366 impietatem
3583 4298 3700 4368 pari
3729 4307 3847 4353 stu-

2263 4389 2354 4445 dio
2380 4388 2808 4458 compleverunt,
2833 4388 2922 4445 ubi
2952 4402 2983 4442 a
3011 4388 3382 4460 superioribus
3415 4386 3773 4460 jungendum,
3795 4401 3853 4447 et

587 4451 733 4504 tores
760 4449 893 4503 estis
917 4447 1191 4518 appellati.
1221 4447 1287 4503 Et
1324 4448 1466 4503 sicut
1487 4464 1651 4519 super
1678 4459 1918 4506 montem
1950 4450 2168 4506 Thabor
2266 4481 2373 4536 hoc
2405 4447 2663 4549 ego'sci0_

588 4547 704 4593 rete
759 4538 1081 4608 expanditur
1144 4545 1202 4592 ut
1254 4552 1382 4593 aves
1442 4540 1770 4609 capiantur,

588 4629 830 4686 doctrina
874 4636 931 4683 et
960 4626 1208 4699 exemplo
1251 4629 1474 4699 cepistis
1517 4631 1795 4701 populum,
1833 4641 1891 4687 et
1926 4632 1995 4686 ad
2023 4638 2166 4686 mor-

590 4729 697 4777 tem
748 4720 997 4775 duxistis.
1051 4719 1270 4775 Thabor
1321 4731 1503 4776 autem
1571 4738 1728 4777 mons
1780 4733 1864 4779 est
1921 4725 2169 4780 situs‘in

590 4810 984 4880 campestribus
1002 4809 1254 4874 Galilaaae,
1282 4815 1548 4867 rotundus
1568 4821 1731 4883 atque
1754 4812 2019 4880 sublimis,
2034 4825 2170 4871 etex

590 4902 738 4957 omni
768 4909 923 4972 parte
942 4902 1221 4972 arqualiter
1243 4902 1446 4958 ﬁnitur.
1484 4903 1558 4960 De
1580 4921 1687 4976 quo
1710 4908 1764 4961 in
1792 4908 1998 4977 psalmo
2025 4906 2175 4963 cani-

594 5005 681 5050 tur
710 5012 725 5048 :
760 5013 779 5046 ι
817 4994 1037 5050 Thabor
1061 5003 1118 5049 et
1166 4995 1403 5077 Hermop
1436 4997 1490 5052 in
1520 5000 1740 5056 nomine
1794 5008 1885 5056 tuo
1932 5001 2173 5057 exsulta-

594 5087 751 5141 bunt.
796 5097 816 5136 ι

670 5218 688 5250 ι
724 5199 792 5254 Ει
831 5198 1079 5255 victimas
1119 5199 1431 5257 declinastis
1477 5202 1531 5256 in
1568 5201 1913 5273 profundum.
1955 5222 1973 5255 ι
2008 5202 2175 5259 Victi-

598 5304 699 5343 mae
725 5289 779 5344 in
826 5288 1148 5360 profundum
1175 5291 1512 5348 declinantur
1558 5310 1677 5362 qua‘
1712 5294 2044 5350 daemonibus
2092 5295 2173 5349 of-

596 5381 863 5435 feruntur.
894 5380 1129 5452 Populus
1175 5382 1401 5437 duarum
1439 5384 1676 5437 tribuum
1722 5383 1990 5451 victimas,
2035 5400 2171 5455 quas

600 5476 709 5531 Deo
729 5475 1084 5545 omnipotenti
1110 5475 1391 5541 oﬂ‘erebat,
1407 5474 1654 5545 superius
1687 5474 1761 5545 (id
1778 5484 1863 5529 est
1891 5476 1959 5530 ad
1981 5475 2171 5549 oculos)

598 5569 890 5624 ascendere
937 5568 1169 5624 faciebat
1192 5583 1207 5622 :
1231 5567 1396 5624 lsrael
1424 5582 1573 5631 vero,
1599 5567 1852 5636 quoniam
1883 5567 2039 5624 idolis
2077 5584 2174 5623 sua

600 5657 912 5713 immolabat
930 5658 1216 5721 sacriﬁcia,
1243 5656 1566 5712 descendere
1589 5655 1677 5709 illa
1709 5654 1939 5712 faciebat
1965 5657 2020 5712 in
2044 5674 2173 5728 pro-

601 5752 840 5818 luudum,
891 5750 995 5806 hoc
1041 5759 1125 5807 est
1172 5750 1225 5804 in
1275 5747 1563 5804 infernum.
1614 5748 1888 5806 Moraliter
1942 5751 2175 5811 victimae

1845 4540 1922 4596 ita
1982 4550 2164 4597 vestra
2190 4545 2243 4608 Ι)

2345 4586 2362 4619 ι
2385 4566 2501 4624 Non
2523 4570 2730 4624 dabunt
2746 4569 3101 4641 cogitationes
3134 4585 3262 4627 suas
3281 4578 3341 4625 ut
3367 4577 3761 4626 convertantur
3784 4570 3853 4625 ad

2266 4662 2439 4717 Deum
2461 4678 2641 4725 suum,
2665 4663 2793 4733 quia
2816 4663 3039 4733 spiritus
3054 4663 3472 4719 fornicationem
3491 4663 3546 4721 in
3571 4664 3857 4721 medioeoo

2272 4770 2414 4821 rum,
2445 4763 2500 4811 et
2522 4754 2686 4810 Deum
2716 4771 2826 4810 non
2855 4766 3243 4826 cognoverunt.
3275 4775 3293 4807 ι
3328 4755 3480 4812 Licet
3520 4756 3855 4813 eruditorem

2274 4856 2461 4899 eorum
2478 4859 2536 4900 se
2555 4844 2815 4900 Dominus
2835 4844 3259 4901 misericorditer
3272 4846 3523 4915 superius
3534 4846 3761 4913 dixerit,
3779 4857 3857 4902 ta-

2278 4948 2401 4988 men
2424 4932 2780 4989 iutentionem
2803 4934 2985 4989 cordis
3010 4934 3222 4990 illorum
3250 4949 3601 5005 cognoscens,
3627 4936 3858 5007 subjun-

2273 5024 2352 5096 git
2382 5040 2394 5078 :
2421 5021 2537 5079 Non
2558 5024 2760 5080 dabunt
2780 5025 3134 5096 cogitationes
3155 5041 3282 5082 suas
3297 5034 3356 5080 ut
3372 5035 3766 5081 convertantur
3789 5029 3859 5082 ad

2275 5115 2443 5170 Deum
2482 5130 2661 5181 suum,
2692 5122 2753 5170 ut
2777 5114 2984 5170 scilicet
3004 5115 3378 5185 pmnitentiam
3403 5124 3568 5186 agant
3593 5113 3665 5170 de
3698 5116 3861 5170 malis

2275 5202 2712 5273 cogitationibus,
2733 5220 2801 5260 ne
2816 5205 3099 5274 perﬁciant
3118 5220 3255 5275 opus
3281 5204 3482 5260 malum
3492 5202 3636 5274 quod
3650 5205 3860 5275 cogita-

2275 5304 2489 5351 verunt.
2525 5296 2592 5351 Et
2620 5298 2797 5354 reddit
2820 5313 3059 5364 causam,
3086 5299 3373 5369 inquiens:
3404 5296 3638 5368 Spiritus
3684 5295 3861 5351 forni-

2277 5388 2545 5442 cationum
2562 5387 2639 5459 (id
2664 5399 2770 5453 est,
2796 5389 3062 5459 diabolus)
3088 5389 3142 5443 in
3165 5388 3341 5444 medio
3366 5402 3576 5444 eorum.
3600 5387 3672 5442 Et
3691 5387 3861 5442 Deum

2278 5492 2382 5532 non
2419 5478 2885 5547 cognoverunt,id
2933 5487 3039 5544 est,
3067 5494 3173 5533 non
3219 5478 3685 5533 intellexeruntut
3733 5491 3861 5532 eum

2279 5568 2517 5623 colerent
2557 5576 2614 5622 et
2648 5568 2810 5639 digna
2838 5570 3183 5626 veneratione
3223 5570 3534 5625 adorarent.
3562 5566 3705 5636 Quia
3730 5584 3863 5637 ergo

2279 5658 2522 5714 diabolus
2562 5658 2615 5713 in
2651 5673 2840 5715 eorum
2871 5661 3123 5715 cordibus
3151 5660 3449 5727 habitabat,
3497 5660 3613 5729 ipse
3647 5673 3746 5714 eos
3769 5674 3864 5713 es-

2280 5758 2597 5816 caecaverat,
2627 5765 2695 5805 ne
2741 5751 2805 5806 ad
2851 5766 3037 5805 verum
3086 5751 3266 5806 lumen
3314 5758 3536 5821 possent
3578 5750 3776 5815 redire,
3803 5756 3862 5803 ut
