4022 6508
243 455 299 507 Η
1254 447 1654 505 ENARRATIO
1694 448 1761 503 IN
1800 446 1976 503 OSEE
2014 447 2458 504 PROPIIETAM.
3407 442 3480 497 η

245 572 399 625 Deum
426 574 834 636 cognoscerent,
863 563 918 619 id
943 572 1051 631 est,
1081 564 1437 637 intelligerent.
1469 581 1592 621 eum
1627 565 1798 621 solum
1829 570 1876 627 Α
1903 565 2265 635 accipiuntur,
2294 565 2384 635 qui
2416 566 2471 618 in
2521 563 2784 618 idolorum
2834 569 2960 617 sunt
2993 574 3181 616 errore
3218 559 3479 629 generati,

240 675 349 714 esse
374 656 674 711 colendum.
707 653 799 709 Sic
823 653 968 708 enim
998 653 1196 708 dicitur
1214 655 1280 711 de
1305 654 1428 709 filiis
1452 654 1567 709 Heli
1595 673 1606 708 :
1635 653 1804 709 Porro

245 748 330 803 tilii
364 744 475 802 Heli
522 744 618 798 lilii
668 742 836 798 Belial
886 757 994 798 non
1041 743 1439 814 cognoscebant
1496 745 1801 799 Dominum.

242 837 503 905 Principes
547 849 762 905 quoque
830 834 1139 904 dogmatnm
1188 851 1567 905 perversurum
1614 835 1689 907 (id
1722 845 1808 890 est

241 927 532 1000 haereticos)
576 935 633 982 et
678 926 931 998 populum
983 927 1283 998 subjectum
1328 930 1430 984 scit
1468 928 1630 991 Deus,
1678 931 1804 999 quia

238 1020 403 1076 omnia
447 1034 635 1074 eorum
676 1032 853 1088 opera~
881 1025 940 1072 et
994 1018 1140 1087 ipsas
1175 1020 1529 1088 cogitationes
1566 1020 1806 1075 occultas

239 1110 552 1175 considerat,
575 1109 816 1177 nihilque
844 1116 929 1163 est
967 1109 1107 1178 apud
1139 1109 1258 1165 illos
1303 1112 1445 1181 quod
1475 1128 1596 1167 eum
1636 1112 1809 1182 possit

238 1202 415 1255 latere.
447 1200 512 1254 Et
545 1200 670 1270 quia
701 1215 797 1270 per
829 1214 1047 1269 pravam
1069 1213 1254 1254 eorum
1294 1202 1596 1257 doctrinam
1626 1201 1805 1268 subje-

240 1295 306 1348 cti
333 1307 543 1363 quoque
584 1293 824 1363 ipsorum
873 1292 1227 1347 contaminati
1267 1302 1414 1358 sunt,
1456 1311 1560 1350 non
1606 1295 1811 1349 dalzunt

237 1400 355 1440 suas
381 1383 735 1455 cogitationes
763 1390 822 1436 ut
845 1382 1219 1454 paenitentiam
1245 1393 1427 1454 agant,
1451 1394 1507 1439 et
1535 1387 1601 1438 ad
1640 1386 1808 1438 Deum

237 1483 590 1537 revertantur,
617 1473 745 1541 quia
777 1473 971 1542 spiritu
1000 1472 1372 1529 fornicationis
1414 1475 1618 1530 seducti
1657 1485 1808 1540 sunt,

234 1563 319 1634 qui
356 1564 408 1617 in
454 1563 630 1618 medio
680 1562 894 1618 illorum
920 1569 1186 1626 versatur,
1234 1563 1460 1633 ideoque
1494 1564 1662 1620 Deum
1701 1579 1808 1619 non

234 1659 579 1724 cognoscunt.

304 1764 323 1796 α
350 1744 413 1799 Et
426 1745 775 1815 respondebit
799 1748 1109 1819 arrogantia
1128 1745 1295 1802 Israel
1322 1746 1377 1800 in
1404 1745 1597 1802 faciem
1621 1745 1761 1814 ejus.
1786 1766 1806 1798 ι

230 1835 566 1907 Arrogantia,
603 1836 656 1890 id
686 1844 793 1899 est,
829 1839 1081 1907 superbia
1115 1837 1280 1892 Israel
1312 1836 1431 1903 fuit,
1460 1852 1565 1906 qua
1599 1845 1811 1892 tumens

1903 658 2017 711 sive
2045 659 2185 726 qu'os
2233 672 2330 726 per
2369 656 2546 726 ignem
2586 655 2842 709 ducentes
2874 653 3033 709 idolis
3072 658 3479 708 consecrarunt.

1909 768 1928 801 ι
1964 750 2117 804 Nune
2163 748 2439 804 devorabit
2471 762 2567 801 eos
2594 748 2798 801 mensis
2844 762 2966 801 cum
3005 745 3252 816 partibus
3291 741 3424 798 suis.
3459 761 3478 793 ι

1903 843 2062 910 Quia,
2087 843 2283 911 inquit,
2315 843 2417 896 hoc
2441 838 2707 897 fecerunt.
2749 854 2854 894 non
2877 838 3045 893 multo
3071 846 3194 909 post
3219 846 3484 906 tempore.

1904 937 1997 990 sed
2025 936 2513 1005 impratsentiarum
2553 930 2904 986 advenientes
2940 931 3136 993 hostes,
3168 927 3377 999 Assyrii
3408 927 3486 979 vi—

1904 1025 2097 1081 delicet
2126 1034 2287 1094 atque
2312 1023 2576 1086 Chaldmi,
2618 1031 2673 1075 et
2703 1022 3041 1076 devorabunt
3067 1037 3161 1076 eos
3207 1036 3331 1075 cum
3371 1021 3487 1074 suis

1904 1118 2168 1189 partibus,
2205 1119 2309 1171 hoc
2353 1124 2455 1180 est,
2502 1131 2626 1169 eum
2684 1114 2797 1167 suis
2848 1113 3299 1182 possessionibus,
3348 1126 3483 1182 quas

1907 1217 2053 1263 sorte
2081 1215 2136 1263 et
2175 1205 2410 1261 funiculo
2433 1212 2777 1273 acceperunt.
2807 1202 2956 1259 Unde
2976 1211 3031 1257 et
3057 1201 3201 1257 LXX
3243 1211 3482 1256 transuta

1908 1297 2084 1352 lerunt
2114 1314 2125 1348 :
2165 1295 2452 1351 Devorabit
2494 1308 2589 1349 eos
2631 1292 2821 1362 rubigo
2848 1307 2970 1346 cum
3003 1291 3219 1346 hederis
3259 1291 3391 1345 suis.
3424 1290 3490 1345 Et

1907 1395 1991 1441 est
2014 1400 2240 1440 sensus:
2269 1383 2371 1439 Per
2399 1382 2636 1453 singulos
2665 1397 2877 1436 menses
2923 1381 3095 1435 hostis
3128 1381 3399 1440 adveniet,
3435 1391 3492 1433 et

1908 1484 2103 1531 cuncta
2130 1490 2248 1543 quae
2275 1474 2343 1527 ad
2371 1489 2466 1527 eos
2506 1472 2780 1543 pertinent
2822 1471 3073 1536 vastabit,
3090 1472 3343 1541 ipsosque
3369 1485 3492 1538 par-

1910 1569 2005 1623 tim
2040 1566 2349 1630 inlerliciet,
2380 1567 2575 1636 partim
2622 1566 2675 1618 in
2708 1564 3072 1633 captivitatem
3115 1565 3294 1620 ducet.
3338 1561 3492 1629 Quod

1910 1657 2142 1726 qualiter
2167 1657 2368 1711 factum
2411 1655 2501 1720 sit,
2543 1654 2766 1709 historia
2805 1653 2927 1709 libri
2959 1653 3160 1724 Regum
3208 1662 3261 1707 et
3289 1650 3492 1707 Paralié

1911 1763 2177 1819 pomenon
2209 1748 2560 1808 demonstrat,
2581 1761 2701 1815 quae
2726 1746 2972 1801 eumdem
3003 1746 3255 1817 populum
3280 1761 3386 1802 non
3408 1761 3494 1801 se-

1913 1840 2038 1903 mel,
2065 1855 2167 1896 nec
2187 1841 2288 1902 bis.
2326 1840 2421 1895 sed
2439 1838 2683 1908 pluribus
2712 1838 2921 1892 vicibus
2949 1838 3277 1908 captivatum
3306 1837 3493 1894 refert.

233 1933 420 1981 contra
442 1926 631 1990 Deum,
655 1926 922 1982 culturam
952 1928 1067 1999 eius
1093 1928 1360 1998 despexit,
1382 1937 1442 1981 ut
1471 1928 1524 1982 in
1550 1928 1812 1984 creatoris
1842 1918 1887 1977 Β
1916 1929 2023 1985 Sed
2057 1930 2297 1985 haeretici
2328 1930 2672 2000 suspicantur
2699 1927 2917 1999 quodin
2953 1927 3297 1982 multitudine
3331 1927 3493 1982 sacri-

231 2014 482 2085 iniuriam
534 2015 676 2070 idola
705 2026 994 2073 veneratus
1032 2027 1133 2073 est.
1169 2017 1297 2073 Haec
1338 2018 1646 2088 arrogantia
1696 2016 1814 2087 eius

232 2105 578 2176 respondebit
597 2106 650 2160 in
674 2105 864 2162 faciem
889 2106 1024 2176 ejus,
1055 2109 1270 2177 quando
1295 2108 1491 2163 merito
1517 2107 1815 2177 iniquitatis

229 2206 454 2267 propter
496 2196 757 2253 idolorum
786 2199 1053 2255 culturam
1100 2200 1347 2254 tradetur
1382 2200 1700 2271 captivitati,
1746 2214 1815 2254 ne

231 2288 499 2342 habeatur
522 2287 839 2359 impunitus,
878 2289 1315 2347 sed~humilietur
1338 2292 1406 2346 ab
1433 2291 1681 2347 hostibus
1700 2291 1817 2361 eius

228 2379 593 2434 contumacia.
617 2398 635 2431 ι
660 2379 727 2434 Ει
747 2378 911 2436 Israel
931 2389 986 2436 et
1001 2381 1255 2450 Ephraim
1276 2382 1506 2436 ruentin
1536 2381 1818 2452 iniquitate

228 2485 347 2536 sua,
378 2490 397 2523 ι
427 2472 533 2527 hoc
555 2480 663 2535 est,
691 2480 747 2526 et
772 2473 999 2543 populus
1025 2472 1298 2542 subiectus
1327 2482 1383 2528 et
1402 2489 1577 2545 reges,
1606 2474 1697 2544 qui
1722 2489 1817 2531 eos

226 2563 294 2617 ad
341 2562 613 2618 idolorum
656 2563 925 2621 culturam
975 2564 1395 2629 inclinaverunt,
1447 2567 1652 2635 pariter
1694 2580 1820 2621 cor-

228 2662 387 2708 ruent
420 2661 482 2707 et
515 2653 954 2720 inﬁrmabuntur,
991 2663 1050 2709 ut
1094 2655 1185 2725 qui
1235 2655 1402 2711 fortes
1440 2666 1595 2711 erant
1621 2657 1675 2711 in
1704 2671 1822 2713 sce-

226 2744 358 2811 lere,
384 2747 595 2801 infirmi
616 2757 880 2818 cogantur
903 2749 1081 2805 redire
1104 2750 1171 2804 ad
1201 2750 1388 2804 Deum.
1424 2769 1442 2802 ι
1469 2750 1612 2806 Ruet
1653 2751 1818 2807 etiam

223 2833 390 2895 Iudas
425 2853 558 2895 cum
600 2840 700 2895 eis.
737 2860 755 2892 ι
807 2841 864 2895 In
906 2842 991 2897 bis
1037 2842 1216 2898 verbis
1240 2842 1547 2900 ostenditur
1584 2844 1725 2914 quod
1764 2852 1823 2899 et

228 2929 400 2984 tribus
428 2928 585 3013 Juda
608 2930 723 2998 iam
761 2939 889 2987 tunc
940 2932 1152 2988 colebat
1187 2934 1345 2999 idola,
1381 2951 1488 2990 non
1527 2936 1672 2990 enim
1718 2935 1820 2991 hoc

223 3019 419 3087 solum,
448 3021 653 3092 inquit,
680 3023 892 3077 eveniet
932 3023 1095 3079 Israel
1124 3034 1180 3078 et
1208 3024 1487 3093 prraim,
1520 3026 1571 3080 id
1598 3034 1703 3089 est,
1729 3025 1821 3080 de-

221 3126 337 3167 cem
364 3115 623 3169 tribubus
649 3122 706 3168 et
735 3116 951 3185 regibus
972 3130 1182 3181 earum,
1203 3125 1260 3169 ut
1284 3116 1551 3171 ducantur
1573 3117 1624 3170 in
1652 3117 1822 3186 capti-

1918 2022 2165 2079 ﬁciorum
2191 2038 2412 2078 suorum
2438 2021 2651 2093 placent
2680 2021 2872 2080 Deum.
2899 2028 2955 2076 et
2982 2017 3151 2093 Iudas
3178 2020 3254 2091 (id
3282 2028 3368 2076 est
3405 2036 3478 2075 ec-

1917 2111 2230 2182 clesiastici)
2254 2110 2397 2180 quod
2442 2109 2690 2165 faciendo
2732 2108 3102 2180 eleemosynas
3141 2118 3360 2180 peccata
3399 2124 3494 2164 sua

1915 2201 2202 2265 redimant,
2230 2201 2285 2255 in
2326 2200 2523 2270 quibus
2563 2209 2905 2269 permanent,
2945 2213 3068 2253 cum
3101 2213 3261 2253 omne
3291 2198 3484 2254 sacritl-

1916 2293 2059 2348 cium
2092 2290 2385 2361 praaterita,
2415 2305 2521 2344 non
2548 2288 2834 2358 praesentia
2859 2288 3063 2344 scelera
3093 2288 3274 2345 delere
3304 2288 3493 2345 soleat.

1916 2382 1986 2439 Et
2009 2382 2197 2453 utique
2224 2381 2361 2436 tales
2385 2380 2552 2435 Deum
2582 2395 2688 2452 non
2731 2380 3034 2445 inveniunt,
3059 2382 3186 2451 quia
3222 2380 3495 2436 auferetur

1917 2483 1973 2531 et
2017 2474 2207 2545 procul
2266 2473 2483 2529 recedet
2536 2472 2606 2527 ab
2652 2472 3244 2529 eis.-Pra3varieantur
3292 2482 3492 2538 autem,

1916 2566 2132 2637 quando
2159 2565 2253 2619 Dei
2285 2564 2559 2635 negligant
2582 2572 2871 2634 praecepta,
2898 2572 2955 2619 et
2996 2564 3205 2620 alienos
3236 2576 3495 2633 generant

1920 2658 2057 2713 ﬁlios
2085 2673 2183 2727 per
2206 2672 2369 2727 opera
2392 2657 2679 2713 diabolica.
2710 2655 2941 2726 Ideoque
2968 2657 3211 2726 quotidie
3236 2664 3292 2711 et
3316 2657 3495 2729 singu-

1918 2747 2070 2801 latim
2111 2747 2439 2801 damnantur
2481 2761 2603 2800 cum
2641 2747 2756 2800 suis
2798 2746 3060 2815 partibus,
3090 2746 3193 2801 hoc
3231 2755 3335 2810 est,
3377 2762 3497 2802 cum

1920 2837 2078 2892 malis
2105 2852 2225 2907 quae
2244 2844 2473 2907 egerunt
2503 2836 2757 2905 operibus
2782 2837 2847 2890 ad
2890 2836 3164 2891 interitum
3209 2846 3497 2907 properant

1918 2937 2136 2986 aeterna:
2181 2927 2565 2983 damnationis.

1997 3038 2015 3070 ι
2051 3018 2295 3088 Plangite
2337 3017 2561 3072 buccina
2597 3017 2649 3072 in
2692 3015 2894 3079 Gabaa.
2923 3019 3047 3074 tuba
3079 3019 3131 3072 in
3163 3017 3353 3082 Rama,
3388 3019 3474 3072 ulu

1920 3111 2029 3166 late
2051 3112 2104 3163 iu
2130 3109 2421 3164 Bethaven.
2458 3128 2476 3160 ι
2511 3109 2745 3164 Buccina
2775 3124 2842 3163 ex
2881 3125 3046 3164 cornu
3079 3111 3372 3166 animantis
3414 3129 3475 3166 re

217 3203 471 3269 vitatem,
505 3220 691 3260 verum
717 3206 881 3260 etiam
903 3204 1091 3270 Iudas,
1122 3206 1176 3261 id
1215 3213 1315 3269 est,
1350 3206 1469 3260 dum
1499 3206 1671 3261 tribus
1698 3220 1819 3276 quae
1854 3265 1890 3276 __
1921 3215 2088 3256 curvo
2114 3198 2194 3262 iit,
2234 3199 2360 3251 tuba
2411 3205 2589 3252 autem
2635 3213 2699 3252 ex
2751 3213 2858 3252 aere
2913 3200 2997 3254 vel
3024 3211 3249 3270 argento
3293 3202 3347 3255 in
3387 3203 3500 3269 lege

221 3265 536 3365 regnabant
590 3295 645 3350 in
690 3294 1027 3351 Hierusalem
1058 3265 1088 3361 ,-
1128 3265 1426 3366 sequentur
1481 3265 1816 3367 captivorum
1846 3265 1891 3327 (ἶ
1924 3293 2040 3347 fieri
2074 3290 2406 3362 prtecipitur,
2432 3298 2830 3359 concrepatque
2857 3290 2910 3345 in
2938 3265 3115 3346 bellis‘
3128 3300 3183 3347 et
3217 3292 3269 3348 in
3310 3265 3476 3349 solem

217 3388 480 3458 vestigia,
535 3395 593 3440 ut
625 3402 852 3456 quorum
886 3388 1082 3442 imitati
1128 3396 1253 3442 sunt
1293 3388 1518 3455 scelera,
1546 3389 1820 3458 patiantur

213 3486 270 3529 et
304 3491 559 3546 poenam.
594 3474 701 3531 Sed
747 3485 803 3532 et
839 3477 1110 3532 lucreticis
1156 3493 1252 3532 sua
1299 3479 1607 3549 arrogantia
1648 3479 1699 3532 in
1734 3477 1818 3532 fa-

211 3566 361 3621 ciem
393 3568 715 3634 respondet,
743 3568 959 3637 quando
981 3583 1080 3637 pro
1108 3568 1360 3639 superbia
1391 3582 1496 3637 qua
1529 3583 1742 3639 semper
1761 3583 1819 3623 se

210 3657 361 3710 scire
391 3656 593 3713 altiora
635 3655 861 3726 iactant,
892 3666 947 3712 et
978 3658 1220 3728 magistri
1266 3666 1322 3713 et
1373 3657 1622 3729 discipuli
1658 3657 1819 3712 simul

210 3755 513 3803 corruerit.
590 3745 757 3803 Iudas
805 3763 1038 3818 quoque,
1090 3748 1144 3803 id
1189 3756 1277 3803 est
1322 3749 1404 3803 vir
1448 3748 1818 3804 ecclesiastica

208 3837 484 3895 doctrina
518 3840 814 3904 institutus,
841 3842 932 3909 qui
962 3854 1189 3910 corpore
1219 3841 1459 3909 quidem,
1486 3858 1592 3896 non
1615 3851 1817 3906 mente,

205 3929 263 3982 in
294 3929 554 3983 Ecclesia
581 3938 780 3993 manet,
798 3938 851 3984 ct
873 3931 1116 3985 eamdem
1142 3946 1267 3985 cum
1290 3932 1554 3985 luereticis
1578 3930 1738 3986 habet
1762 3932 1818 3985 in

1921 3384 2201 3441 nitatibus.
2247 3380 2428 3437 Gabaa
2470 3390 2527 3436 et
2572 3380 2741 3435 Rama
2791 3381 3034 3438 civitates
3081 3392 3207 3440 sunt
3258 3384 3311 3438 iu
3360 3386 3500 3453 tribu

1922 3473 2200 3545 Beniamin
2238 3473 2341 3527 sibi
2368 3473 2577 3528 vicinae.
2612 3470 2737 3527 H330
2758 3481 2842 3528 est
2879 3470 3087 3541 Gabaa,
3112 3475 3166 3529 in
3207 3491 3309 3544 qua
3342 3485 3504 3531 natus

1922 3576 2005 3622 est
2041 3564 2189 3620 Saul.
2216 3563 2387 3617 Rama
2415 3572 2595 3618 autem
2624 3563 2738 3633 ipsa
2765 3572 2871 3629 est,
2900 3579 3061 3633 quam
3102 3580 3195 3622 rex
3226 3566 3388 3623 Israel
3412 3583 3505 3622 co-

1922 3665 2082 3711 natus
2106 3662 2192 3709 est
2215 3667 2502 3722 occupare,
2527 3654 2667 3709 sicut
2703 3653 2758 3707 in
2791 3652 2995 3725 Regum
3034 3654 3250 3726 legitur,
3274 3666 3333 3711 ut
3355 3657 3502 3712 clau-

1921 3747 2075 3801 deret
2112 3745 2315 3799 exitum
2356 3755 2411 3800 et
2437 3744 2715 3799 introitum
2752 3746 2915 3801 tribui
2941 3746 3094 3802 Iudas
3120 3756 3175 3803 et
3199 3746 3496 3818 Beniamin.

1921 3835 2092 3890 Porro
2112 3835 2384 3891 Bethaven
2432 3837 2483 3890 in
2526 3836 2668 3890 tribu
2691 3846 2774 3891 est
2808 3836 3082 3908 Ephraim,
3112 3856 3231 3909 qua:
3262 3852 3385 3896 ante
3407 3857 3501 3896 vo-

1921 3939 2042 3982 cata
2070 3936 2155 3982 est
2183 3927 2390 3981 Bethel.
2421 3926 2556 3994 Quia
2587 3941 2716 3997 ergo
2758 3929 3092 3998 praemiserat
3132 3932 3381 4000 superius
3402 3933 3495 3987 de-

1922 4031 2039 4071 cem
2095 4015 2330 4071 tribuum
2385 4024 2441 4069 et
2496 4016 2726 4070 duarum
2796 4017 3208 4086 captivitatem,
3266 4020 3497 4075 dicens:

1929 4128 1948 4159 ι
1981 4106 2135 4161 Nunc
2180 4108 2459 4162 devorabit
2498 4123 2593 4162 eos
2619 4107 2821 4163 mensis
2870 4123 2991 4162 cum
3040 4110 3284 4179 partibus
3313 4112 3448 4176 suis,
3480 4133 3498 4162 ι

1925 4198 2176 4253 hortatur
2196 4212 2291 4252 eos
2314 4198 2467 4267 quasi
2490 4198 2600 4268 iam
2628 4198 2865 4254 instante
2886 4199 3063 4254 vicina
3088 4201 3416 4271 captivitate,
3445 4212 3505 4257 ut

1924 4298 2179 4345 resonent
2208 4290 2451 4346 buceinis
2479 4300 2534 4346 et
2564 4292 2730 4357 tubis,
2770 4293 3118 4349 cohortantes
3161 4308 3220 4349 se
3265 4295 3496 4351 invicem

1925 4382 1977 4436 in
2006 4396 2342 4437 communem
2371 4382 2593 4438 luctum.
2624 4383 2692 4438 Et
2715 4392 2798 4439 est
2823 4399 3044 4440 sensus:
3067 4384 3242 4441 Nolite
3262 4398 3498 4444 vestram

1923 4473 2291 4544 captivitatem
2322 4474 2510 4529 humili
2541 4490 2671 4531 voce
2701 4476 2919 4542 deﬂere,
2963 4477 3061 4532 sed
3100 4477 3345 4534 buceinis
3370 4495 3502 4535 cun-

1922 4577 2141 4638 crepate
2169 4578 2224 4623 et
2272 4570 2439 4634 tubis,
2468 4579 2529 4625 ut
2565 4586 2757 4626 omnes
2796 4572 3017 4627 audiant
3046 4574 3137 4644 qui
3181 4574 3234 4629 in
3272 4576 3501 4632 circuitu:

1923 4667 2065 4713 sunt.
2096 4658 2193 4713 Cui
2239 4660 2420 4714 sensui
2447 4659 2586 4715 bene
2621 4663 2889 4733 congruit,
2916 4665 3064 4733 quod
3107 4664 3287 4721 Gabaa
3325 4667 3500 4731 collis,

1922 4748 2093 4803 Rama
2114 4750 2749 4822 excelsaiuterpretatur.
2775 4753 2980 4808 Dicitur
2998 4770 3128 4827 ergo
3150 4758 3259 4813 eis:
3288 4779 3310 4811 ς
3339 4760 3497 4815 Plan-

1923 4841 2032 4909 gite
2059 4840 2285 4895 buccina
2311 4842 2366 4896 in
2395 4842 2597 4907 Gabaa,
2620 4849 2744 4902 tuba
2778 4848 2832 4903 in
2861 4848 3051 4917 Rama,
3077 4871 3095 4903 ›
3130 4853 3181 4908 id
3206 4864 3289 4909 est
3314 4871 3498 4912 ascen-

1924 4929 2033 4983 dite
2060 4929 2112 4983 in
2139 4938 2351 4985 montes
2374 4941 2429 4986 et
2470 4933 2648 4995 colles,
2676 4936 2926 5008 celsaque
2952 4956 3082 4996 voce
3101 4941 3293 4998 deﬂete
3318 4946 3498 5000 immi-

1925 5026 2143 5072 nentem
2164 5017 2316 5072 vobis
2341 5022 2727 5089 captivitatem.
2758 5045 2778 5075 ε
2802 5026 3015 5083 Ululate
3036 5008 3197 5086 etiam
3221 5031 3275 5088 in
3303 5033 3496 5089 Betha-

1923 5120 2046 5171 ven,
2080 5125 2099 5157 ι
2130 5106 2221 5161 ubi
2264 5116 2349 5163 est
2386 5124 2524 5165 unus
2567 5127 2631 5166 ex
2661 5113 2844 5171 vitulis
2872 5118 3072 5184 aureis,
3125 5136 3225 5190 pro
3267 5137 3498 5191 quorum

1925 5195 2271 5251 veneratione
2291 5199 2451 5253 modo
2475 5201 2671 5269 captivi
2705 5205 2984 5260 tradentur
3009 5206 3344 5266 habitatores
3362 5210 3497 5280 eius.

1925 5284 1992 5339 Et
2007 5285 2232 5355 pulchre
2261 5288 2494 5355 additur,
2525 5308 2545 5341 ο
2583 5302 2703 5360 post
2732 5301 2942 5364 tergum
2971 5304 3120 5352 tuum
3148 5298 3428 5368 Beniamin
3479 5323 3497 5354 ι

1924 5376 2029 5433 Ubi
2077 5377 2223 5432 enim
2258 5379 2433 5434 tribus
2469 5380 2652 5437 ﬁnitur
2705 5383 3005 5455 Beniamin,
3036 5405 3143 5444 non
3186 5391 3375 5459 procul
3419 5403 3501 5451 est

1926 5468 2040 5521 haec
2067 5467 2258 5523 civitas
2286 5469 2503 5525 condita
2540 5472 2593 5525 in
2627 5475 2769 5530 tribu
2804 5476 3082 5548 Ephraim,
3114 5479 3169 5535 in
3204 5484 3508 5551 posteriore

1926 5560 2131 5616 scilicet
2156 5569 2310 5631 parte
2345 5563 2514 5632 ipsius
2540 5563 2840 5634 Beniamin.

2002 5672 2020 5704 ι
2055 5653 2310 5723 Ephraim
2341 5655 2393 5709 in
2434 5656 2820 5713 desolationem
2849 5659 2955 5714 erit
2996 5658 3053 5715 in
3093 5660 3180 5717 die
3205 5666 3502 5727 correctio-

199 4036 416 4077 errore
466 4021 780 4084 scientiam,
817 4020 1126 4090 frustraque
1159 4038 1351 4076 nomen
1384 4022 1818 4077 ecclesiasticum

195 4111 360 4168 conti
370 4117 546 4171 tetur,
579 4109 692 4177 ipse
711 4124 926 4177 quoque
943 4124 1066 4163 cum
1094 4110 1362 4165 haereticis
1387 4112 1693 4181 puniendus
1711 4120 1815 4166 est.

286 4218 310 4250 ‹
349 4198 421 4251 In
466 4196 717 4267 gregibus
738 4197 851 4252 suis
874 4206 928 4252 et
966 4199 1020 4252 in
1062 4202 1325 4255 armentis
1358 4202 1471 4256 suis
1513 4203 1711 4257 vadent
1751 4203 1821 4258 ad

194 4288 585 4364 querendum
617 4286 924 4351 Dominum,
954 4296 1011 4342 et
1051 4303 1157 4341 non
1187 4288 1481 4343 invenient.
1514 4308 1532 4339 ι
1568 4290 1681 4345 Hoc
1709 4301 1821 4344 tam

197 4385 274 4438 de
298 4381 510 4435 decem
541 4376 808 4441 tribubus,
833 4392 994 4447 quam
1024 4386 1079 4432 et
1100 4378 1308 4433 duabus
1338 4380 1506 4450 accipi
1534 4388 1731 4450 potest.
1756 4382 1823 4436 Et

200 4484 424 4527 sensus
451 4474 538 4522 est
564 4485 576 4520 :
606 4466 738 4522 Cum
783 4467 954 4536 pressi
1004 4466 1209 4522 fuerint
1250 4470 1320 4522 ab
1366 4469 1610 4524 hostibus
1656 4470 1821 4525 Israel

199 4572 262 4617 et
286 4558 572 4630 Ephraim
596 4566 650 4612 et
678 4555 865 4622 Judas,
896 4564 1023 4612 tunc
1053 4572 1174 4613 sera
1205 4557 1526 4626 ptenitentia
1552 4558 1700 4615 ducti
1724 4575 1818 4615 va-

203 4656 349 4710 dent
404 4649 483 4705 ad
533 4648 879 4719 qtuerendum
913 4648 1195 4704 Dominum
1251 4650 1303 4703 in
1347 4652 1460 4705 suis
1504 4653 1817 4709 muneribus

202 4744 554 4815 gestientes,
603 4753 724 4793 eum
774 4739 1138 4795 oblationibus
1182 4739 1418 4810 placare,
1459 4756 1619 4812 quem
1664 4744 1817 4814 prius

200 4833 574 4890 oﬂenderant
621 4830 1174 4900 pratvaricatiouihus.
1228 4828 1334 4885 Sed
1382 4847 1488 4886 non
1545 4832 1821 4889 invenient

200 4941 371 4990 eum,
416 4921 578 4990 quia,
606 4920 981 4975 recedentibus
1023 4920 1129 4975 illis
1174 4934 1205 4973 a
1256 4920 1403 4974 cultu
1449 4920 1656 4987 divino,
1703 4923 1819 4993 ipse

202 5027 449 5084 quoque
491 5010 560 5063 ab
585 5009 666 5064 eis
696 5010 938 5064 recessit.
974 5008 1127 5067 Unde
1159 5018 1216 5065 et
1250 5011 1518 5076 subditur,
1555 5031 1573 5064 ι
1609 5013 1819 5068 ablatus

203 5112 295 5159 est
327 5101 411 5156 ab
437 5097 547 5153 eis.
579 5117 599 5151 ο
620 5096 735 5161 Non
765 5113 895 5169 ergo
917 5105 1237 5169 przesentem
1265 5114 1387 5153 eum
1418 5101 1652 5156 sentient
1671 5101 1821 5171 adiu-

204 5204 426 5256 torem,
463 5202 566 5244 nec
611 5189 725 5244 suis
756 5176 891 5244 eum
929 5198 1183 5260 poterunt
1235 5190 1448 5258 placare
1486 5195 1822 5261 muneribus,

205 5280 543 5357 praesertim
587 5294 708 5333 cum
739 5277 1026 5334 Psalmista
1064 5280 1239 5333 dicat:
1268 5278 1380 5334 Non
1422 5282 1710 5350 suscipiam
1756 5286 1822 5339 de

206 5377 389 5430 domo
448 5378 545 5423 tua
576 5369 806 5435 vitulos;
832 5379 925 5425 et:
963 5368 1225 5439 Nunquid
1244 5371 1581 5427 manducabo
1631 5387 1823 5431 carnes

210 5477 548 5525 taurorum,
570 5468 677 5516 θιο.

286 5574 308 5607 ι
349 5553 418 5608 In
475 5549 705 5605 Domino
755 5550 1093 5621 praevaricati
1148 5560 1302 5617 sunt,
1337 5571 1356 5603 ι
1395 5562 1522 5609 tunc
1575 5555 1818 5623 scilicet,

207 5646 458 5720 quando
512 5658 613 5714 pro
641 5642 754 5698 Deo
797 5643 940 5699 idola
988 5645 1231 5701 venerati
1277 5653 1422 5710 sunt,
1474 5664 1494 5697 ι
1525 5648 1653 5717 quia
1683 5649 1823 5707 filios

206 5738 445 5794 alienos
479 5740 803 5807 genuerunt,
841 5751 861 5786 ι
892 5734 996 5791 hoc
1029 5743 1132 5801 est,
1154 5730 1329 5802 juncti
1354 5735 1531 5802 idolis,
1553 5753 1660 5794 non
1688 5740 1820 5804 Deo,
1929 5744 2032 5798 nis.
2064 5762 2081 5795 ι
2113 5743 2171 5798 In
2224 5744 2327 5800 hoc
2371 5744 2489 5801 loco
2534 5747 2793 5817 Ephraim
2833 5749 3051 5805 nomine
3085 5758 3199 5807 tam
3244 5769 3398 5824 reges
3435 5756 3505 5806 de

207 5831 315 5887 sed
364 5823 716 5884 damcnibus
760 5822 1249 5917 ﬁliosgenuerunt.
1282 5826 1454 5883 Alieni
1486 5830 1682 5900 quippe
1724 5832 1817 5917 lilii
1929 5834 2094 5904 stirpe
2122 5832 2239 5901 eius
2256 5837 2628 5903 procedentes.
2655 5853 2816 5907 quam
2839 5848 2894 5893 et
2921 5840 3032 5910 ipse
3055 5843 3239 5904 decem
3266 5822 3503 5901 tribuum

566 5918 840 5979 Ριτιοι..
897 5916 1147 5984 CXVII.
1790 5916 1793 5917 ⁷

3187 5935 3226 5994 2
