4022 6506
562 467 640 520 ’45

1032 466 1380 521 HAYMONIS
1420 466 1896 521 llALBERSTAT.
1938 466 2117 521 EPISC

2216 464 2342 518 )l‘P.
2384 463 2564 520 PARS
2602 464 2645 518 l.
2674 494 2744 505 —
2774 454 3133 517 WCOMMENT.
3174 462 3344 516 Bllll..

3740 473 3809 530 Η

562 578 798 649 populus
833 580 1155 649 designatur.
1191 581 1340 633 Diem
1375 582 1730 650 correptionis
1757 581 1986 651 appellat
2008 591 2139 635 tem-
2167 587 2212 643 Λ
2242 581 2531 651 cnpabunt,
2574 597 2671 651 per
2698 596 2834 651 quos
2862 581 3152 651 perfectam
3198 598 3359 650 super
3395 597 3490 636 eos
3534 583 3812 652 captivita-

573 685 673 740 pus
716 687 823 740 quo
840 670 1030 724 traditi
1058 679 1182 723 sunt
1219 671 1463 724 hostibus
1494 680 1714 740 propter
1755 680 1971 740 peccata
2020 686 2136 734 sua,

569 772 632 815 ut
672 764 763 830 qui
798 761 1081 816 noluerunt
1122 761 1234 815 Deo
1267 761 1475 815 servire
1523 762 1576 815 in
1618 756 1991 831 prosperitate.
2021 777 2138 815 eor-

573 854 865 922 reptionem
912 853 1245 908 sustinerent
1286 853 1520 908 hostium
1551 854 1716 908 variis
1763 853 1941 909 alllicti
1976 854 2138 908 mise-

569 945 683 1000 riis.
712 943 827 1011 Qua
852 943 1104 999 videlicet
1129 944 1215 999 die
1244 942 1371 999 facti
1408 952 1533 998 sunt
1560 944 1616 998 in
1655 943 2039 999 desolationem
2082 953 2137 998 et

567 1053 720 1107 rcges
761 1044 816 1091 et
845 1035 1074 1105 subjecti
1103 1035 1338 1099 illorum,
1382 1035 1595 1105 quando
1616 1035 1944 1104 quibusdam
1972 1036 2137 1089 inter-

565 1128 741 1193 fectis,
768 1130 978 1186 caeteris
1006 1137 1183 1184 autem
1221 1129 1271 1182 in
1307 1127 1670 1197 captivitatem
1701 1129 1963 1191 abductis,
1993 1136 2134 1184 terra

564 1236 751 1275 eorum
794 1237 824 1276 a
856 1222 969 1276 suis
995 1221 1290 1277 cultoribus
1317 1234 1483 1274 vacua
1513 1221 1794 1276 remansit.
1831 1240 1849 1271 ι
1877 1221 1934 1276 in
1968 1219 2134 1275 tribu-

565 1313 664 1366 bus
681 1312 845 1367 lsrael
874 1312 1080 1366 ostendi
1116 1311 1294 1365 ﬁdem.
1329 1328 1346 1360 ι
1382 1309 1762 1380 Septuaginta:
1787 1310 1845 1365 In
1892 1308 2134 1365 tribubus

565 1404 723 1457 lsrael
749 1404 957 1458 ostendi
992 1400 1190 1464 ﬁdelia,
1218 1412 1271 1453 et
1298 1401 1519 1471 ponitur
1544 1401 1615 1455 ibi
1638 1401 1969 1470 praeteritum
2000 1409 2163 1454 tem-.

562 1510 662 1563 pus
683 1508 781 1564 pro
803 1492 999 1553 futuro,
1023 1490 1230 1546 ostendi
1260 1506 1357 1559 pro
1386 1491 1690 1544 ostendam.
1723 1489 1801 1544 Ac
1827 1490 1872 1544 si
1896 1488 2129 1545 diceret:

560 1588 693 1643 Cum
725 1587 970 1642 venerint
989 1601 1076 1646 ea,
1103 1601 1224 1655 qum
1263 1585 1646 1655 priusdocutus
1671 1600 1787 1639 sum
1811 1584 1865 1638 in
1894 1584 2127 1654 prophe-

558 1679 650 1742 tis,
680 1675 1168 1735 ostendamtﬁdem,
1194 1674 1245 1729 id
1282 1683 1385 1738 est,
1416 1674 1588 1728 ﬁdelia
1618 1674 1780 1727 verba
1810 1688 1926 1728 mea
1955 1673 2129 1727 mani-

560 1770 766 1825 festabo
793 1778 848 1823 et
871 1783 1018 1830 vera,
1041 1766 1165 1836 quia
1191 1764 1449 1835 quidquid
1471 1764 1536 1817 de
1561 1778 1747 1817 eorum
1771 1763 1981 1817 locutus
2009 1777 2127 1817 smn

556 1860 881 1929 perditione,
932 1856 1289 1928 complebitnr
1323 1869 1506 1924 opere.
1555 1853 1662 1917 Sed
1704 1861 1758 1907 et
1801 1852 2039 1907 haeretici
2072 1851 2124 1906 in

2239 680 2345 724 tem
2369 680 2423 725 et
2456 681 2681 726 mortem
2722 673 3061 727 abundanter
3100 672 3372 736 inducam,
3407 674 3532 743 quia
3562 691 3664 730 non
3696 673 3810 728 suis

2235 766 2460 829 viribus,
2491 767 2583 820 sed
2615 781 2733 821 mea
2768 768 2872 821 hoc
2915 765 3113 821 facient
3150 766 3535 838 indignatione.
3573 767 3808 825 Verbum

2235 856 2377 907 enim
2412 854 2708 917 effusionis,
2753 854 3057 925 largitatem
3087 865 3142 909 et
3165 858 3586 926 magnitudinem
3615 861 3690 915 rei
3737 861 3809 914 de

2233 959 2339 1012 qua
2391 946 2586 1016 agitur,
2634 947 2921 1016 signiﬁcat.
2978 947 3119 1001 Dicit
3163 963 3375 1018 quoque
3422 951 3487 1004 ad
3538 952 3809 1022 principes

2232 1031 2391 1097 Iuda,
2422 1034 2524 1088 hoc
2568 1043 2651 1088 est
2677 1034 2951 1098 Ecclesiae,
2978 1037 3122 1105 quod
3168 1051 3273 1090 non
3304 1038 3589 1093 debuerint
3630 1043 3807 1094 exsul—

2232 1132 2371 1188 tare,
2392 1134 2447 1179 et
2470 1127 2824 1195 reproborum
2852 1129 3206 1197 perditionem
3242 1145 3393 1185 suam
3423 1133 3689 1186 :cstimare
3716 1150 3801 1187 sa-

2230 1213 2418 1277 lutem,
2450 1217 2543 1271 sed
2581 1218 2760 1286 potius
2802 1217 3059 1288 plangere
3098 1220 3238 1287 quod
3284 1220 3357 1275 illi
3389 1222 3662 1289 perierint.
3692 1239 3804 1277 meo

2229 1319 2408 1359 mores
2433 1320 2543 1360 suae
2581 1308 2924 1363 conditionis.
2970 1309 3123 1364 Unde
3159 1320 3215 1365 et
3240 1310 3526 1379 Apostolus
3555 1314 3804 1369 admouet

2229 1394 2376 1448 viros
2406 1395 2820 1461 ecclesiasticos,
2851 1412 2919 1450 ne
2964 1413 3129 1467 super
3170 1397 3433 1455 fraetlone
3459 1400 3800 1458 Iudaicarum

2228 1482 2524 1552 glorientur
2557 1500 2850 1549 ramorum,
2882 1487 2974 1541 sed
3016 1489 3188 1558 magis
3234 1491 3456 1546 timeant
3493 1508 3560 1547 ne
3604 1502 3659 1547 et
3701 1495 3803 1565 ipsi

2227 1572 2524 1644 fragantur.
2571 1575 2677 1630 Sed
2700 1577 2826 1646 quia
2855 1577 2921 1630 de
2948 1577 3168 1632 interitu
3199 1580 3415 1649 quidam
3455 1584 3692 1651 gaudent
3718 1601 3801 1641 re-

2226 1665 2540 1732 proborum,
2567 1675 2622 1720 et
2643 1667 2840 1720 idcirco
2865 1676 3009 1721 stare
3039 1683 3097 1722 se
3120 1678 3311 1737 putant
3338 1672 3382 1725 si
3407 1673 3497 1725 alii
3524 1685 3794 1733 corruant.

2226 1754 2451 1810 elfundit
2479 1769 2641 1827 super
2658 1771 2753 1812 eos
2779 1757 3038 1813 Dominus
3058 1760 3210 1826 quasi
3234 1775 3427 1829 aquam
3458 1761 3590 1830 iran
3622 1779 3796 1828 suam,

2225 1844 2349 1913 quia
2372 1836 2688 1916 plerumque
2718 1846 2844 1900 dum
2872 1845 2959 1900 alii
2991 1847 3058 1902 de
3086 1847 3322 1902 aliorum
3347 1850 3505 1919 lapsu
3526 1850 3796 1918 lzetantnr,

555 1952 735 2006 Gabaa
764 1963 818 2005 et
842 1951 897 2005 in
923 1949 1116 2013 Rama,
1149 1947 1200 2002 id
1229 1955 1331 2006 est,
1364 1946 1415 1999 in
1440 1955 1650 1998 tumore
1677 1943 1920 2013 superbae
1947 1942 2122 1996 scien-
2157 1943 2201 2003 Β
2231 1935 2331 2004 ipsi
2354 1936 2406 1989 in
2430 1930 2623 1992 eadem
2651 1937 2892 1991 incidunt
2918 1938 3078 2002 mala,
3112 1954 3208 2008 pro
3245 1940 3441 2008 quibus
3479 1941 3601 1994 aliis
3630 1942 3795 1996 insul-

557 2045 644 2099 tia:
685 2050 985 2103 morantur,
1021 2039 1145 2095 dum
1174 2037 1441 2093 excelsam
1487 2050 1546 2089 se
1592 2043 1778 2105 putant
1804 2033 2003 2087 habere
2032 2047 2123 2085 sa-

547 2134 832 2205 pientiam,
854 2132 1040 2200 ibique
1083 2127 1221 2183 idola
1253 2127 1455 2190 colunt,
1487 2126 1538 2180 id
1575 2132 1680 2188 est,
1715 2123 1846 2178 falsa
1878 2123 2124 2192 dogmata

554 2240 674 2293 qua:
698 2224 764 2278 de
791 2237 890 2276 suo
916 2220 1078 2275 corde
1101 2218 1391 2277 ﬁnxerunt,
1422 2222 1763 2271 venerantur.
1790 2212 2127 2283 Quapropter

552 2315 863 2386 praecipitur
884 2313 963 2368 eis
1016 2320 1076 2365 ut
1109 2326 1222 2364 non
1250 2307 1463 2363 silentio
1502 2307 1700 2360 malum
1733 2320 1887 2359 suum
1917 2310 2122 2375 tegant,

553 2409 645 2463 sed
672 2405 884 2478 publice
910 2401 1116 2459 cunctis
1145 2398 1509 2455 manifestam.
1543 2398 1609 2450 Et
1632 2395 1893 2464 iubentur
1915 2392 2124 2449 ululare

553 2501 606 2553 in
645 2497 939 2559 Bethaven,
979 2508 1098 2563 quae
1127 2492 1317 2546 domus
1363 2488 1565 2543 inutilis
1609 2497 1783 2550 sonat,
1811 2488 1911 2542 hoc
1938 2493 2041 2549 est,
2063 2485 2119 2541 in

551 2590 663 2644 suis
713 2587 964 2643 cordibus
1012 2598 1129 2655 quae
1164 2583 1325 2654 prius
1376 2595 1473 2650 per
1520 2589 1720 2634 rectam
1761 2579 1920 2634 ﬁdem
1967 2586 2124 2633 erant

552 2678 753 2743 Betbel,
786 2678 837 2732 id
864 2684 948 2731 est
977 2677 1167 2729 domus
1199 2672 1316 2735 Dei,
1362 2671 1457 2727 sed
1493 2672 1606 2742 jam
1634 2685 1731 2739 per
1768 2671 2008 2724 diversos
2033 2684 2122 2723 er-

541 2788 702 2831 rores
728 2769 938 2829 inutilia
959 2768 1099 2825 facta
1130 2774 1276 2837 sunt,
1300 2766 1492 2841 quibus
1514 2765 1649 2825 bene
1682 2762 1947 2839 congruit,
1977 2759 2121 2838 quod

550 2869 819 2924 Betbaven
869 2874 995 2936 post
1042 2873 1251 2934 tergum
1306 2860 1582 2931 Benjamiu
1631 2860 1797 2914 fuisse
1851 2873 2120 2912 memora-

534 2959 961 3027 'tur.‘Benjamin
994 2957 1190 3026 quippe
1217 2955 1605 3022 interpretatur
1636 2949 1844 3012 dexter,
1873 2958 1928 3003 et
1951 2947 2117 3018 signi-

549 3055 675 3109 licat
697 3058 914 3107 sanctos
942 3048 1008 3103 ad
1043 3047 1340 3106 dexteram,
1369 3043 1423 3096 id
1460 3041 1656 3107 est,-ad
1695 3040 1930 3096 caelestis
1970 3038 2117 3109 regni

547 3146 958 3216 prosperitatem
986 3149 1263 3203 venturus,
1307 3137 1396 3207 qui
1429 3145 1650 3205 propter
1687 3133 1880 3204 gaudia
1917 3140 2116 3187 aaterua

545 3240 723 3293 omnia
747 3236 1029 3308 praesentis
1055 3234 1177 3288 vita:
1200 3230 1478 3285 commoda
1504 3235 1625 3298 post
1652 3226 1868 3280 dorsum
1894 3223 2114 3287 habent,

2230 2027 2436 2089 labant,
2471 2042 2535 2081 ac
2560 2043 2657 2097 per
2683 2028 2941 2081 hoc-iram
2972 2029 3065 2083 Dei
3099 2029 3399 2085 incurrunt.
3445 2031 3797 2088 Transierunt

2224 2115 2386 2169 etiam
2413 2114 2548 2170 Juda
2594 2117 2863 2186 principes
2893 2118 3169 2184 terminos,
3209 2135 3346 2188 quos
3383 2131 3679 2190 posuerunt
3705 2140 3798 2194 pa-

2225 2210 2338 2259 tres
2363 2219 2576 2268 eorum,
2620 2209 2834 2277 quando
2874 2206 3161 2262 immutant
3188 2212 3466 2267 mendacio
3490 2214 3796 2280 veritatem,

2222 2306 2279 2353 et
2304 2297 2447 2354 aliud
2470 2300 2766 2368 prardicant
2784 2315 2945 2370 quam
2971 2304 3038 2355 ab
3061 2305 3319 2372 apostolis
3344 2320 3687 2378 acceperunt.

2195 2377 2213 2477 )
2301 2409 2321 2440 ι
2356 2389 2689 2444 Calumniam
2734 2392 2943 2462 patiens
2975 2392 3249 2464 Ephraim,
3284 2377 3487 2453 fractus
3505 2397 3730 2466 judicio.
3768 2421 3791 2455 ›

2222 2480 2458 2551 Populus
2497 2481 2821 2538 lsraeliticus
2861 2483 3036 2539 adhuc
3077 2486 3130 2539 in
3167 2487 3363 2542 duritia
3409 2491 3591 2547 cordis
3617 2507 3795 2561 persc-

2220 2588 2414 2628 verans
2442 2574 2655 2628 dicebat
2679 2589 2739 2629 se
2784 2574 3009 2631 fractum
3032 2576 3257 2646 judicio,
3281 2588 3336 2636 et
3359 2562 3541 2653 inique
3566 2587 3794 2655 Opprimi

2221 2665 2289 2719 ab
2311 2664 2575 2729 hostibus,
2600 2666 2814 2720 dicens:
2840 2666 3100 2734 Quoniam
3117 2684 3213 2724 nos
3230 2686 3295 2725 ex
3308 2687 3508 2743 genere
3522 2674 3793 2731 Abraham

2220 2755 2377 2811 amici
2405 2754 2495 2816 Πρί
2527 2757 2923 2829 descendimus,
2952 2759 3226 2835 pejorilnts
3246 2763 3419 2833 mltis,
3448 2764 3551 2825 hoc
3577 2776 3682 2837 est,
3709 2768 3793 2826 ἰη-

2215 2854 2555 2907 circumcisis
2588 2863 2644 2909 et
2691 2854 3009 2920 idololatris,
3060 2858 3380 2928 penitusque
3427 2875 3460 2915 a
3501 2861 3595 2917 Dei
3647 2863 3793 2917 cultu

2218 2941 2409 2996 alienis
2434 2943 2578 2997 tradi
2631 2958 2737 2997 non
2785 2944 3175 3001 debuissemus.
3212 2946 3547 3004 Calumniam
3599 2953 3795 3023 quippe

2218 3034 2449 3106 appellat
2500 3036 2841 3093 alllictionem
2872 3038 2940 3092 ab
2984 3039 3231 3094 hostibus
3270 3041 3319 3095 ei
3360 3042 3582 3108 illatam,
3629 3061 3792 3115 quam

2217 3129 2527 3191 sustineret,
2569 3128 2799 3184 fractum
2829 3145 2888 3186 se
2923 3130 3378 3199 dicebatjttdicio,
3418 3134 3519 3191 hoc
3561 3145 3662 3199 est,
3711 3140 3796 3192 in-

2205 3218 2352 3287 juste
2388 3231 2442 3274 et
2484 3221 2603 3275 sine
2631 3220 2805 3291 aliqua
2837 3221 2994 3292 culpa
3048 3223 3317 3279 fatebatur
3349 3241 3405 3280 se
3451 3227 3787 3282 damnatum.

544 3331 667 3401 quia
702 3303 892 3384 cuncta
939 3331 1267 3396 postpouunt
1313 3319 1664 3376 trauseuntia,
1710 3317 1951 3370 dicentes
1992 3327 2114 3368 cum
2141 3303 2184 3364 C
2217 3309 2599 3376 Quamobrem,
2630 3320 2688 3365 ut
2715 3328 2823 3366 non
2854 3313 2971 3368 sine
2992 3329 3151 3369 causa
3173 3327 3460 3387 cognoscat
3480 3333 3541 3372 se
3561 3319 3665 3373 hoc
3696 3336 3795 3374 su-

542 3417 797 3488 Apostolo
822 3435 836 3470 :
860 3412 1038 3470 Unum
1069 3420 1152 3467 est
1181 3409 1320 3479 quod
1348 3418 1494 3463 retro
1534 3406 1932 3468 obliviscentes,
1961 3411 2018 3457 et
2054 3401 2109 3456 in

545 3506 817 3561 anteriora
837 3517 937 3560 nos
966 3499 1339 3561 extendentes,
1369 3495 1644 3566 sequimur
1672 3495 1736 3547 ad
1766 3492 2011 3548 bravium
2032 3507 2115 3546 sn-

546 3610 722 3666 pernte
744 3592 1062 3649 vocationis.
1085 3588 1333 3644 Haeretici
1368 3601 1496 3641 vero
1522 3595 1647 3657 post
1692 3594 1894 3655 tergum
1918 3580 2114 3650 Benja-

544 3687 654 3741 min
690 3692 836 3750 sunt,
883 3682 1008 3754 quia
1058 3679 1145 3735 illa
1175 3694 1294 3749 qua:
1324 3678 1376 3732 in
1420 3676 1674 3747 przesenti
1717 3682 1842 3728 sunt
1887 3673 2017 3737 vita,
2059 3680 2114 3726 et

544 3776 715 3831 sancti
745 3772 1017 3843 despectui
1056 3770 1273 3827 habent,
1302 3766 1728 3843 desiderabiliter
1760 3769 2036 3832 appetunt,
2057 3769 2113 3814 et

543 3863 930 3921 delectabiliter
957 3870 1271 3930 sequuntur,
1311 3866 1477 3913 letam
1515 3872 1663 3927 spem
1685 3871 1834 3909 suam
1857 3856 1907 3907 iu
1940 3862 2109 3907 trans-

544 3955 717 4010 itoriis
757 3953 915 4008 rebus
952 3951 1179 4022 positam
1217 3950 1475 4003 habentes
1501 3987 1515 4012 ,
1563 3955 1617 4001 et
1642 3945 1732 4014 qui
1767 3945 1917 4014 prius
1958 3944 2107 3997 vide-

544 4048 738 4099 bantur
768 4057 887 4098 esse
926 4040 1208 4110 Ephraim,
1236 4039 1286 4092 id
1315 4048 1397 4093 est
1419 4038 1660 4101 ubertas,
1684 4052 1806 4092 cum
1833 4036 2113 4089 advenerit

531 4136 655 4189 dies
674 4131 1061 4201 correptionis,
1094 4130 1145 4184 id
1189 4137 1273 4184 est
1317 4127 1531 4196 iudicii,
1561 4134 1720 4182 erunt
1746 4126 1797 4180 in
1825 4126 2111 4181 desolatio-

529 4239 683 4287 mem,
707 4223 919 4293 quando
938 4219 1214 4290 exspoliati
1240 4219 1393 4274 bonis
1406 4216 1882 4287 omnibus,quibus
1906 4217 2110 4287 pollere

540 4314 879 4378 videbantur,
904 4311 1029 4365 nudi
1048 4319 1103 4364 et
1120 4309 1273 4363 vacui
1304 4309 1412 4379 igni
1445 4308 1726 4362 tradentur
1756 4307 2108 4378 inexstingni-

528 4402 655 4457 bili.
691 4401 840 4459 Tunc
865 4400 1025 4456 etiam
1066 4396 1323 4454 Dominus
1354 4398 1406 4450 in
1433 4394 1775 4451 damnatione
1808 4395 2017 4450 illorum
2045 4395 2110 4450 ll-

539 4494 660 4549 dem
689 4491 952 4552 ostendet,
982 4490 1032 4545 id
1071 4498 1176 4553 est,
1215 4489 1376 4542 verba
1420 4502 1517 4542 sua
1548 4485 1722 4541 ﬁdelia
1768 4495 1823 4541 et
1860 4502 1987 4540 vera
2015 4488 2107 4541 de-

539 4583 879 4648 monstrabit,
919 4596 1040 4637 cum
1081 4581 1183 4635 hoc
1220 4578 1361 4648 quod
1390 4577 1457 4632 de
1483 4577 1694 4630 illorum
1736 4577 1953 4631 interitu
1981 4584 2106 4631 ante

2211 3399 2442 3463 stinere,
2470 3398 2737 3465 subditur,
2759 3421 2776 3452 ι
2800 3403 3052 3472 quoniam
3074 3408 3400 3476 cmpitabire
3416 3409 3789 3478 postserdes.»

2212 3493 2291 3549 Ac
2329 3494 2373 3549 si
2420 3494 2668 3551 diceret:
2709 3495 2841 3550 Non
2874 3497 3076 3554 idcirco
3106 3501 3289 3556 traditi
3335 3512 3461 3557 sunt
3505 3502 3792 3567 Chaldaeis,

2213 3586 2356 3656 quod
2398 3584 2657 3654 iustiores
2707 3586 2925 3651 fuerint,
2958 3588 3048 3658 qui
3093 3604 3187 3646 eos
3237 3603 3642 3662 oppresserunt,
3697 3598 3791 3650 sed

2214 3680 2336 3747 quia
2358 3677 2553 3745 Judaei,
2571 3682 2841 3749 quondam
2869 3680 3095 3750 populus
3116 3697 3293 3748 meus,
3310 3699 3395 3739 me
3415 3686 3791 3751 deseruerunt,

2213 3777 2267 3822 et
2296 3778 2578 3837 coeperunt
2606 3769 2756 3825 abire
2782 3779 2906 3838 post
2933 3771 3143 3833 sordes,
3184 3773 3289 3828 hoc
3325 3781 3427 3837 est,
3459 3783 3580 3844 post
3628 3775 3790 3829 idola.

2214 3858 2367 3913 Unde
2393 3858 2644 3914 sordibus
2670 3867 2725 3912 et
2754 3859 3108 3914 immunditiis
3134 3870 3535 3931 comparantur.
3565 3864 3795 3933 ideoque

2205 3946 2404 4016 justam
2440 3947 2606 4003 infert
2647 3949 2993 4014 sententiam,
3023 3951 3312 4005 ostendens
3344 3966 3441 4006 eos
3470 3952 3670 4008 idcirco
3701 3970 3790 4007 ων

2208 4038 2468 4093 lumniam
2517 4038 2804 4105 sustinere,
2852 4047 2907 4094 et
2952 4040 3087 4096 tradi
3127 4041 3416 4111 peioribus,
3463 4043 3586 4112 quia
3629 4046 3791 4115 coepit

2209 4127 2464 4198 Ephraim
2512 4128 2642 4199 (hoc
2680 4137 2764 4183 est
2818 4129 3164 4198 Hieroboam)
3197 4132 3349 4186 abire
3379 4142 3502 4203 post
3542 4133 3706 4197 idola,
3734 4144 3791 4189 et

2211 4218 2379 4275 licunt
2407 4220 2799 4290 derelinquere.
2847 4220 2965 4290 Ipse
2990 4222 3132 4276 enim
3161 4237 3355 4278 aureos
3405 4222 3686 4280 fabricavit
3711 4227 3792 4279 ri-

2211 4315 2374 4379 tulos,
2400 4328 2534 4385 quos
2559 4322 2745 4385 postea
2776 4314 3004 4384 populus
3028 4315 3291 4370 adoravit.
3319 4315 3387 4370 Et
3427 4316 3493 4371 de
3518 4317 3791 4373 hatreticis

2210 4407 2527 4462 manifestus
2567 4415 2649 4461 est
2686 4420 2898 4470 sensus,
2946 4408 3088 4476 quod
3135 4406 3555 4476 sophismatibus
3582 4408 3696 4463 suis
3734 4418 3791 4463 et

2208 4505 2326 4552 arte
2352 4496 2631 4553 dialectica
2656 4499 3025 4566 oppresserint
3049 4498 3362 4554 Ecclesiam.
3391 4498 3495 4554 Sed
3526 4516 3649 4555 cum
3679 4500 3789 4556 hoc

2210 4586 2470 4651 fecerunt,
2513 4572 2617 4644 non
2661 4589 2978 4644 munditiam
3013 4605 3152 4645 verae
3194 4589 3337 4655 ﬁdei,
3370 4593 3461 4646 sed
3486 4593 3677 4649 sordes
3699 4610 3789 4649 se-

524 4646 878 4744 praedixerat,
903 4684 1066 4743 opere
1111 4646 1423 4737 complevit.
1475 4665 1627 4733 Quod
1676 4682 1782 4722 non
1816 4667 1987 4721 solum
2035 4668 2102 4722 ad

2216 4688 2445 4749 quuntur
2482 4679 2770 4734 mendacii.
2818 4679 2919 4747 Qui
2969 4697 3090 4735 cum
3125 4696 3183 4736 se
3226 4681 3509 4738 damnatos
3551 4684 3791 4740 viderint

539 4767 839 4829 haereticos,
867 4763 962 4819 sed
990 4763 1054 4817 ad
1083 4774 1271 4816 omnes
1292 4758 1620 4831 generaliter
1645 4758 1901 4828 reprobos
1926 4769 2105 4828 potest

537 4876 641 4914 non
668 4855 1105 4913 inconvenienter
1132 4850 1342 4907 referri.

610 4970 629 5002 ι
658 4949 807 5004 Facti
829 4956 955 5001 sunt
980 4942 1251 5015 principes
1272 4939 1404 4995 Iuda
1433 4939 1587 5010 quasi
1618 4948 1954 4996 assumentes
1993 4948 2101 4996 ter-

535 5044 758 5098 minum.
794 5060 813 5093 »
847 5038 946 5106 Qui
978 5038 1107 5091 ﬁere
1131 5035 1447 5095 debuerant,
1470 5041 1525 5086 et
1545 5048 1700 5086 suum
1736 5032 1988 5103 pupulum
2010 5048 2099 5087 co-

536 5131 762 5194 hortari,
808 5138 869 5182 ut
912 5125 1226 5181 recederent
1266 5121 1334 5175 ab
1375 5121 1636 5176 idolorum
1672 5121 1902 5185 cultura,
1926 5130 1982 5175 et
2031 5136 2099 5176 ne

534 5222 634 5292 ipsi
664 5218 857 5276 similia
889 5214 1239 5276 sustinerent,
1261 5218 1537 5280 coeperunt
1561 5211 1813 5280 gaudere,
1836 5211 1975 5280 quod
2004 5226 2097 5280 pa-

526 5320 673 5366 teret
695 5309 796 5364 sibi
822 5317 962 5362 terra
984 5319 1169 5359 eorum
1198 5303 1265 5356 ad
1288 5301 1668 5371 possidendum
1691 5300 1867 5361 latius,
1896 5309 1952 5353 et
1970 5299 2096 5354 facti

531 5409 659 5457 sunt
676 5398 841 5469 quasi
879 5403 1213 5451 assumentes
1241 5393 1497 5447 terminos
1540 5390 1773 5455 Israelis,
1811 5400 2096 5445 transeun-

527 5504 617 5548 tes
642 5492 778 5546 tines
799 5500 950 5550 suos,
971 5497 1026 5541 et
1055 5485 1107 5538 in
1130 5485 1307 5552 regnis
1350 5483 1615 5551 quondam
1640 5496 1846 5545 eorum,
1872 5496 2095 5551 regnum

428 5562 431 5565 ν
530 5596 687 5641 suum
740 5586 795 5633 et
843 5575 1239 5647 possessionem
1290 5573 1514 5626 dilatare
1560 5571 1855 5641 cupientes.
1896 5572 2099 5637 Quam-

528 5673 715 5727 obrem
746 5668 993 5725 subditur
1020 5684 1034 5721 :
1063 5686 1081 5719 ι
1112 5664 1286 5736 Super
1305 5677 1399 5719 eos
1426 5660 1693 5717 effundam
1719 5662 1867 5731 quasi
1902 5677 2097 5732 aquam

532 5766 667 5818 Iram
692 5776 885 5824 meam,
921 5779 940 5812 ι
971 5760 1020 5815 id
1043 5769 1144 5822 est,
1168 5771 1331 5828 super
1372 5756 1517 5825 ipsos
1544 5754 1811 5824 principes
1835 5751 1969 5807 Juda
2009 5770 2095 5808 ve-

532 5856 675 5908 nient
707 5852 998 5924 llabylunii,
1031 5859 1081 5904 et
1116 5850 1185 5903 ita
1220 5863 1325 5903 'eos
1348 5846 1497 5917 quasi
1547 5858 1697 5913 aquae
1742 5844 1970 5913 impetus
1999 5859 2089 5898 oc-

2204 4786 2326 4825 cum
2348 4769 2559 4824 diabolo
2578 4780 2632 4825 ct
2661 4771 2865 4843 angelis
2889 4770 3022 4840 ejus,
3046 4774 3299 4827 videntur
3323 4773 3425 4827 sibi
3452 4775 3785 4830 calumniam

2201 4861 2336 4931 pati,
2361 4869 2414 4915 ct
2443 4862 2493 4915 in
2525 4878 2581 4916 se
2614 4861 2839 4916 fractam
2870 4879 2992 4919 esse
3027 4864 3211 4934 judicii
3252 4865 3551 4921 veritatem.
3580 4867 3690 4923 Sed
3729 4881 3787 4923 et

2201 4953 2267 5007 de
2300 4953 2547 5008 omnibus
2571 4954 2812 5024 reprobis
2841 4955 3117 5010 sciendum
3140 4965 3241 5013 est.

2275 5063 2293 5095 ‹
2321 5043 2388 5097 Et
2414 5059 2511 5113 ego
2540 5042 2692 5112 quasi
2738 5044 2880 5099 tinea
2931 5045 3205 5115 Ephraim,
3250 5056 3304 5102 et
3348 5048 3499 5118 quasi
3546 5052 3786 5120 putredo

2198 5135 2377 5190 domui
2409 5133 2560 5188 Juda.
2601 5155 2618 5186 ›
2653 5136 2817 5190 Tinea
2861 5140 3093 5194 comedit
3117 5142 3518 5207 vestimentum,
3547 5145 3787 5213 putredo

2198 5231 2375 5277 autem
2400 5222 2485 5277 vel
2516 5224 2692 5278 caries
2722 5224 2862 5295 ligna
2891 5229 3179 5293 consumit,
3223 5239 3412 5299 estque
3444 5232 3495 5286 in
3528 5232 3616 5287 bis
3653 5248 3788 5288 ver-

2201 5313 2283 5366 bis
2332 5328 2563 5367 sensus:
2599 5313 2752 5369 Sicut
2783 5316 2922 5371 tinea
2970 5321 3241 5374 consumit
3280 5323 3684 5391 vestimentum,
3726 5337 3787 5379 et

2197 5402 2425 5470 putredo
2456 5401 2540 5455 vel
2571 5404 2744 5458 caries
2784 5403 3007 5475 lignum,
3036 5408 3178 5477 quod
3207 5418 3495 5481 utrumque
3527 5428 3624 5483 per
3645 5430 3781 5486 spa-

2203 5493 2334 5547 tium
2376 5494 2434 5548 ﬁt
2462 5497 2733 5565 temporis.
2782 5497 2856 5551 ita
2887 5515 2984 5569 ego
3025 5509 3080 5555 et
3109 5503 3256 5570 prius
3284 5504 3465 5559 decem
3502 5517 3556 5560 et
3584 5520 3782 5578 postea

2201 5580 2408 5638 duabus
2450 5583 2699 5639 tribubus
2752 5586 2913 5655 longo
2968 5596 3206 5658 tempore
3251 5594 3619 5661 paenitentiam
3671 5601 3782 5653 tri-

2198 5671 2387 5736 buens,
2417 5686 2617 5743 eosque
2644 5676 2709 5729 ad
2734 5676 2959 5731 salutem
2991 5694 3309 5748 provocans,
3344 5683 3675 5742 damnationi
3712 5689 3780 5742 il-

2198 5761 2276 5813 los
2321 5763 2547 5817 tradam.
2580 5763 2679 5819 Ubi
2728 5767 3018 5821 notandum
3049 5770 3188 5838 quod
3245 5773 3385 5827 tinea
3420 5774 3653 5832 refertur
3709 5779 3782 5832 ad

2197 5853 2468 5920 Ephraim,
2520 5855 2747 5921 putredo
2789 5867 2965 5910 autem
3014 5860 3079 5913 ad
3128 5861 3342 5916 domum
3396 5864 3549 5918 Juda.
3599 5864 3783 5922 Tittea
