4042 6338
281 432 350 484 ιδ
1311 427 1706 482 ENARRATIO
1744 425 1810 479 IN
1847 425 2022 480 OSEE
2062 425 2478 482 PROPllETAM
3447 429 3518 488 ιο

271 544 470 612 quippe
516 541 744 597 celerius
792 543 1058 597 consumit
1106 542 1504 604 vestimentum,
1544 555 1702 609 quam
1748 556 1844 608 pu-
1872 546 1918 602 Α
1947 541 2195 596 similiter
2219 542 2414 596 dicitur
2438 552 2497 596 ut
2523 542 2732 598 Latine.
2764 543 2878 611 Qua
2901 541 3070 599 bestia
3111 545 3129 615 (
3144 554 3201 602 ut
3241 547 3370 604 dicit
3396 550 3526 606 bea-

272 633 428 685 tredo
453 631 540 686 vel
567 633 741 686 caries
763 631 985 701 lignum.
1017 631 1094 685 Ac
1119 646 1217 699 per
1252 632 1354 685 hoc
1377 631 1683 685 ostenditur
1705 630 1853 699 prius

271 708 470 774 l'actam
519 720 707 774 decem
749 721 984 774 tribuum
1040 721 1428 788 captivitatem,
1474 721 1667 776 deinde
1716 721 1848 774 dua-

270 827 392 864 rum
430 829 441 863 :
473 811 726 879 quoniam
747 811 838 879 qui
869 811 1074 878 priores
1106 825 1318 879 quoque
1347 812 1456 864 dati
1507 819 1631 865 sunt
1673 811 1724 864 in
1756 826 1850 864 ca-

267 901 601 971 ptivitatem,
644 901 1026 954 advertendum
1079 901 1268 964 etiam,
1319 900 1460 968 quod
1513 915 1633 953 cum
1681 907 1849 952 totum

271 993 526 1061 Ephraim
560 1008 618 1048 se
644 1002 896 1060 tanquam
927 993 1067 1046 tinea
1104 999 1548 1061 consumpturum
1575 1001 1848 1061 protesta-

273 1094 383 1146 tur,
411 1085 477 1138 de
515 1085 658 1138 tribu
706 1082 841 1138 Juda
887 1084 1111 1153 loquens
1141 1084 1216 1136 ait
1245 1100 1257 1135 :
1288 1100 1307 1133 ε
1341 1082 1409 1136 Et
1445 1098 1545 1152 ego
1570 1084 1722 1152 quasi
1754 1098 1850 1151 pu-

271 1174 427 1227 tredo
469 1175 652 1228 domui
682 1174 838 1228 Juda.
872 1193 891 1225 l
925 1175 980 1228 ln
1021 1173 1215 1243 quibus
1257 1174 1437 1228 verbis
1463 1173 1696 1227 ostendit
1727 1189 1849 1241 par-

268 1270 376 1316 tem
400 1263 690 1330 quamdam
721 1276 778 1316 se
807 1273 1144 1316 servaturum
1180 1277 1244 1316 ex
1273 1262 1373 1326 eis,
1411 1277 1530 1331 quae
1557 1273 1740 1332 postea
1765 1279 1849 1316 re-

265 1365 424 1404 versa
470 1359 574 1412 est,
597 1365 663 1402 ex
705 1365 810 1418 qua
855 1350 1103 1404 Christus
1135 1351 1398 1419 originem
1452 1351 1622 1411 duxit,
1649 1352 1734 1405 cui
1765 1365 1848 1405 re-

264 1439 556 1506 promissio
587 1438 818 1506 reposita
848 1444 951 1500 est,
991 1437 1201 1490 dicente
1226 1436 1394 1492 Jacob
1421 1454 1435 1489 :
1465 1455 1483 1487 ι
1517 1437 1582 1490 Ει
1602 1437 1716 1507 ipse
1745 1437 1850 1490 erit

265 1528 599 1597 exspectatio
636 1528 893 1597 gentium.
928 1546 946 1578 ›
979 1526 1184 1582 Punitis
1214 1536 1391 1580 autem
1436 1527 1724 1590 haereticis,
1753 1528 1846 1597 qui

267 1618 648 1684 intelliguntur
675 1616 892 1670 nomine
924 1617 1199 1685 Ephraim,
1227 1616 1390 1671 etiam
1421 1614 1610 1681 ludas,
1640 1617 1848 1671 scilicet

267 1706 319 1757 hi
351 1705 442 1773 qui
494 1705 546 1757 in
596 1703 834 1758 Ecclesia
879 1710 1217 1772 permanent,
1247 1711 1303 1758 et
1334 1702 1711 1758 haereticorum
1759 1704 1845 1758 vel

264 1797 414 1849 vitiis
435 1796 516 1849 vel
540 1794 819 1849 erroribus
840 1794 1202 1858 continentur,
1227 1795 1390 1849 simili
1414 1781 1692 1849 sententia:
1714 1796 1842 1849 sub-

258 1890 536 1957 jaeebunt,
561 1890 684 1958 quia
711 1903 931 1943 necesse
955 1895 1095 1952 erat,
1119 1896 1177 1941 ut
1211 1887 1301 1956 qui
1331 1901 1518 1942 eorum
1565 1887 1844 1942 imitantur
1872 1877 1918 1935 B

263 1992 445 2041 actus,
470 1995 651 2049 parem
678 1995 802 2033 cum
835 1979 914 2032 eis
939 1993 1153 2047 pinnam
1184 1977 1502 2031 sustineant.

343 2089 359 2120 α
404 2070 470 2122 Et
505 2069 639 2122 vidit
687 2068 940 2137 Ephraim
987 2066 1293 2135 languorem
1341 2080 1537 2130 suum,
1584 2072 1637 2119 et
1679 2063 1844 2118 ludas

267 2161 540 2214 vinculum
568 2176 748 2222 suum,
775 2167 832 2215 et
853 2157 988 2212 abiit
1015 2158 1269 2227 Ephraim
1298 2157 1364 2211 ad
1395 2157 1585 2220 Assur,
1618 2165 1672 2210 et
1698 2156 1843 2210 misit

266 2253 334 2306 ad
366 2265 545 2321 regem
573 2251 824 2304 ultorem.
853 2269 872 2301 ι
901 2249 1204 2318 Intelligens
1239 2249 1489 2316 Ephraim
1532 2249 1606 2318 (id
1636 2257 1718 2302 est
1749 2249 1841 2302 de-

262 2359 382 2396 cem
416 2344 648 2398 tribuum
691 2346 876 2412 reges)
921 2357 1074 2396 suum
1121 2341 1452 2412 languorem,
1491 2342 1542 2394 id
1576 2351 1660 2396 est
1688 2357 1840 2396 suam

265 2432 657 2496 inﬁrmitatem,
684 2444 737 2486 et
759 2431 925 2486 ludas
945 2431 1218 2486 vinculum
1243 2447 1422 2496 suum,
1472 2432 1574 2486 hoc
1608 2440 1710 2496 est,
1746 2447 1841 2487 co-

261 2538 531 2591 gnoscens
574 2523 673 2576 sibi
716 2522 837 2577 ideo
871 2522 1150 2576 imminere
1177 2522 1563 2591 captivitatem,
1600 2523 1723 2592 quia
1756 2538 1844 2578 so—

261 2615 438 2669 ciatus
465 2624 582 2668 erat
606 2615 790 2668 decem
827 2613 1070 2667 tribubus
1107 2613 1160 2667 in
1199 2623 1440 2682 peccato,
1478 2614 1624 2668 misit
1651 2615 1716 2668 ad
1745 2615 1844 2670 As-

263 2721 380 2771 sur,
401 2707 528 2776 quia
558 2722 663 2760 non
686 2722 716 2760 a
744 2706 872 2769 Deo,
898 2706 987 2776 qui
1019 2714 1074 2760 et
1101 2713 1378 2775 peccatum
1402 2717 1456 2761 et
1475 2708 1839 2777 captivitatem

263 2797 476 2852 solvere
507 2807 754 2867 poterat,
803 2798 896 2852 sed
941 2813 971 2851 a
1023 2812 1148 2865 rege
1202 2798 1543 2870 Assyriorum
1596 2800 1844 2869 qmesivit

261 2887 546 2940 auxilium.
593 2887 850 2958 Legimus
887 2887 942 2942 in
981 2887 1120 2942 libro
1163 2887 1367 2961 Regum
1414 2890 1556 2958 quod
1587 2890 1687 2946 sub
1717 2905 1842 2962 rege

263 2977 572 3041 Manahem,
621 2977 709 3046 qui
741 2980 926 3031 decem
969 2977 1217 3032 tribubus
1259 2975 1498 3048 praefuit,
1537 2978 1701 3033 Israel
1735 2978 1840 3034 As-

261 3069 424 3138 syriis
460 3069 599 3123 dona
633 3067 1046 3132 transmisisset,
1078 3076 1136 3120 ut
1159 3083 1282 3122 eum
1310 3084 1340 3122 a
1370 3068 1718 3124 Damascenis
1745 3069 1842 3123 bo-

261 3160 436 3212 stibus
467 3159 742 3213 liberaret.
771 3157 937 3212 ludas
963 3173 1176 3228 quoque
1199 3159 1297 3212 sub
1328 3174 1453 3229 rege
1477 3159 1658 3214 Acbaz
1695 3159 1842 3212 misit

1957 639 2044 684 tus
2067 630 2443 701 Hieronymus)
2469 633 2598 685 nihil
2625 643 2710 686 est
2735 634 2991 698 velocius,
3022 635 3249 705 ideoque
3267 637 3395 706 jure
3423 641 3526 695 Do-

1953 721 2130 776 minus
2157 723 2438 776 adversutn
2467 722 2720 791 Ephraim
2752 723 2840 794 (id
2865 735 2967 788 est,
2990 736 3179 781 contra
3217 730 3401 785 decem
3429 733 3521 785 tri—

1952 808 2072 876 bus)
2123 810 2368 878 loquens,
2397 811 2528 865 dicit
2553 826 2611 866 se
2641 812 2759 866 fieri
2789 822 2847 866 ιιι
2871 817 3154 883 panthera,
3184 829 3406 889 propter
3431 838 3520 876 ve-

1951 898 2119 954 locem
2160 900 2408 954 videlicet
2453 901 2858 970 captivitatem,
2916 905 3168 972 quoniam
3207 923 3313 962 non
3362 910 3522 981 longo

1950 998 2072 1056 post
2103 997 2340 1058 tempore
2372 1005 2469 1058 per
2496 991 2750 1060 Assyrios
2786 990 2960 1048 factus
2995 1005 3079 1048 est
3109 1011 3295 1051 eorum
3350 1000 3520 1054 inter-

1953 1077 2078 1130 itus.
2103 1076 2300 1132 Contra
2329 1075 2521 1131 Judam
2549 1090 2726 1132 autem
2755 1080 2916 1134 veluti
2946 1082 3153 1138 leonem
3175 1085 3409 1140 futurum
3439 1089 3523 1142 di-

1949 1167 2042 1228 cit,
2068 1167 2157 1234 qui
2187 1165 2513 1221 fortissimus
2540 1169 2832 1222 bestiarum
2854 1180 2968 1236 est;
2995 1188 3092 1241 per
3113 1177 3254 1242 quod
3279 1180 3520 1234 ostendi-

1951 1255 2354 1324 tur'captivitas
2386 1272 2571 1310 eorum
2599 1258 2872 1326 aliquanto
2901 1271 3022 1328 post
3053 1267 3516 1334 temporeIutun,

1950 1361 2048 1414 per
2099 1362 2320 1415 regnum
2375 1350 2743 1404 Cbaltlteorttm
2797 1353 3196 1412 fortissimum:
3245 1371 3524 1429 comparat

1949 1442 2093 1495 enim
2133 1458 2191 1496 se
2220 1443 2477 1498 Dominus
2507 1445 2696 1500 bestiis
2725 1446 2778 1500 in
2807 1461 2992 1501 eorum
3017 1450 3434 1517 damnationem,
3461 1464 3522 1508 ut

1945 1533 2203 1602 quidquid
2244 1535 2438 1589 saevius
2483 1544 2600 1598 est,
2647 1548 2976 1606 cognoscant
3021 1539 3075 1593 in
3115 1540 3230 1607 ejus
3270 1543 3521 1613 indigna-

1948 1624 2111 1678 tione.
2151 1642 2169 1675 ι
2199 1624 2310 1696 Ego
2334 1627 2543 1696 capiam
2571 1637 2626 1681 et
2652 1629 2841 1682 vatiam
2873 1638 2928 1683 et
2954 1629 3164 1695 tollam,
3198 1641 3253 1687 et
3281 1648 3387 1687 non
3414 1635 3518 1688 erit
3601 1661 3610 1684 ι

1946 1715 2034 1782 qui
2063 1723 2232 1768 eruat.
2271 1733 2289 1766 ι
2324 1715 2458 1781 Quia
2490 1718 2699 1772 dixerat
2729 1732 2786 1770 se
2815 1717 3062 1787 superius
3089 1720 3326 1776 futurum
3354 1723 3518 1778 veluti

1945 1804 2261 1878 pantheram
2289 1804 2375 1871 vel
2409 1804 2614 1860 leonem
2635 1847 2649 1868 ,
2693 1816 2873 1861 servat
2911 1809 3282 1876 metaphoram
3310 1811 3363 1864 in
3395 1812 3520 1866 reli-

1946 1894 2088 1963 quis,
2125 1894 2394 1948 dicendo:
2441 1915 2460 1946 ‹
2491 1897 2601 1967 Ego
2627 1898 2859 1967 capiam,
2893 1917 2912 1952 ι
2952 1899 3207 1956 subaudis
3237 1917 3334 1972 per
3369 1919 3522 1958 meos

1947 1981 2244 2046 ministros,
2274 1998 2448 2052 neque
2479 1985 2530 2038 in
2562 1985 2674 2038 suis
2699 1985 2903 2040 viribus
2936 1998 3192 2055 ceperunt
3231 2005 3325 2043 eos
3359 1989 3517 2045 Chal—

1946 2073 2042 2126 dzei
2073 2073 2154 2127 vel
2189 2074 2426 2144 Assyrii,
2470 2078 2562 2130 sed
2603 2078 2742 2131 Deus
2781 2079 3123 2148 omnipotens
3159 2091 3377 2153 prOpter
3411 2085 3513 2137 ini-

1942 2161 2179 2228 quitates
2207 2178 2392 2216 eorum
2436 2166 2855 2234 comprehendet
2891 2166 3028 2222 illos.
3075 2168 3228 2224 Unde
3269 2186 3370 2226 nec
3409 2173 3509 2242 ipsi

1941 2250 2104 2303 etiam
2141 2251 2326 2306 hostes
2363 2268 2588 2322 parcere
2629 2254 2710 2308 eis
2759 2253 2894 2309 irato
2938 2257 3162 2311 Domino
3201 2267 3511 2328 potuerunt.

1944 2338 2074 2408 Ego,
2105 2339 2300 2409 inquit,
2331 2341 2563 2412 capiam,
2610 2343 2664 2396 id
2701 2351 2806 2407 est,
2847 2347 3226 2414 comprehendi
3257 2349 3324 2402 ab
3349 2349 3513 2404 hosti.

1941 2427 2043 2482 bus
2065 2427 2278 2490 faciam,
2306 2440 2360 2483 et
2387 2431 2576 2484 vadam
2604 2447 2726 2485 cum
2755 2432 2854 2497 eis,
2899 2443 2959 2487 ιιι
2993 2434 3156 2488 etiam
3197 2436 3247 2489 in
3288 2440 3513 2508 captivi—

1943 2525 2054 2573 tate
2077 2521 2262 2589 positi,
2284 2523 2626 2592 prtesentiam
2654 2540 2788 2580 mea:
2819 2525 3063 2582 vindictae
3085 2529 3406 2596 sustineant,
3428 2533 3514 2587 cui

1941 2619 2318 2676 peccaverunt,
2348 2620 2402 2664 et
2431 2612 2610 2666 tollam
2655 2628 2749 2667 eos
2791 2614 2858 2668 de
2899 2616 3116 2684 proprio
3145 2619 3278 2682 solo,
3315 2628 3372 2673 et
3408 2637 3514 2676 non

1941 2705 2024 2751 est
2060 2699 2149 2767 qui
2176 2710 2347 2763 eruat,
2385 2701 2487 2754 hoc
2521 2711 2623 2766 est,
2666 2703 2755 2774 qui
2783 2719 2813 2757 a
2847 2720 2964 2759 mea
2995 2715 3259 2776 potestate
3297 2709 3511 2782 eripiat.

1943 2784 2109 2840 Nemo
2133 2789 2273 2842 enim
2315 2791 2381 2844 de
2421 2807 2580 2845 manu
2620 2793 2716 2846 Dei
2755 2809 3076 2864 quemquam
3117 2800 3325 2868 eripere
3351 2801 3511 2860 valet.

1943 2874 2044 2928 nisi
2077 2875 2190 2944 ipse
2222 2878 2310 2946 qui
2349 2887 2563 2933 tenetur
2589 2883 2808 2952 propria
2834 2884 3108 2942 voluntate
3133 2891 3381 2945 excidere
3416 2907 3510 2945 vo-

1944 2961 2127 3027 luerit,
2157 2965 2295 3018 sicut
2326 2967 2454 3020 fecit
2478 2967 2642 3024 Judas
2669 2973 2930 3040 proditor.

2025 3069 2044 3101 ε
2072 3051 2282 3108 Vadens
2325 3069 2568 3110 revertar
2609 3060 2674 3112 ad
2713 3059 2885 3115 locum
2927 3079 3136 3130 meum,
3181 3067 3349 3132 donec
3387 3069 3515 3123 dei-

1943 3140 2100 3196 ciatis
2148 3152 2203 3196 et
2249 3146 2504 3212 qumratis
2558 3146 2746 3202 faciem
2803 3167 2995 3206 meam.
3054 3174 3072 3204 ι
3128 3155 3326 3210 Locum
3380 3160 3512 3224 Dei,

260 3264 488 3302 munera
513 3247 998 3317 Τεεὲιεηρι,³1³55³1.⁹
1027 3256 1084 3301 ιη
1110 3248 1360 3302 liberaret
1381 3263 1502 3302 cum
1527 3249 1592 3304 de
1613 3264 1837 3318 ορργεε,
1861 3229 1906 3291 C
1943 3229 2392 3299 magniﬁcentiam
2444 3243 2499 3288 et
2544 3235 2876 3303 majestate")
2927 3239 3044 3312 ejus
3080 3244 3334 3300 debemus
3372 3249 3511 3301 acci-

259 3338 412 3392 sione
439 3337 670 3392 Phaeca:
697 3339 841 3408 regis
867 3337 1132 3393 Damasci.
1163 3337 1270 3392 Sed
1300 3338 1423 3392 licet
1453 3354 1546 3394 eos
1575 3347 1701 3393 tunc
1726 3339 1833 3393 sal-

257 3429 508 3482 vaverint
543 3429 609 3482 de
649 3443 812 3482 manu
853 3427 1119 3492 hostium,
1161 3427 1258 3497 ipsi
1300 3437 1484 3498 postea
1527 3443 1621 3483 eos
1662 3429 1837 3483 debel-

259 3519 531 3584 laverunt,
567 3529 623 3574 et
667 3519 791 3573 facti
837 3528 960 3573 sunt
1002 3519 1202 3574 ultores
1238 3519 1553 3587 iniuriarum
1587 3521 1705 3584 Dei,
1743 3521 1834 3589 qui

257 3613 410 3682 prius
453 3611 667 3666 fuerant
717 3611 1052 3665 liberatores.
1091 3609 1244 3665 Unde
1281 3611 1368 3665 hic
1398 3599 1684 3666 subdilitr:
1722 3629 1739 3661 ι
1770 3611 1838 3666 Et

259 3705 374 3773 ipse
399 3720 507 3758 non
535 3703 734 3774 poterit
767 3717 959 3756 sanare
991 3717 1106 3767 vos,
1135 3717 1236 3756 nec
1259 3702 1467 3756 solvere
1491 3719 1520 3756 a
1546 3703 1696 3757 vobis
1724 3703 1838 3756 vin-

256 3795 461 3848 culum.
499 3813 517 3845 ι
554 3794 687 3862 Quia
720 3793 966 3848 videlicet
989 3793 1098 3849 Deo
1142 3793 1482 3859 adversante,
1531 3808 1632 3850 nec
1676 3809 1706 3847 a
1753 3809 1838 3848 se-

257 3887 392 3956 ipsis
419 3887 652 3940 liberare
679 3902 776 3940 eos
811 3894 1100 3954 potuerunt
1137 3885 1383 3956 Assyrii,
1425 3902 1524 3942 nec
1564 3885 1836 3942 vinculum

257 3977 594 4046 captivitatis
630 3975 862 4030 solvere.
901 3975 1058 4030 Juxta
1101 3975 1448 4044 tropologiam
1488 3975 1740 4045 Ephraim
1782 3982 1838 4029 et

253 4065 459 4120 Judam
487 4080 771 4134 possumus
801 4063 1004 4118 referre
1031 4065 1098 4118 ad
1121 4064 1404 4118 haereticos
1431 4072 1486 4118 et
1507 4065 1838 4119 ecclesiasti-

255 4171 361 4210 cos
385 4155 546 4214 viros,
570 4155 656 4223 qui
688 4170 808 4209 cum
838 4169 992 4208 suum
1022 4154 1255 4208 viderint
1283 4154 1577 4219 vinculum,
1609 4155 1710 4209 hoc
1734 4163 1835 4220 est,

255 4261 386 4300 cum
421 4261 480 4299 se
511 4246 738 4301 viderint
770 4247 1009 4315 peccatis
1037 4245 1321 4309 obnoxios,
1367 4247 1432 4301 de
1473 4247 1669 4316 quibus
1706 4247 1839 4300 scri-

257 4344 418 4404 ptum
465 4343 581 4388 est:
608 4333 851 4389 Funibus
908 4343 1251 4404 peccatorum
1298 4337 1664 4404 unusquisque
1705 4351 1835 4390 con-

258 4425 564 4492 stringitur,
598 4441 704 4480 nun
737 4426 830 4479 Dei
869 4434 1148 4495 quaerunt,
1185 4426 1280 4481 sed
1320 4426 1516 4480 diaboli
1556 4426 1833 4492 auxilium,

257 4516 353 4583 qui
388 4514 529 4567 ultor
555 4523 638 4568 est
662 4524 1003 4584 peccatorum
1031 4517 1268 4570 omnium
1287 4556 1302 4581 ,
1351 4518 1417 4570 de
1445 4532 1552 4586 quo
1577 4519 1834 4586 scriptum

1933 3334 2082 3389 pere,
2115 3321 2227 3374 sive
2257 3330 2315 3373 ut
2341 3323 2454 3376 haec
2480 3325 2641 3377 verba
2668 3328 2973 3394 specialiter
2994 3331 3060 3384 ad
3081 3330 3273 3386 Filium
3300 3333 3393 3389 Dei
3421 3351 3508 3390 re—

1932 3409 2189 3476 feramus,
2244 3427 2341 3482 per
2388 3429 2546 3482 quem
2599 3418 2777 3471 omnis
2835 3419 3168 3489 dispensatio
3220 3425 3514 3494 prophetia:

1933 3500 2126 3568 agitur,
2159 3500 2309 3555 locus
2333 3501 2449 3567 eius
2487 3511 2568 3557 est
2607 3504 2748 3558 Deus
2787 3504 2967 3570 Pater,
3009 3509 3168 3576 juxta
3215 3513 3356 3581 quod
3402 3513 3515 3584 ipse

1933 3588 2049 3642 ait:
2089 3607 2108 3639 ε
2134 3588 2244 3659 Ego
2270 3590 2532 3660 in,Patre,
2561 3601 2615 3646 et
2639 3591 2798 3646 Pater
2824 3594 2876 3647 in
2907 3611 2993 3650 me
3026 3605 3128 3651 est.
3164 3615 3182 3648 ι
3223 3616 3242 3649 ι
3277 3597 3510 3664 Vadens,

1933 3680 2128 3750 inquit,
2147 3691 2388 3736 revertar
2416 3683 2482 3736 ad
2501 3683 2678 3737 locum
2711 3699 2910 3748 meum,
2951 3704 2968 3736 ι
2997 3686 3097 3741 hoc
3121 3696 3363 3752 est,cum
3401 3699 3511 3746 tra-

1935 3772 2030 3825 diti
2060 3770 2273 3825 fueritis
2299 3773 2568 3836 hostibus,
2608 3789 2830 3827 securus
2872 3777 3119 3830 residebo
3158 3778 3209 3831 in
3249 3795 3367 3833 mea
3400 3797 3512 3835 ma-

1928 3862 2144 3932 jestate,
2175 3862 2260 3915 vel
2283 3863 2447 3916 etiam
2479 3863 2531 3916 in
2561 3863 2752 3926 Patre,
2791 3878 2892 3918 nec
2931 3865 3249 3921 descendam
3289 3873 3356 3922 ad
3391 3885 3512 3952 vos,

1933 3961 1995 4007 ut
2025 3953 2202 4022 patiar
2235 3954 2500 4008 humanos
2527 3953 2770 4020 affectus,
2802 3969 2910 4023 quo
2937 3957 3147 4011 scilicet
3174 3958 3382 4012 irascar
3411 3975 3507 4014 vo-

1935 4044 2041 4110 bis,
2073 4053 2166 4098 aut
2190 4045 2352 4099 etiam
2374 4046 2633 4102 miserear
2659 4045 2857 4099 oblitus
2885 4046 3145 4100 malorum
3172 4058 3502 4115 vestrorum;

1937 4139 2030 4190 sed
2057 4137 2366 4206 permittam
2399 4152 2494 4192 vos
2523 4152 2660 4205 quos
2687 4146 2844 4190 antea
2871 4139 3238 4209 protegebam,
3268 4140 3513 4196 hostibus

1937 4225 2238 4294 subjacere,
2281 4226 2594 4296 nullumque
2631 4227 2887 4281 auxilium
2935 4227 3299 4285 miserationis
3335 4234 3513 4301 porri-

1938 4334 2078 4388 gam,
2108 4319 2277 4373 donec
2306 4317 2586 4382 deficiatis,
2618 4328 2672 4372 et
2702 4319 2959 4374 servitute
2994 4329 3219 4390 cogente
3261 4324 3516 4391 quaeratis

1939 4410 2131 4464 faciem
2156 4425 2356 4476 meam,
2383 4413 2751 4480 paenitentiam
2782 4405 3022 4482 agentes.
3050 4411 3326 4469 Haereticis
3349 4416 3511 4470 etiam

1939 4511 1994 4557 et
2017 4503 2149 4558 viris
2186 4504 2570 4559 ecclesiasticis
2606 4506 2953 4574 peccantibus
2995 4507 3137 4560 Deus
3174 4507 3516 4578 omnipotens

258 4615 346 4659 est
372 4623 385 4658 :
423 4603 495 4659 Ut
523 4576 773 4660 destruas
803 4607 1075 4661 inimicum
1107 4615 1161 4661 et
1185 4607 1434 4661 ultorem.
1463 4576 1541 4662 Ἐι
1566 4576 1702 4676 (μήθ’
1728 4623 1834 4661 non
1866 4576 1914 4636 υ
1939 4605 2161 4667 ρτομιθι·
2192 4597 2614 4668 magnitudinem
2645 4607 2985 4667 Peccalorum
3024 4615 3264 4664 ειιοΐυηι,
3296 4616 3416 4656 Cum
3448 4604 3518 4655 Sil

259 4713 454 4750 verum
483 4697 856 4752 auxiliatorcm
886 4709 942 4752 et
964 4698 1199 4766 judicem
1230 4700 1607 4768 deprecantur,
1637 4699 1835 4753 idcirco

258 4803 585 4858 permanere
616 4799 878 4858 coguntur
917 4789 968 4842 in
1005 4789 1276 4843 doloribus
1305 4791 1435 4854 suis,
1480 4799 1534 4845 et
1577 4790 1628 4843 in
1673 4790 1837 4844 variis

260 4877 586 4932 delictorum
625 4878 930 4942 erroribus,
964 4892 1063 4932 nec
1097 4878 1290 4947 poterit
1333 4893 1426 4933 eos
1463 4878 1704 4932 diabolus
1744 4894 1832 4932 sa-

261 4983 419 5030 nare,
462 4983 564 5023 nec
590 4984 621 5023 a
649 4968 878 5024 vinculis
903 4979 1249 5038 peccatorum
1278 4983 1490 5033 eruere,
1530 4984 1650 5022 cum
1689 4967 1836 5037 justo

255 5061 465 5131 judicio
508 5059 604 5115 Dei
649 5075 754 5114 una
792 5075 912 5113 cum
953 5074 1019 5113 eo
1059 5059 1335 5128 perierint.

340 5170 359 5201 c
389 5150 656 5218 Quoniam
701 5165 801 5220 ego
846 5151 999 5218 quasi
1047 5149 1213 5204 leaena
1259 5148 1537 5219 Ephraim,
1586 5158 1641 5203 et
1684 5150 1838 5218 quasi

263 5239 481 5294 catulus
503 5239 672 5294 leonis
699 5240 878 5294 domui
909 5238 1068 5292 Juda.
1092 5258 1112 5290 ι
1157 5239 1358 5294 Sensus
1385 5248 1502 5294 est:
1536 5238 1684 5294 Licet
1723 5255 1842 5309 per-

266 5329 513 5382 rexerint
543 5329 608 5382 ad
635 5329 826 5391 Assur,
857 5337 910 5381 et
939 5328 1184 5382 miserint
1209 5344 1429 5383 munera
1461 5330 1570 5398 regi
1600 5329 1756 5382 ultori
1784 5337 1842 5382 ιιι

266 5431 364 5469 eos
391 5416 666 5480 liberaret,
698 5425 874 5470 tamen
905 5431 1097 5470 sanare
1125 5431 1220 5471 eos
1245 5431 1350 5472 non
1376 5426 1692 5485 potuerunt,
1741 5433 1840 5470 nec

265 5504 478 5560 solvere
503 5506 773 5560 vinculum
801 5505 1128 5574 captivitatis
1154 5520 1359 5559 eorum.
1384 5505 1669 5560 Ostendam
1694 5506 1839 5559 enim

266 5595 410 5662 quod
435 5610 520 5648 me
542 5597 885 5658 adversante,
907 5610 1102 5648 vanum
1126 5595 1196 5649 sit
1212 5610 1370 5649 omne
1383 5597 1675 5649 httmanum
1699 5597 1843 5650 auxi-

270 5683 419 5736 lium.
455 5683 567 5752 Ego
595 5684 740 5738 enim
771 5684 924 5753 quasi
959 5684 1122 5737 leaena
1170 5683 1441 5753 prraim.
1490 5683 1838 5753 Septuaginta

269 5793 368 5844 pro
395 5778 578 5839 imum,
611 5780 932 5848 pantlteram
964 5778 1297 5847 interpretati
1336 5785 1477 5838 sunt,
1511 5793 1629 5847 quae
1658 5777 1844 5831 Grmcc

1940 4687 2406 4748 clementissimus,
2433 4690 2662 4742 vertitur
2692 4690 2744 4742 in
2773 4689 3033 4744 saavitiam
3065 4690 3322 4756 ferarum,
3357 4694 3515 4746 tollit-

1941 4792 2047 4846 que
2072 4778 2138 4831 ab
2163 4777 2242 4832 eis
2265 4779 2521 4847 prtedam,
2547 4781 2647 4834 hoc
2679 4790 2780 4845 est,
2806 4781 3095 4850 discipulos
3122 4781 3353 4850 illorum,
3380 4800 3514 4854 quos

1944 4867 2010 4920 de
2035 4866 2273 4921 Ecclesia
2301 4877 2610 4937 rapuerunt,
2641 4873 2707 4924 ad
2737 4881 2939 4926 rectam
2971 4872 3125 4926 fidem
3159 4873 3334 4928 redire
3364 4875 3510 4938 facit,

1944 4969 2043 5009 nec
2069 4964 2151 5010 est
2182 4956 2272 5026 qui
2305 4967 2478 5022 eruat,
2507 4960 2632 5026 quia
2661 4959 2816 5029 cujus
2841 4975 2938 5014 cor
2969 4961 3082 5029 ipse
3110 4961 3511 5027 illuminaverit,

1944 5062 2102 5101 nemo
2130 5048 2377 5116 decipere
2404 5053 2618 5119 poterit,
2653 5052 2884 5121 dumque
2906 5053 3020 5107 btec
3043 5055 3173 5126 agit,
3201 5071 3230 5109 a
3257 5057 3511 5111 concilia-

1942 5137 2082 5191 bulis
2111 5153 2487 5207 perversorum
2513 5140 2774 5205 abscedit,
2801 5149 2855 5195 et
2883 5143 2936 5196 iu
2954 5144 3189 5199 Ecclesia
3213 5161 3511 5200 commora-

1943 5237 2030 5282 tur
2048 5230 2406 5293 credentium,
2427 5245 2627 5300 eosquc
2655 5233 2886 5302 despicit
2906 5243 2961 5288 et
2981 5246 3319 5305 aspernatur,
3344 5237 3516 5292 donec

1943 5321 2220 5374 tabescant
2257 5321 2310 5374 in
2348 5322 2460 5376 suis
2501 5323 2864 5392 impietatibus
2887 5366 2902 5388 ,
2939 5336 2993 5380 et
3035 5327 3285 5380 deficiant
3319 5325 3371 5379 in
3411 5327 3512 5381 ini-

1943 5412 2148 5479 quitate
2173 5427 2290 5474 sua,
2316 5423 2620 5480 quaerentes
2648 5417 2988 5482 praesentiam
3017 5416 3179 5478 illius,
3205 5430 3233 5468 a
3261 5430 3368 5484 quo
3399 5418 3512 5470 fue-

1944 5509 2067 5552 rant
2094 5501 2355 5565 derelicti,
2387 5501 2626 5556 dicentes
2653 5521 2665 5556 :
2705 5523 2723 5554 ‹
2745 5504 3012 5570 lllumina,
3044 5505 3289 5569 Domine,
3319 5504 3511 5559 faciem

1945 5595 2116 5653 tuam,
2143 5597 2198 5643 et
2221 5590 2354 5644 salvi
2383 5591 2604 5646 erimus.
2638 5611 2656 5642 ι

2551 5691 2778 5750 CAPUT
2819 5691 2904 5745 Vl.

2024 5797 2040 5827 ι
2070 5778 2124 5831 ln
2173 5778 2512 5833 tribulatione
2549 5795 2644 5832 sua
2682 5797 2836 5832 mane
2872 5791 3192 5852 consurgent
3234 5784 3300 5835 ad
3351 5797 3450 5836 me.
3492 5801 3507 5831 ι
