4022 6510
487 477 556 531 47

951 475 1304 533 HAYMONIS
1341 462 1817 534 HALBERSTAT.
1861 477 2073 551 EPISC.
2117 475 2265 531 OPP.
2310 477 2488 531 PARS
2527 478 2567 531 Ι.
2607 508 2677 517 —
2713 477 3065 532 COMMENT.
3105 478 3275 534 BIBL.

3666 482 3740 538 48

493 589 614 644 llaec
638 590 802 644 verba
823 603 887 644 ex
913 584 1063 656 parte
1088 588 1155 641 ad
1177 602 1270 643 eos
1292 586 1483 642 referri
1504 596 1730 658 possunt
1751 587 1867 658 qui,
1889 585 2060 656 pressi
2092 589 2136 646 Α
2166 585 2292 648 tuis,
2319 599 2416 638 nos
2441 585 2646 653 pariter
2676 585 2729 638 in
2755 585 2844 639 illo
2867 586 3226 650 surreximus,
3251 601 3477 655 quorum
3498 589 3739 643 resusci-

493 679 838 734 tribulatione
856 677 1198 746 captivitatis,
1216 686 1497 745 coeperunt
1513 677 1881 747 pmnitentiam
1901 689 2060 743 agere

488 778 545 822 et
573 767 851 837 requirere
883 767 1072 830 Deum,
1095 780 1262 834 quem
1300 769 1580 822 absentem
1615 767 1919 820 sentiebant
1954 767 2061 818 ira-

490 866 624 912 tum.
654 856 721 912 Et
747 857 798 910 in
829 869 1024 918 mane,
1055 856 1299 920 hocest,
1342 856 1395 909 in
1433 856 1555 910 luce
1593 856 1937 926 paenitentiae,
1977 856 2054 910 di-

488 958 673 1003 centes
696 947 762 1000 ad
789 947 1018 1001 invicem
1043 963 1061 998 ι
1098 964 1116 996 ι
1150 944 1362 1010 Venite,
1402 953 1738 1000 revertamur
1774 947 1841 999 ad
1879 945 2059 999 Domi-

487 1055 635 1094 num.
679 1059 698 1092 i
761 1037 1098 1094 Generaliter
1144 1038 1260 1092 haec
1309 1038 1472 1092 verba
1515 1045 1770 1107 aptantur
1811 1039 2058 1092 omnibus

485 1133 811 1188 Christianis
839 1133 1182 1187 credentibus
1211 1131 1264 1184 in
1295 1129 1589 1196 Christum,
1626 1131 1717 1200 qui
1751 1129 1927 1184 alllicti
1962 1145 2057 1183 va-

486 1224 580 1279 riis
613 1223 1070 1286 tribulationibus,
1105 1230 1226 1276 orto
1252 1222 1331 1275 eis
1357 1220 1557 1275 lumine
1583 1220 1845 1280 veritatis,
1875 1221 1927 1272 in
1958 1220 2053 1273 ad-

483 1326 647 1372 ventu
679 1315 878 1371 Christi
914 1329 1094 1379 mane,
1141 1315 1244 1368 hoc
1280 1323 1386 1379 est,
1424 1314 1477 1368 in
1526 1314 1642 1369 luce
1676 1315 1798 1368 ﬁdei
1833 1321 2056 1366 consur-

484 1415 671 1477 gentes
697 1405 764 1460 de
792 1404 1028 1460 tenebris
1056 1403 1387 1458 inﬁdelitatis
1421 1412 1476 1458 et
1508 1399 1742 1468 erroris,
1778 1412 2056 1473 coeperunt

485 1511 543 1552 se
574 1496 804 1550 invicem
835 1494 1039 1550 hortari
1059 1534 1073 1557 ,
1101 1493 1380 1548 dicentes:
1417 1511 1435 1544 ‹
1467 1491 1690 1560 Venite,
1719 1504 2056 1547 revertamur

483 1592 552 1644 ad
577 1589 886 1644 Dominum.
919 1609 938 1641 ›
971 1588 1060 1643 ¹11Ιί
1101 1588 1321 1658 quippe,
1348 1588 1439 1658 qui
1467 1603 1532 1642 ex
1565 1588 1770 1642 duabus
1808 1585 2053 1640 tribubus

483 1683 550 1734 de
576 1679 886 1750 captivitate
915 1687 1040 1733 sunt
1065 1677 1288 1742 reversi,
1315 1693 1420 1731 non
1451 1676 1693 1732 contenti
1722 1675 1939 1744 propria
1962 1689 2050 1728 sa-

483 1771 613 1837 lute,
643 1773 919 1826 hortantes
948 1785 1006 1824 se
1036 1770 1284 1834 invicem,
1314 1769 1534 1824 dicunt:
1563 1767 1754 1822 Venite
1780 1767 2053 1838 gressibus

482 1863 682 1918 amoris
709 1870 765 1916 et
792 1860 934 1924 ﬁdei,
958 1859 1386 1914 revertamur'ad
1411 1859 1716 1920 Dominum,
1745 1873 1902 1926 quem
1927 1872 2045 1926 pec-

2160 673 2414 726 tationem
2466 689 2561 728 sua
2617 676 3010 729 resurrectione
3062 677 3419 746 signiﬁcavit,
3478 680 3739 746 quoniam

2160 762 2299 816 sicut
2327 763 2414 815 ille
2442 764 2736 817 resurrexit
2764 779 2792 816 a
2820 766 3048 818 mortuis
3065 781 3160 833 per
3185 767 3408 836 gloriam
3433 766 3633 829 Patris.
3659 769 3739 824 ita

2159 861 2214 906 et
2243 869 2341 907 nos
2369 869 2708 924 resurgemus
2737 871 2860 908 cum
2891 856 2998 908 illo.
3033 855 3128 910 Vel
3160 858 3391 926 primum
3418 860 3560 913 diem
3590 861 3740 915 acci-

2156 947 2386 1017 piamus,
2421 948 2708 1001 adventum
2741 948 2942 1002 Christi
2981 949 3033 1002 in
3074 949 3394 1011 humilitate,
3435 953 3737 1006 secundum

2159 1037 2210 1089 in
2233 1036 2419 1105 gloria,
2444 1051 2548 1104 qua
2568 1037 2838 1090 videbitur
2859 1039 2926 1092 ab
2945 1039 3232 1094 omnibus:
3261 1042 3496 1105 tertium,
3517 1045 3739 1111 quando

2159 1132 2430 1180 transacto
2451 1124 2671 1193 judicio,
2699 1125 2885 1182 electis
2911 1127 3225 1198 ampliorem
3253 1131 3476 1199 gloriam
3506 1149 3618 1188 sua:
3645 1136 3738 1188 de-

2156 1215 2481 1268 monstrabit
2508 1215 2771 1270 claritatis
2801 1234 2814 1269 :
2840 1217 3142 1286 generalem
3169 1221 3312 1273 enim
3342 1223 3580 1276 omnium
3609 1239 3739 1277 san-

2155 1314 2365 1359 ctorum
2417 1306 2828 1361 viviﬁcationem
2869 1318 2926 1360 et
2969 1311 3418 1365 resurrectionem
3461 1313 3736 1368 ordinavit

2158 1394 2296 1449 Deus
2339 1394 2500 1449 Pater
2539 1395 2657 1450 ﬁeri
2703 1411 2800 1464 per
2839 1397 3065 1462 Filium;
3093 1398 3176 1451 vel
3201 1401 3356 1453 nobis
3393 1403 3566 1468 prima
3613 1404 3736 1458 dies

2153 1495 2254 1552 est,
2289 1489 2502 1556 quando
2533 1490 2871 1542 renascimur
2908 1505 3004 1558 per
3037 1504 3230 1558 aquam
3268 1492 3638 1561 baptismatis,
3677 1509 3735 1550 et

2154 1576 2380 1645 gratiam
2419 1576 2653 1646 Spiritus
2693 1579 2882 1640 sancti,
2923 1595 2951 1631 a
2986 1581 3221 1634 tenebris
3253 1581 3320 1634 ad
3363 1581 3542 1637 lumen
3586 1586 3736 1638 veni-

2153 1683 2303 1733 mus,
2351 1671 2646 1724 secuudum
2678 1671 2806 1723 illud
2844 1670 3115 1739 Apostoli:
3153 1691 3171 1722 ι
3201 1673 3402 1730 Fuistis
3442 1677 3734 1745 aliquando

2155 1761 2420 1824 tenebrae,
2460 1777 2602 1815 nunc
2629 1771 2809 1815 autem
2837 1763 2924 1815 lux
2958 1763 3009 1815 iu
3041 1764 3288 1820 Domino.
3318 1786 3337 1818 ι
3389 1765 3632 1824 Secunda
3675 1772 3730 1824 in

2153 1855 2341 1924 requie
2370 1856 2703 1920 animarum,
2747 1858 2904 1912 tertia
2947 1859 2998 1912 in
3041 1864 3438 1918 resurrectione
3466 1863 3727 1934 generali.

479 1952 652 2008 cando
683 1951 1038 2016 deseruimus,
1073 1960 1129 2004 et
1156 1964 1191 2002 a
1226 1963 1332 2018 quo
1361 1946 1507 2016 justo
1531 1946 1734 2016 judicio
1760 1947 1933 2002 relicti
1960 1962 2053 2000 su-
2085 1933 2129 1990 Β
2163 1961 2182 1992 ι
2213 1943 2279 1996 Et
2305 1944 2546 1999 vivemus
2577 1946 2628 1998 in
2660 1958 2949 2015 conspectu
2977 1947 3120 2014 ejus,
3149 1969 3171 2000 ρο
3207 1952 3423 2018 quando
3453 1933 3542 2021 (ut
3565 1950 3734 2006 Joan-

481 2058 617 2097 mus.

556 2153 574 2184 α
603 2131 740 2200 Quia
769 2132 883 2201 ipse
910 2131 1070 2200 cepit,
1103 2150 1120 2182 ι
1160 2146 1257 2201 per
1289 2129 1783 2185 Nabuchodonosor
1809 2126 2053 2182 ducendo

479 2226 534 2278 in
562 2224 960 2294 captivitatem;
1002 2224 1144 2294 unde
1186 2237 1347 2292 supra
1377 2221 1575 2275 dictum
1615 2230 1733 2274 est:
1773 2238 1790 2269 ι
1821 2218 1934 2288 Ego
1961 2233 2051 2272 ca-

477 2315 620 2386 piam
646 2329 661 2368 :
691 2334 709 2368 ι
749 2333 768 2366 ‹
795 2322 850 2368 et
877 2313 1089 2368 sanabit
1115 2328 1236 2378 nos,
1269 2332 1288 2363 ι
1325 2327 1355 2366 a
1385 2313 1695 2380 captivitate
1727 2311 2047 2374 revocando,

478 2415 538 2460 ut
565 2415 719 2476 pater
759 2405 927 2468 ﬁlios;
967 2422 985 2454 ι
1026 2404 1315 2474 percutiet,
1347 2421 1365 2454 ι
1403 2417 1502 2457 nos
1527 2401 1842 2473 ﬂagellando
1885 2401 2051 2454 variis

479 2493 912 2548 tribulationibus
929 2501 1090 2562 atque
1117 2492 1448 2555 verberibus,
1487 2509 1506 2543 ι
1533 2501 1587 2545 et
1615 2492 1827 2546 curabit
1860 2505 1989 2555 nos,
2025 2511 2043 2543 ι

478 2599 508 2637 a
555 2583 866 2637 vulneribus
913 2591 1277 2651 peccatorum,
1330 2582 1374 2636 si
1423 2590 1545 2650 post
1585 2581 1790 2652 ﬂagella
1833 2581 2049 2651 dignam

477 2675 748 2747 egerimus
771 2674 1162 2744 paenitentiam.
1196 2673 1346 2740 Quod
1378 2685 1556 2729 autem
1583 2674 1830 2729 subditur
1855 2692 1868 2727 :

553 2787 573 2819 ε
602 2766 907 2821 Viviﬁcabit
929 2781 1026 2821 nos
1055 2774 1174 2836 post
1200 2766 1332 2820 duos
1362 2766 1505 2831 dies,
1537 2786 1554 2817 ›
1589 2769 1803 2835 preprie
1830 2766 1895 2820 ad
1924 2780 2046 2820 cre-

478 2861 667 2916 dentes
705 2858 1048 2915 referendum
1097 2868 1202 2922 est,
1249 2858 1340 2926 qui
1384 2857 1559 2912 vocati
1604 2867 1658 2912 et
1697 2858 1802 2912 ﬁde
1846 2855 2046 2911 Christi

479 2950 788 3016 illuminati,
822 2957 1010 3004 mutuo
1037 2963 1094 3002 se
1122 2956 1438 3018 provocant,
1471 2957 1531 3002 ut
1558 2948 1625 3002 ad
1652 2947 1936 3001 Dominum
1966 2962 2076 3007 re-,

480 3050 781 3106 vertantur,
824 3055 854 3093 a
893 3038 1044 3107 cujus
1081 3039 1226 3093 cultu
1265 3038 1390 3093 olim
1429 3048 1780 3102 recesserant,
1816 3047 1869 3092 et
1897 3040 2045 3092 varia

479 3135 782 3188 dtemonum
810 3139 1056 3202 portenta
1086 3128 1309 3184 colendo
1338 3129 1633 3182 absentiam
1665 3129 1809 3183 illius
1836 3145 2048 3184 merue-

477 3232 620 3278 rant.
652 3222 786 3289 Quia
815 3221 1053 3294 (inquit)
1092 3220 1207 3289 ipse
1233 3219 1374 3296 cepit
1404 3233 1534 3283 nos,
1564 3220 1780 3288 quando
1814 3221 2044 3274 Verbum

2153 2047 2248 2086 nes
2277 2033 2445 2102 dicit)
2499 2053 2518 2084 ‹
2570 2034 2872 2092 videbimus
2929 2052 3050 2090 eum
3101 2041 3258 2093 sicuti
3314 2052 3416 2094 est.
3465 2061 3484 2092 ι
3541 2041 3637 2096 Vel
3681 2045 3729 2097 si

2153 2123 2219 2177 ad
2258 2140 2495 2193 prmsens
2534 2135 2744 2196 tempus
2793 2129 2894 2183 hoc
2939 2128 3142 2183 referre
3187 2131 3450 2197 volumus,
3502 2133 3554 2186 in
3597 2149 3732 2188 con-

2151 2228 2334 2287 spectu
2357 2220 2472 2289 ejus
2491 2220 2741 2284 vivimus,
2765 2223 2890 2291 quia
2923 2223 2973 2276 in
3005 2225 3118 2293 ipso
3138 2240 3418 2280 movemur
3438 2237 3493 2282 et
3517 2244 3724 2283 sumus.

2157 2331 2174 2362 ι
2196 2309 2439 2366 Sciemus
2459 2327 2853 2382 sequemurque
2882 2325 2939 2366 ut
2962 2330 3346 2384 cognoscamus
3371 2317 3675 2372 Dominum.
3703 2339 3721 2369 ι

2151 2402 2396 2457 Sciemus
2426 2403 2590 2468 enim,
2624 2403 2675 2458 id
2706 2405 3180 2482 cst,.majestatem
3211 2407 3427 2461 deitatis
3462 2408 3605 2460 illius
3632 2423 3728 2464 co-

2150 2509 2470 2563 gnoscemus
2511 2494 2795 2550 credentes
2816 2535 2830 2560 ,
2872 2497 3366 2567 perspicientesque
3395 2498 3510 2566 ejus
3543 2499 3724 2554 Trini-

2151 2595 2314 2639 tatem
2349 2585 2401 2638 in
2432 2587 2699 2655 personis,
2723 2595 2778 2639 et
2805 2588 3068 2641 unitatem
3096 2589 3146 2641 in
3181 2589 3478 2658 majestate.
3515 2590 3726 2660 Seque-

2149 2692 2272 2729 mur
2317 2677 2468 2730 illum
2513 2678 2629 2746 ejus
2681 2677 2904 2748 vestigia
2955 2678 3251 2745 imitando,
3308 2683 3388 2736 vel
3448 2684 3513 2736 ad
3557 2683 3726 2739 cmlos

2149 2767 2506 2821 ascendendo.
2525 2766 2683 2821 'Unde
2704 2769 2980 2822 subditur:
3004 2788 3021 2818 ι
3048 2768 3118 2824 Ut
3131 2787 3520 2842 cognoscamus
3545 2774 3723 2828 Domi-

2150 2873 2328 2910 num.»
2357 2858 2508 2924 Quod
2533 2859 2799 2913 veraciter
2820 2871 2945 2914 tunc
2970 2861 3297 2930 implebitur,
3337 2865 3552 2933 quando
3579 2869 3722 2933 quod

2147 2963 2290 3002 nunc
2332 2950 2575 3003 videmus
2621 2966 2718 3019 per
2759 2951 3036 3018 speculum
3077 2962 3130 3006 et
3168 2954 3218 3006 in
3255 2955 3556 3024 aenigmate,
3595 2970 3723 3009 con-

2151 3039 2526 3108 templabimur
2553 3040 2689 3094 facie
2715 3040 2782 3094 ad
2809 3040 3019 3095 faciem.
3047 3043 3198 3098 Unde
3224 3053 3306 3098 est
3332 3064 3343 3097 :
3376 3045 3500 3099 Hzec
3523 3054 3606 3100 est
3625 3061 3721 3098 au-

2148 3139 2256 3185 tem
2276 3131 2385 3184 vita
2407 3141 2628 3196 aeterna,
2647 3141 2705 3185 ut
2725 3142 3050 3202 cognoscant
3070 3141 3122 3187 te
3142 3134 3312 3189 solum
3328 3151 3509 3189 verum
3527 3136 3717 3200 Deum,

2149 3230 2228 3285 et,
2286 3237 2443 3288 quem
2490 3222 2705 3287 misisti,
2755 3221 2938 3276 Jesum
2988 3222 3279 3278 Christum.
3339 3243 3358 3273 ι
3413 3226 3574 3290 Quasi
3627 3227 3714 3278 di-

475 3329 604 3369 caro
625 3313 821 3366 factum
843 3309 1101 3365 est.Hinc
1115 3293 1336 3364 Paulusi
1361 3307 1556 3362 Semen
1581 3307 1796 3379 (inquit)
1819 3309 2049 3363 Abrahze
2075 3293 2118 3352 (ἶ
2151 3309 2382 3362 luculum
2421 3322 2751 3378 prmparatus
2786 3321 2868 3364 est
2897 3327 3146 3380 egressus
3185 3314 3316 3382 ejus.
3349 3332 3365 3363 ι
3411 3313 3714 3368 Diluculum

477 3401 850 3472 apprehendit.
879 3401 944 3454 Et
976 3401 1188 3454 sanabit
1221 3414 1350 3462 nos,
1381 3398 1508 3468 quia
1545 3399 1779 3454 caelestis
1809 3401 2048 3454 medicus

476 3502 599 3564 post
620 3491 856 3548 dolorem
880 3491 1158 3545 vulnerum
1187 3500 1243 3546 et
1268 3501 1633 3561 peccatorum,
1654 3491 1867 3560 plenam
1893 3492 2049 3546 nobis

478 3575 707 3639 salutem
731 3583 896 3638 dabit.
924 3581 1059 3636 Hinc
1088 3581 1343 3636 Dominus
1364 3581 1716 3652 paralyticum
1739 3590 2044 3646 sanaturus,

475 3675 625 3746 prius
648 3674 700 3728 in
737 3673 914 3727 anima
939 3681 1152 3742 purgat,
1183 3671 1375 3726 deinde
1399 3671 1454 3724 in
1478 3685 1705 3741 corpore
1728 3671 1795 3724 ab
1821 3670 2048 3724 inﬁrmi-

477 3767 604 3820 tatis
636 3763 880 3819 molestia
907 3763 1128 3818 relevat.
1161 3761 1433 3816 Percutiet
1461 3777 1579 3826 nos,
1610 3762 1868 3816 subaudis
1898 3763 2050 3817 vario

479 3852 657 3918 modo,
675 3861 729 3907 et
753 3860 876 3922 post
901 3849 1298 3920 percussionem
1327 3851 1536 3904 curabit
1560 3865 1678 3913 nos,
1699 3849 1854 3918 juxta
1881 3851 2007 3906 illud
2030 3866 2045 3906 :

485 3965 503 3996 ι
529 3944 700 4012 Quem
725 3943 896 4015 diligit
922 3943 1178 3998 Dominus
1205 3943 1447 4012 corripit.
1481 3961 1498 3992 ›
1533 3941 1686 3997 Unde
1711 3953 1765 3997 ct
1791 3943 1904 4012 ipse
1932 3945 2048 3998 cui-

478 4044 601 4096 dam
628 4048 820 4096 sanato
842 4040 954 4094 ait:
995 4057 1013 4090 ‹
1035 4037 1182 4093 Ecce
1211 4052 1374 4092 sanus
1400 4036 1576 4092 factus
1603 4052 1686 4102 es,
1719 4057 1738 4088 ι
1770 4047 1876 4092 etc.
1913 4056 1930 4088 ‹
1961 4038 2049 4092 Vi-

480 4133 716 4190 viﬁcabit
746 4148 846 4188 nos
871 4139 992 4202 post
1021 4130 1155 4185 duos
1180 4129 1314 4183 dies.
1345 4146 1363 4178 ι
1399 4127 1621 4182 Frustra
1653 4127 1860 4183 Hebraei
1895 4128 2046 4199 (dicit

477 4227 670 4280 beatus
709 4219 1100 4291 Hieronymus)
1151 4219 1423 4273 somniant
1466 4218 1568 4272 sibi
1620 4226 1742 4287 post
1787 4217 2046 4272 circulum

476 4316 622 4375 mille
646 4328 911 4369 annorum
931 4311 1330 4374 salutemrcum
1357 4309 1501 4364 salus
1529 4310 1860 4363 credentium
1890 4310 2046 4364 tertia

477 4410 564 4464 die
585 4404 962 4479 promissasit,
991 4401 1115 4472 quia
1142 4400 1400 4454 Dominus
1427 4400 1494 4454 ab
1518 4399 1704 4454 inferis
1726 4401 2044 4454 resurrexit.

477 4499 558 4554 llli
602 4497 800 4568 quippe
845 4493 986 4549 diem
1033 4490 1324 4546 secundum
1371 4489 1630 4543 referunt“
1659 4491 1921 4544 adventus
1965 4491 2047 4544 sui

477 4590 678 4646 Christi
705 4607 719 4643 :
753 4587 894 4642 diem
924 4597 1054 4640 vero
1080 4581 1162 4636 sui
1195 4580 1410 4637 tertium
1433 4620 1448 4644 ,
1493 4581 1753 4634 adventus
1801 4582 1867 4633 ad
1902 4580 2048 4649 judi-

478 4683 642 4746 cium,
665 4693 772 4750 quo
794 4674 1032 4732 salvandi
1053 4680 1195 4728 sunt.
1223 4669 1327 4725 Sed
1349 4684 1469 4725 cum
1490 4669 1604 4723 hanc
1625 4669 1830 4733 dicunt,
1851 4668 2046 4723 debent

477 4770 824 4842 respondere,
859 4777 1028 4836 quare
1051 4761 1283 4832 primum
1313 4758 1598 4828 accipiant.
1644 4758 1745 4824 Qui
1781 4757 1924 4812 enim
1962 4771 2048 4811 se-

478 4865 709 4921 cundum
739 4857 1066 4924 tertiumque
1094 4851 1383 4922 accipiunt,
1412 4850 1642 4918 primum
1672 4862 1730 4902 se
1753 4846 2047 4917 perdidisse

479 4963 766 5015 testantur,
798 4949 924 5019 quia
962 4943 1230 5000 secundus
1264 4951 1322 4996 et
1355 4941 1547 4994 tertius
1583 4939 1700 4994 sine
1730 4940 1901 5008 primo
1926 4951 2046 4991 esse

478 5063 584 5104 non
611 5047 856 5116 possunt.
899 5036 1139 5103 Cumque
1161 5033 1227 5088 de
1255 5031 1431 5103 primo
1463 5030 1785 5099 respondere
1815 5045 1919 5084 uon
1952 5043 2047 5098 po-

479 5146 679 5200 terunt,
723 5147 822 5188 nos
853 5131 967 5184 hzec
991 5125 1170 5178 omnia
1197 5122 1494 5178 referamus
1519 5120 1585 5174 ad
1608 5119 1854 5189 primum
1878 5129 1933 5174 et
1959 5135 2044 5174 se-

478 5230 710 5288 Cundum
737 5220 937 5280 Christi
967 5219 1274 5281 adventum,
1310 5215 1504 5284 quibus
1532 5212 1746 5282 impleta
1794 5222 1874 5266 est
1900 5211 2045 5266 salus

477 5317 830 5377 credentium.
865 5309 1104 5365 Primum
1133 5309 1311 5376 itaque
1344 5304 1438 5359 Dei
1479 5314 1687 5372 tempus
1727 5305 1868 5357 diem
1902 5303 2046 5357 acci-

474 5414 688 5484 piamus
711 5403 1005 5482 secundum
1027 5399 1312 5453 adventum
1334 5395 1553 5451 ChriSti.
1579 5395 1702 5449 Post
1721 5411 1880 5464 quem
1903 5395 2044 5448 diem

478 5499 775 5559 viviﬁcabit
799 5510 897 5552 nos
923 5508 1021 5564 per
1048 5491 1228 5554 tidem,
1255 5489 1346 5560 qui
1377 5503 1592 5542 eramus
1618 5486 1814 5540 mortui
1843 5500 1946 5552 per
1972 5485 2048 5538 in-

479 5593 832 5652 ﬁdelitatem:
872 5585 956 5641 vel
996 5590 1145 5638 certe
1181 5579 1472 5636 viviticavit
1507 5593 1605 5632 nos
1645 5577 1697 5630 in
1738 5593 1833 5646 spe
1871 5590 2050 5629 resur-

480 5683 764 5749 rectionis,
787 5681 938 5752 juxta
963 5675 1089 5731 illud
1113 5671 1353 5743 Alpostoli
1386 5668 1826 5752 fAConvivillcavit
1848 5681 1967 5730 nos,
1999 5673 2056 5718 et

481 5747 941 5834 consedere'fecit
980 5768 1036 5822 in
1081 5747 1484 5821 ccelestibusﬁn
1531 5759 1766 5814 Christo.
1823 5778 1840 5810 ι
1869 5757 1923 5811 ln
1966 5757 2050 5811 die

478 5869 648 5929 tam!
678 5862 958 5923 suscitabit
983 5875 1102 5925 nos,
1136 5853 1152 5909 ὁ
1199 5856 1320 5925 quia
1349 5855 1464 5924 ipso
1493 5863 1801 5921 resurgeute
1841 5867 1867 5904 a
1907 5867 2048 5904 mor-

2149 3399 2346 3453 dicitur
2383 3414 2548 3467 parva
2589 3401 2693 3452 diei
2737 3399 2848 3463 lux,
2888 3417 2995 3469 qua
3023 3403 3234 3455 oriente
3269 3405 3503 3456 tenebrae
3544 3404 3718 3456 noctis

2148 3493 2422 3563 fugantur,
2448 3501 2503 3546 et
2533 3494 2753 3548 claritas
2793 3495 2898 3548 diei
2937 3510 3197 3564 apparere
3227 3496 3432 3565 incipit.
3466 3495 3560 3548 Est
3592 3511 3724 3564 ergo

2148 3597 2377 3636 sensus:
2416 3583 2568 3656 Sicut
2601 3583 2832 3637 diluculo
2863 3591 3117 3652 surgente
3159 3584 3394 3638 tenebrae
3432 3585 3604 3637 noctis
3639 3584 3720 3635 l'u-

2147 3681 2360 3741 gantur,
2394 3680 2447 3725 et
2492 3672 2582 3725 lux
2628 3672 2733 3726 diei
2781 3672 3044 3742 aperitur,
3087 3672 3159 3726 ita
3200 3671 3417 3727 Christo
3462 3675 3515 3726 in
3555 3689 3721 3726 carne

2148 3773 2402 3818 nascente
2442 3766 2676 3818 tenebrae
2717 3775 3067 3837 peccatorum
3106 3774 3411 3819 nostrorum
3450 3767 3723 3835 dissipata:

2148 3864 2295 3918 sunt,
2324 3864 2378 3908 et
2405 3864 2555 3908 ortus
2584 3864 2665 3908 est
2693 3856 2845 3910 nobis
2871 3855 2949 3909 sol
2979 3856 3228 3926 justitiae,
3263 3857 3354 3926 qui
3383 3868 3620 3911 nostram
3653 3858 3706 3909 il-

2147 3943 2415 3998 luminans
2443 3945 2764 4008 caecitatem,
2806 3947 2991 3999 oculos
3029 3945 3223 4000 mentis
3259 3958 3458 4001 nostra:
3485 3949 3718 4015 aperuit,

2147 4044 2202 4089 et
2231 4034 2531 4088 claritatem
2561 4034 2795 4088 cwlestis
2822 4036 3027 4103 patrias,
3059 4035 3344 4105 lumenque
3373 4053 3511 4090 vene
3544 4039 3718 4092 scien-

2150 4125 2236 4179 tiae
2267 4123 2649 4179 manifestavit.
2693 4125 2758 4177 Et
2793 4124 3015 4192 pulchre
3044 4126 3229 4180 eadem
3261 4127 3516 4179 nativitas
3538 4141 3718 4196 egres-

2149 4233 2242 4272 sus
2269 4217 2383 4284 ejus
2408 4216 2723 4286 appellatur,
2752 4217 2817 4270 de
2845 4232 2950 4285 qua
2980 4216 3265 4270 Psalmista
3294 4218 3373 4272 ait
3397 4232 3413 4271 :
3454 4237 3471 4268 ‹
3506 4220 3571 4271 Ει
3605 4220 3718 4286 ipse

2150 4318 2404 4377 tanquam
2435 4323 2666 4377 sponsus
2690 4311 2990 4377 procedens
3016 4309 3084 4362 de
3109 4309 3344 4363 thalamo
3370 4325 3487 4363 suo.
3520 4330 3537 4361 ι
3575 4310 3718 4363 Tan-

2149 4402 2309 4466 quam
2340 4413 2569 4466 sponsus
2595 4397 2790 4466 quippe
2818 4397 2883 4451 de
2918 4397 3153 4451 thalamo
3181 4399 3465 4468 processit,
3504 4402 3720 4467 quando

2149 4491 2214 4543 de
2248 4489 2560 4558 incorrupto
2607 4489 2834 4559 virginis
2881 4497 3035 4543 utero
3076 4489 3476 4543 immaculatum
3524 4505 3720 4558 corpus

2151 4583 2461 4650 assumpsit,
2491 4589 2546 4634 et
2573 4583 2626 4634 in
2657 4596 2822 4636 carne
2843 4589 3000 4635 natus
3022 4582 3287 4650 apparuit.
3314 4581 3389 4634 De
3415 4582 3568 4650 cujus
3596 4590 3717 4634 ortu

2078 4643 2124 4700 θ
2152 4679 2298 4724 recte
2327 4671 2500 4725 adhuc
2531 4671 2794 4724 subditur.
2832 4689 2850 4720 ι
2879 4671 2946 4724 Et
2973 4672 3153 4725 veniet
3177 4670 3328 4739 quasi
3362 4671 3534 4723 imber
3563 4669 3720 4723 nobis

2149 4772 2526 4833 temporaneus
2555 4771 2609 4817 et
2635 4763 2903 4817 serotiuus
2935 4772 3107 4817 terrae.
3141 4783 3161 4815 ι
3197 4763 3464 4830 Quantum
3489 4763 3553 4815 ad
3577 4762 3719 4815 litte-

2151 4869 2302 4917 ram,
2353 4862 2755 4923 tcmporaneum
2805 4854 3032 4908 imbrem
3079 4862 3235 4908 vocat
3280 4853 3551 4923 pluviam,
3598 4869 3717 4922 quae

2142 4944 2304 5014 jactis
2344 4944 2637 4998 seminibus
2678 4960 2708 4997 a
2753 4944 2863 4998 Deo
2899 4944 3059 4997 datur
3098 4951 3256 4997 terrae
3287 4941 3718 5005 Palaestiuurum,

2149 5051 2252 5105 qua
2307 5035 2479 5089 infusa
2527 5035 2837 5089 coalescunt
2876 5035 3112 5100 semina;
3164 5035 3456 5088 serotinam
3501 5044 3717 5099 autem,

2149 5141 2269 5197 quae
2307 5127 2372 5179 ad
2419 5127 2786 5181 maturitatem
2828 5127 3044 5180 eosdem
3077 5127 3323 5196 perducit
3358 5125 3586 5181 fructus.
3630 5126 3719 5180 Si-

2128 5221 2365 5290 quidem
2392 5229 2532 5274 terra
2559 5220 2932 5290 promissionis
2956 5235 3059 5272 non
3091 5220 3164 5273 ita
3196 5219 3526 5287 frequenter,
3556 5219 3720 5273 veluti

2153 5327 2357 5383 nostra,
2388 5319 2455 5372 de
2488 5319 2626 5371 casio
2657 5317 2850 5386 accipit
2881 5318 3134 5387 pluviam,
3180 5320 3271 5372 sed
3313 5318 3395 5372 bis
3429 5329 3635 5372 tantum
3666 5319 3720 5372 iu

2154 5422 2316 5461 anno.
2340 5406 2491 5461 Unde
2512 5407 2768 5461 Dominus
2793 5407 3071 5475 pollicetur
3091 5423 3186 5476 per
3207 5409 3520 5476 prophetam
3545 5407 3721 5461 eidem

2153 5496 2348 5566 populo
2367 5497 2551 5551 dicens
2576 5517 2588 5548 :
2617 5496 2765 5550 Dabo
2798 5497 2946 5550 vobis
2972 5495 3204 5564 pluviam
3239 5505 3642 5565 temporaneam
3666 5505 3723 5550 et

2152 5586 2464 5640 serotinam.
2511 5583 2876 5654 Spiritualiter
2919 5596 3099 5639 autem
3139 5585 3388 5640 Christus
3435 5585 3594 5640 nobis
3639 5597 3725 5640 est

2153 5676 2321 5729 imber
2353 5685 2761 5743 temporaneus,
2801 5676 3016 5745 quando
3051 5674 3171 5729 ﬁdei
3205 5675 3347 5728 illius
3375 5674 3724 5729 fundamenta

2151 5764 2498 5833 percipimus,
2520 5780 2625 5834 qua
2658 5764 2881 5818 radicati
2915 5763 3071 5818 bonis
3092 5764 3346 5834 operibus
3366 5763 3720 5818 abundcmus.

2155 5855 2434 5910 Serotinus
2464 5872 2624 5920 vero,
2659 5856 2872 5925 quando
2908 5858 3108 5926 paratis
3145 5855 3257 5924 jam
3305 5856 3368 5908 ad
3415 5855 3724 5910 metendum
