4022 6440
282 451 351 508 ιιι

1313 446 1710 504 ENARRA'I‘IO
1746 446 1812 501 IN
1851 445 2032 503 OSEE
2069 448 2513 506 PROPI'IE'I‘AM.

282 567 541 640 frugibus,
592 567 646 623 ld
688 574 794 633 est,
830 567 1110 637 completis
1146 565 1303 621 bonis
1335 564 1589 635 operibus
1617 562 1853 619 abunde-
1878 565 1929 621 Α
1953 561 2133 630 potius
2155 561 2287 616 velle
2312 560 2765 626 misericordiam,
2794 567 2855 615 u-t
2878 560 3113 629 primum
3142 559 3530 614 misererentur

283 676 421 724 mus,
448 661 500 714 in
530 659 726 714 horrea
753 657 1031 712 Dominica
1053 656 1428 711 recondemur.
1459 655 1556 708 Vel
1589 670 1729 709 nunc
1759 669 1856 707 no-

279 750 363 805 bis
392 748 569 802 imber
597 755 684 801 est
711 754 1110 816 temporaneus,
1142 745 1266 799 dum
1291 759 1355 798 ex
1392 753 1546 813 parte
1577 743 1857 813 cognosci-

279 855 421 894 mus.
448 838 564 893 Erit
587 846 642 891 et
668 835 958 901 serotinus,
992 835 1208 905 quando
1246 834 1456 888 venerit
1495 835 1637 903 quod
1676 831 1856 901 perfe-

280 940 427 986 ctum
455 938 557 984 est.
586 928 728 998 Ergo
757 925 929 981 Judaei
957 925 1047 995 qui
1084 941 1189 980 non
1230 931 1549 993 receperunt
1577 930 1853 991 tempora-

281 1038 432 1085 neas,
460 1031 516 1076 et
542 1020 744 1089 absque
779 1016 978 1089 pluviis
1011 1031 1307 1082 messuere,
1347 1015 1552 1070 fructus
1589 1028 1771 1069 semen
1798 1013 1854 1067 in

282 1112 470 1166 ultimo
497 1120 743 1179 tempore
769 1123 874 1162 non
904 1107 1184 1178 recipient.

355 1223 375 1253 ι
402 1201 543 1269 Quid
589 1199 786 1255 faciam
816 1197 936 1262 tibi,
978 1197 1283 1266 Ephraim?‘
1308 1197 1438 1266 quid
1488 1195 1682 1249 faciam
1733 1194 1867 1258 tibi,

278 1291 415 1347 .Iuda
430 1292 461 1344 ?
485 1310 503 1343 ι
530 1289 609 1344 Ac
628 1288 673 1343 si
690 1288 926 1343 diceret:
954 1284 1235 1353 Quomodo
1256 1296 1310 1340 te
1331 1286 1452 1341 sine
1467 1284 1651 1340 dolore
1673 1284 1861 1338 cordis

282 1383 500 1438 tradere
529 1388 719 1450 potero
747 1376 1017 1443 hostibus,
1064 1385 1159 1431 aut
1191 1376 1333 1446 quod
1371 1375 1708 1430 medicamen
1754 1372 1851 1428 tibi

283 1472 575 1541 imponam,
623 1476 689 1522 ut
732 1475 785 1522 te
829 1466 1048 1520 sanitati
1087 1465 1455 1520 restituam‘h
1486 1463 1853 1519 Misericordia

280 1573 463 1619 vestra
512 1559 667 1632 quasi
716 1558 889 1615 nubes
934 1558 1222 1622 matutina,
1264 1565 1317 1613 et
1348 1557 1519 1626 quasi
1552 1572 1643 1613 ros
1693 1571 1854 1611 mane

282 1654 671 1728 pet-transiens,
710 1671 729 1704 ι
769 1650 821 1704 id
851 1658 954 1717 est,
997 1650 1140 1705 sicut
1190 1649 1445 1704 veniente
1492 1647 1625 1713 sole,
1682 1648 1854 1703 nubes

283 1759 404 1814 quae
440 1749 633 1797 tetram
683 1748 896 1795 noctem
949 1739 1264 1794 reddiderat
1312 1736 1627 1808 pertransit,
1657 1746 1710 1793 et
1755 1753 1852 1791 ve-

281 1835 374 1889 i'uti
405 1848 565 1888 mane
593 1844 921 1900 consurgens
948 1845 1039 1884 ros
1062 1838 1185 1884 orto
1210 1828 1324 1884 sole
1363 1829 1617 1892 siccatur,
1662 1829 1736 1883 ita
1760 1828 1848 1882 illa

1956 652 2079 715 sibi,
2121 652 2276 721 juxta
2334 652 2502 707 illud:
2531 652 2681 718 Fili,
2721 654 2977 709 miserere
3025 652 3219 708 anima:
3267 659 3371 706 tua:
3415 649 3528 721 pla-

1956 755 2085 795 cens
2099 741 2230 804 Deo,
2255 742 2448 797 deinde
2473 741 2816 812 pauperibus,
2834 752 2889 798 et
2909 743 3189 799 scientiam
3217 750 3375 797 rectae
3398 740 3522 797 ﬁdei

1954 845 2077 885 cum
2100 831 2181 886 sui
2214 831 2545 902 cognitione,
2570 847 2731 911 quam
2761 831 3098 899 holocausta,
3117 834 3242 902 quia
3270 832 3389 889 sine
3419 831 3527 887 ﬁde

1955 929 2012 975 et
2030 922 2767 993 misericordiaimpossibile
2785 932 2873 979 est
2895 924 3108 993 placere
3138 926 3267 981 Deo.

2030 1031 2048 1064 ι
2079 1012 2184 1082 1ρεί
2214 1022 2395 1069 autem
2419 1014 2559 1068 sicut
2591 1013 2763 1068 Adam
2803 1016 3125 1085 transgressi
3154 1025 3282 1071 sunt
3308 1023 3525 1087 pactum

1953 1117 2156 1156 meum.
2194 1122 2213 1154 ι
2247 1102 2327 1157 A’c
2360 1103 2415 1158 si
2440 1102 2686 1158 diceret:
2720 1101 2844 1158 Ideo
2891 1118 2998 1157 non
3024 1111 3274 1172 poterunt
3306 1104 3528 1176 purgari

1954 1207 2051 1262 per
2073 1193 2363 1256 sacriﬁcia,
2397 1193 2541 1248 sicut
2574 1194 2861 1259 aestimant,
2899 1194 3025 1263 quia
3068 1194 3208 1248 sicut
3231 1193 3400 1249 Adam
3431 1211 3529 1267 gu-

1953 1282 2149 1337 stando
2185 1298 2404 1352 pomum
2438 1282 2568 1353 ligni
2611 1284 2785 1347 vetiti,
2825 1283 3149 1364 contempsit
3188 1282 3282 1338 Dei
3322 1298 3526 1353 prace-

1961 1381 2135 1443 ptum,
2161 1373 2234 1428 ita
2259 1374 2346 1429 isti
2362 1375 2804 1445 transgrediendo
2831 1376 3001 1447 legem
3023 1374 3284 1442 divinam,
3319 1374 3523 1457 faciunt

1954 1472 2144 1519 contra
2188 1464 2279 1519 Dei
2316 1474 2663 1536 praeceptum,
2704 1481 2812 1536 quo
2843 1465 2981 1521 dixit
3022 1468 3103 1522 eis
3134 1485 3147 1520 :
3174 1466 3288 1521 Non
3316 1465 3528 1531 faciatis

1952 1554 2106 1609 vobis
2132 1553 2262 1634 deos
2290 1553 2495 1609 alienos
2523 1572 2536 1605 :
2568 1563 2623 1610 et
2642 1555 2783 1610 sicut
2811 1552 2902 1611 ille
2931 1555 3165 1626 perdidit
3190 1555 3525 1625 paradisum,

1953 1652 2028 1698 ita
2054 1654 2109 1697 et
2147 1643 2234 1697 isti
2259 1643 2484 1713 perdent
2512 1653 2736 1710 terram,
2777 1660 2939 1714 quam
2967 1653 3287 1716 acceperant
3316 1646 3369 1700 in
3416 1646 3529 1701 ha:-

1952 1732 2253 1787 reditatem.
2283 1752 2301 1783 ι
2339 1732 2440 1789 Ubi
2470 1752 2488 1784 ι
2524 1734 2626 1790 hoc
2650 1744 2754 1800 est,
2799 1736 2852 1789 in
2891 1735 3087 1802 Adam,
3130 1736 3245 1791 sive
3280 1736 3446 1790 etiam
3471 1737 3524 1790 in

1950 1822 2225 1892 paradiso,
2263 1840 2282 1873 ι
2324 1824 2656 1892 ρι-ωνειισὶεειιί
2702 1834 2837 1880 sunt
2877 1826 2930 1880 in
2976 1841 3082 1891 me,
3121 1845 3141 1878 ι
3165 1824 3326 1893 juxta
3374 1826 3520 1895 quod

281 1921 675 1984 misericordia,
697 1935 799 1988 qua
822 1918 974 1973 vobis
1013 1919 1262 1973 misereri
1285 1932 1695 1982 consueveram,
1720 1931 1848 1987 per-
1875 1928 1924 1986 Β
1950 1910 2238 1980 Apostolus
2271 1912 2346 1967 ait
2374 1931 2386 1966 :
2417 1911 2475 1966 In
2506 1928 2613 1983 quo
2640 1929 2828 1969 omnes
2853 1922 3236 1985 peccaverunt.
3271 1902 3534 1983 Quotidie’

281 2012 521 2076 transiit,
568 2011 729 2065 etiam
759 2010 912 2064 vobis
959 2018 1169 2079 tempus
1221 2009 1552 2077 captivitatis
1583 2009 1848 2075 imminet,

282 2104 390 2160 cito
424 2118 521 2174 per
539 2103 789 2174 Assyrios
816 2111 870 2158 et
900 2102 1225 2174 Babylonios
1254 2111 1563 2158 venturum.

357 2214 376 2246 ι
400 2194 626 2264 Propter
659 2195 763 2249 hoc
791 2194 970 2248 dolavi
1013 2194 1067 2249 in
1102 2195 1402 2264 prophetis.
1434 2215 1453 2247 ι
1486 2195 1566 2251 Ne
1608 2196 1851 2252 dicerent
1878 2198 1884 2206 '

276 2285 444 2341 Iudzei
483 2286 885 2341 excusationem
919 2294 1260 2354 quaerentes:
1289 2284 1335 2339 A
1363 2285 1848 2358 pseudoprophetis

275 2373 487 2443 decepti
516 2389 719 2436 sumus,
739 2389 925 2443 pacem
943 2374 1095 2429 nobis
1126 2375 1586 2444 promittentibus,
1619 2376 1865 2446 ideoque"

275 2464 642 2533 peccavimus,
695 2471 925 2517 testatur
963 2478 1023 2519 se
1069 2464 1331 2521 Dominus
1364 2466 1512 2536 prius
1555 2466 1847 2535 prophetas

274 2554 642 2618 interfécisse,
684 2562 748 2608 ut"
795 2553 899 2623 ipsi
936 2568 1029 2609 eos
1073 2554 1283 2610 occisos
1308 2570 1338 2608 a
1368 2554 1599 2610 Domino
1641 2554 1843 2609 intelli-

272 2655 485 2715 gentes,
534 2653 586 2699 et
624 2645 717 2714 qui
747 2644 958 2700 fuerant
985 2645 1035 2700 ei
1071 2660 1233 2700 causa
1274 2645 1497 2709 erroris,
1536 2644 1844 2716 interempti

271 2749 620 2795 verterentur
678 2739 734 2794 in
786 2740 1124 2795 occasionem
1171 2739 1382 2795 salutis.
1426 2737 1564 2794 Hinc
1616 2738 1844 2809 legimus

269 2833 323 2887 in
375 2832 530 2888 libris
579 2832 780 2901 Regum
815 2832 1237 2903 quadringentos
1283 2832 1675 2903 quinquaginta
1707 2849 1843 2905 pro-

268 2923 468 2991 phetas
515 2920 847 2986 interfectos,
885 2930 940 2977 et
966 2921 1125 2976 aliam
1174 2922 1625 2977 innumerabilem
1655 2923 1840 2979 multi-

266 3012 514 3066 tudinem
570 3010 638 3066 ab
696 3010 850 3075 Hieu,
896 3011 988 3081 qui
1042 3010 1304 3066 subvertit
1358 3012 1575 3066 domum
1630 3011 1837 3068 Achab.

268 3101 429 3158 Unde
458 3110 514 3156 et
540 3101 810 3166 subditur,
834 3118 852 3152 ι
880 3109 937 3156 et
959 3101 1131 3156 occidi
1152 3116 1246 3156 eos
1275 3102 1328 3156 in
1343 3100 1509 3156 verbo
1528 3102 1640 3157 oris
1665 3104 1791 3157 mei.
1814 3121 1836 3156 ι

262 3191 338 3248 0s
406 3194 604 3262 quippe
674 3191 887 3246 Domini
939 3200 1058 3246 erat
1115 3191 1261 3248 Elias
1292 3234 1307 3259 ,
1356 3192 1447 3263 qui
1515 3207 1609 3249 eos
1664 3194 1838 3250 occidi

1954 2004 2115 2058 etiam
2157 2015 2211 2058 et
2245 2020 2339 2060 eos
2372 2006 2461 2074 qui
2496 2005 2636 2058 intra
2667 2006 2961 2061 Ecclesiam
3007 2014 3156 2073 sunt,
3186 2015 3241 2062 et
3276 2016 3525 2077 peccant,

1951 2102 2005 2148 et
2038 2095 2128 2164 qui
2168 2103 2320 2150 extra
2347 2095 2643 2151 Ecclesiam
2689 2106 3119 2164 commorantur,
3149 2098 3217 2154 ad
3258 2099 3526 2169 poeniten-

1951 2184 2079 2238 tiam
2115 2185 2369 2242 Dominus
2400 2196 2577 2251 vocat,
2600 2197 2655 2241 et
2694 2188 2760 2242 ad
2796 2188 3223 2244 misericordiam
3253 2196 3523 2257 rectaeque

1894 2313 1901 2319 .
1950 2274 2073 2330 ﬁdei
2093 2276 2403 2342 scientiam,
2430 2278 2615 2335 dicens
2647 2297 2661 2334 :
2697 2297 2715 2331 ι
2748 2279 3169 2351 Misericordiam
3191 2281 3335 2347 volo,
3370 2300 3387 2333 ι
3414 2290 3520 2335 etc.

1947 2363 2210 2420 Videntur
2227 2366 2371 2421 enim
2402 2368 2537 2423 tales
2565 2369 2761 2424 oﬁ'erre
2794 2369 2904 2426 Deo
2950 2386 3198 2438 munera,
3240 2382 3296 2427 et
3323 2371 3522 2427 sectari

1946 2455 2328 2523 humilitatem,
2359 2469 2414 2513 et
2443 2458 2621 2516 facere
2650 2460 3071 2535 eleemosynam,
3102 2479 3221 2534 qua:
3253 2465 3521 2519 sacriﬁcia

1944 2557 2287 2615 vocarentur,
2329 2551 2375 2606 si
2405 2568 2528 2607 cum
2558 2554 2879 2610 rectitudine
2928 2554 3050 2612 ﬁdei
3085 2564 3139 2611 et
3157 2558 3296 2612 bona
3336 2556 3522 2612 volun-

1947 2648 2055 2695 tate
2099 2642 2474 2712 procederent.
2510 2643 2616 2700 Sed
2648 2662 2770 2701 cum
2802 2655 2858 2702 et
2903 2648 2959 2703 hi
2991 2648 3443 2716 misericordiam,
3467 2660 3551 2727 et‘

1945 2731 1999 2785 hi
2040 2741 2241 2787 rectam
2273 2732 2531 2803 abjiciunt
2572 2735 2666 2791 Dei
2694 2736 3001 2803 scientiam,
3047 2737 3248 2794 frustra
3277 2754 3337 2794 se
3361 2747 3518 2794 trun-

1942 2832 2068 2878 cato
2110 2825 2285 2894 capite
2331 2824 2455 2891 ﬁdei
2500 2835 2696 2882 caetera
2744 2829 2990 2883 membra
3035 2829 3237 2885 habere
3285 2829 3516 2899 iactant.

1943 2918 2289 2976 Pnevaricati
2346 2923 2490 2977 enim
2553 2932 2680 2979 sunt
2729 2933 2947 2993 pactum
3007 2924 3103 2981 Dei
3150 2926 3203 2980 in
3254 2926 3516 2991 Ecclesia,

1918 2994 2085 3062 ‘sicut
2129 3008 2298 3065 Adam
2337 3010 2390 3064 in
2439 3013 2737 3080 paradiso:
2776 3012 3007 3083 ideoque
3056 3014 3333 3085 quomodo
3357 3016 3444 3072 ille
3487 3035 3515 3071 a

1942 3098 2208 3166 paradiso,
2230 3100 2299 3153 ita
2330 3100 2415 3154 isti
2447 3100 2799 3170 projieientur
2820 3103 2887 3158 ab
2912 3104 3174 3160 Ecclesia.

2017 3206 2037 3238 σ
2086 3187 2289 3243 Galaad
2335 3190 2527 3246 civitas
2572 3194 2916 3261 operantium
2965 3195 3189 3249 idolum.
3243 3216 3262 3247 ι
3312 3196 3518 3253 Galaad

254 3281 447 3353 jussit.
469 3281 640 3336 Aliter
664 3300 676 3336 :
696 3281 924 3351 Propter
948 3282 1051 3338 hoc
1069 3283 1293 3349 scilicet,
1320 3284 1449 3354 quia
1468 3285 1648 3355 inique
1674 3301 1838 3357 agen-
1866 3270 1910 3332 C
1940 3294 2135 3334 nomen
2170 3286 2255 3334 est
2289 3280 2526 3336 Civilalis
2563 3280 2647 3336 Vel
2681 3282 2901 3347 montis.
2929 3283 3024 3338 66d
3056 3283 3144 3339 hic
3175 3299 3275 3354 pro
3298 3284 3519 3341 civitate

261 3372 413 3427 tibus
459 3371 830 3427 misericordia
878 3374 1105 3428 recessit
1152 3373 1221 3429 ab
1256 3375 1377 3439 eis;
1416 3375 1616 3443 dolavi,
1660 3378 1715 3433 id
1757 3386 1841 3434 est

259 3463 529 3518 dolandos
580 3479 702 3519 esse
749 3464 972 3533 praedixi
1020 3480 1118 3535 per
1168 3467 1490 3536 prophetas,
1549 3469 1691 3524 sicut
1736 3468 1839 3524 fuit

259 3552 453 3617 Isaias,
494 3551 775 3618 Jeremias,
807 3561 862 3608 et
890 3556 1110 3620 caeteri;
1146 3572 1217 3611 ac
1234 3558 1413 3612 verbis
1447 3559 1584 3613 meis
1624 3561 1839 3616 terribi—

260 3642 408 3698 libus
434 3643 793 3698 comminatus
820 3659 939 3697 sum
979 3645 1081 3708 eis,
1114 3654 1172 3698 ut
1218 3646 1311 3716 qui
1349 3646 1670 3703 clementem
1709 3665 1839 3704 con-

260 3734 585 3790 temnebant
635 3735 891 3790 timerent
933 3734 1215 3792 offensum.
1264 3757 1281 3789 ι
1324 3739 1392 3793 Et
1435 3740 1608 3795 occidi
1649 3756 1743 3796 eos
1780 3741 1834 3796 in

259 3823 433 3877 verbo
454 3822 565 3877 oris
599 3823 727 3888 mei,
754 3831 852 3877 aut
886 3832 1013 3879 ante
1051 3834 1364 3895 peccatores
1392 3829 1675 3882 verborum
1728 3840 1838 3885 ter-

261 3929 396 3969 rore
429 3915 767 3984 punirentur,
817 3930 977 3984 quam
1027 3917 1311 3985 captivitas
1351 3919 1674 3974 immineret.
1711 3920 1836 3977 Haec

257 4023 396 4061 vero
424 4009 603 4061 omnia
636 4017 698 4062 ut
723 4008 924 4075 judicia
953 4025 1095 4075 mea,
1143 4014 1341 4081 quibus
1394 4024 1445 4069 te
1492 4016 1836 4085 iudicaturus

260 4113 409 4158 sum,
436 4097 587 4164 quasi
617 4096 709 4150 lux
736 4098 1097 4166 egredientur,
1130 4101 1181 4154 id
1213 4111 1317 4166 est,
1358 4106 1642 4161 manifesta
1679 4108 1831 4163 ﬁent.

260 4183 405 4249 Quia
428 4183 571 4237 enim
600 4198 741 4252 szepe
765 4201 859 4240 vos
888 4186 1172 4257 redarguo,
1207 4198 1263 4244 et
1291 4190 1690 4261 imptnnitentes
1716 4197 1835 4251 exi‘

258 4270 452 4337 stitis,
519 4272 573 4325 in
637 4283 821 4342 aperta
879 4274 997 4330 luce
1048 4279 1336 4348 multisque
1386 4284 1698 4340 nationibus
1748 4287 1834 4340 vi-

256 4363 513 4418 r’entibus
548 4364 958 4421 damnabimini.
984 4367 1077 4423 Vel
1103 4380 1252 4426 certe
1290 4389 1409 4428 mea
1442 4375 1645 4445 judicia
1677 4380 1831 4447 quasi

256 4454 353 4508 lux
379 4452 735 4523 egredientur,
768 4456 895 4525 quia
922 4457 1097 4514 nullus
1117 4459 1383 4518 dubitabit
1409 4480 1507 4520 vos
1518 4466 1685 4535 juste,
1712 4484 1831 4538 quae

256 4542 525 4613 patimini,
543 4542 705 4597 fuisse
734 4559 1033 4614 perpessos.
1062 4547 1293 4605 Possunt
1316 4552 1431 4608 haec
1448 4555 1635 4610 eadem
1664 4558 1827 4614 verba

1940 3362 2190 3439 ponitur;
2224 3380 2310 3426 est
2327 3379 2506 3425 autem
2534 3372 2637 3426 sita
2655 3381 2806 3427 trans
2826 3371 3114 3429 Iordanem
3143 3374 3195 3430 in
3214 3374 3353 3430 tribu
3376 3374 3512 3430 Gad.

1939 3460 1996 3515 ln
2031 3461 2135 3516 hac
2173 3462 2306 3517 urbe
2336 3462 2535 3518 idolum
2558 3464 2809 3533 primitus
2834 3473 2918 3521 est
2945 3476 3344 3532 consecratum,
3382 3471 3507 3540 quia

1941 3552 2289 3608 habitabatur
2333 3570 2364 3608 a
2415 3556 2809 3611 sacerdotibus.
2856 3558 2989 3613 Erat
3029 3559 3175 3615 enim
3220 3568 3277 3615 et
3323 3561 3523 3616 civitas.

1939 3641 2305 3715 fugitivorum,
2351 3646 2445 3701 sed
2482 3655 2686 3715 quanto
2728 3649 2994 3705 celebrior
3042 3662 3098 3706 et
3131 3653 3513 3723 majoriserat

1939 3735 2295 3800 auctoritatis,
2336 3736 2462 3804 quia
2500 3736 2553 3790 in
2584 3750 2794 3806 partem
2833 3741 3175 3797 sacerdotum
3214 3743 3392 3798 fuerat
3428 3744 3513 3807 de-

1936 3824 2149 3896 legata,
2201 3836 2352 3883 tanto
2393 3827 2716 3899 princime
2766 3831 3086 3888 idololatria
3138 3843 3195 3890 et
3246 3835 3511 3891 malorum

1935 3917 2177 3971 omnium
2218 3917 2321 3973 fuit
2352 3937 2366 3972 :
2394 3926 2449 3973 et
2477 3919 2604 3988 quia
2640 3920 2726 3974 isti
2772 3920 2910 3976 idola
2946 3924 3178 3992 primum
3213 3941 3507 3983 consecra—

1938 4018 2084 4072 runt,
2126 4003 2305 4078 primi:
2339 4010 2408 4064 ab
2452 4009 2695 4079 Assyriis
2727 4012 2901 4081 capti,
2953 4020 3008 4066 et
3039 4013 3105 4068 in.
3143 4016 3509 4083 captivitatem

1936 4107 2064 4152 sunt
2110 4100 2277 4154 ducti.
2328 4118 2348 4151 ι
2378 4099 2731 4169 Supplantata
2784 4102 3063 4173 sanguine.
3103 4123 3122 4156 ι
3156 4104 3417 4176 begimus
3451 4109 3507 4163 in

1936 4187 2075 4242 libro
2099 4187 2305 4259 Regum
2336 4188 2477 4257 quod
2506 4188 2638 4244 Hieu
2661 4199 2854 4247 unctus
2876 4192 2938 4247 in
2962 4208 3143 4264 regem
3175 4194 3229 4249 in
3270 4194 3505 4252 Ramnth

1935 4273 2134 4330 Galaad
2187 4277 2464 4345 deleverit,
2523 4282 2817 4338 secundum
2885 4285 3105 4341 Domini
3152 4297 3502 4359 praeceptum,

1934 4381 2147 4421 omnem
2204 4368 2420 4423 domum
2460 4370 2647 4427 Achab
2678 4413 2693 4437 ,
2746 4374 2799 4428 id
2871 4384 2956 4430 est
2992 4377 3333 4449 septuaginta
3385 4381 3506 4451 ejus

1930 4456 2093 4520 ﬁlios,
2123 4467 2455 4529 ceterosque
2490 4461 2565 4516 illi
2596 4466 2993 4523 consentientes
3014 4468 3069 4522 in
3111 4469 3332 4525 malum.
3359 4471 3504 4540 Qua-

1931 4556 2151 4615 propter
2178 4548 2291 4619 ipsa
2330 4550 2522 4606 civitas
2554 4552 2894 4623 supplantata
2936 4557 3012 4627 (id
3061 4567 3147 4614 est
3195 4560 3502 4636 humiliata)

254 4609 323 4685 ad
368 4631 649 4687 haereticos
688 4609 801 4688 sive
831 4609 905 4689 ad
942 4637 1089 4692 viros
1129 4639 1264 4694 Juda
1305 4642 1517 4708 referri,
1558 4609 1824 4715 magno.
1858 4609 1908 4676 D
1932 4609 2442 4708 sanguinedicitur,
2470 4642 2552 4695 vel
2577 4609 2761 4710 etiam,
2792 4648 2918 4718 quia
2938 4609 3189 4707 ‘vindicta
3221 4609 3501 4726 sanguinis

254 4720 436 4774 minus
463 4730 723 4790 provocat
755 4723 821 4776 ad
863 4724 1309 4797 misericordiam,
1345 4740 1398 4786 et
1433 4736 1629 4790 reverti
1674 4740 1824 4807 cupit

251 4812 321 4864 ad
353 4812 600 4867 salutem.
648 4813 756 4868 Illis
793 4824 969 4870 autem
1015 4819 1478 4890 impoanitentibus
1528 4828 1699 4883 nubes
1738 4830 1821 4884 vel

253 4920 368 4969 ros,
413 4905 466 4959 id
506 4915 607 4969 est,
653 4910 980 4978 prosperitas
1021 4912 1176 4968 istius
1214 4917 1392 4972 saeculi
1430 4918 1707 4976 aufbretur
1753 4924 1823 4978 ab

249 4995 355 5057 eis,
378 4995 517 5049 sicut
546 4996 742 5051 accidit
772 4998 846 5052 illi
872 5000 1020 5054 diviti
1055 5014 1373 5073 purpurato,
1402 5009 1493 5078 qui
1524 5025 1684 5067 omne
1711 5029 1819 5083 quo

250 5085 452 5141 fruitus
475 5097 579 5152 est,
604 5098 665 5142 ut.
695 5090 865 5144 instar
899 5092 1054 5148 nubis
1082 5094 1163 5148 vel
1193 5098 1330 5152 roris
1362 5102 1592 5157 transire
1617 5119 1818 5175 cogno-

251 5178 348 5243 vit,
408 5195 726 5253 semperque
782 5184 1157 5242 hxercticorum
1215 5192 1507 5260 prophetas
1561 5194 1821 5254 Dominus

252 5270 509 5325 interﬁcit
539 5313 555 5335 ,
604 5274 729 5328 dum
786 5284 987 5331 aeterna
1042 5280 1122 5333 eis
1198 5283 1456 5352 supplicia
1518 5288 1815 5341 commina-

250 5365 359 5413 tur.
387 5356 623 5426 Quorum
656 5361 854 5429 judicia
882 5366 1160 5422 manifesta
1190 5369 1338 5435 ﬁent,
1371 5388 1491 5427 cum
1513 5374 1816 5432 videntibus

248 5448 501 5505 omnibus
530 5465 651 5505 cum
694 5452 907 5509 diabolo
935 5465 989 5510 et
1024 5460 1229 5527 angelis
1252 5459 1367 5529 ejus
1393 5462 1810 5521 damnabuntur.

325 5556 344 5587 ι
380 5537 513 5603 Quia
560 5541 982 5600 misericordiam
1027 5547 1192 5613 volui,
1219 5558 1274 5603 et
1307 5567 1413 5606 non
1463 5554 1810 5625 sacriﬁcium,

250 5636 304 5682 et
330 5630 610 5686 scientiam
668 5632 757 5688 Dei
785 5634 901 5703 plus
945 5653 1104 5706 quam
1165 5640 1557 5700 holocaustum.
1595 5666 1611 5696 ι
1641 5646 1811 5707 Iudaei

251 5720 401 5774 vario
441 5724 600 5779 modo
629 5735 930 5794 peccantes,
970 5733 1229 5799 putabant
1264 5752 1321 5789 se
1351 5739 1566 5806 purgari
1602 5755 1699 5810 per
1726 5760 1811 5798 sa-

250 5811 574 5870 criﬁciorum
623 5816 961 5881 oblationes;
1026 5824 1118 5877 scd
1170 5824 1424 5884 Dominus
1475 5832 1707 5886 ostendit
1753 5849 1810 5890 se

1931 4742 2092 4795 quem
2146 4726 2422 4795 fundebat,
2468 4731 2611 4786 sicut
2662 4733 2716 4788 in
2762 4739 3109 4806 sequentibus
3156 4741 3497 4811 videbimus,

1929 4832 2090 4887 super
2109 4834 2232 4873 eum
2255 4822 2419 4875 venit.

2006 4927 2025 4958 ‹
2064 4909 2132 4963 Ει
2168 4911 2321 4978 quasi
2371 4900 2555 4969 fauces
2601 4916 2840 4972 virorum
2895 4918 3240 4977 latronum.»
3290 4925 3508 4981 Fauces

1928 4997 2168 5051 virorum
2220 5000 2485 5056 latronum
2522 5014 2648 5058 sunt
2696 5021 2972 5075 cavernze,
3016 5020 3320 5083 caeteraque
3371 5014 3490 5070 loca

1927 5088 2131 5154 abdita,
2165 5090 2441 5160 inquibus
2485 5095 2735 5152 absconsi
2764 5107 3157 5168 prtetereuntes
3184 5106 3495 5176 exspoliant

1898 5179 1903 5182 '
1926 5187 1982 5233 et
2007 5180 2353 5238 interﬁciunt.
2382 5184 2692 5258 Huiusmodi
2712 5190 3018 5249 habitacula
3046 5205 3203 5251 erant
3226 5196 3281 5251 in
3301 5182 3509 5253 eadem

1926 5270 2164 5341 regione.
2197 5272 2401 5330 Idcirco
2427 5276 2623 5333 dicitur
2664 5282 2808 5351 quod
2845 5284 2916 5339 sit
2940 5283 3141 5341 Galaad
3167 5288 3322 5357 quasi
3374 5286 3492 5346 fau-

1922 5363 2324 5429 ceslatronum,
2373 5369 2499 5436 quia
2554 5370 2695 5427 sicut
2739 5373 2817 5429 illi
2864 5375 3105 5432 latentes.
3148 5378 3492 5438 denudabant

1921 5458 1976 5503 et
2027 5451 2419 5509 interﬁciebant
2456 5457 2706 5515 homines
2741 5498 2756 5527 ,
2802 5462 2874 5518 ita
2933 5464 3240 5522 sacerdotes
3284 5468 3487 5526 Galaad

1917 5544 2235 5602 insidiantes
2288 5550 2617 5621 simplicitati
2665 5556 2887 5626 populi,
2948 5558 3326 5635 exspoliabant
3390 5579 3486 5620 eos

1916 5635 2039 5699 ﬁde,
2078 5649 2132 5691 et
2159 5638 2554 5717 interﬁciebant
2597 5654 2796 5702 mente.
2848 5640 2993 5714 Quos
3033 5660 3214 5708 autem
3243 5652 3493 5726 decipere

1916 5743 2020 5782 non
2097 5740 2385 5798 poterant,
2454 5736 2692 5793 vatibus
2764 5739 3096 5809 privabant,
3151 5752 3204 5798 et
3259 5761 3486 5816 corpore

1914 5822 2197 5875 necabam.
2251 5824 2313 5878 Et
2364 5826 2464 5882 hoc
2511 5838 2593 5883 est
2634 5831 2776 5898 quod
2826 5833 3107 5902 subditur,
3162 5856 3179 5890 t
3208 5839 3482 5907 particeps
