4022 6518
461 443 524 500 εει
916 444 1270 505 IIAYMONIS
1312 446 1787 507 HALBEKS'I‘AT.
1833 448 2045 507 EPISC.
2087 451 2239 509 OPP.
2280 449 2461 508 PARS
2500 453 2542 510 I.
2578 487 2648 499 -—
2673 457 3024 518 COMMENT.
3066 461 3239 521 BlBL.
3631 430 3731 531 δέ

462 558 805 659 sacerdotum
827 559 932 659 ain
974 561 1060 613 via
1126 559 1564 659 interﬁciendum
1619 572 1907 659 pergentes
1963 558 2032 619 de
2059 570 2108 629 Α
2134 564 2422 659 subaudis,
2465 568 2689 627 videbis.
2724 572 3005 642 lmpletum
3038 588 3122 632 est
3152 580 3256 634 hoc
3286 583 3385 635 sub
3412 584 3553 653 Cyro
3576 603 3706 659 rego

461 647 697 703 Sichem.
749 670 767 701 ι
825 649 1040 705 Sichem
1095 652 1287 707 civitas
1334 661 1417 708 est
1451 655 1504 708 in
1557 655 1793 710 confinio
1841 657 2027 712 decem

461 724 697 795 tribuum
725 750 781 795 et
812 742 1061 803 duarum,
1085 758 1204 811 qua:
1222 744 1388 799 ‘hodie
1413 743 1666 814 Neapolis
1707 746 2025 815 appellatur,

458 832 600 886 unde
630 832 888 886 transitus
912 841 1031 886 erat
1069 832 1328 888 lsraelitis
1348 835 1402 889 in
1440 834 1797 901 Hierusalem,
1827 837 1916 890 ubi
1939 853 2027 892 so-

456 921 728 974 lummodo
772 920 967 976 licebat
1022 923 1269 977 victimas
1315 923 1602 978 immolari.
1654 925 1851 981 Tribus
1894 941 2024 997 ergo

455 1011 786 1080 temporibus
815 1051 830 1075 ,
897 1012 1093 1087 quibus
1153 1012 1448 1067 secundum
1505 1014 1638 1086 legis
1695 1026 2023 1086 praeceptum

448 1099 676 1168 populus
722 1101 791 1154 ad
844 1100 938 1156 Dei
1000 1101 1255 1171 templum
1305 1104 1597 1157 ascendere
1635 1103 1885 1169 debebat,
1929 1120 2022 1159 sa-

447 1191 695 1246 cerdotes
743 1191 1004 1248 idolorum
1052 1193 1324 1262 ponebant
1387 1193 1440 1246 in
1492 1193 1686 1248 itinere
1733 1194 1972 1249 latrones
2002 1234 2018 1258 ,

445 1280 536 1349 qui
585 1280 970 1335 insidiarentur
1000 1280 1363 1353 pergentibus,
1396 1291 1457 1336 ut
1485 1283 1656 1352 magis
1684 1283 1880 1339 vitulos
1925 1300 2023 1339 au-

447 1384 570 1424 reos
610 1369 662 1425 in
695 1370 806 1424 Dan
831 1378 886 1426 et
924 1370 978 1425 in
1008 1371 1191 1426 Bethel
1219 1386 1380 1441 quam
1415 1371 1703 1426 Dominum
1730 1374 2020 1429 adorarent

444 1460 498 1513 in
558 1458 922 1527 Hierusalem;
986 1471 1040 1516 et
1096 1477 1233 1531 quos
1285 1477 1544 1517 revocare
1590 1479 1695 1517 non
1742 1472 2016 1533 poterant,

444 1551 497 1603 in
552 1550 741 1605 eadem
787 1550 873 1605 via
926 1551 1341 1606 interﬁciebant.
1383 1551 1625 1619 Quorum
1674 1554 2017 1633 sacerdotum

440 1645 710 1718 particeps
731 1655 849 1701 erat
866 1644 1089 1713 Galaad,
1112 1647 1238 1716 quia
1264 1648 1574 1702 sacerdotes
1595 1646 1739 1701 illius
1769 1645 2019 1714 coniura-

441 1733 641 1788 tionem
683 1742 740 1789 et
784 1748 1105 1790 consensum
1131 1734 1378 1790 fecerunt
1403 1750 1525 1790 cum
1565 1736 1905 1805 supradictis,
1937 1736 2014 1790 si-

441 1826 745 1897 militerque
764 1842 861 1897 per
884 1842 1010 1883 suos
1032 1828 1309 1884 ministros
1326 1826 1720 1884 interﬂciebant
1730 1836 2016 1899 pergentes

2133 650 2440 719 Persarum,
2486 659 2699 725 quando
2736 676 2832 728 per
2877 678 3098 718 manum
3149 650 3532 727 Zorobahel—et
3570 650 3703 730 Jesu

2127 751 2288 811 atque
2310 743 2589 812 Nehemia,
2620 753 2825 806 reversi
2848 764 2975 808 sunt
2995 755 3166 811 Judaai
3194 759 3248 813 in
3293 769 3493 817 terram
3518 779 3699 832 suam,

2125 835 2430 890 videntibus
2480 839 2685 904 multis,
2738 856 2969 909 quorum
3022 851 3264 916 tempore
3308 852 3497 906 eadem
3552 854 3702 912 facta

2125 922 2301 979 fuerat
2326 928 2631 996 captivitas,
2679 932 2771 1000 qui
2799 935 3046 991 videntes
3082 937 3295 994 illorum
3329 945 3700 1001 reversionem

2121 1196 2329 1265 gressio
2355 1199 2560 1266 pariter
2582 1204 2968 1272 prophetetur;
3008 1208 3073 1262 de
3117 1208 3284 1265 Israel
3325 1222 3507 1267 autem
3557 1215 3697 1269 nihil

2119 1285 2337 1353 dicitur,
2367 1290 2493 1357 quia
2537 1291 2785 1347 videlicet
2824 1295 2944 1349 istis
2987 1306 3107 1367 post
3137 1302 3475 1371 septuaginta
3520 1318 3697 1360 annos

2119 1381 2528 1445 revertentibus,
2550 1382 2626 1438 illi
2652 1395 2909 1455 perpetuo
2928 1404 3177 1446 mansere
3204 1393 3422 1461 captivi.
3444 1393 3504 1448 In
3527 1395 3694 1450 domo

2117 1484 2332 1539 quoque
2376 1473 2754 1533 hzereticorum
2810 1479 3140 1536 horrendum
3185 1490 3428 1551 apparet,
3474 1486 3695 1553 quando

2119 1560 2369 1630 dogmata
2388 1578 2555 1632 prava
2584 1567 2858 1632 sectando,
2898 1569 3038 1625 male
3076 1571 3143 1626 de
3181 1571 3397 1628 Christo
3423 1575 3690 1641 sentiunt,

2115 1666 2346 1721 quorum
2398 1654 2561 1710 etiam
2599 1655 2972 1715 fornicationis
3019 1675 3205 1718 errore
3235 1666 3461 1733 populus
3488 1668 3558 1722 ab
3606 1670 3692 1723 eis

2116 1740 2370 1797 seductus
2417 1744 2745 1801 sordidatur.
2785 1747 2937 1803 Iudae
2983 1765 3217 1821 quoque,
3251 1753 3356 1809 hoc
3403 1766 3507 1819 est,
3552 1758 3691 1813 viris

2115 1830 2497 1889 ecclesiasticis
2555 1837 2863 1905 praecipitur
2895 1879 2911 1903 ,
2963 1848 3024 1894 ut
3085 1854 3393 1911 praeparent
3450 1862 3687 1903 messem

441 1916 494 1971 in
525 1918 873 1974 Hierusalem.
909 1917 1062 1974 Unde
1088 1921 1355 1990 sequitur,
1389 1938 1409 1972 ε
1434 1920 1560 1991 quia
1594 1920 1772 1976 scelus
1796 1920 2008 1990 operati
2038 1924 2083 1983 B
2110 1923 2386 1986 sectionis,
2417 1926 2649 1980 metendi
2678 1936 2899 1996 propter
2922 1940 3141 1999 peccata
3165 1947 3259 1986 sna
3282 1933 3335 1987 in
3367 1935 3452 1990 die
3471 1935 3685 2004 iudicii,

441 2016 587 2072 sunt,
619 2030 636 2062 ι
669 2010 927 2066 subaudis
952 2011 1004 2065 in
1030 2010 1403 2067 interfectione
1428 2010 1636 2066 scilicet
1655 2010 2015 2076 illorum,sive

443 2103 496 2156 in
527 2093 848 2157 idololatria.
874 2102 981 2160 Sed
1009 2113 1065 2159 et
1083 2121 1225 2159 nunc
1246 2106 1394 2173 pravi
1417 2105 1667 2160 doctores
1695 2106 1747 2160 in
1778 2106 1884 2165 via.
1909 2106 2013 2161 hoc

435 2203 541 2257 est,
574 2195 627 2248 in
659 2195 853 2251 itinere
890 2196 1169 2266 prtesentis
1199 2197 1322 2251 vita:
1348 2197 1699 2265 pergentibus
1741 2197 1793 2251 in
1819 2195 2014 2251 Hieru-

432 2284 597 2339 salem
637 2285 933 2348 caelestem,
972 2287 1196 2341 tendunt
1240 2287 1481 2348 insidias,
1522 2294 1828 2357 necantque
1873 2303 2009 2357 quos

434 2381 658 2444 possunt
684 2375 737 2428 in
786 2374 1022 2441 Sichem,
1052 2376 1105 2431 id
1131 2385 1233 2441 est,
1264 2376 1318 2430 in
1343 2376 1503 2431 bonis
1533 2377 1810 2446 operibus,
1854 2393 2009 2433 revo-

431 2466 604 2520 cando
634 2465 698 2520 ad
732 2466 1027 2536 nequitiam
1058 2482 1169 2521 sua:
1192 2467 1425 2522 actionis
1452 2483 1619 2537 prava
1648 2468 1894 2523 doctrina
1920 2470 2005 2526 vel

434 2554 571 2608 malo
601 2553 866 2623 exemplo.
892 2553 1026 2609 Nam
1055 2554 1274 2610 Sichem
1312 2556 1702 2626 interpretatur
1724 2557 1999 2614 humerus.

429 2644 485 2697 In
524 2645 745 2699 humero
774 2654 955 2699 autem
989 2659 1127 2714 opus
1152 2644 1484 2714 intelligitur.
1511 2643 1664 2700 Unde
1701 2654 1757 2700 ct
1781 2647 1847 2702 de
1864 2644 2004 2702 Issa-

429 2733 560 2786 char
585 2732 830 2805 legimus,
872 2733 1017 2803 quod
1043 2733 1386 2804 supposuerit
1425 2733 1709 2788 humerum
1753 2736 2002 2791 suum'ad

430 2825 786 2895 operandum.

500 2932 519 2966 ι
548 2915 606 2969 ln
644 2914 806 2971 domo
831 2913 1000 2970 Israel
1049 2915 1162 2970 vidi
1211 2914 1558 2969 horrendum.
1608 2933 1628 2967 ι
1666 2914 1874 2972 Horror
1897 2916 1999 2971 ali-

427 3008 645 3076 quando
668 3009 886 3078 ponitur
904 3022 1002 3078 pro
1028 2993 1241 3071 timore,
1255 3004 1410 3074 juxta
1439 3008 1581 3075 quod
1600 3008 1860 3079 scriptum
1883 3016 1996 3064 est:

430 3098 769 3153 llorrendum
796 3109 883 3153 est
911 3097 1149 3152 incidere
1174 3097 1228 3151 in
1263 3112 1454 3151 manus
1491 3097 1582 3151 Dei
1610 3098 1869 3166 viventis;
1893 3099 1995 3153 ali-

424 3190 642 3260 quando
664 3204 762 3257 pro
798 3189 1050 3259 squalore
1074 3198 1131 3244 et
1171 3204 1232 3244 re
1267 3188 1513 3253 sordida;
1547 3191 1691 3245 unde
1719 3200 1803 3245 est
1829 3208 1844 3245 :
1875 3190 1995 3246 Non

2115 2012 2185 2066 ab
2211 2026 2277 2066 eo
2300 2013 2391 2082 qui
2426 2014 2481 2068 in
2506 2016 2825 2086 Apocalypsi
2853 2016 3079 2075 Joannis
3114 2021 3312 2076 habere
3342 2022 3532 2079 falcem
3558 2041 3688 2080 acu-

2114 2108 2223 2155 tam
2265 2102 2319 2156 in
2359 2118 2521 2158 manu
2556 2120 2651 2160 sua
2694 2106 2913 2161 dicitur.
2950 2106 3062 2164 Hoc
3097 2118 3276 2166 tamen
3306 2128 3409 2168 non
3445 2116 3687 2183 optantis

2110 2200 2235 2245 voto
2260 2190 2479 2258 dicitur,
2507 2193 2601 2249 sed
2642 2195 3007 2263 praedicentis.
3035 2196 3168 2253 Nam
3196 2208 3253 2255 et
3297 2200 3385 2255 isti
3433 2203 3478 2258 si
3507 2205 3685 2271 poeni-

2111 2281 2333 2335 tentiam
2369 2283 2600 2351 egerint,
2623 2299 2779 2339 suam
2813 2289 3226 2344 conversionem
3255 2306 3286 2345 a
3312 2292 3450 2347 malo
3487 2295 3554 2348 ad
3584 2294 3685 2350 bo-

2108 2383 2239 2423 num
2269 2369 2547 2426 videbunt.

2699 2463 2928 2522 CAPUT
2958 2465 3066 2520 VII.

2180 2566 2199 2599 ί
2228 2548 2361 2604 Cum
2391 2565 2587 2608 sanare
2613 2552 2803 2608 vellem
2851 2554 3038 2610 Israel.
3077 2575 3095 2606 ι
3127 2555 3415 2623 Subaudis,
3451 2560 3518 2621 ab
3562 2561 3676 2614 illo.

2103 2638 2336 2706 lolatria,
2361 2658 2520 2712 quam
2538 2655 2900 2699 exercuerant
2925 2646 2979 2699 in
2993 2645 3228 2716 rEgypto
3252 2648 3335 2703 vel
3360 2649 3414 2703 in
3434 2648 3669 2711 deserto,

2102 2730 2319 2799 quando
2344 2732 2712 2788 conﬂaverunt
2731 2746 2890 2805 caput
2919 2737 3093 2800 vituli,
3121 2739 3362 2793 dicentes
3385 2757 3398 2790 :
3432 2740 3521 2795 lsti
3548 2752 3673 2796 sunt

2102 2822 2174 2879 dii
2229 2823 2325 2889 tui,
2375 2824 2502 2893 quia
2546 2826 2712 2879 malui
2755 2827 3126 2895 pwnitentiam
3169 2830 3467 2895 peccatoris
3505 2847 3670 2901 quam

2100 2924 2351 2968 mortem.
2383 2933 2400 2966 ι
2434 2915 2688 2970 Revelata
2719 2926 2803 2971 est
2831 2917 3088 2986 iniquitas
3120 2918 3395 2986 prraim,
3435 2941 3452 2971 ι
3488 2922 3538 2974 id
3564 2929 3662 2983 est,

2099 3002 2401 3058 idololatria
2449 3004 2731 3060 Jeroboam
2757 3046 2772 3070 ,
2815 3008 2905 3075 qui
2947 3015 3163 3077 repente
3219 3022 3380 3077 super
3416 3008 3667 3079 populum

2097 3093 2451 3151 lsraeliticum
2487 3113 2582 3152 rex
2624 3099 2951 3155 constitutus
2977 3139 2992 3163 ,
3034 3100 3229 3154 vitulos
3274 3118 3467 3158 aureos
3508 3104 3665 3168 fecit;

2107 3202 2125 3235 ι
2161 3194 2215 3239 et
2261 3187 2462 3241 malitia
2507 3188 2785 3253 Samarize,
2819 3211 2837 3241 ι
2869 3191 2920 3246 id
2961 3200 3062 3251 est.
3095 3192 3318 3261 subjecti
3344 3196 3521 3264 populi
3574 3211 3663 3249 re-

428 3283 687 3337 horrnisti
724 3282 949 3353 virginis
996 3291 1231 3344 uterum,
1262 3282 1365 3335 hoc
1409 3289 1514 3344 est,
1567 3282 1840 3336 sordidum
1887 3296 1995 3336 non
2022 3277 2066 3339 C
2099 3275 2273 3329 velata
2299 3270 2384 3331 est
2415 3280 2688 3347 sequentis
2725 3295 2901 3351 regem
2942 3282 3184 3351 impium.
3226 3302 3244 3335 ι
3299 3283 3430 3350 Quia
3455 3285 3661 3352 operati

424 3371 713 3442 deputasti.
748 3369 1085 3424 Horrendum
1117 3370 1298 3437 itaque
1325 3370 1426 3423 hoc
1456 3370 1509 3422 in
1539 3368 1656 3423 loco
1679 3384 1776 3439 pro
1801 3369 1994 3424 timore

427 3462 642 3530 ponitur
678 3458 1009 3513 idololatrim.
1046 3458 1279 3527 Expavit
1312 3458 1456 3511 enim
1509 3457 1769 3527 propheta
1806 3457 1994 3513 videns

426 3551 646 3615 idolum,
675 3550 818 3619 quod
842 3547 1086 3604 fecerant
1106 3547 1358 3603 Israelita:
1380 3548 1570 3603 relicto
1606 3548 1740 3612 Deo,
1765 3548 1993 3616 ideoque

425 3642 500 3697 ait
525 3660 537 3694 :
569 3641 623 3694 ln
654 3642 813 3696 domo
838 3639 1022 3700 Israel,
1054 3639 1107 3694 id
1136 3647 1239 3702 est,
1281 3637 1335 3691 in
1363 3638 1781 3708 congregatione
1807 3638 1992 3692 decem

423 3734 659 3787 tribuum
707 3734 813 3787 vidi
867 3732 1244 3787 idololatriam.
1299 3730 1437 3796 Quid
1482 3732 1628 3785 enim
1682 3730 1993 3786 horribilius

423 3840 583 3894 quam
633 3825 818 3879 decem
876 3825 1048 3879 tribus
1090 3823 1157 3878 ad
1212 3823 1477 3878 idolorum
1529 3822 1733 3877 cultum
1776 3834 1992 3894 repente

425 3916 821 3986 transgressas?
866 3935 883 3966 ι
915 3916 994 3970 lbi
1035 3914 1419 3970 fornicationes
1456 3915 1711 3984 Ephraim
1739 3956 1752 3979 ,
1800 3923 1989 3970 conta-

422 4009 656 4062 minatus
683 4016 767 4061 est
801 4005 982 4061 Israel.
1024 4026 1043 4058 ι
1075 4005 1288 4060 Dictum
1317 4013 1399 4060 est
1436 4005 1685 4074 superius
1722 4005 1864 4074 quod
1893 4021 1993 4061 no-

421 4099 563 4153 mine
592 4098 848 4168 Ephraim
888 4098 1213 4153 Hieroboam
1250 4097 1604 4167 intelligatur,
1645 4098 1853 4166 primus
1882 4098 1989 4153 sci-

419 4189 549 4243 licet
592 4203 687 4241 rex
733 4188 917 4242 decem
977 4188 1257 4252 tribuum,
1308 4186 1521 4242 Israelis
1569 4196 1785 4252 autem,
1828 4204 1989 4245 omne

420 4292 645 4347 regnum
685 4276 847 4330 illius.
892 4275 1101 4331 Dicitur
1142 4277 1325 4345 itaque
1356 4277 1451 4340 ibi,
1500 4278 1602 4332 hoc
1623 4286 1728 4342 est,
1753 4278 1806 4331 in
1830 4279 1988 4336 domo

420 4365 585 4421 lsrael
613 4379 719 4432 qua
761 4365 1088 4418 horrendum
1131 4364 1399 4434 apparuit,
1439 4365 1821 4422 fornicationes
1862 4376 1990 4423 Sunt

421 4458 698 4526 Ephraim,
730 4453 781 4508 id
804 4463 907 4518 est,
939 4453 1261 4509 Hieroboam
1304 4452 1373 4508 de
1415 4455 1554 4509 tribu
1590 4454 1868 4525 Ephraim,
1894 4456 1987 4525 qui

420 4547 588 4600 Deum
633 4544 941 4613 relinquens
982 4542 1122 4598 idola
1164 4544 1411 4598 venerari
1441 4545 1623 4612 erepit.
1672 4544 1990 4599 Fornieatur

2095 3374 2220 3420 sunt
2256 3387 2275 3419 ι
2328 3377 2384 3422 et
2434 3384 2528 3424 rex
2572 3380 2626 3424 et
2661 3372 2888 3441 populus
2932 3393 2948 3423 ι
2979 3375 3340 3441 mendacium,
3381 3396 3399 3428 ›
3434 3377 3538 3432 hoc
3579 3386 3666 3432 est

2094 3455 2312 3511 idolum.
2349 3458 2499 3514 Sicut
2521 3461 2663 3515 enini
2711 3463 3045 3516 contrarium
3074 3472 3159 3519 est
3204 3465 3538 3519 mendacium
3568 3480 3665 3519 ve-

2093 3548 2264 3613 ritati,
2303 3549 2375 3603 ita
2406 3550 2603 3605 idolum
2637 3554 2761 3607 Deo.
2795 3552 2892 3607 Vel
2920 3564 3068 3609 certe
3094 3555 3147 3609 in
3190 3555 3293 3611 hoc
3324 3557 3664 3612 mendacium

2093 3636 2286 3692 fecisse
2329 3638 2605 3706 dicuntur,
2643 3643 2766 3711 quia
2797 3642 2931 3698 falso
2954 3645 3329 3715 loquebantur,
3362 3648 3487 3702 dum
3541 3664 3664 3719 pro-

2091 3726 2246 3780 strati
2286 3727 2389 3782 diis
2435 3729 2687 3784 dicebant
2717 3748 2731 3783 :
2757 3731 2847 3785 Isti
2891 3742 3016 3787 sunt
3058 3734 3130 3788 dii
3159 3735 3252 3797 tui,
3301 3735 3529 3806 gloriam
3568 3736 3661 3792 Dei

2092 3822 2481 3879 transferentes
2531 3825 2599 3879 ad
2636 3827 2946 3882 simulacra.
2999 3846 3017 3879 ι
3044 3829 3114 3883 Et
3153 3828 3241 3884 fur
3270 3831 3546 3902 ingressus
3581 3840 3667 3885 est

2089 3912 2345 3980 spolians,
2399 3914 2733 3970 latrunculus
2777 3917 2928 3971 foris.
2970 3937 2989 3971 ι
3043 3918 3156 3973 Iloc
3208 3919 3345 3974 inter
3388 3920 3561 3975 furem
3609 3929 3666 3975 et

2089 3999 2351 4056 latronem
2377 4003 2540 4057 distat
2561 4004 2705 4074 quod
2744 4004 2829 4058 fur
2859 4014 3072 4061 noctem
3105 4008 3320 4075 quaerit,
3348 4016 3402 4062 et
3431 4008 3665 4063 latenter

2089 4092 2272 4162 inique
2320 4104 2615 4162 operatur,
2664 4094 2805 4149 latro
2851 4107 3033 4150 autem
3086 4108 3270 4167 aperte
3316 4098 3422 4151 vim
3477 4097 3658 4153 infert.

2086 4180 2283 4236 Furem
2333 4192 2512 4237 autem
2560 4185 2614 4238 in
2642 4185 2743 4239 hoc
2791 4184 2909 4239 loco
2942 4185 3027 4239 vel
3072 4186 3362 4249 latronem,
3405 4187 3663 4241 debemus

2089 4270 2386 4342 intelligere
2410 4271 2718 4337 Jeroboam,
2749 4275 2841 4343 qui
2890 4275 3063 4329 instar
3088 4274 3225 4331 furis
3265 4276 3545 4346 ingressus
3590 4277 3663 4330 ad

2086 4361 2302 4416 domum
2350 4361 2545 4427 Israel,
2588 4361 2798 4419 furatus
2828 4372 2914 4418 est
2961 4380 3055 4420 eos
3096 4366 3225 4430 Deo,
3274 4376 3330 4422 et
3375 4366 3532 4434 quasi
3584 4365 3660 4417 la-

2085 4453 2369 4509 trunculos
2423 4454 2691 4510 infelicem
2746 4456 2999 4525 populum
3045 4457 3365 4525 exspoliavit
3394 4456 3488 4511 Dei
3542 4472 3661 4527 pro-

2087 4544 2341 4609 tectione,
2369 4555 2424 4599 et
2457 4558 2541 4600 est
2566 4561 2759 4601 sensus
2793 4546 2962 4621 :Cum
2993 4547 3184 4602 vellem
3228 4557 3410 4602 vetera
3439 4558 3658 4617 peccata

419 4638 617 4708 quippe
638 4637 819 4699 homo,
842 4637 1058 4706 quando
1079 4635 1386 4691 Creatorem
1411 4637 1521 4707 (qui
1550 4649 1635 4692 est
1657 4638 1737 4691 vir
1762 4635 1986 4708 animae)
2012 4634 2066 4693 D
2090 4634 2270 4705 populi
2308 4636 2412 4690 mei
2453 4635 2631 4692 delere
2670 4647 2887 4707 propter
2928 4637 3208 4707 antiquam
3272 4636 3655 4699 idololatriam,

417 4729 694 4791 deserens,
747 4727 990 4782 adultero
1037 4726 1127 4799 (id
1161 4736 1242 4782 est
1288 4728 1542 4798 diabolo)
1589 4730 1895 4799 copulatur.
1918 4728 1987 4782 Et

422 4818 720 4873 fornicante
761 4816 1072 4882 Jeroboam,
1099 4817 1497 4872 contaminatus
1527 4827 1611 4872 est
1656 4817 1840 4882 Israel,
1885 4833 1984 4887 po-

418 4911 574 4979 pulus
602 4909 847 4963 videlicet
879 4908 953 4963 illi
994 4907 1290 4978 subjectus,
1332 4909 1458 4978 quia
1501 4925 1692 4980 magna
1743 4925 1811 4963 ex
1835 4919 1987 4978 parte

421 5016 708 5056 commune
731 5015 923 5056 nomen
947 5000 1158 5055 lsraelis
1178 4999 1428 5055 obtinuit.
1458 4999 1611 5056 Unde
1630 5009 1684 5055 et
1704 5001 1772 5055 ad
1789 4999 1983 5056 Iudam

418 5109 596 5166 sermo
622 5095 979 5159 convertitur,
1007 5108 1130 5148 cum
1166 5093 1412 5162 protinus
1433 5093 1712 5148 subditur:

491 5206 511 5240 σ
541 5185 650 5242 Sed
673 5194 729 5241 et
753 5183 907 5248 Iuda,
941 5198 1079 5254 pone
1115 5198 1346 5238 messem
1378 5183 1523 5237 tibi»
1559 5182 1624 5236 Et
1644 5191 1732 5237 est
1758 5197 1980 5237 sensus:

417 5277 532 5332 Non
560 5285 611 5331 te
648 5284 807 5346 putes
848 5289 969 5328 esse
1023 5286 1292 5337 securum,
1339 5272 1483 5341 quod
1530 5271 1696 5324 Israel
1741 5272 1986 5340 captivus

417 5367 719 5429 abducitur,
765 5375 818 5419 tn
859 5379 1069 5434 quoque
1097 5378 1338 5434 praepara
1383 5361 1476 5415 tibi
1533 5369 1744 5431 segetes
1787 5370 1847 5415 ut
1868 5377 1985 5415 me-

420 5466 627 5519 tantur,
667 5456 718 5509 id
755 5463 858 5517 est,
895 5468 1090 5523 genera
1125 5452 1262 5506 lilios
1309 5451 1399 5519 qui
1446 5449 1795 5503 sulcidantur
1821 5464 1852 5502 a
1879 5448 1987 5502 Na-

417 5546 829 5607 buchodonosor
856 5553 909 5599 et
929 5544 1171 5599 exercitu
1193 5541 1327 5608 ejus.
1354 5539 1468 5593 Non
1500 5538 1667 5592 multo
1687 5538 1833 5593 enim
1866 5546 1988 5608 post

420 5647 661 5708 tempore
690 5636 903 5692 duceris
943 5634 1185 5705 captivus
1209 5632 1262 5686 in
1287 5630 1632 5699 Babylonem,
1664 5638 1719 5683 et
1759 5629 1983 5684 tnessio-

422 5730 507 5783 nis
567 5737 669 5783 tua:
713 5729 730 5796 (
767 5728 866 5781 hoc
919 5734 1004 5780 est
1050 5721 1490 5787 interfectio-'5)
1561 5726 1772 5787 tempus
1826 5720 1986 5773 adve-

424 5826 552 5879 niet.
591 5842 606 5873 ι
643 5824 777 5878 Cum
814 5828 1132 5877 convertere
1172 5816 1538 5886 captivitatem
1577 5814 1754 5883 populi
1811 5814 1933 5878 inci,
1965 5835 1981 5863 ι

2089 4725 2345 4794 Ephraim
2368 4735 2423 4782 et
2452 4725 2701 4781 Samaria
2742 4744 2876 4782 nova
2913 4727 3055 4782 idola
3096 4735 3434 4796 repererunt.
3473 4726 3577 4780 Sed
3603 4738 3659 4779 et

2085 4815 2190 4871 hoc
2212 4815 2317 4870 diei
2342 4824 2537 4885 potest,
2554 4818 2699 4885 quod
2728 4818 2955 4871 Domino
2978 4816 3259 4871 Salvatore
3289 4816 3503 4870 volente
3528 4831 3654 4883 pec-

2085 4913 2202 4961 cata
2229 4906 2481 4961 Ecclesiae
2509 4914 2618 4960 tam
2638 4906 2943 4962 Judazorum
2968 4922 3130 4976 quam
3158 4907 3395 4976 gentium
3440 4921 3654 4966 sanare,

2086 4996 2264 5050 subito
2293 4997 2530 5051 surrexit
2561 4997 2834 5067 Ephraim,
2867 4998 2969 5052 hoc
3020 5006 3103 5052 est
3143 4999 3364 5052 ubertas
3399 4996 3656 5050 falsorum

2092 5085 2423 5154 dogmatum,
2446 5088 2531 5140 cui
2562 5086 2712 5140 inulti
2753 5085 2993 5141 faventes
3031 5087 3234 5156 cperati
3266 5095 3392 5140 sunt
3439 5087 3661 5140 menda-

2092 5177 2233 5230 cium
2265 5188 2454 5231 contra
2490 5176 2789 5241 Christum,
2816 5186 2870 5232 et
2897 5193 2993 5247 per
3021 5192 3115 5231 eos
3152 5177 3426 5248 ingressus
3451 5185 3536 5230 est
3572 5176 3660 5229 fur

2090 5276 2145 5321 et
2166 5267 2325 5333 latro,
2370 5272 2471 5323 hoc
2509 5278 2593 5324 est
2615 5269 2938 5347 diaboluszin
2976 5269 3289 5323 Ecclesiam.
3328 5269 3456 5323 Sive
3484 5268 3659 5323 furem

2090 5367 2145 5413 et
2176 5359 2440 5414 latronem
2466 5360 2611 5429 ipsos
2646 5360 3005 5430 intelligamus
3028 5359 3330 5424 haereticos,
3364 5360 3430 5413 de
3463 5355 3660 5429 quibus

2093 5448 2350 5505 Dominus
2387 5452 2515 5506 dicit
2544 5466 2558 5504 :
2592 5450 2691 5518 Qui
2722 5467 2826 5505 non
2874 5452 3040 5505 intrat
3068 5466 3166 5519 per
3197 5450 3396 5504 ostium
3430 5449 3480 5502 in
3517 5449 3660 5504 ovile

2088 5541 2291 5603 ovium,
2321 5541 2413 5595 sed
2442 5542 2679 5595 ascendit
2705 5539 2936 5604 aliunde,
2955 5539 3040 5592 ille
3069 5537 3152 5591 fnr
3171 5546 3255 5592 est
3282 5546 3337 5591 et
3364 5538 3522 5600 latro,
3548 5546 3654 5592 etc.

2089 5628 2291 5685 Omnes
2310 5620 2573 5698 quotquot
2594 5636 2855 5683 venerunt
2876 5637 3001 5680 ante
3033 5644 3136 5689 me,
3168 5628 3315 5682 fures
3341 5636 3466 5682 sunt
3492 5636 3548 5680 et
3575 5626 3655 5679 la-

2093 5706 2293 5777 trones.
2322 5721 2470 5776 Unde
2500 5720 2978 5790 significautcrait,
3005 5720 3145 5787 quod
3174 5719 3506 5773 latrunculos
3527 5719 3659 5773 foris

2091 5812 2376 5882 exspolict.
2413 5810 2525 5864 Non
2578 5812 2719 5865 enim
2764 5821 2988 5879 possunt
3017 5812 3136 5865 illos
3190 5812 3402 5881 privare
3455 5811 3655 5865 (Ilii-isti
