4022 6434
248 402 319 460 53
1276 404 1673 461 ENABBATIO
1707 406 1775 460 ΙΝ
1811 406 1985 462 05ΕΕ
2018 407 2458 464 PROPHETAM.
2648 404 2653 409 ’
3418 413 3483 465 Si

243 522 419 578 veste,
435 528 571 581 quos
586 490 892 577 docuerint,
913 514 1349 571 nisideEcclesia
1366 514 1498 570 foris
1511 529 1606 570 eos
1620 516 1818 573 eduxe-
1845 520 1898 579 Α
1923 515 2112 573 tribus.
2144 516 2244 573 Hic
2269 527 2450 573 autem
2476 520 2532 573 in
2562 521 2706 575 malo
2727 521 2962 591 ponitur,
2994 536 3093 592 pro
3119 525 3482 592 corruptione,

247 605 379 669 n’nt,
401 616 458 661 ct
477 604 531 661 in
553 603 641 660 via
652 604 1019 662 doctrinarum
1038 622 1256 662 suarum
1273 607 1550 663 ambulare
1564 607 1812 664 fecerint.

323 716 344 747 ι
370 696 443 751 Et
467 709 539 751 ne
573 694 715 751 forte
738 696 921 750 dicant
951 697 1005 749 in
1032 696 1442 761 cordibussuis,
1463 711 1677 751 omnem
1703 711 1818 751 ma-

244 786 422 842 litiam
449 800 639 841 eorum
666 800 751 840 me
777 787 1138 850 recordatum,
1160 802 1305 841 nunc
1351 787 1821 842 circumdederunt

245 891 348 932 cos
370 874 783 931 adinventiones
811 891 943 931 suae.
981 895 999 927 ι
1033 875 1112 931 Ne
1137 874 1280 931 forte
1307 876 1524 947 (inquit)
1549 877 1731 933 dicant
1760 877 1819 935 in

246 964 508 1021 cordibus
541 962 673 1028 suis,
716 978 814 1033 pro
837 964 1111 1020 veteribus
1147 966 1384 1035 peccatis
1418 981 1516 1020 nos
1561 966 1737 1036 punit,
1766 974 1851 1025 et.

248 1064 466 1124 patrum
512 1053 708 1109 delicta
763 1054 1111 1118 resolvimus,
1162 1055 1318 1125 juxta
1355 1055 1521 1109 illud:
1561 1076 1577 1107 ι
1629 1055 1821 1125 Patres

248 1122 427 1199 nostri
463 1142 817 1198 comederunt
846 1157 1006 1197 uvam
1044 1122 1316 1209 acerbam,
1366 1153 1421 1199 et
1460 1144 1650 1198 dentes
1688 1122 1821 1198 lilio.

253 1249 376 1289 rum
426 1234 838 1303 obstupuerunt.
878 1252 897 1284 ι
942 1232 1135 1298 Nunc,
1187 1234 1240 1289 id
1291 1242 1376 1289 est
1424 1233 1477 1287 in
1524 1233 1816 1303 przesenti,

257 1343 279 1376 ι
312 1322 787 1379 circumdederunt
807 1336 902 1378 eos
926 1322 1330 1378 adinventiones
1355 1338 1488 1387 sum,
1520 1343 1539 1375 ι
1575 1324 1677 1378 hoc
1714 1332 1817 1387 est,

252 1428 363 1468 non
382 1427 482 1483 pro
503 1410 715 1466 dilectis
730 1418 945 1480 patrum
983 1427 1101 1477 eos,
1126 1413 1268 1468 sicut
1299 1412 1372 1467 illi
1403 1412 1690 1477 aestimant,
1733 1410 1821 1467 vel

252 1511 472 1559 veteres
501 1502 842 1572 iniquitates,
891 1501 985 1557 sed
1037 1518 1136 1573 pro
1174 1504 1530 1572 praesentibus
1577 1503 1816 1573 puniam.

252 1594 527 1651 Putabant
562 1593 709 1649 enim
761 1592 849 1647 illi.
881 1593 1050 1648 latere
1101 1594 1211 1648 Deo
1255 1608 1410 1648 suam
1456 1592 1817 1662 iniquitatem,

250 1703 376 1743 cum
409 1686 599 1757 procul
621 1684 786 1740 dubio
817 1685 958 1739 Deus
985 1686 1165 1741 omnia
1194 1685 1394 1740 videat.
1434 1684 1588 1740 Unde
1610 1694 1665 1738 et
1689 1686 1818 1740 sub-

250 1775 438 1830 ditur:
468 1794 487 1825 ι
518 1773 717 1829 Contra
744 1772 938 1829 faciem
980 1789 1154 1830 meam
1184 1774 1346 1829 facta:
1371 1783 1517 1839 sunt,
1556 1795 1574 1826 ι
1618 1775 1672 1830 id
1711 1784 1815 1841 est,

1916 605 2124 661 scilicet
2158 607 2361 677 populi,
2412 610 2511 677 p‘er
2548 609 2812 664 idolorum
2843 612 3266 669 venerationem.
3304 611 3487 669 Haeres

1917 694 2008 750 tici
2070 710 2284 766 quoque
2337 710 2561 765 pravam
2614 698 2965 756 intentionem
3015 702 3202 756 tandiu
3261 702 3440 758 celant
3468 743 3483 766 ,

1914 784 2059 840 veris
2077 783 2208 840 falsa
2228 784 2488 850 velantes,
2511 801 2790 856 quousque
2810 789 3035 859 subjecti
3055 789 3286 849 libenter
3296 802 3482 845 eorum

1915 872 2289 943 obtemperent
2327 874 2607 938 voluntati,
2654 883 2711 928 et
2738 875 2910 930 donec
2931 877 3096 937 corda
3137 878 3484 948 deceptorum

1918 964 2275 1019 intumescant
2318 964 2585 1021 fermento
2628 980 2809 1035 prava:
2854 966 3117 1024 doctrinm
3157 967 3376 1023 illorum
3416 967 3487 1023 de

1914 1069 2024 1123 quo
2052 1054 2313 1111 Dominus
2334 1054 2469 1111 dicit
2497 1072 2510 1108 :
2545 1072 2564 1106 ι
2594 1052 2794 1117 Cavete
2821 1070 2853 1109 a
2879 1054 3147 1113 fermento
3180 1057 3482 1113 Pharisaeo-

1918 1161 2059 1199 rum.
2098 1164 2118 1196 ι

1991 1254 2013 1288 ι
2048 1238 2173 1295 Dies
2199 1236 2342 1308 regis
2371 1238 2569 1293 nostri.
2602 1258 2622 1290 ι
2649 1238 2922 1295 Succensa
2958 1248 3068 1295 tota
3096 1239 3275 1309 populi
3310 1256 3487 1296 massa

1918 1332 2265 1385 veneratione
2308 1329 2637 1396 vitulorum,
2683 1339 2966 1401 coeperunt
3009 1330 3192 1386 dicere
3231 1330 3300 1385 ad
3345 1330 3491 1385 fores

1916 1416 2204 1479 Jeroboam
2257 1419 2401 1489 regis
2437 1437 2450 1473 :
2484 1419 2611 1475 Dies
2638 1420 2783 1490 regis
2809 1419 3002 1484 nostri,
3043 1419 3361 1474 subauditur
3390 1419 3491 1473 istc

1918 1516 2023 1572 est,
2045 1514 2100 1562 et
2130 1522 2289 1576 quem
2342 1508 2495 1563 nobis
2534 1508 2784 1563 festivum
2831 1518 3016 1564 noster
3066 1508 3343 1563 constituit
3384 1507 3487 1561 im-

1918 1606 2179 1668 perator,
2242 1598 2388 1653 hunc
2449 1599 2821 1664 celebramus,
2869 1598 2925 1652 in
2987 1599 3090 1653 hoc
3152 1597 3509 1668 gaudemus,.

1920 1688 1976 1743 in
2038 1689 2142 1744 hoc
2209 1688 2406 1743 vitulos
2466 1704 2663 1745 aureos
2734 1691 3042 1745 adoramus.
3121 1707 3141 1741 ι
3201 1688 3510 1758 Coeperunt

1920 1781 2195 1851 principes
2228 1780 2414 1836 furere
2434 1797 2463 1834 a
2492 1783 2643 1836 vino.
2673 1800 2692 1833 ι
2718 1780 2996 1836 Clamaute
3013 1780 3210 1850 pepulo
3235 1797 3250 1832 :
3275 1779 3380 1834 lste
3407 1787 3503 1834 est.

247 1879 353 1935 ego
378 1879 594 1933 semper
617 1862 755 1917 mala
791 1862 1004 1921 illorum
1041 1863 1276 1927 intueor,
1301 1879 1421 1933 quae
1449 1877 1534 1917 me
1554 1874 1818 1932 praesente
1846 1857 1891 1915 Β
1920 1871 2035 1926 dies
2059 1886 2218 1939 quem
2259 1872 2413 1927 nobis
2452 1887 2548 1925 rex
2591 1880 2774 1926 noster
2802 1885 3015 1925 sacrum
3059 1869 3312 1933 instituit,
3343 1868 3490 1938 priu-

249 1954 610 2019 faciunt,non
630 1953 785 2008 veriti
814 1952 1005 2024 faciem
1028 1968 1221 2008 meam.
1262 1952 1367 2008 Sed
1393 1961 1448 2008 et
1472 1952 1597 2007 mali
1618 1952 1817 2023 quique

250 2063 360 2103 non
393 2056 599 2100 tantum
638 2054 855 2115 propter
883 2053 1105 2114 peccata
1147 2045 1422 2114 praeterita
1470 2044 1815 2110 damnantur,

250 2138 348 2194 sed
376 2138 501 2206 quia
536 2136 771 2206 antiquis
815 2136 1069 2205 operibus
1090 2151 1289 2191 novam
1333 2135 1577 2205 quotidie
1613 2134 1818 2190 addunt

251 2229 607 2299 impietatem,
632 2235 689 2281 ct
712 2241 833 2282 cum
872 2227 1159 2282 Dominum
1184 2226 1363 2281 celare
1407 2240 1466 2280 se
1492 2233 1706 2295 putant,
1733 2225 1815 2279 vi-

242 2327 365 2373 tare
415 2317 531 2386 ejus
569 2316 757 2373 oculos
802 2332 910 2370 nou
964 2316 1172 2382 valent,
1220 2318 1349 2386 quia
1394 2316 1658 2386 scriptum
1684 2325 1813 2372 est:

248 2428 271 2461 ί
303 2407 494 2464 Vultus
519 2417 701 2463 autem
721 2407 931 2465 Domini
953 2423 1115 2477 super
1135 2407 1397 2463 facientes
1420 2407 1580 2461 mala.
1614 2426 1634 2459 ι

324 2518 342 2550 ι
367 2499 424 2553 ln
440 2498 647 2553 malitia
672 2514 767 2552 sua
792 2497 1204 2553 laetificaverunt
1228 2512 1432 2566 regem,
1461 2515 1480 2548 ι
1511 2496 1815 2567 praebentes

243 2603 572 2643 consensum
608 2587 719 2657 regi
733 2584 1040 2651 Jeroboam,
1060 2595 1118 2640 ut
1141 2587 1435 2640 adorarent
1468 2584 1610 2639 idola
1631 2598 1816 2639 secun-

241 2679 372 2733 dum
396 2678 513 2748 ejus
533 2677 882 2741 voluntatem,
914 2695 933 2728 r
971 2685 1026 2730 et
1049 2677 1100 2730 in
1121 2674 1415 2731 mendaciis
1440 2673 1553 2730 suis
1581 2693 1601 2727 ›
1619 2674 1815 2746 quibus

243 2773 498 2829 dicebant
519 2789 534 2825 :
552 2771 645 2827 Isti
665 2778 792 2827 sunt
822 2771 895 2826 dii
934 2770 1031 2824 tui.
1070 2788 1089 2822 ι
1117 2769 1400 2840 Principes
1429 2788 1447 2820 ι
1473 2767 1811 2832 subauditur,

242 2863 663 2918 laetificaverunt
706 2879 718 2914 :
759 2861 886 2930 quia
930 2861 1031 2929 ipsi
1078 2859 1352 2930 principes
1402 2857 1816 2913 consentiebant

242 2952 383 3033 regi.
411 2951 806 3006 Attendeudurn
841 2959 1043 3014 autem,
1078 2949 1205 3018 quia
1246 2964 1389 3002 nunc
1418 2947 1638 3016 exponit
1671 2946 1814 3015 quod

238 3040 490 3096 fecerunt
504 3055 689 3095 coram
710 3039 847 3095 facie
867 3039 1003 3107 ejus.
1018 3038 1206 3095 Omnis
1229 3052 1444 3108 quoque
1454 3037 1545 3106 qui
1562 3050 1814 3105 perverso

238 3133 397 3203 operi
444 3133 710 3196 deservit,
750 3131 831 3187 vel
876 3131 1017 3187 male
1064 3132 1131 3186 de
1175 3129 1392 3185 Christo
1442 3128 1631 3191 sentit,
1676 3129 1815 3181 sicut

1918 1962 2066 2032 cipes
2090 1976 2195 2015 non
2229 1960 2400 2016 solum
2428 1975 2533 2015 non
2571 1968 2698 2014 sunt
2741 1960 2884 2021 irati,
2920 1958 3342 2028 quidebueraut
3369 1973 3492 2012 esse

1918 2061 2156 2106 rectores
2180 2049 2384 2120 populi,
2405 2050 2498 2105 sed
2522 2049 2743 2120 insuper
2770 2048 3180 2120 intelligentiam
3203 2063 3315 2104 suae
3339 2064 3489 2116 nien-

1917 2142 1989 2198 tis
2025 2142 2355 2205 amittentes,
2400 2151 2682 2213 cmperunt
2726 2139 2909 2196 furere
2955 2156 2985 2194 a
3031 2140 3180 2204 vino,
3229 2140 3334 2194 hoc
3382 2148 3483 2201 est,

1914 2232 2206 2287 amentiam
2251 2230 2362 2302 pati
2404 2230 2630 2285 luxuriae
2674 2237 2731 2285 et
2774 2230 3109 2291 idololatriae.
3168 2249 3187 2280 ι
3232 2228 3491 2284 Extendit

1914 2339 2134 2378 manum
2183 2337 2338 2377 suam
2380 2337 2504 2376 cum
2551 2321 2878 2386 illusoribus,
2940 2320 3067 2390 quia
3116 2318 3489 2390 applicuerunt

1913 2414 2070 2484 quasi
2116 2410 2386 2467 clibanum
2424 2426 2521 2467 cor
2562 2426 2740 2477 suum,
2772 2426 2894 2466 cum
2946 2410 3291 2465 insidiaretur
3319 2410 3417 2465 eis.
3463 2431 3481 2461 ι

1913 2504 2048 2561 Cum
2094 2510 2345 2557 cerneret
2390 2516 2485 2555 rex
2513 2499 2749 2554 clamare
2792 2498 3048 2570 populum
3093 2499 3238 2568 quod
3286 2498 3484 2567 przedi-

1914 2593 2112 2656 ximus,
2144 2599 2197 2647 et
2242 2589 2515 2660 principes
2539 2590 2703 2645 etiam
2742 2587 3064 2643 temulentos
3106 2598 3162 2644 et
3212 2587 3337 2641 vino
3368 2587 3485 2641 ido-

1915 2682 2138 2737 lolatriae
2191 2680 2502 2746 demersos,
2559 2679 2804 2736 extendit
2856 2693 3077 2732 manum
3150 2692 3300 2732 suam
3358 2692 3482 2731 cum

1913 2770 2224 2827 illusoribus
2256 2811 2273 2836 ,
2328 2769 2432 2826 hoc
2483 2779 2607 2833 est,
2651 2767 3005 2838 principibus
3039 2766 3130 2836 qui
3190 2765 3486 2821 illudebant

1913 2862 2142 2933 pessime
2171 2859 2385 2931 populo,
2415 2868 2470 2915 et
2499 2875 2531 2913 a
2562 2860 2670 2915 Deo
2700 2875 2796 2914 suo
2831 2859 2989 2927 longe
3020 2857 3359 2911 abducebant
3385 2856 3481 2914 be-

1914 2950 2230 3014 nedicendo,
2273 2956 2328 3003 et
2358 2949 2559 3019 gratias
2596 2948 2822 3018 agendo,
2871 2946 2956 3002 vel
2985 2944 3260 3001 erroribus
3294 2960 3501 3000 eorum.

1913 3037 2297 3094 consentiendo
2329 3079 2344 3103 ,
2418 3039 2541 3107 quia
2614 3037 2861 3094 videlicet
2940 3035 3316 3107 applicuerunt
3389 3052 3500 3090 cor.-

1914 3146 2067 3186 suum
2105 3130 2257 3200 quasi
2281 3129 2575 3194 clibanum,
2618 3139 2677 3182 ut
2718 3145 2813 3183 eos
2858 3128 3226 3191 succenderet,
3275 3135 3328 3180 et
3363 3126 3495 3179 illo...

238 3224 405 3279 Arius
456 3233 512 3279 et
547 3224 753 3288 caeteri,
805 3238 983 3293 regem
1010 3222 1149 3294 (hoc
1198 3229 1305 3286 est,
1349 3219 1651 3286 diabolum)
1682 3218 1813 3272 ιωιί-
1840 3207 1883 3269 C
1916 3221 2140 3278 lolatrize
2162 3218 2390 3274 ﬂammis
2411 3219 2601 3274 ardere
2627 3218 2847 3273 faceret.
2867 3218 3073 3271 Idcirco
3095 3217 3236 3270 enim
3264 3215 3484 3283 applaus

235 3317 394 3379 ﬁcat,
441 3324 498 3369 et
539 3315 594 3369 in
647 3314 943 3370 mendaciis
977 3328 1268 3384 pravorum
1317 3312 1628 3382 dogmatum
1666 3311 1815 3381 prin-

234 3407 417 3477 cipes,
439 3406 540 3462 hoc
559 3416 666 3472 est,
696 3406 952 3461 satellites
977 3404 1191 3471 diaboli,
1220 3404 1310 3475 qui
1326 3404 1594 3475 principes
1618 3403 1816 3459 diaboli

241 3496 596 3552 tenebrarum
623 3506 905 3551 vocantur.
924 3495 1090 3551 Valde
1109 3495 1254 3551 enim
1275 3495 1330 3550 in
1348 3494 1592 3565 peccatis
1615 3494 1816 3550 nostris

236 3589 487 3659 gaudent
506 3588 791 3651 contraria:
812 3587 1176 3643 fortitudines.

325 3698 346 3730 ι
377 3678 578 3734 Omnes
621 3678 982 3734 adulterantes
1033 3678 1184 3748 quasi
1230 3678 1475 3734 clibanus
1521 3690 1816 3732 succensus

240 3788 278 3828 a
304 3777 592 3841 coquente.
627 3790 645 3820 ι
698 3770 765 3824 Et
808 3770 912 3826 hoc
948 3780 1136 3829 contra
1184 3785 1280 3825 eos
1311 3769 1568 3839 loquitur,
1618 3768 1711 3837 qui
1760 3766 1817 3821 in

240 3860 455 3916 malitia
491 3876 587 3916 sua
632 3860 1038 3915 lmtilicaverunt
1083 3876 1290 3931 regem,
1324 3870 1380 3916 et
1425 3860 1481 3915 in
1519 3858 1817 3915 mendaciis

234 3950 366 4008 suis
408 3950 696 4019 principes.
730 3949 929 4007 Omnes
953 3950 1171 4022 (inquit)
1208 3950 1589 4015 adulterantes,
1629 3949 1683 4004 id
1708 3957 1815 4013 est,

237 4058 275 4096 a
304 4039 526 4108 proprio
553 4039 669 4091 viro
708 4038 818 4093 Deo
845 4040 1176 4105 recedentes,
1212 4041 1365 4109 quasi
1391 4040 1633 4113 clibanus
1661 4055 1691 4093 a
1727 4054 1818 4095 cu-

233 4137 477 4202 quente,
514 4128 640 4197 quia
688 4130 829 4182 sicut
861 4129 1102 4184 clibanus
1147 4131 1492 4185 succenditur
1533 4139 1593 4184 ut
1623 4137 1819 4199 coquat

235 4234 439 4292 panes,
489 4218 563 4274 ita
592 4218 664 4272 illi
696 4218 940 4274 succensi
977 4228 1100 4273 sunt
1146 4219 1351 4273 malitia
1387 4219 1671 4274 Jeroboam
1700 4258 1715 4282 ,
1765 4225 1820 4272 et

240 4313 377 4381 igne
401 4308 735 4365 idololatriae.
764 4329 782 4359 ι
821 4308 1033 4375 Quievit
1062 4308 1339 4379 paululum
1383 4309 1576 4363 civitas
1612 4324 1643 4362 a
1668 4324 1818 4364 cum-

241 4398 506 4457 uiistioue
556 4398 838 4463 fermenti,
881 4401 1051 4454 donec
1097 4399 1517 4454 fermentaretur
1565 4408 1753 4459 totum.
1793 4418 1813 4451 ι

242 4488 554 4549 Fabricatis
598 4489 797 4558 quippe
841 4488 1017 4548 idolis.
1054 4503 1160 4543 non
1200 4488 1308 4542 vim
1340 4487 1491 4542 fecit
1529 4486 1815 4544 Jeroboam

243 4577 448 4652 populo
476 4586 534 4631 ut
563 4594 625 4632 ea
660 4577 881 4642 coleret,
913 4592 981 4632 ne
1004 4574 1144 4631 forte
1183 4575 1505 4646 quibusdam
1536 4591 1698 4630 causa
1723 4575 1815 4630 Dei

242 4677 309 4722 ct
335 4665 606 4737 religionis
628 4667 1023 4733 resistentibus,
1061 4668 1272 4723 cultura
1326 4666 1539 4721 illorum
1584 4682 1815 4722 evacua-

249 4770 427 4823 retur,
456 4759 681 4829 ideoque
706 4758 981 4829 paululum
1010 4758 1215 4828 quievit
1242 4757 1455 4821 civitas,
1496 4757 1667 4813 donec
1696 4774 1818 4828 pro-

244 4868 372 4923 pria
401 4851 675 4905 voluntate
711 4850 936 4920 populus
962 4850 1075 4921 regi
1106 4848 1458 4913 consentiret,
1485 4858 1544 4901 ut
1582 4848 1817 4918 primmn

250 4940 555 5010 principes,
593 4940 786 4994 deinde
826 4939 1081 4995 satellites
1113 4938 1325 4994 illorum
1358 4938 1472 5007 regi
1521 4946 1577 4992 et
1615 4938 1817 5017 princi-

251 5030 411 5100 pibus
440 5030 697 5096 faventes,
730 5032 797 5085 ad
838 5031 1085 5085 ultimum
1113 5029 1289 5084 omnis
1313 5029 1539 5098 populus
1574 5045 1819 5084 currum-

253 5131 497 5192 perctur.
524 5122 590 5177 Et
613 5122 713 5187 hoc
741 5130 825 5175 est
845 5120 986 5191 quod
1007 5120 1137 5174 dicit
1160 5137 1172 5172 :
1203 5119 1379 5174 Donec
1403 5117 1819 5175 fermentaretur

253 5220 448 5268 totum.
498 5213 627 5281 Qua:
672 5213 814 5267 enim
872 5219 1060 5281 sponte
1109 5209 1278 5273 liunt,
1316 5209 1404 5263 diu
1454 5217 1815 5279 permanent:

254 5318 386 5371 qua;
412 5312 591 5356 autem
627 5301 975 5364 necessitate,
1021 5300 1129 5354 cito
1175 5298 1481 5354 solvuntur.
1502 5297 1613 5353 Hoc
1641 5299 1820 5353 consi-

255 5394 453 5449 derans
503 5390 823 5456 Jeroboam,
870 5391 1057 5445 maluit
1094 5391 1348 5461 populum
1390 5399 1581 5459 sponte
1639 5390 1820 5445 subire

256 5500 449 5540 novam
475 5483 733 5538 idolorum
765 5483 1053 5545 culturam,
1078 5497 1238 5552 quam
1267 5490 1531 5535 coactum.
1570 5481 1818 5537 Fermcu-

259 5582 368 5630 tum
399 5585 577 5629 autem
603 5584 657 5627 ct
679 5575 727 5627 in
760 5575 953 5628 bonam
976 5582 1184 5642 partem
1209 5572 1426 5641 ponitur
1445 5582 1497 5625 et
1522 5572 1574 5625 in
1601 5573 1815 5626 mala-n.

257 5664 312 5720 In
349 5667 580 5724 bonam.
634 5673 691 5716 ut
742 5663 997 5716 Dominus
1042 5662 1095 5716 in
1135 5661 1423 5731 Evangelia
1474 5662 1623 5725 dicit,
1678 5664 1819 5732 quod

261 5756 451 5812 mulier
486 5764 705 5824 accepto
745 5752 1009 5805 fermento
1051 5751 1325 5807 abscondit
1368 5752 1418 5805 in
1461 5750 1643 5805 furium
1689 5754 1820 5807 satis

1917 3317 2090 3373 dendo
2145 3313 2346 3383 gratias
2395 3312 2506 3383 egit
2562 3310 2759 3385 pupulo
2793 3325 2900 3365 una
2948 3323 3069 3364 cum
3122 3305 3487 3378 principibus,

1918 3408 2043 3479 quia
2100 3404 2360 3460 intellexit
2410 3412 2521 3459 toto
2576 3403 2698 3458 nisu
2735 3400 2934 3457 mentis
2984 3398 3052 3453 ad
3101 3412 3347 3453 errorum
3389 3412 3482 3451 eos

1917 3498 2083 3553 fuisse
2122 3509 2433 3551 conversos.
2477 3494 2546 3551 Et
2581 3494 2683 3550 hoc
2716 3508 2839 3548 cum
2876 3490 3230 3547 insidiaretur
3271 3487 3372 3552 eis,
3415 3502 3483 3541 ne

1918 3588 2270 3643 ascenderent
2316 3585 2384 3638 ad
2429 3583 2685 3656 templum
2720 3582 2955 3648 Domini,
2983 3581 3077 3636 sed
3109 3579 3305 3635 vitulos
3346 3593 3485 3648 quos

1919 3680 2032 3749 ipse
2053 3679 2256 3734 fecerat
2298 3676 2558 3732 colerent.
2606 3676 2800 3733 Dolose
2848 3676 3045 3746 quippe
3078 3672 3294 3730 eosdem
3321 3672 3512 3729 fabri-1

1919 3780 2071 3828 tratus
2091 3771 2271 3825 fuerat
2295 3770 2511 3834 vitulos,
2556 3785 2624 3825 ne
2648 3768 2788 3825 forte
2814 3769 3038 3839 populus
3063 3766 3225 3823 Israel
3255 3780 3484 3835 pergens
3510 3812 3513 3813 ,

1918 3864 1984 3918 ad
2030 3863 2123 3918 Dei
2159 3863 2417 3932 templum
2473 3861 2890 3932 Hierosolymis,
2930 3869 3141 3929 sumpta
3195 3857 3485 3913 occasione

1920 3952 2364 4007 reconciliaretur
2409 3951 2519 4022 regi
2567 3950 2738 4006 Judm.
2786 3968 2804 4000 ι
2841 3948 2976 4003 Tota
3016 3957 3174 4002 nocte
3229 3946 3486 4000 dormivit
3550 3954 3557 3958 ‘

1920 4057 2158 4112 coquens
2181 4058 2298 4104 eos,
2328 4058 2484 4097 mane
2514 4044 2628 4112 ipse
2665 4056 2956 4096 succensus
2992 4039 3145 4108 quasi
3181 4039 3320 4108 ignis
3340 4038 3503 4092 “tum.

1922 4147 2040 4186 mm.
2081 4151 2099 4182 ι
2134 4133 2425 4200 Postquam
2450 4133 2625 4202 ignem
2653 4132 2869 4186 malitiae
2895 4130 3040 4185 misit
3062 4129 3115 4183 in
3145 4145 3335 4184 eorum
3364 4145 3483 4184 cor-

1921 4222 2097 4283 dibus,
2139 4229 2194 4274 et
2226 4220 2357 4275 vidit
2390 4234 2484 4275 eos
2515 4220 2709 4284 furere,
2744 4220 3054 4289 nullumque
3088 4234 3210 4274 esse
3240 4219 3330 4287 qui
3377 4234 3487 4273 sua:

1922 4311 2199 4367 resisteret
2243 4310 2527 4378 voluntati,
2577 4320 2689 4366 tota
2734 4319 2893 4366 nocte
2933 4309 3208 4374 dormivit,
3241 4309 3344 4363 hoc
3382 4320 3485 4370 est.

1922 4417 2144 4458 securus
2185 4401 2375 4472 iacuit,
2417 4412 2660 4457 versatus
2712 4403 2764 4456 in
2804 4402 3061 4466 tenebris,
3107 4416 3345 4470 coquens
3394 4416 3488 4461 eos

1926 4493 2046 4561 igne
2086 4492 2401 4563 impietatis,
2442 4508 2599 4546 mane
2636 4500 2814 4546 autem
2853 4493 2966 4562 ipse
3016 4506 3307 4546 succensus
3336 4488 3487 4545 llam-

1924 4583 2027 4637 mis
2056 4596 2278 4637 suorum
2304 4582 2596 4646 scelerum,
2631 4583 2778 4637 venit
2803 4582 2868 4635 ad
2898 4581 3305 4635 immolandum.

1994 4690 2012 4721 ι
2047 4671 2246 4726 Omnes
2275 4670 2517 4727 calefacti
2549 4680 2674 4726 sunt
2701 4671 2857 4740 quasi
2883 4671 3148 4734 clibanus,
3169 4688 3187 4720 ι
3210 4670 3336 4739 quia
3357 4685 3479 4725 cum

1913 4760 2026 4831 jam
2063 4776 2169 4815 non
2213 4776 2309 4828 per
2354 4761 2598 4825 insidias,
2629 4763 2722 4816 sed
2761 4760 3099 4829 impudenter
3136 4777 3166 4815 a
3198 4760 3293 4815 Dei
3339 4761 3487 4816 cultu

1922 4850 1990 4904 ad
2013 4851 2363 4905 caeremonias
2391 4850 2655 4904 idolorum
2690 4851 3003 4915 transirent,
3025 4864 3214 4905 omnes
3240 4851 3487 4906 succensi

1921 4950 2048 4996 sunt
2096 4940 2299 4995 malitia
2328 4939 2626 5010 iniquitatis
2651 4954 2781 4994 sum.
2816 4958 2835 4990 ‹
2870 4939 2937 4993 Et
2982 4940 3374 4995 devoraverunt
3395 4940 3487 5010 ju-

1921 5033 2068 5088 dices
2093 5048 2238 5097 suos,
2269 5051 2287 5082 ι
2317 5032 2370 5087 id
2393 5040 2497 5094 est,
2522 5046 2618 5086 eos
2637 5033 2728 5101 qui
2759 5031 3043 5086 noluerunt
3062 5032 3142 5086 eis
3160 5032 3507 5094 consentire”

1922 5122 2017 5178 sed
2070 5122 2287 5191 insuper
2340 5122 2758 5192 redarguebant,
2816 5130 2872 5176 et
2929 5120 3355 5182 interfecerunti,
3393 5120 3487 5175 Vel

1922 5219 2069 5264 certe
2100 5226 2211 5272 eos,
2253 5210 2343 5279 qui
2382 5219 2508 5265 ante
2530 5210 2739 5279 judices
2767 5210 2979 5266 illorum
3004 5212 3351 5274 exstiterant,
3383 5212 3490 5279 spi-

1924 5299 2190 5353 ritualiter
2220 5299 2611 5355 interemerunt
2641 5302 2905 5356 trahendo
2927 5303 3179 5357 ad'suam
3205 5300 3485 5354 malitiam.

1925 5391 2058 5445 Cum
2105 5390 2247 5443 enim
2300 5390 2370 5444 illi
2416 5390 2699 5461 religiones
2754 5393 2965 5447 Domini
3027 5390 3511 5452 recordareutur,

1926 5481 2171 5536 videntes
2218 5497 2394 5551 regem
2439 5491 2493 5536 et
2540 5469 2821 5552 principes.
2856 5499 3180 5552 omnemque
3235 5485 3489 5554 populum

1926 5572 2237 5628 idolulati'ia:
2266 5576 2490 5637 deditos,
2513 5586 2793 5645 cmperunt
2808 5578 2985 5630 dicere
3003 5594 3015 5627 ε
3040 5574 3178 5642 Quid
3194 5574 3492 5631 faciemus?

1928 5663 2063 5717 Ecce
2107 5677 2200 5715 rex
2239 5672 2291 5716 et
2322 5665 2591 5733 principes
2627 5664 2765 5733 ejus,
2790 5664 3069 5732 primisque
3100 5664 3327 5735 populus
3360 5665 3511 5718 deos.

1926 5753 2068 5807 colit.
2113 5751 2229 5807 iam
2260 5754 2381 5824 quia
2438 5756 2497 5813 in
2547 5755 2720 5810 medio
2770 5754 2995 5811 illorum.
3032 5770 3329 5821 versamur,
3383 5770 3500 5815 non,
