4042 6338
519 381 587 436 55
981 382 1334 438 HAYMONIS
1373 378 1854 436 IiALBEiiSTAT.
1896 376 2102 432 Ei'lSC.

2203 373 2303 430 PP.
2345 374 2524 430 PARS
2561 375 2602 430 Ι.
2639 407 2707 416 -
2742 373 3095 432 (ΣΟΜΜΕΝΤ.
3139 373 3307 432 BlBL.
3371 385 3378 388 '
3707 370 3771 429 56

519 510 806 562 possumus
858 494 1055 549 Similia
1101 510 1208 550 non
1257 495 1437 551 facere
1463 535 1478 562 ,
1530 512 1600 551 ne
1633 496 1774 552 forte
1809 491 2096 565 exSpoliati
2124 493 2174 549 A

518 592 772 647 omnibus
810 593 1002 656 rebus,
1042 593 1206 647 etiam
1253 593 1422 648 vitam
1467 594 1798 648 amittamus.
1850 593 2095 660 Dumque

520 683 636 736 haec
659 682 918 745 dicerent,
971 683 1134 736 etiam
1179 682 1283 753 ipsi
1311 684 1380 737 ad
1422 683 1599 739 scelus
1639 682 1955 738 idololatria:
2003 683 2095 738 de-

520 771 687 828 voluti
740 782 882 828 sunt.
939 791 958 825 σ
1009 773 1210 828 Omnes
1253 789 1411 845 reges
1466 789 1654 830 eorum
1702 774 2035 830 ceciderunt.
2069 795 2087 826 ι

519 866 604 921 Ab
651 866 755 920 isto
789 865 997 921 scilicet
1040 866 1329 922 Jeroboam
1369 884 1544 938 usque
1591 867 1658 922 ad
1706 868 1954 922 ultimum
2000 866 2094 921 ,Ιο-

521 961 676 1022 siam,
703 973 892 1012 omnes
942 973 1098 1029 reges
1145 960 1508 1014 Israelitarum
1539 960 1852 1015 ceciderunt
1899 960 1954 1013 in
1981 959 2095 1014 ido-

521 1049 790 1103 lolatriam
836 1048 924 1102 vel
949 1049 1304 1117 perditionem
1339 1060 1623 1116 aeternam,
1677 1059 1732 1105 et
1784 1051 2094 1107 ambulave-

523 1148 648 1194 runt
685 1139 739 1194 in
776 1139 879 1194 viis
905 1138 1252 1207 Iiieroboam,
1284 1141 1378 1196 lilii
1429 1142 1662 1208 Nabath,
1722 1143 1812 1212 qui
1865 1158 2095 1213 peccare

522 1229 651 1284 fecit
678 1231 893 1285 lsrael.c
930 1231 1044 1287 Non
1072 1243 1158 1288 est
1201 1236 1255 1289 in
1286 1237 1368 1291 eis
1395 1237 1488 1306 qui
1513 1237 1715 1293 clamet
1739 1239 1806 1292 ad
1839 1253 1947 1302 me,
1988 1259 2005 1289 ι
2041 1237 2094 1291 id

521 1331 624 1388 est,
647 1337 808 1376 nemo
831 1323 883 1377 in
916 1326 1130 1396 regibus
1151 1335 1244 1381 aut
1269 1328 1323 1382 in
1352 1329 1594 1399 subjecto
1609 1331 1805 1400 populo
1827 1333 2096 1402 reperitur

522 1418 612 1486 qui
640 1417 837 1474 clamet
861 1419 928 1473 ad
957 1435 1060 1486 me,
1091 1430 1147 1476 et
1175 1422 1377 1478 relictis
1403 1423 1560 1478 idolis
1582 1426 1647 1479 ad
1671 1425 1837 1479 Deum
1873 1441 2095 1482 conver-

523 1517 686 1562 tatur.
713 1508 838 1564 Haec
874 1511 1054 1564 omnia
1092 1512 1284 1568 beatus
1321 1513 1680 1587 Hieronymus
1703 1517 1770 1570 ad
1810 1517 2094 1572 luereticos

521 1614 818 1669 torumque
838 1600 1002 1655 refert
1015 1602 1324 1672 discipulos,
1344 1605 1434 1674 qui
1457 1605 1656 1659 malitia
1673 1606 1866 1660 diaboli
1886 1605 1998 1676 (qui
2014 1617 2096 1663 est

523 1705 616 1742 rex
663 1705 827 1760 super
859 1706 1048 1746 omnes
1094 1693 1330 1764 iniquos)
1363 1694 1615 1759 debriati,
1645 1695 1759 1751 dies
1795 1700 1936 1768 regis
1969 1698 2094 1770 (hoc

520 1792 625 1845 est,
661 1781 922 1854 cujusque
971 1787 1384 1855 prmpositorum
1414 1803 1658 1852 suorum,
1707 1791 1855 1845 verbi
1895 1793 2092 1861 gratia,

523 1873 842 1942 Marcionis,
885 1877 1041 1942 Arii,
1085 1886 1245 1947 atque
1283 1879 1531 1935 Eunomii
1556 1923 1570 1946 ,
1617 1887 2090 1955 creterorumque)

520 1968 794 2024 celebrant
845 1969 1082 2035 festivos,
1121 1973 1416 2028 Ecclesiam
1463 1976 1849 2046 relinquentes,
1903 1990 1958 2034 ct
1997 1996 2091 2034 ve-

523 2061 736 2116 ritatem
774 2061 895 2117 ﬁdei
948 2064 1344 2120 conculcantcs.
1395 2065 1546 2122 Unde
1589 2078 1645 2123 et
1676 2070 1728 2123 hi
1760 2072 1848 2139 qui
1881 2073 2094 2127 caeteris

522 2163 778 2220 praesunt,
809 2155 1135 2224 applaudunt
1159 2158 1282 2223 illis,
1309 2177 1373 2214 eo
1399 2161 1540 2230 quod
1563 2163 1776 2217 videant
1796 2166 1956 2220 corda
1975 2167 2094 2221 illo-

525 2260 640 2298 rum
667 2245 901 2314 nequitia
935 2245 1152 2310 referta,
1176 2259 1230 2301 et
1257 2250 1379 2303 vino
1420 2251 1718 2320 iniquitatis
1766 2254 1973 2322 infusa;
2027 2257 2094 2312 de

520 2351 630 2405 quo
655 2334 903 2392 Salomon
928 2337 1058 2392 dicit
1082 2355 1094 2391 :
1121 2338 1396 2410 Principes
1421 2342 1601 2396 vinum
1632 2360 1736 2399 non
1758 2347 1973 2413 bibant,
1996 2362 2094 2403 ne-

523 2429 740 2498 quando
767 2429 1156 2486 obliviscantur
1191 2436 1486 2503 sapientiae.
1521 2437 1797 2493 lnsaniunt
1832 2440 1996 2494 etiam
2027 2456 2096 2496 ex

521 2524 668 2576 vino.
699 2523 773 2577 De
806 2539 912 2592 quo
939 2523 1146 2595 Moyses
1174 2544 1187 2579 :
1223 2546 1240 2578 ι
1302 2528 1477 2586 Furor
1525 2533 1740 2604 (inquit)
1799 2536 2094 2602 draconum

525 2611 708 2666 vinum
735 2628 940 2678 eorum,
984 2635 1002 2667 ι
1032 2626 1136 2671 etc.
1168 2617 1320 2684 Quod
1350 2630 1526 2676 autem
1569 2625 1768 2678 dicitur
1807 2624 2096 2681 Jeroboam

526 2715 634 2759 tota
664 2716 821 2762 nocte
851 2709 1132 2777 dormisse,
1157 2715 1460 2770 ostenditur
1488 2733 1584 2786 per
1612 2718 1732 2782 hoc,
1756 2720 1880 2788 quia
1921 2720 2094 2775 imre-

528 2798 616 2851 tici
653 2798 776 2853 dum
807 2800 860 2854 in
914 2803 1150 2858 tenebris
1201 2805 1530 2872 inﬁdelitatis
1576 2819 1877 2878 morantur,
1923 2811 2096 2867 lucem

531 2891 638 2944 veri
663 2892 792 2948 solis
822 2910 926 2949 non
957 2895 1137 2951 valent
1166 2901 1473 2970 perSpicere
1518 2921 1530 2956 :
1579 2919 1702 2957 nam
1735 2913 1790 2959 et
1834 2907 1924 2974 qui
1974 2907 2098 2960 dor-

528 2983 716 3044 miunt,
749 2993 908 3040 nocte
945 2987 1236 3056 dormiunt,
1266 2993 1391 3061 quia
1440 3008 1729 3063 Oppressus
1776 3005 1859 3050 est
1907 3012 2099 3053 sensus

526 3090 730 3129 eorum.
757 3075 958 3134 Horum
980 3083 1138 3137 corda
1161 3083 1394 3140 caleﬁeri
1416 3097 1708 3142 noscuntur
1729 3089 1828 3155 ira,
1848 3090 2097 3156 avaritia,

526 3167 844 3237 ueterisque
879 3170 1044 3237 vitiis,
1075 3172 1284 3244 ipsique
1308 3177 1570 3231 devorant
1591 3175 1803 3245 judices
1822 3196 1969 3244 suos,
1992 3181 2096 3236 hoc
2125 3187 2168 3249 C

526 3273 628 3326 cst,
671 3264 714 3318 si
759 3265 850 3334 qui
890 3277 1112 3334 possunt
1151 3270 1352 3326 habere
1393 3273 1446 3326 in
1491 3271 1671 3326 animo
1703 3273 1980 3338 virtutem,
2012 3274 2098 3328 vel

527 3370 719 3409 sensus
743 3357 938 3424 quibus
979 3359 1116 3412 mala
1155 3362 1536 3417 discernuntur
1582 3380 1613 3419 a
1662 3367 1835 3430 bonis,
1885 3368 2100 3422 abstra-

528 3447 662 3500 hunt
688 3446 756 3501 ab
784 3447 908 3513 illis,
936 3458 991 3504 et
1019 3467 1208 3507 omnes
1237 3455 1507 3524 principes
1557 3458 1743 3513 talium
1789 3462 2102 3518 ceciderunt

529 3537 584 3590 in
606 3534 699 3590 Dei
728 3539 1216 3608 prtedestinatione,
1244 3559 1345 3599 nec
1389 3554 1474 3600 est
1497 3547 1640 3603 inter
1659 3563 1752 3604 eos
1783 3550 1874 3619 qui
1907 3551 2103 3608 clamet

529 3628 598 3696 ad
617 3629 921 3696 Dominum,
953 3642 1011 3687 ut
1032 3634 1289 3691 invocans
1317 3654 1509 3693 nomen
1537 3641 1749 3696 Domini
1779 3643 1958 3699 salvus
1987 3645 2098 3700 ﬁat.

607 3740 625 3770 ε
693 3721 948 3790 Ephraim
1000 3726 1053 3779 in
1107 3728 1318 3798 populis
1361 3729 1476 3799 ipse
1538 3734 2010 3790 commiscebatur.
2076 3757 2096 3790 ο

533 3811 787 3880 Ephraim
819 3829 924 3868 non
963 3815 1051 3870 hic
1086 3821 1454 3875 tantummodo
1506 3838 1682 3892 reges,
1729 3833 1788 3879 ut
1829 3827 2100 3895 superius,

532 3905 624 3956 sed
649 3906 826 3960 omnis
843 3907 1065 3976 pepulus
1079 3909 1261 3964 decem
1288 3914 1522 3968 tribuum
1545 3917 1827 3988 accipitur.
1845 3919 2104 3988 prraim

532 4009 683 4064 ergo,
704 3996 754 4051 id
775 4006 858 4052 est
879 4014 1038 4054 omne
1075 4017 1294 4073 regnum
1323 4005 1505 4060 decem
1535 4008 1791 4074 tribuum,
1819 4029 1838 4062 ι
1879 4015 2104 4067 commi-

532 4089 784 4144 scebatur
808 4092 862 4146 in
887 4093 1116 4163 populis,
1155 4116 1173 4146 ι
1199 4095 1302 4152 hoc
1331 4107 1434 4163 est,
1463 4100 1656 4156 similis
1692 4113 1808 4157 erat
1853 4105 2104 4175 gentibus

534 4184 674 4239 idola
700 4185 1016 4243 colentibus.
1051 4209 1068 4239 ‹
1111 4191 1362 4259 Ephraim
1393 4194 1566 4250 factus
1595 4205 1678 4250 est
1715 4197 2106 4255 subcinericius

535 4275 710 4342 panis,
737 4277 826 4344 qui
852 4293 956 4331 non
987 4291 1310 4336 reversatur.
1351 4304 1368 4334 ι
1403 4285 1561 4340 Panis
1583 4289 1672 4356 qui
1705 4305 1811 4342 non
1861 4305 2106 4346 reversa-

536 4375 642 4426 tur,
676 4382 738 4418 ex
767 4367 911 4420 omni
939 4378 1089 4437 parte
1116 4371 1306 4438 plenus
1332 4383 1417 4428 est
1442 4376 1712 4430 sordibus.
1761 4379 1905 4433 Talis
1932 4381 2106 4437 factus

534 4464 615 4508 cst
645 4453 896 4524 Ephraitn
923 4474 1027 4512 non
1058 4462 1264 4530 agendo
1308 4466 1700 4533 paenitentiam,
1749 4469 1974 4539 ideoque
2023 4473 2103 4524 in-

537 4547 904 4601 convertibilis
925 4565 1167 4614 tnanens,
1200 4568 1264 4606 ex
1293 4556 1434 4609 omni
1460 4565 1614 4624 parte
1636 4559 1997 4616 circumdatus
2022 4573 2106 4618 est

537 4641 808 4696 cineribus
853 4654 1217 4713 peccatorum.
1247 4647 1397 4713 Quod
1426 4649 1470 4704 si
1515 4654 1754 4706 converti
1783 4669 1812 4707 a
1849 4655 1962 4710 suis
2008 4657 2110 4711 ini-

538 4733 832 4801 quitatibus
861 4735 1039 4800 vellet,
1072 4737 1286 4807 purgari
1318 4739 1502 4810 utique
1539 4744 1819 4810 potuisset.

609 4840 630 4900 ἐ
663 4820 1023 4876 Comederunt
1050 4825 1208 4878 alieni
1245 4830 1406 4882 robur
1425 4831 1560 4900 ejus,
1579 4840 1636 4886 et
1658 4833 1769 4901 ipse
1792 4836 2040 4892 nescivit.
2080 4859 2098 4890 ι

540 4908 726 4963 ltobur
749 4911 982 4980 appellat
1006 4914 1276 4984 principes
1301 4926 1357 4972 et
1397 4921 1561 4975 fortes
1610 4939 1853 4994 quosque
1899 4929 2102 4996 populi,

539 5001 622 5054 vel
655 5011 802 5056 certe
834 5002 1115 5059 thesauros
1162 5006 1214 5059 in
1270 5008 1464 5077 quibus
1514 5014 1876 5069 conﬁdebant.
1932 5017 2107 5073 Alieni

539 5109 670 5165 ergo
696 5111 725 5157 a
750 5094 880 5160 Deo,
913 5097 995 5150 vel
1019 5098 1184 5152 etiam
1206 5115 1236 5153 a
1259 5110 1417 5170 gente
1447 5101 1774 5171 Judzeorum,
1801 5109 1985 5164 hostes
2005 5111 2111 5164 sci-

543 5187 666 5244 licet
700 5189 816 5258 ejus
836 5188 1071 5244 Chaldaei
1095 5199 1255 5262 atque
1280 5193 1505 5264 Assyrii,
1548 5200 1898 5254 comederunt
1946 5203 2111 5256 robur

541 5283 676 5350 ejus.
708 5281 1081 5337 interﬁciendo
1134 5284 1421 5353 principes,
1469 5284 1706 5344 et'bona
1749 5291 1960 5344 illorum
2008 5292 2109 5345 sibi

546 5374 892 5439 vindicando,
915 5385 970 5429 et
991 5376 1246 5444 quidquid
1278 5378 1473 5432 virium
1505 5380 1702 5435 habere
1748 5391 1960 5451 poterat
2011 5383 2107 5436 de-

543 5465 800 5519 vorando.
834 5466 1126 5536 Tantmqne
1168 5467 1306 5522 idem
1340 5467 1592 5538 Ephraim
1622 5470 1721 5524 fuit
1750 5473 2020 5538 amentiae,
2052 5482 2108 5526 ut

544 5556 777 5612 nesciret
803 5555 968 5610 Deum
996 5575 1174 5624 suum,
1192 5568 1284 5612 aut
1309 5569 1457 5614 certe
1489 5561 1755 5630 ignoraret
1773 5580 1988 5617 causam
2013 5579 2110 5633 pro

544 5667 646 5720 qua
679 5651 867 5704 fuisset
891 5653 1272 5710 devorantibus
1315 5655 1571 5717 traditus,
1607 5656 1806 5721 justum
1855 5675 1910 5712 sc
1957 5675 2111 5728 repn—

545 5758 682 5805 laus.

2277 505 2296 538 ι
2334 487 2441 542 Sed
2468 497 2525 542 et
2549 488 2670 544 cani
2701 487 2858 545 ell'usi
2885 497 3010 544 sunt
3032 489 3086 543 in
3106 504 3188 552 eo,
3213 497 3269 543 et
3293 489 3410 559 ipse
3431 489 3720 558 ignoravit.
3751 507 3770 536 ι

2195 577 2327 633 Cani
2355 580 2632 634 hominum
2659 580 2954 650 aliquando
2984 580 3038 635 in
3065 581 3264 635 bonum
3291 589 3588 650 ponuntur,
3609 590 3668 632 ut
3695 587 3788 632 est

2195 669 2322 724 illud
2351 669 2686 726 Salomonis:
2717 691 2734 724 ι
2770 670 2903 727 Cani
2935 680 3062 726 sunt
3081 685 3272 726 sensus
3293 670 3620 734 hominis,et
3648 677 3778 722 tetas

2195 761 2486 814 senectutis
2533 762 2642 814 vita
2691 761 3056 817 immaculata.
3100 781 3119 813 ι
3157 761 3253 815 Hic
3285 767 3466 814 autem
3491 759 3548 812 in
3576 759 3777 813 malum

2195 860 2488 922 ponuntur,
2512 853 2772 906 malitiam
2797 854 2850 907 in
2880 853 3068 908 eodem
3103 851 3301 922 pepulo
3329 865 3500 918 usque
3525 850 3592 904 ad
3614 849 3776 903 ﬁnem

2195 943 2345 1012 regni
2371 957 2746 1011 perseverasse
2775 951 3164 998 monstrantes.
3194 942 3300 997 Sed
3321 950 3375 996 et
3397 941 3516 996 cani
3555 941 3778 1010 (inquit)

2197 1035 2356 1116 θαλιιεί
2386 1046 2510 1089 sunt
2539 1035 2593 1089 in
2634 1050 2720 1101 eo,
2751 1036 2856 1090 hoc
2881 1044 2985 1101 est,
3013 1035 3224 1091 abunde
3253 1035 3308 1094 in
3336 1033 3578 1102 nequitia
3606 1047 3779 1100 usque

2196 1127 2262 1182 ad
2285 1128 2493 1182 senium
2525 1136 2580 1182 et
2607 1129 2758 1198 regni
2786 1129 3078 1183 terminum
3103 1135 3540 1196 permanserunt.
3572 1125 3643 1178 Et
3667 1125 3783 1193 ipse

2197 1220 2464 1290 ignoravit
2484 1222 2646 1274 linem
2667 1221 2818 1291 regni
2841 1221 2944 1284 sui,
2968 1220 3225 1275 subaudis
3254 1218 3555 1272 imminere.

2272 1331 2290 1362 ι
2330 1313 2395 1366 Et
2423 1312 2796 1366 humiliabitur
2815 1311 3065 1381 superbia
3103 1309 3268 1364 Israel
3301 1309 3354 1362 in
3387 1307 3524 1362 facie
3549 1307 3685 1376 ejus.
3755 1325 3774 1356 ι

2197 1404 2460 1458 Erexerat
2480 1404 2624 1456 enim
2650 1419 2710 1458 se
2737 1403 2901 1456 lsrael
2923 1411 3114 1456 contra
3142 1399 3424 1455 Dominum
3445 1440 3460 1463 ,
3490 1406 3546 1453 et
3579 1412 3686 1451 non
3723 1397 3780 1448 in

2197 1495 2304 1558 illo,
2340 1495 2432 1549 sed
2459 1495 2509 1547 in
2541 1494 2882 1548 multitudine
2911 1493 2991 1547 sui
3023 1492 3223 1546 ﬁdebat
3249 1491 3539 1544 exercitus.
3562 1489 3630 1542 Et
3648 1489 3776 1556 quia

2202 1603 2219 1634 α
2255 1584 2500 1653 superbis
2527 1583 2666 1637 Deus
2693 1583 2917 1647 resistit,
2949 1581 3242 1635 humilibus
3284 1586 3464 1634 autem
3509 1579 3602 1631 dat
3649 1593 3780 1648 gra-

2198 1675 2349 1738 tiam,
2381 1693 2398 1725 ι
2431 1674 2563 1729 dicit
2614 1690 2756 1728 nunc
2802 1689 2899 1743 per
2924 1672 3280 1740 Prophetam:
3319 1689 3337 1720 ι
3379 1667 3765 1724 Humiliabitur

2198 1764 2447 1833 superbia
2478 1763 2662 1826 Israel,
2706 1783 2723 1815 ι
2760 1765 2862 1818 hoc
2907 1771 3011 1828 est,
3064 1762 3456 1818 interﬁcientur
3502 1759 3784 1828 principes

2200 1865 2253 1911 et
2289 1856 2558 1910 exercitus
2585 1853 2702 1922 ejus
2728 1855 2802 1924 (in
2826 1855 3022 1925 quibus
3065 1851 3416 1926 gloriabatur)
3445 1852 3512 1905 ab
3539 1849 3782 1920 Assyriis

2199 1958 2252 2003 et
2273 1947 2556 2011 Chaldaeis,
2575 1955 2628 2000 et
2650 1948 2753 2001 hoc
2775 1962 2882 2000 non
2904 1946 3074 2000 multo
3095 1954 3218 2015 post
3238 1955 3497 2013 tempore,
3515 1941 3607 1996 sed
3635 1957 3783 1994 nunc

2201 2047 2256 2093 et
2295 2039 2348 2091 in
2398 2037 2667 2106 praesenti.
2718 2036 2832 2090 Hoc
2877 2045 2962 2090 est
3003 2037 3146 2090 enim
3171 2033 3312 2103 quod
3349 2033 3464 2086 ait:
3494 2050 3511 2081 σ
3548 2029 3605 2084 In
3639 2029 3784 2082 facie

2201 2128 2336 2196 ejus.
2379 2147 2397 2178 ι
2445 2147 2462 2176 ‹
2500 2125 2612 2181 Non
2635 2127 2836 2180 reversi
2861 2135 2988 2181 sunt
3007 2128 3074 2180 ad
3098 2127 3382 2180 Dominum
3405 2122 3572 2176 Deum
3590 2136 3782 2183 suum,

2201 2233 2254 2276 et
2283 2236 2386 2274 non
2403 2219 2731 2288 quzesierunt
2759 2233 2881 2272 eum
2914 2219 2966 2272 in
2993 2217 3244 2271 onmibus
3269 2216 3372 2270 his.
3403 2234 3421 2264 ι
3445 2213 3595 2279 Quod
3621 2227 3786 2280 supe-

2204 2315 2315 2368 rius
2341 2312 2670 2366 subobscure
2693 2318 2966 2379 posuerat,
2998 2310 3211 2364 dicens:
3247 2327 3263 2358 ι
3298 2306 3553 2376 Ephraim
3601 2303 3786 2357 factus

2201 2413 2282 2459 est
2311 2401 2702 2458 subcinericius
2729 2401 2884 2470 panis
2929 2400 3022 2469 qui
3071 2414 3175 2453 non
3215 2404 3546 2459 reversatur,
3580 2413 3598 2445 υ
3636 2409 3784 2446 nunc

2202 2497 2352 2568 ponit
2381 2493 2754 2549 manifestius:
2793 2512 2812 2543 ι
2852 2491 2970 2546 Νοη
3021 2499 3146 2545 sunt
3191 2488 3407 2562 (inquit)
3456 2486 3656 2541 reversi
3709 2485 3782 2538 ad

2203 2588 2486 2642 Dominum
2544 2586 2710 2640 Deum
2763 2600 2950 2649 suum,
3000 2592 3055 2638 et
3113 2598 3219 2636 non
3271 2579 3599 2650 quaesierunt
3647 2593 3779 2630 eum

2203 2681 2256 2734 in
2287 2677 2533 2732 omnibus
2555 2676 2658 2730 his.
2693 2702 2710 2726 ι
2742 2675 2893 2742 Quod
2917 2675 2962 2728 si
3000 2674 3226 2728 fuissent
3268 2671 3469 2726 reversi
3501 2671 3567 2724 ad
3597 2669 3783 2723 Domi-

2204 2785 2329 2824 num
2359 2767 2526 2821 Deum
2550 2764 3021 2830 suum,audissent
3045 2763 3232 2832 utique
3263 2776 3358 2830 per
3382 2759 3668 2813 Jeremiam
3703 2757 3786 2812 lo-

2204 2869 2455 2928 quentem
2489 2855 2805 2910 Dominum:
2838 2873 2857 2905 ι
2897 2851 3246 2908 Revertimini
3298 2849 3366 2903 ad
3413 2864 3520 2912 me,
3577 2857 3632 2901 et
3681 2863 3788 2916 ego

2205 2957 2450 3003 revertar
2497 2946 2563 3001 ad
2595 2961 2710 2999 vos.
2772 2963 2790 2996 ι
2843 2944 2973 2998 Post
3011 2942 3148 2998 idola
3195 2941 3392 3010 quippe
3421 2937 3780 2996 ambulantes,

2204 3055 2310 3095 non
2337 3023 2664 3108 quaesierunt
2695 3050 2818 3090 eum
2849 3035 2902 3089 in
2936 3033 3184 3089 omnibus
3221 3033 3306 3086 his
3336 3030 3782 3091 adversitatibns,

2207 3139 2266 3185 ut
2289 3131 2340 3184 in
2368 3144 2490 3183 eum
2520 3127 2756 3197 perfecte
2801 3126 3116 3189 crederent,
3145 3133 3201 3178 et
3227 3132 3373 3178 recte
3401 3130 3782 3191 operarentur.

2209 3221 2275 3276 Ut
2296 3227 2478 3273 autem
2499 3217 2565 3271 ad
2588 3217 2871 3272 btereticos
2881 3215 2965 3270 vel
2987 3216 3179 3286 impios
3199 3215 3300 3269 ista
3327 3215 3618 3268 referamus
3639 3227 3788 3281 pra:-

2200 3311 2429 3382 positos,
2471 3309 2725 3378 Ephraim
2773 3309 2828 3363 in
2863 3308 3074 3379 pupulis
3115 3309 3516 3370 commiscetur,
3563 3304 3784 3375 quando

2203 3403 2268 3457 ad
2302 3401 2384 3456 sui
2414 3399 2820 3454 similitudinem
2856 3398 2991 3454 alios
3027 3398 3253 3468 quilibet
3287 3411 3517 3467 nequam
3567 3409 3787 3465 prapo-

2202 3493 2340 3549 situs
2368 3489 2557 3555 trahit,
2588 3497 2643 3543 et
2670 3489 2868 3543 similis
2893 3503 3080 3543 eorum
3133 3488 3380 3553 edicitur,
3428 3488 3586 3558 juxta
3635 3487 3786 3554 quod

2202 3603 2363 3656 supra
2410 3587 2610 3641 dictum
2654 3593 2774 3640 est:
2803 3585 2921 3639 Erit
2965 3586 3106 3642 sicut
3144 3585 3374 3656 populus
3397 3586 3475 3640 sic
3504 3586 3788 3639 sacerdos.

2204 3681 2330 3736 Sive
2378 3679 2543 3734 etiam
2592 3677 2851 3747 Ephraim
2913 3677 3127 3748 populis
3193 3678 3611 3740 commiscetur,
3657 3676 3790 3746 quia

2202 3785 2391 3824 omnes
2417 3767 2654 3822 haeretici
2683 3766 2818 3822 nihil
2837 3763 3092 3822 diﬂ‘erunt
3110 3769 3178 3822 ab
3199 3782 3386 3822 errore
3410 3766 3709 3837 gentilium,
3733 3775 3795 3818 et

2201 3861 2292 3930 qui
2316 3859 2491 3913 fuerat
2513 3859 2766 3928 princeps
2786 3859 3054 3928 quondam
3071 3859 3347 3923 Ecclesiaz,
3369 3859 3428 3912 ﬁt
3449 3855 3603 3928 quasi
3628 3859 3794 3926 panis

2205 3951 2620 4012 subcinericius,
2651 3965 2720 4003 ex
2744 3951 2892 4004 omni
2927 3958 3080 4021 parte
3117 3950 3392 4004 cineribus
3439 3959 3792 4018 peccatorum

2205 4039 2589 4106 circumdatus,
2616 4055 2717 4094 nec
2742 4041 3035 4094 revertitur
3056 4041 3124 4094 ad
3150 4041 3454 4103 Dominum,
3480 4040 3532 4092 in
3551 4040 3796 4108 incoepta

2204 4149 2526 4204 permanens
2547 4147 2754 4195 errore,
2772 4133 2926 4202 cujus
2954 4134 3140 4197 robur,
3163 4134 3267 4188 hoc
3291 4141 3393 4196 est,
3413 4130 3793 4185 fortitudinem

2204 4225 2463 4278 virtutum
2509 4232 2564 4277 et
2601 4223 2988 4292 intelligentia),
3034 4225 3325 4286 daemones,
3355 4223 3798 4277 Christianorum

2206 4315 2425 4386 pessimi
2450 4316 2654 4376 hostes,
2687 4314 3088 4384 auferunthse
3127 4330 3258 4369 vero
3300 4315 3401 4370 hoc
3435 4315 3623 4375 nescit,
3659 4315 3797 4368 dum

2206 4406 2305 4460 sibi
2352 4406 2556 4459 amicos
2606 4413 2780 4472 putat,
2831 4420 2965 4473 quos
3006 4406 3355 4460 devoratores
3382 4397 3564 4459 sentit.
3601 4402 3708 4459 Sed
3738 4416 3803 4460 et

2135 4531 2183 4588 ο
2209 4497 2330 4548 cani
2357 4496 2409 4548 in
2445 4511 2510 4548 eo
2545 4495 2915 4560 effunduntur,
2952 4497 3079 4550 dum
3134 4498 3366 4550 stultitia
3415 4497 3596 4551 cordis
3645 4497 3802 4554 illius

2213 4602 2378 4654 usque
2408 4585 2472 4639 ad
2497 4588 2783 4640 terminum
2805 4588 2928 4641 vita:
2952 4589 3004 4642 in
3027 4605 3091 4642 eo
3113 4599 3440 4656 perseverat.
3469 4590 3620 4644 Sicut
3643 4593 3800 4645 enim

2202 4678 2333 4748 justi
2372 4677 2607 4732 hominis
2637 4678 2755 4731 cani
2807 4680 3070 4746 sapientia
3120 4680 3458 4751 intelligitur,
3514 4683 3593 4736 sic
3638 4686 3801 4752 nnpii

2210 4767 2438 4822 stultitia
2467 4768 2748 4836 accipitur.
2779 4768 2893 4836 Ipse
2921 4778 3100 4823 autem
3136 4779 3459 4824 vetustatem
3501 4787 3610 4825 sua:
3640 4773 3805 4841 igno-

2209 4867 2292 4910 rat
2320 4857 2559 4921 malitize,
2585 4857 2652 4912 de
2671 4873 2776 4926 qua
2800 4859 3056 4927 scriptum
3075 4871 3156 4913 est
3184 4879 3195 4913 :
3225 4860 3376 4926 Quod
3402 4863 3720 4930 antiquatur
3743 4876 3807 4918 et

2211 4949 2464 5012 senescit,
2495 4963 2659 5018 prope
2686 4950 2956 5004 interitum
2980 4961 3082 5005 est.
3119 4952 3358 5018 Quorum
3383 4954 3633 5022 superbia
3667 4971 3802 5010 cum

2214 5039 2454 5107 quotidie
2474 5055 2504 5091 a
2531 5038 2748 5092 Christo
2777 5041 3118 5104 humilictur,
3153 5059 3256 5095 non
3309 5053 3476 5112 agunt
3521 5045 3808 5112 paeniten-

2218 5126 2369 5189 tiam,
2395 5141 2493 5179 nec
2521 5135 2865 5180 revertuntur
2888 5129 2954 5182 ad
3001 5129 3303 5183 Dominum.
3342 5150 3358 5181 ι
3407 5130 3470 5184 Et
3505 5131 3682 5185 factus
3713 5143 3807 5186 est

2215 5216 2466 5284 prraim
2492 5218 2644 5284 quasi
2673 5218 2918 5271 columba
2948 5220 3167 5273 seducta
3211 5235 3316 5273 non
3361 5221 3566 5274 habens
3617 5237 3733 5275 cur.
3780 5245 3800 5274 ι

2215 5304 2470 5357 Columba
2503 5305 2777 5359 in'honum
2815 5308 3097 5376 accipitur,
3128 5319 3184 5362 ut
3213 5310 3471 5364 Dominus
3523 5312 3573 5365 in
3611 5313 3797 5366 Evan-

2216 5395 2353 5464 gelio
2375 5395 2534 5447 dicit:
2569 5415 2586 5446 ε
2618 5397 2802 5451 Estote
2819 5401 3106 5465 prudentes
3120 5400 3259 5453 sicut
3279 5412 3573 5470 serpentes,
3590 5419 3643 5458 et
3663 5407 3805 5460 sim-

2219 5486 2383 5554 plices
2405 5487 2543 5540 sicut
2564 5488 2842 5552 columbae,
2878 5511 2896 5540 ι
2933 5499 3110 5544 utnec
3136 5491 3258 5546 aliis
3281 5507 3476 5548 nocere
3501 5498 3800 5564 possimus,

2219 5589 2317 5629 nec
2343 5576 2410 5628 ab
2435 5575 2556 5628 aliis
2592 5577 2817 5631 insidias
2867 5579 3152 5646 patiamur,
3201 5581 3294 5634 sed
3346 5568 3696 5650 simplicitate
3745 5600 3806 5644 et

2221 5669 2501 5734 prudentia
2525 5671 2878 5724 exliibcamus
2921 5671 3191 5725 hominem
3242 5682 3625 5740 temperatum,
3668 5681 3801 5746 quia

2222 5757 2499 5825 prudentia
2528 5760 2642 5811 sine
2669 5759 3010 5826 simplicitate
3043 5759 3306 5814 calliditas
3337 5770 3447 5826 est,
3474 5764 3804 5832 simplicitas
