4022 6432
274 384 339 444 57
1298 389 1697 447 ENABRATIO
1735 392 1801 446 IN
1840 394 2015 449 OSEE
2050 395 2488 452 PROPHETAM.
3453 406 3521 461 58

275 501 390 556 sine
421 496 703 571 prudentia
731 500 958 559 stultitia
983 511 1085 557 est.
1119 500 1272 558 Unde
1299 513 1352 558 et
1379 505 1432 558 in
1470 506 1572 560 hoc
1614 505 1732 560 loco
1763 522 1848 561 co-
1877 511 1920 568 Α
1949 509 2186 564 ferarum
2212 521 2493 577 vocantur,
2523 515 2783 571 ululatum
2806 517 3074 588 luporum,
3103 530 3157 574 et
3181 522 3414 578 sonitum
3444 521 3516 576 Ir-

275 593 456 647 lumba
489 591 774 647 stultitiam
803 590 1011 646 Iudaici
1035 593 1216 662 populi
1254 593 1518 664 designat,
1549 597 1639 664 qui
1665 597 1841 665 potius

277 685 405 739 tisus
454 691 541 738 est
581 683 634 736 in
670 683 888 737 homine
923 699 1084 751 quam
1124 683 1177 738 in
1209 684 1342 748 Deo,
1371 683 1668 756 «Egyptum
1700 688 1850 741 invo-

274 791 424 838 cans,
451 784 507 828 et
543 774 611 827 ad
653 773 905 844 Assyrios
959 787 1205 842 pergens.
1248 772 1349 840 Qui
1401 789 1546 828 enim
1592 774 1847 828 auxilium

274 864 489 934 {Egypti
513 864 683 932 petiit,
715 863 806 932 qui
833 864 902 917 ab
929 864 1062 918 Isaia
1078 863 1377 933 appellatur
1396 865 1617 918 baculus
1634 865 1850 919 arundi-

275 971 407 1010 neus
437 954 764 1018 confractus,
794 956 861 1008 ab
888 955 1123 1026 Assyriis
1145 955 1430 1010 abducitur
1453 957 1716 1025 captivus.
1745 956 1845 1010 Fa-

273 1057 392 1102 ctus
420 1056 505 1100 est
529 1062 659 1117 ergo
687 1047 942 1117 prraim
967 1048 1121 1116 quasi
1144 1047 1391 1102 columba
1420 1049 1641 1102 seducta
1673 1063 1703 1101 a
1732 1047 1848 1100 dia-

273 1137 412 1199 bolo,
439 1154 542 1192 non
569 1139 775 1193 habens
796 1153 912 1204 cor,
936 1139 1035 1208 hoc
1065 1148 1168 1204 est,
1192 1140 1601 1210 intelligentiam
1631 1139 1846 1193 mentis.

274 1228 578 1282 Notandum
618 1237 800 1282 autem
829 1229 972 1297 quod
1015 1243 1121 1283 non
1167 1228 1382 1297 aquilae,
1430 1228 1709 1296 accipitri,
1757 1237 1850 1280 aut

274 1334 459 1383 corvo,
475 1319 558 1374 vel
579 1319 796 1372 cuilibet
820 1319 939 1372 alia:
961 1319 1047 1372 avi
1072 1329 1436 1388 comparatur,
1453 1319 1546 1372 sed
1567 1319 1846 1382 columba),

273 1428 394 1480 qua:
424 1421 586 1464 tanta:
617 1409 923 1480 fragilitatis
973 1420 1077 1475 est,
1119 1420 1180 1464 ut
1227 1411 1478 1480 proprios
1520 1426 1623 1463 tton
1675 1409 1848 1464 valeat

275 1503 410 1556 tueri
434 1501 593 1554 fetus.
616 1500 707 1555 Sic
736 1503 878 1554 enim
901 1511 954 1554 et
976 1501 1062 1555 isai
1087 1501 1460 1570 comprehensi
1490 1501 1558 1554 ab
1585 1500 1846 1564 hostibus,

272 1607 376 1644 non
412 1591 718 1644 habuerunt
745 1589 888 1644 vires
915 1605 973 1644 se
995 1588 1341 1644 defendendi.
1375 1608 1393 1639 ι
1429 1587 1723 1658 Egyptum
1767 1588 1848 1641 in-

273 1682 557 1744 vocabant,
594 1699 610 1730 ι
645 1678 901 1732 subaudis
932 1678 986 1731 in
1021 1677 1305 1741 auxilium,
1335 1676 1420 1730 vel
1469 1678 1597 1731 deos
1636 1664 1846 1729 illorum

273 1773 517 1826 colendo.
555 1792 572 1822 ι
609 1771 689 1825 Ad
718 1755 969 1839 Assyrios
1002 1770 1275 1833 abierunt,
1308 1789 1326 1820 ι
1363 1785 1470 1823 ιιοη
1499 1778 1708 1839 sponte,
1754 1767 1848 1822 sed

1955 601 2351 655 rationabilium
2376 604 2668 659 bestiarum
2697 608 2991 666 imitantes.
3027 632 3044 664 ι
3085 611 3258 682 Super
3285 615 3521 668 triticum

1949 701 2006 746 et
2024 694 2203 747 vinum
2231 695 2588 750 ruminabaut.
2613 719 2630 750 ι
2661 698 2951 757 Ruminare
2972 713 3057 760 est
3079 720 3524 774 revomcre,quo-

1950 787 2110 840 modo
2144 787 2396 840 animalia
2423 789 2565 856 quod
2594 789 2681 844 die
2706 795 3014 855 comedunt.
3040 807 3196 851 nocte
3222 798 3290 851 ab
3319 797 3524 852 intimis

1893 911 1906 916 ς
1950 878 2248 931 visceribus
2276 879 2342 932 ad
2374 888 2560 948 guttur
2583 889 2637 934 et
2671 880 2854 936 fauces
2884 885 3061 940 redire
3092 887 3316 951 faciunt,
3338 887 3523 956 sicque

1949 968 2201 1022 subtilius
2232 969 2572 1034 ruminando,
2600 971 2652 1024 in
2680 981 2924 1027 ventrem
2955 976 3134 1030 redire
3188 977 3411 1032 faciunt.
3459 979 3525 1032 Et

1949 1069 2033 1112 est
2050 1073 2240 1113 sensus
2258 1077 2269 1110 τ
2287 1058 2422 1125 Quia
2436 1061 2762 1116 abundantia
2781 1065 3023 1119 omnium
3041 1082 3216 1122 rerum
3231 1071 3521 1134 habebant,

1950 1164 2068 1217 qua:
2103 1150 2154 1202 in
2185 1149 2308 1204 vino
2333 1158 2387 1204 et
2417 1151 2599 1205 tritico
2629 1155 3121 1222 comprehenditur,
3150 1159 3271 1213 ideo
3297 1175 3523 1214 corrue-

1949 1250 2076 1295 runt
2103 1245 2415 1299 recedentes
2445 1261 2475 1299 a
2509 1261 2618 1310 me,
2643 1248 2785 1315 quod
2812 1249 2974 1302 etiam
3005 1250 3252 1306 Ezechiel
3279 1254 3329 1306 in
3355 1254 3526 1309 Sodo-

1952 1332 2054 1387 mis
2076 1342 2129 1387 et
2150 1333 2466 1390 Gomorrhis
2489 1337 2692 1390 factum
2723 1353 2843 1392 esse
2867 1353 3278 1396 commemorat.
3308 1344 3525 1401 Intuen-

1950 1421 2076 1477 dum
2099 1434 2277 1478 autem
2298 1425 2423 1492 quia
2452 1433 2510 1479 ut
2531 1427 2840 1481 ostenderet
2865 1444 2957 1483 eos
2981 1430 3349 1500 jumentornm
3373 1436 3527 1488 simi-

1950 1513 2048 1578 les,
2081 1530 2184 1568 non
2207 1516 2344 1568 dixit
2381 1517 2771 1584 comedebant,
2802 1519 2894 1573 sed
2931 1538 2948 1570 ‹
2982 1523 3346 1578 ruminabant.
3397 1546 3414 1577 ι
3468 1525 3524 1580 In

1950 1603 2052 1657 hoc
2076 1603 2238 1656 etiam
2269 1605 2569 1658 ruminasse
2612 1606 2890 1672 dicuntur,
2917 1609 3042 1677 quia
3089 1611 3281 1678 pabula
3327 1613 3556 1668 divino-.

1950 1707 2069 1746 rum
2093 1693 2427 1761 eloquiorum
2451 1696 2802 1762 Spiritualiter
2829 1713 2932 1752 non
2962 1699 3349 1770 iutelligebant.
3375 1721 3392 1752 ι
3427 1703 3528 1758 Re-

1950 1791 2236 1836 cesserunt
2258 1799 2286 1835 a
2312 1799 2419 1849 me,
2450 1805 2467 1836 ι
2513 1784 2716 1840 enltum
2744 1787 3019 1858 religionis
3043 1806 3174 1844 mea:
3201 1793 3523 1860 spernendo,

272 1863 499 1932 captivi.
541 1883 558 1913 ε
589 1870 644 1915 ει
672 1877 793 1914 cum
840 1859 1060 1954 perfecti
1115 1858 1338 1954 fuerint.
1384 1860 1683 1954 expandam
1735 1865 1850 1912 rete
1882 1867 1924 1924 Β
1952 1882 2004 1928 et
2031 1876 2272 1929 servituti
2299 1877 2497 1932 diaboli
2541 1893 2599 1932 se
2639 1880 2935 1936 subdendo.
2991 1901 3010 1932 ‹
3066 1883 3129 1937 Et
3171 1858 3270 1954 ego
3319 1886 3525 1940 erudivi

275 1969 453 2006 meum
480 1968 642 2020 super
659 1967 774 2016 eos,
809 1972 826 2003 ι
863 1952 918 2006 id
941 1960 1047 2017 est,
1075 1961 1136 2005 ut
1167 1952 1404 2005 sentiant
1427 1952 1554 2020 quia
1576 1959 1846 2004 mutantes

273 2049 413 2112 loca,
441 2064 616 2102 meum
649 2063 751 2100 non
803 2056 1028 2116 possunt
1081 2048 1250 2100 vitare
1294 2054 1660 2116 conSpectum.
1712 2045 1845 2099 Cum

273 2141 499 2210 profecti
530 2140 727 2194 fuerint
759 2140 810 2192 in
833 2139 1231 2209 captivitatem,
1262 2147 1376 2191 rete
1426 2152 1602 2190 meum
1645 2152 1848 2205 expan-

270 2231 416 2291 dam,
440 2233 538 2284 hoc
551 2241 654 2294 est,
672 2231 960 2300 potentiam
987 2225 1161 2284 meam
1176 2244 1338 2298 super
1351 2243 1444 2283 eos
1459 2229 1760 2293 ostendam,
1782 2244 1848 2283 ne

273 2323 480 2392 possint
505 2322 672 2376 libere
705 2323 880 2375 redire
903 2321 968 2375 ad
994 2330 1192 2376 terram
1242 2322 1381 2376 sicut
1419 2329 1628 2390 putant,
1677 2319 1848 2374 donec

269 2413 383 2480 ipse
409 2413 589 2465 velim.
619 2431 636 2461 ι
663 2411 826 2478 Quasi
855 2411 1099 2468 volucres
1125 2412 1246 2467 οωιί
1281 2411 1565 2467 detraham
1591 2427 1703 2475 eos,
1744 2433 1761 2463 ι
1795 2412 1847 2465 id

269 2512 372 2566 est,
401 2504 678 2557 sicutavis
715 2503 784 2557 ab
814 2504 1099 2560 altitudine
1146 2503 1268 2558 caeli
1322 2504 1427 2557 reti
1471 2518 1634 2573 super
1681 2518 1850 2570 aquas

271 2609 516 2664 expanso
545 2596 867 2660 detrahitur,
894 2597 972 2651 sic
1001 2597 1070 2652 ab
1096 2595 1379 2650 altitudine
1429 2595 1694 2664 superbia:
1737 2609 1849 2648 sua:

267 2686 537 2754 deponam
593 2703 706 2742 eos.
738 2705 756 2738 ι
789 2687 1001 2742 Credam
1049 2703 1142 2742 eos
1182 2687 1475 2741 secundum
1518 2686 1847 2741 auditionem

267 2787 447 2830 caztus
470 2791 676 2830 eorum.
715 2796 734 2827 ι
765 2777 832 2831 Ει
865 2785 947 2831 est
976 2792 1200 2832 sensus:
1241 2777 1394 2831 Sicut
1413 2775 1603 2844 juncto
1623 2777 1849 2831 consilio

265 2883 462 2921 omnes
496 2867 634 2922 idola
683 2867 984 2930 coluerunt,
1016 2883 1135 2936 quae
1183 2867 1515 2922 fabricantes
1579 2866 1848 2921 consiliati

265 2968 396 3010 sunt
423 2973 614 3012 omnes
647 2967 708 3011 ut
731 2973 762 3010 a
792 2972 878 3011 me
906 2958 1240 3021 recederent,
1273 2957 1346 3010 ita
1373 2973 1458 3011 me
1495 2958 1634 3012 irato
1662 2974 1849 3012 omnes

267 3051 481 3118 pariter
506 3052 882 3115 vastabuntur,
907 3049 1035 3104 dum
1083 3049 1442 3104 communiter
1495 3039 1588 3102 eos
1631 3064 1849 3116 percus-

263 3159 394 3199 sero
425 3160 456 3197 a
494 3159 618 3215 rege
646 3158 816 3214 usque
843 3143 909 3198 ad
948 3143 1275 3198 mendicum.
1311 3133 1609 3196 Possumus
1637 3148 1694 3194 et
1734 3140 1848 3194 haec

1948 1981 2062 2030 eos,
2103 1986 2121 2016 ι
2156 1968 2206 2020 id
2235 1976 2338 2028 est.
2363 1969 2517 2022 docui
2539 1985 2632 2024 eos
2658 1986 2752 2039 per
2776 1971 3014 2042 Moysen,
3039 1982 3369 2044 czcterosque
3395 1975 3524 2044 lide-

1949 2056 2047 2111 les.
2081 2075 2098 2106 ‹
2131 2057 2196 2110 Ει
2221 2057 2517 2122 confortavi
2540 2060 2757 2115 brachia
2784 2077 2970 2116 eorum
2989 2104 3003 2128 ,
3030 2084 3047 2114 ι
3067 2064 3170 2120 hoc
3194 2074 3297 2129 est,
3323 2057 3538 2135 praibui-

1951 2149 2317 2205 fortitudinem
2348 2153 2412 2205 ad
2443 2152 2779 2218 bellandum,
2805 2156 2944 2210 sicut
2986 2155 3182 2212 factum
3211 2167 3293 2213 est
3323 2169 3527 2229 tempo-

1952 2239 2100 2292 ribus
2128 2237 2290 2293 Josuc
2329 2251 2383 2294 et
2421 2241 2870 2298 Machabzcorum.
2905 2265 2922 2296 ι
2961 2247 3026 2300 Ει
3054 2248 3106 2302 in
3138 2265 3223 2303 me
3254 2250 3526 2316 cogitave-

1951 2341 2076 2383 runt
2105 2331 2382 2395 malitiam,
2418 2353 2435 2384 ι
2469 2349 2643 2388 meam
2672 2336 2964 2403 potentiam
2997 2337 3064 2390 ad
3106 2338 3244 2403 idola
3298 2339 3528 2394 transfe-

1951 2430 2150 2486 rentes,
2181 2422 2528 2493 tliccntesque
2553 2441 2656 2478 non
2685 2442 2768 2480 me
2797 2442 2916 2480 esse
2943 2426 3149 2493 Deum,
3191 2429 3286 2483 sed
3335 2430 3528 2483 vitulos

1949 2527 2084 2580 quos
2111 2512 2208 2580 ipsi
2239 2513 2499 2568 fecerunt.
2539 2513 2787 2586 Nunquid
2833 2517 3034 2586 aliquid
3075 2519 3526 2594 possuntlfacere

1949 2610 2041 2656 aut
2069 2618 2262 2657 nocere
2292 2605 2457 2658 mihi?
2489 2605 2594 2659 Sed
2623 2607 2767 2675 quod
2796 2608 2971 2662 solum
3003 2625 3168 2679 agere
3212 2619 3523 2679 potuerunt,

1949 2705 2136 2750 contra
2170 2712 2255 2749 me
2283 2698 2656 2766 cogitaverunt
2680 2700 2842 2752 mala.

2025 2805 2042 2836 ε
2075 2786 2296 2840 Reversi
2327 2798 2450 2841 sunt
2488 2797 2542 2842 ιιι
2576 2789 2779 2858 absque
2797 2789 2929 2862 jugo
2955 2800 3154 2854 essent,
3201 2813 3218 2844 ι
3252 2793 3302 2846 id
3333 2803 3436 2858 est,
3470 2802 3526 2847 ut

1948 2876 2099 2946 prius
2129 2887 2415 2947 antequam
2443 2896 2696 2934 vocarent
2745 2898 2839 2936 eos
2878 2897 2973 2952 per
3011 2883 3305 2947 Abraham,
3333 2883 3526 2938 deinde

1949 2982 2046 3035 per
2074 2965 2290 3038 Moysen
2320 2977 2374 3021 et
2405 2969 2657 3038 reliquos,
2685 2973 2888 3040 absque
2908 2972 3036 3041 jugo
3068 2972 3302 3043 legisque
3337 2975 3524 3028 notitia

1950 3066 2126 3120 erant,
2155 3059 2366 3110 cunctis
2393 3061 2700 3114 nationibus
2728 3062 3236 3122 commiscebantur,
3270 3064 3344 3116 ita
3384 3080 3526 3116 nunc

1955 3147 2157 3201 reversi
2189 3157 2313 3200 sunt
2337 3149 2413 3200 ad
2438 3151 2668 3217 priorem
2693 3161 2894 3204 statum
2917 3192 2932 3216 ,
2959 3161 3016 3204 ut
3053 3153 3255 3220 absque
3297 3151 3426 3223 jugo
3471 3164 3525 3205 et

263 3234 433 3288 verba
458 3236 524 3288 ad
553 3243 760 3304 tempus
791 3233 1083 3288 Dominicae
1123 3230 1392 3301 passionis
1445 3227 1650 3284 referre
1669 3269 1684 3293 ,
1719 3229 1844 3298 quia
1874 3216 1919 3278 (ἶ
1954 3235 2044 3289 Dei
2075 3234 2240 3290 frenis
2269 3237 2410 3290 irent
2429 3216 2728 3306 przecipites
2756 3241 3026 3307 sequendo
3056 3216 3182 3293 suas
3203 3216 3522 3310 voluptates.

261 3326 412 3380 sicut
472 3325 741 3377 communi
798 3323 1024 3378 consilio
1079 3327 1452 3376 tractaverunt
1508 3320 1575 3374 de
1633 3320 1844 3374 Domini

263 3427 448 3472 morte
467 3457 480 3480 ,
504 3416 798 3471 clamantes
827 3417 895 3472 ad
921 3415 1180 3480 Pilatum,
1219 3434 1238 3466 ‹
1272 3412 1560 3482 Crucifige,
1593 3413 1848 3484 crucifige

259 3524 413 3572 eum,
437 3529 455 3560 ι
481 3509 560 3564 sic
591 3511 796 3578 pariter
815 3509 883 3563 ab
911 3509 1153 3564 hostibus
1174 3510 1229 3563 in
1252 3507 1842 3577 solemnitatepascbali

259 3600 640 3668 comprehensi
673 3610 817 3664 sunt,
840 3601 989 3665 caesi,
1017 3609 1070 3654 et
1097 3598 1392 3654 interfecti.

340 3712 364 3742 ε
405 3690 496 3746 Va:
517 3693 616 3756 eis,
659 3713 679 3746 ι
726 3694 778 3747 id
807 3701 908 3755 est,
947 3693 1222 3747 damnatio
1262 3701 1520 3762 perpetua
1564 3693 1672 3746 erit
1726 3700 1848 3762 post

260 3793 589 3854 praesentem
652 3785 1072 3841 tribulationem.
1104 3803 1122 3835 ι
1153 3785 1420 3852 Quoniam
1447 3793 1788 3840 recesserunt
1815 3799 1846 3838 a

262 3893 374 3940 nte,
425 3897 443 3928 ι
496 3877 634 3931 idola
686 3879 930 3942 colendo,
961 3897 978 3929 ι
1027 3877 1381 3931 vastabantur
1441 3895 1459 3928 ι
1491 3877 1558 3930 ab
1603 3876 1846 3930 hostibus

261 3969 498 4030 scilicet,
513 3977 567 4020 et
587 3969 768 4021 miseri
791 3978 972 4022 erunt.
1013 3987 1032 4021 ι
1064 3969 1200 4034 Quia
1236 3968 1576 4038 praevaricati
1619 3976 1744 4022 sunt
1792 3967 1846 4022 in

267 4073 388 4118 me,
426 4077 446 4106 ι
483 4057 772 4110 adorantes
800 4059 996 4112 vitulos
1017 4075 1227 4121 aureos,
1249 4071 1306 4113 et
1332 4075 1508 4113 meum
1520 4068 1846 4129 praeceptum

266 4149 754 4218 transgredientes,
778 4149 918 4216 quod
937 4149 1044 4203 dixi
1073 4168 1085 4202 :
1112 4151 1228 4205 Non
1268 4151 1477 4205 facietis
1523 4152 1676 4205 vobis
1718 4151 1847 4206 deos

262 4240 496 4294 alienos.
527 4259 544 4289 ι
576 4240 637 4292 Et
667 4255 764 4308 ego
788 4241 990 4293 redemi
1025 4255 1120 4294 eos
1151 4260 1170 4290 ι
1210 4241 1277 4296 de
1314 4241 1634 4311 .‘Egyptiaca
1681 4244 1848 4296 servi-

261 4340 403 4393 tute,
425 4339 476 4384 et
497 4330 653 4385 eduxi
676 4330 728 4384 in
746 4330 961 4384 excelso
987 4331 1238 4396 brachio;
1272 4351 1290 4382 ι
1335 4341 1391 4385 et
1413 4331 1510 4400 ipsi
1538 4332 1694 4387 locuti
1725 4344 1848 4389 sunt

261 4431 456 4477 contra
490 4437 574 4475 mc
615 4422 890 4475 mendacia
932 4441 949 4472 ι
990 4421 1251 4479 facientes
1291 4425 1427 4478 idola
1475 4433 1528 4479 et
1563 4426 1840 4480 dicentes:

267 4539 286 4569 ι
323 4516 417 4570 Isti
468 4523 594 4569 sunt
630 4515 701 4569 dii
729 4515 824 4578 tui,
861 4515 1054 4582 Israel,
1088 4518 1178 4587 qui
1206 4519 1509 4572 eduxerunt
1533 4526 1585 4573 te
1607 4519 1673 4572 de
1703 4528 1844 4574 terra

262 4611 507 4681 Egypti.
552 4630 570 4662 ι

343 4722 364 4754 ς
401 4703 464 4755 Et
482 4718 584 4755 non
603 4700 968 4754 clantaverunt
986 4700 1050 4754 ad
1069 4716 1153 4755 me
1175 4700 1227 4754 in
1249 4700 1413 4755 corde
1425 4717 1524 4754 suo
1544 4721 1562 4753 ι
1580 4717 1687 4771 quo
1703 4702 1842 4758 idola

263 4792 575 4863 diligebant.
615 4810 632 4840 ε
670 4790 774 4844 Sed
813 4790 1088 4846 ululabant
1113 4791 1164 4844 in
1189 4791 1454 4846 cubilibus
1475 4793 1607 4847 suis.
1636 4812 1654 4844 ι
1675 4791 1846 4848 Voces

263 4883 518 4951 luporum
547 4881 627 4935 vel
643 4897 834 4934 canum
865 4881 1137 4935 imitantes
1165 4882 1218 4935 in
1242 4882 1491 4936 laudibus
1519 4883 1841 4938 daemonum.

263 4975 388 5043 Ipsa
403 4973 545 5027 enim
562 4973 825 5037 carmina,
843 4988 963 5040 qua:
975 4973 1234 5026 daemonia
1263 4972 1542 5027 laudantes
1552 4974 1842 5038 canebant,

265 5067 530 5122 ululatum
554 5065 833 5136 Scriptura
859 5073 1153 5134 nuncupat.
1186 5066 1492 5119 Amiserant
1517 5067 1714 5135 quippe
1763 5084 1844 5120 ra-

267 5157 585 5213 tionabilem
612 5157 778 5210 animi
811 5155 1159 5218 intellectum,
1192 5165 1246 5208 et
1303 5155 1506 5209 similes
1554 5155 1678 5210 facti
1723 5167 1848 5212 sunt

266 5247 462 5303 bestiis
492 5247 798 5301 insensatis.
826 5246 899 5299 De
930 5247 1195 5299 barrcticis
1232 5246 1404 5299 facilis
1430 5254 1514 5300 est
1547 5247 1847 5313 intelligen—

269 5339 371 5400 tia,
402 5337 596 5404 quibus
624 5349 704 5388 vze
724 5335 964 5388 imminet
985 5336 1392 5402 sempiternum,
1409 5336 1659 5404 quoniam
1684 5350 1712 5388 a
1738 5335 1846 5392 Deo

269 5433 646 5490 recesserunt,
673 5434 726 5478 et
753 5425 1086 5494 praevaricati
1117 5433 1241 5477 sunt
1271 5425 1523 5478 mandata
1556 5423 1697 5478 illius
1715 5465 1728 5484 .
1755 5426 1845 5494 qui

271 5515 504 5570 redemit
531 5530 625 5568 eos
652 5515 908 5582 sanguine
931 5530 1046 5567 suo.
1077 5513 1180 5581 Ipsi
1209 5514 1356 5568 enim
1381 5513 1674 5581 loquuntur
1715 5530 1844 5567 cou-

269 5619 357 5662 tra
388 5607 553 5660 Deum
583 5606 876 5667 mendacia,
905 5606 1066 5674 impia
1105 5589 1356 5659 falsitatis
1404 5603 1653 5673 dogmata
1692 5619 1844 5658 com-

269 5706 556 5767 ponentes,
574 5710 676 5747 non
697 5695 932 5748 clamant
951 5695 1016 5746 ad
1041 5695 1324 5748 Dominum
1348 5695 1401 5747 in
1430 5695 1684 5747 cordibus
1709 5694 1841 5759 suis,

271 5791 371 5844 sed
411 5789 614 5842 ululant
643 5803 852 5856 semper
878 5787 927 5839 in
959 5787 1069 5840 suis
1097 5787 1490 5852 criticiliabulis,
1523 5802 1642 5857 quac
1672 5786 1840 5841 lustra

1872 4559 1922 4618 D

1955 3347 1973 3380 ι
2021 3326 2170 3381 Facti
2211 3329 2506 3397 suntquasi
2543 3345 2701 3384 arcus
2744 3329 2985 3395 dolosus,
3025 3350 3043 3382 ι
3082 3329 3131 3384 id
3171 3339 3273 3396 cst,
3305 3346 3522 3401 pravus.

1951 3420 2233 3475 reﬂectens
2263 3421 2314 3473 in
2345 3422 2619 3475 dominum
2663 3423 2932 3492 sagittam.
2951 3421 3054 3492 Ipsi
3082 3422 3279 3492 quippe
3306 3422 3471 3477 fortes
3495 3440 3522 3475 a

1950 3511 2060 3565 Deo
2089 3520 2143 3565 et
2163 3511 2367 3566 extensi
2393 3511 2520 3566 facti
2543 3513 2776 3578 fuerant,
2793 3522 2850 3567 ut
2871 3514 3209 3569 adversarios
3235 3515 3526 3584 hostesque

1949 3610 2316 3671 percuterent,
2340 3604 2432 3656 sed
2470 3619 2606 3672 quos
2630 3605 2771 3658 Deus
2791 3605 3104 3658 extenderat
3130 3615 3314 3660 contra
3345 3605 3525 3660 inimi-

1950 3709 2064 3756 cos,
2095 3693 2194 3762 ipsi
2224 3702 2409 3747 contra
2439 3708 2593 3747 suum
2623 3694 2763 3748 versi
2809 3703 2932 3748 sunt
2978 3695 3283 3761 Dominum,
3307 3697 3525 3751 mitten-

1952 3794 2032 3839 tes
2061 3787 2318 3838 adversus
2346 3798 2467 3837 eum
2497 3783 2843 3853 blasphemia:
2872 3784 3118 3854 sagittas.
3158 3805 3175 3836 ι
3216 3785 3425 3841 Cadent
3472 3787 3523 3840 in

1949 3876 2126 3948 gladio
2149 3875 2418 3945 principes
2446 3891 2630 3930 eorum
2661 3890 2690 3928 a
2721 3873 2902 3929 furore
2931 3876 3123 3944 linguae
3161 3891 3288 3930 suae.
3325 3896 3342 3926 ›
3371 3874 3525 3930 Sicut

1948 3974 2110 4034 caput
2131 3964 2349 4018 malitiae
2378 3964 2592 4018 fuerunt
2618 3965 2910 4034 principes,
2939 3965 3028 4032 qui
3054 3963 3321 4018 infelicem
3365 3982 3524 4035 popu-

1948 4057 2056 4109 lum
2095 4057 2438 4124 deceperuut,
2473 4056 2544 4108 ita
2581 4071 2723 4110 nunc
2748 4056 2845 4124 ipsi
2878 4071 3003 4110 vere
3031 4056 3262 4123 primum
3301 4056 3522 4109 confun-

1948 4149 2147 4201 dantur
2183 4155 2399 4216 propter
2423 4145 2661 4200 furorem
2707 4145 2898 4217 linguae
2954 4161 3096 4209 sum,
3140 4146 3229 4215 qui
3278 4157 3522 4202 amentes

1949 4238 2151 4303 effecti,
2183 4240 2298 4293 ausi
2329 4248 2454 4292 sunt
2481 4239 2676 4294 vitulos
2706 4255 2899 4294 aureos
2926 4254 3120 4293 vocare
3139 4239 3268 4294 deos
3289 4281 3303 4303 ,
3328 4250 3384 4292 ut
3419 4240 3519 4294 hoc

1950 4333 2191 4386 facerent
2219 4333 2269 4386 in
2309 4341 2450 4385 terra
2490 4331 2923 4401 repromissionis
2953 4331 3096 4400 quod
3126 4331 3423 4384 didicerant
3467 4332 3517 4383 in

1950 4425 2204 4495 Egypto.
2232 4423 2363 4478 Nam
2399 4423 2547 4477 furor
2579 4423 2776 4493 linguae
2806 4438 2992 4476 eorum
3013 4463 3028 4486 ,
3057 4422 3290 4475 amentia
3319 4431 3372 4475 et
3410 4421 3523 4474 bla-

1950 4516 2206 4585 splictnia:
2234 4514 2619 4583 intelliguntur.
2658 4533 2675 4563 ι
2707 4513 2812 4568 Ista
2854 4513 3205 4568 subsannatio
3240 4529 3425 4566 eorum
3469 4514 3520 4566 in

1950 4619 2092 4664 terra
2115 4607 2358 4679 .‘Egypti,
2406 4627 2424 4659 ι
2461 4607 2514 4661 id
2540 4613 2654 4670 est,
2685 4607 2786 4660 hoc
2812 4606 2953 4674 quod
2979 4607 3137 4659 modo
3160 4604 3365 4661 faciunt
3397 4607 3522 4660 sub-

1946 4699 2227 4756 sannando
2259 4713 2344 4751 me
2374 4707 2430 4753 et
2454 4696 2748 4751 deridendo
2787 4711 2884 4764 per
2932 4695 3192 4749 culturam
3234 4695 3521 4758 idolorum,

1946 4808 2053 4847 non
2081 4799 2162 4846 est
2192 4806 2327 4844 nova
2357 4804 2442 4844 res
2462 4829 2477 4852 ,
2500 4789 2624 4856 quia
2652 4790 2792 4857 quod
2819 4787 3066 4843 fecerunt
3103 4788 3157 4841 in
3193 4786 3443 4859 Egypto,
3471 4798 3525 4842 et

1948 4895 2132 4955 postea
2161 4883 2212 4936 in
2247 4883 2486 4944 deserto,
2505 4881 2606 4936 hoc
2635 4882 2797 4936 etiam
2823 4897 2967 4936 nunc
2993 4888 3197 4934 tenent.
3220 4879 3296 4933 lbi
3327 4881 3523 4950 quippe

1947 4985 2230 5043 cmperunt
2250 4972 2386 5026 idola
2415 4973 2612 5036 colere,
2638 4982 2691 5027 et
2717 4987 2888 5042 usque
2917 4988 3060 5026 nunc
3098 4972 3149 5025 in
3181 4973 3368 5025 eadem
3407 4986 3524 5039 per-

1949 5075 2201 5118 severant
2238 5065 2458 5117 tnalitia.
2493 5063 2858 5133 Spiritualiter
2888 5079 3014 5118 vero
3055 5079 3150 5132 per
3191 5064 3424 5116 triticum
3469 5071 3524 5115 et

1948 5155 2131 5208 vinum
2187 5170 2472 5222 possumus
2518 5155 2820 5225 intelligere
2874 5155 3128 5225 mysteria
3175 5153 3415 5222 corporis
3470 5162 3523 5206 ct

1949 5245 2228 5314 sanguinis
2277 5245 2498 5309 Christi,
2536 5245 2648 5300 sive
2691 5246 2851 5300 etiam
2903 5245 3236 5316 Scripturam
3288 5260 3519 5308 sacram,

1947 5351 2067 5404 qum
2099 5335 2152 5388 in
2203 5334 2334 5389 locis
2371 5336 2776 5390 obscurioribus
2819 5337 3028 5399 cibum,
3086 5336 3137 5388 in
3192 5334 3521 5390 facilioribUs

1954 5433 2128 5477 autem
2154 5436 2334 5492 potum
2359 5427 2512 5479 nobis
2541 5435 2781 5495 praestat.
2815 5426 2989 5496 Super
3017 5427 3119 5480 hoc
3165 5426 3398 5480 triticum
3439 5427 3522 5480 vel

1953 5516 2133 5568 vimuu
2159 5517 2395 5570 haeretici
2426 5528 2706 5582 corruunt,
2739 5518 2955 5588 indigne
2995 5533 3189 5588 corpus
3223 5527 3278 5571 et
3303 5520 3519 5588 sangui-

1955 5622 2073 5661 nem
2103 5608 2310 5663 Domini
2341 5619 2630 5674 sumentes,
2661 5619 2714 5663 ct
2745 5610 3079 5678 Scripturam
3113 5610 3347 5663 divinam
3395 5625 3520 5677 per-

1952 5714 2108 5753 verso
2139 5701 2408 5756 intellectu
2434 5703 2867 5772 interpretantes.
2907 5701 3167 5770 chentcs
3207 5704 3347 5757 enim
3391 5703 3522 5755 assi-

1953 5789 2072 5853 due,
2098 5801 2151 5845 et
2180 5793 2496 5848 meditantes
2527 5794 2694 5864 legem
2733 5776 3060 5862 cavlonisqth
3089 5793 3416 5862 Scripturas,
3439 5809 3524 5846 co-
