4022 6450
477 437 552 493 59
941 430 1292 488 IIAYMONIS
1326 426 1802 485 HALBERSTAT.
1844 424 2057 481 EPISC.
2096 422 2246 480 OPP.
2287 425 2466 480 PARS
2502 424 2543 480 I.
2580 456 2650 465 —
2682 422 3032 481 COMMENT.
3072 420 3238 477 BIBL.
3651 416 3729 472 69

482 549 699 604 medere
722 547 994 612 simulant,
1019 549 1161 616 quod
1191 547 1327 602 male
1359 547 1703 619 intelligendo
1744 545 2040 599 ruminaut.
2069 546 2119 603 Α
2147 541 2422 612 telligitur,
2450 542 2516 596 de
2543 556 2649 609 quo
2692 541 2949 610 scriptum
2991 547 3076 593 est
3102 557 3113 591 :
3144 554 3167 587 r
3199 536 3364 589 Nemo
3394 533 3565 588 bonus
3616 530 3727 585 nisi

482 638 548 692 Et
573 639 677 693 hoc
705 637 960 693 facientes
989 639 1244 692 recedunt
1273 654 1303 690 a
1328 638 1571 704 Domino,
1604 638 1695 707 qui
1736 638 1917 693 docuit
1953 651 2048 691 eos

479 728 536 782 In
564 728 822 791 Ecclesia,
853 735 910 781 et
937 727 1085 781 dedit
1106 728 1186 782 eis
1207 728 1596 791 fortitudinem,
1612 743 1714 796 qua
1740 736 1926 783 contra
1949 728 2048 781 ad-

483 820 749 875 versarios
763 818 1100 874 dimicarent.
1129 819 1233 888 Ipsi
1260 834 1389 873 vero
1415 821 1648 889 cogitant
1672 829 1858 875 contra
1880 820 2047 874 Deum

483 909 764 973 malitiam,
792 907 1142 976 impiissimas
1162 908 1395 963 haereses
1415 917 1776 974 exstruentes,
1807 908 2050 978 ﬁuntque

481 997 685 1051 similes
709 998 980 1067 gentibus,
1007 1004 1061 1051 et
1086 997 1151 1051 ad
1175 997 1403 1051 nihilum
1433 998 1765 1068 rediguntur.
1808 997 1875 1052 Et
1917 998 2050 1052 tales

482 1096 766 1143 vertuntur
799 1089 854 1141 in
899 1102 1085 1142 arcum
1118 1087 1393 1152 dolosum,
1439 1087 1564 1141 dum
1613 1087 1725 1142 suis
1772 1087 2051 1143 sententiis

482 1187 710 1234 mortem
735 1180 837 1234 sibi
862 1187 1120 1234 aeternam
1149 1178 1406 1234 inferunt.
1437 1180 1590 1235 Unde
1625 1181 1896 1249 principes
1944 1181 2053 1235 ha:-

481 1270 774 1325 reticorum
801 1278 1019 1339 propter
1041 1270 1304 1325 insaniam
1337 1270 1529 1339 lingua:
1552 1285 1681 1333 suae,
1710 1269 1835 1339 quia
1864 1270 2046 1324 Domi-

404 1382 409 1387 ’
482 1377 611 1416 num
636 1361 1040 1431 blasphemant,
1067 1365 1330 1415 sententia
1367 1361 1476 1416 veri
1520 1359 1717 1430 iudicis
1764 1358 2048 1422 feriuntur,

483 1452 745 1507 facientes
769 1452 959 1507 eadem
988 1451 1042 1506 in
1074 1450 1195 1505 falsi
1223 1451 1458 1505 nominis
1482 1450 1721 1515 Ecclesia
1744 1491 1759 1514 ,
1782 1464 1900 1518 quae
1928 1459 2054 1505 ante

483 1542 755 1599 faciebant
778 1544 904 1598 dum
934 1543 989 1596 in
1015 1543 1265 1612 Egypto,
1294 1543 1395 1597 hoc
1419 1550 1500 1596 est
1518 1582 1532 1607 ,
1562 1542 1615 1596 in
1660 1540 1894 1597 tenebris
1933 1556 2052 1597 uto-

486 1636 745 1691 rahantur
780 1634 1108 1689 infidelitatis
1130 1643 1184 1687 et
1209 1633 1543 1703 ignorantiae.

1061 1786 1287 1843 CAPUT
1327 1786 1458 1841 VIII.

2151 631 2296 685 solus
2321 631 2480 685 Deus.
2514 650 2531 682 ι
2559 628 2793 698 Proiecit
2812 630 2994 696 itaque
3023 624 3187 680 Israel
3219 625 3438 686 bonum,
3480 620 3584 673 hoc
3610 628 3723 682 est,

2150 722 2316 775 Deum
2358 736 2514 775 suum
2559 719 2797 789 reliquit,
2840 726 2895 773 et
2937 733 3037 786 pro
3073 714 3240 770 nihilo
3262 713 3453 767 duxit:
3488 711 3730 779 ideoque

2149 829 2269 867 cum
2299 812 2629 876 clamaverit,
2661 826 2764 865 non
2793 809 3074 865 exaudiam
3119 820 3241 861 eum
3267 810 3486 873 propter
3522 800 3726 854 falsum

2148 916 2342 957 nomen
2375 900 2556 965 Israel,
2586 901 2678 955 sed
2720 900 2971 954 inimicus
3013 898 3140 968 (hoc
3163 902 3264 958 est,
3304 890 3575 960 Assyrius,
3604 890 3727 943 sive

2149 995 2312 1049 etiam
2336 992 2598 1062 diabolus)
2622 1000 2979 1062 persequetur
3005 1004 3151 1059 eum,
3187 997 3240 1039 et
3272 981 3725 1051 comprehendet,

2150 1086 2261 1155 qui,
2291 1099 2376 1138 me
2419 1099 2541 1153 rege
2585 1081 2861 1145 derelicto,
2890 1079 3163 1149 petierunt
3188 1074 3290 1130 sibi
3332 1087 3536 1139 regem,
3579 1070 3729 1124 sicut

2151 1177 2351 1230 habent
2374 1174 2591 1245 reliqua:
2613 1182 2817 1243 gentes.
2851 1169 3004 1227 Unde
3024 1168 3205 1225 statim
3227 1163 3499 1233 subiungit
3521 1179 3537 1217 :

2227 1284 2246 1317 ι
2276 1267 2376 1336 Ipsi
2402 1275 2777 1336 regnaverunt,
2800 1274 2856 1320 et
2878 1278 2983 1318 non
3015 1277 3080 1317 ex
3113 1275 3197 1314 me
3220 1274 3235 1313 :
3257 1257 3528 1328 principes
3551 1253 3726 1308 exsti-

2153 1366 2351 1420 terunt,
2384 1367 2438 1412 et
2462 1373 2569 1412 non
2608 1356 2855 1427 cognovi.
2893 1375 2911 1407 ι
2950 1354 3007 1409 Si
3048 1354 3151 1408 hoc
3178 1349 3245 1404 ad
3271 1348 3502 1418 primum
3535 1359 3721 1413 regem

2152 1465 2336 1502 eorum
2368 1447 2497 1502 Saul
2538 1447 2742 1503 referre
2767 1446 3119 1509 voluerimus,
3161 1439 3384 1512 quaestio
3412 1437 3587 1492 oritur
3622 1450 3727 1489 cur

2153 1538 2407 1591 Dominus
2431 1537 2605 1590 dicat:
2623 1536 2725 1607 Ipsi
2754 1540 3130 1605 regnaverunt,
3154 1539 3336 1585 etnon
3359 1541 3423 1580 ex
3454 1540 3564 1589 me,
3585 1533 3721 1586 etc.,

2153 1644 2273 1683 cum
2315 1627 2576 1682 Dominus
2603 1628 2825 1695 elegerit
2866 1640 3010 1689 eum,
3059 1634 3114 1677 et
3160 1635 3258 1692 per
3297 1626 3496 1673 sortem
3537 1629 3721 1683 regem

2155 1720 2514 1776 constituerit.
2539 1719 2673 1773 Nam
2694 1727 2748 1773 et
2769 1716 2984 1772 Samuel
3014 1730 3078 1770 eo
3097 1729 3218 1783 rege
3235 1709 3527 1766 constituto
3549 1707 3717 1760 dixit:

2154 1812 2316 1868 Certe
2340 1810 2530 1865 videtis
2553 1823 2709 1878 quem
2733 1806 2892 1877 elegit
2919 1804 3193 1859 Dominus.
3221 1799 3372 1856 Unde
3396 1804 3453 1851 et
3476 1797 3527 1850 in
3559 1796 3724 1849 domo

562 1945 580 1976 ι
609 1924 665 1978 In
689 1932 903 1995 gutture
923 1931 1013 1976 tuo
1039 1922 1110 1975 sit
1133 1923 1278 1977 tuba.
1312 1940 1331 1973 ι
1362 1920 1478 1975 Vox
1507 1920 1598 1975 Dei
1622 1921 1792 1975 estad
1814 1921 2047 1991 prophe-
2077 1900 2124 1960 Β
2153 1902 2525 1957 absconditum
2567 1899 2823 1970 Ρτοάίάίῐν
2866 1904 2921 1950 εί
2950 1892 3244 1995 ἷυτξευῖίξηὶ
3275 1887 3546 1995 ξδπηιθιξε
3579 1892 3723 1995 :me

488 2023 620 2078 tam,
655 2016 739 2069 cui
766 2013 1076 2082 przecipitur
1103 2023 1161 2067 ut
1194 2014 1273 2068 sic
1300 2012 1499 2067 exaltet
1530 2027 1738 2076 vocem,
1786 2020 2054 2080 quatenus

486 2108 625 2161 tuba:
656 2107 725 2161 sit
756 2106 971 2169 similis,
1002 2112 1061 2159 ut
1092 2106 1306 2175 plurimi
1344 2120 1464 2159 eum
1496 2105 1714 2159 audiant
1753 2103 2053 2158 vociferan-

486 2208 614 2265 tem,
659 2200 783 2269 quia
821 2197 1038 2268 plurimi
1084 2206 1460 2266 peccaverunt.
1493 2197 1734 2266 Denique
1775 2194 1904 2265 quid
1928 2212 2050 2250 eum

485 2294 717 2351 exaltata
743 2307 874 2346 voce
902 2284 1381 2360 oporteat'dicere,
1415 2290 1594 2344 statim
1638 2286 1928 2359 subiungit,
1973 2289 2055 2342 di-

484 2402 612 2441 cens
646 2402 659 2438 :
697 2404 713 2431 ι
748 2382 910 2450 Quasi
942 2381 1120 2451 aquila
1163 2397 1326 2451 super
1352 2381 1569 2435 domum
1612 2380 1843 2433 Domini.
1888 2399 1905 2430 ι
1938 2379 2054 2445 Quo

487 2479 686 2534 inloco
725 2476 904 2547 aquila
936 2475 1236 2545 appellatur
1274 2473 1787 2536 Nabdchodonosor,
1834 2472 2054 2527 veniens

484 2570 743 2623 adversus
781 2565 1113 2620 Hierusalem
1156 2573 1211 2619 et
1242 2564 1336 2617 Dei
1366 2561 1654 2632 templum,
1701 2562 1844 2630 quod
1891 2562 1947 2615 in
1990 2577 2055 2616 ea

483 2665 606 2713 erat
634 2657 814 2711 situm.
844 2654 946 2722 Qui
974 2653 1165 2723 aquila:
1191 2661 1533 2721 comparatur
1571 2660 1792 2721 propter
1831 2651 2052 2705 nimiam

484 2748 822 2803 velocitatem
850 2744 934 2800 vel
973 2744 1341 2812 rapacitatem,
1380 2742 1505 2812 quia
1532 2740 1770 2796 imitatus
1795 2748 1877 2805 est
1915 2740 2056 2794 vola-

487 2850 602 2892 tum
656 2837 848 2906 aquila:
897 2835 1091 2903 raptim
1139 2832 1445 2889 festinantis
1489 2833 1556 2887 ad
1595 2832 1853 2901 praedam.
1904 2830 2057 2885 Unde

486 2927 734 2983 Ezechiel
762 2923 1067 2997 parabolice
1109 2926 1174 2979 de
1203 2939 1268 2980 eo
1311 2922 1545 2992 loquitur
1575 2921 1802 2990 :Aquila
1839 2921 2055 2992 grandis

490 3032 802 3087 magnarum
840 3015 1077 3079 alartnn,
1116 3014 1272 3084 longo
1316 3012 1675 3067 membrorum
1719 3010 1877 3064 ductu
1909 3008 2057 3064 venit

488 3111 554 3165 ad
585 3110 868 3164 Libanum.
900 3106 1079 3176 Ipsum
1110 3106 1306 3175 quippe
1329 3104 1423 3159 Dei
1452 3101 1723 3172 templum,
1758 3116 1919 3169 super
1947 3116 2056 3170 quo

485 3203 758 3272 prophetae
794 3198 1104 3271 praecipitur
1141 3196 1463 3251 annuntiare
1500 3196 1786 3248 adventum
1835 3193 2050 3262 aquilae,

484 3290 735 3346 Ezechiel
759 3289 991 3360 appellat
1011 3287 1292 3342 Libanum.
1321 3286 1475 3343 Unde
1493 3294 1545 3339 et
1565 3284 1859 3338 Zacharias
1888 3284 2053 3351 loqui-

487 3391 593 3444 tur,
639 3380 863 3433 dicens:
896 3397 917 3429 ι
950 3375 1135 3446 Aperi,
1169 3375 1393 3439 Libane,
1419 3383 1604 3444 portas
1636 3380 1769 3433 tuas,
1807 3380 1862 3426 et
1908 3388 2054 3425 rom-

485 3468 761 3537 edatiguis
785 3466 977 3521 eedros
999 3472 1138 3519 tuos.
1164 3484 1181 3515 ι
1206 3463 1417 3516 «Ρωεο
1436 3461 1577 3530 quod
1597 3461 1915 3529 transgressi
1931 3471 2057 3514 sunt

486 3557 663 3611 foedus
693 3570 892 3619 meum,
917 3562 974 3609 et
997 3554 1170 3624 legem
1195 3566 1366 3606 meam
1398 3550 1732 3620 praevaricati
1768 3556 1909 3603 sunt.
1943 3570 1960 3600 ι
1994 3550 2057 3604 Et

488 3648 576 3702 hic
625 3661 810 3701 versus
856 3645 922 3699 ad
964 3642 1242 3713 superiora
1291 3642 1553 3712 pertinet,
1605 3655 1711 3708 quo
1751 3640 2057 3709 pracipitur

485 3738 762 3807 prophetae
783 3742 844 3789 dt
867 3734 1081 3789 excelsa
1106 3747 1235 3789 voce
1280 3732 1494 3796 clamet,
1526 3732 1649 3800 quia
1680 3730 1857 3799 aquila
1893 3744 2055 3798 super

486 3828 703 3881 domum
732 3825 846 3881 Dei.
879 3823 946 3879 Et
980 3832 1064 3878 est
1102 3839 1321 3879 sensus:
1350 3822 1500 3889 Quod
1551 3822 1644 3875 tibi
1689 3822 1826 3884 dico,
1862 3838 1895 3875 o
1924 3836 2052 3890 pro-

485 3919 670 3987 pheta,
697 3925 858 3986 atque
896 3914 1147 3985 praecipio
1172 3922 1229 3967 ut
1252 3914 1303 3967 in
1332 3922 1549 3984 gutture
1587 3921 1677 3965 tuo
1718 3913 1788 3966 sit
1823 3912 1972 3975 tuba,
2005 3910 2057 3965 id

485 4018 568 4065 est
620 4025 812 4080 magna
834 4024 965 4063 voce
1008 4007 1295 4062 annuutics
1342 4006 1525 4061 venire
1572 4019 1748 4074 regem
1780 4002 2058 4059 Chaldteo-

486 4116 626 4165 rum,
668 4116 773 4155 non
816 4100 885 4155 ob
920 4099 1077 4153 aliam
1116 4114 1337 4153 causam
1381 4097 1482 4152 hoc
1526 4094 1722 4165 jubeo,
1771 4095 1872 4150 nisi
1916 4095 2057 4165 quod

485 4192 805 4262 transgressi
830 4200 953 4244 sunt
976 4188 1148 4244 fmdus
1170 4204 1346 4242 meum
1363 4186 1604 4242 faciendo
1625 4186 1785 4250 idola,
1811 4192 1864 4240 et
1888 4185 2058 4256 legem

487 4299 663 4339 meam
710 4281 1047 4351 praevaricati
1088 4287 1243 4343 sunt,
1286 4294 1389 4348 qua
1435 4279 1587 4333 dixi:
1634 4297 1651 4328 ι
1689 4277 1803 4331 Non
1849 4275 2058 4332 facietis

487 4375 642 4429 vobis
669 4374 798 4429 deos
823 4388 1017 4427 aureos
1039 4372 1124 4427 vel
1152 4382 1453 4443 argenteos.
1492 4391 1510 4422 ι

538 4483 557 4514 ι
589 4463 669 4518 Με
688 4462 1032 4527 invocabunt,
1050 4460 1190 4516 Deus
1203 4476 1372 4526 meus,
1390 4460 1737 4530 cognovimus
1754 4468 1821 4522 te,
1837 4446 2021 4515 Israel:
2037 4478 2056 4512 ι

487 4552 751 4620 Quando,
795 4552 988 4621 inquit,
1052 4549 1337 4621 captivitas
1394 4549 1669 4612 evenerit,
1723 4548 1891 4618 pressi
1963 4564 2057 4602 an-

486 4646 682 4716 gustia,
713 4641 1035 4698 necessitate
1059 4648 1282 4709 cogente
1302 4639 1626 4694 invocabant
1649 4653 1754 4702 me,
1778 4647 2058 4708 poscentes

488 4734 742 4790 auxilium
769 4742 825 4787 et
847 4729 1297 4792 misericordiam,
1319 4736 1373 4782 et
1401 4727 1610 4782 dicent:
1645 4747 1661 4777 ι
1698 4726 2059 4797 Cognovimus

490 4838 570 4890 te,
613 4824 796 4887 Israel,
845 4842 863 4874 ι
901 4823 955 4876 id
994 4829 1079 4876 est
1119 4836 1216 4874 nos
1263 4819 1353 4889 qui
1398 4818 1728 4888 appellamur
1763 4817 1961 4882 Israel,
2002 4824 2060 4872 et

488 4932 768 4973 servamus
790 4929 983 4969 nomen
1025 4913 1301 4982 antiquum
1344 4910 1527 4973 Jacob,
1570 4910 1661 4978 qui
1696 4911 1787 4963 tibi
1836 4910 2056 4978 placuit,

487 5010 687 5064 scimus
714 5014 763 5061 te
786 5015 945 5075 atque
964 5002 1357 5073 cognoscimus,
1383 5010 1437 5055 et
1462 5010 1676 5070 propter
1696 5001 1768 5052 tui
1791 5000 2056 5069 cognitio-

490 5120 611 5159 nem
647 5117 808 5172 quam
853 5116 961 5170 prae
1008 5099 1257 5154 omnibus
1296 5096 1543 5167 gentibus
1574 5097 1853 5156 habemus,
1887 5093 2057 5147 libera

486 5213 603 5252 1108.

566 5311 581 5342 ι
622 5286 856 5357 Proiecit
895 5284 1061 5342 Israel
1112 5286 1309 5339 bonum
1338 5323 1354 5347 ,
1406 5280 1652 5334 inimicus
1702 5285 2055 5347 persequetur

484 5398 630 5438 eum.
664 5400 682 5432 ι
715 5377 1009 5448 Ilespousio
1034 5380 1117 5430 est
1140 5375 1234 5429 Dei
1262 5369 1646 5440 omnipotentis
1667 5368 1730 5420 ad
1755 5368 1876 5429 hoc,
1907 5366 2051 5435 quod

486 5474 586 5543 ipsi
611 5472 893 5527 dixerant}
924 5489 940 5519 ι
972 5468 1329 5536 Cognovimus
1356 5474 1428 5525 te,
1454 5461 1635 5516 Israel.
1670 5481 1686 5510 ι
1721 5459 1786 5512 Et
1812 5467 1896 5513 est
1925 5474 2049 5513 sen-

484 5582 610 5619 sus:
636 5559 912 5628 Quomodo
934 5556 1195 5611 vocamini
1228 5554 1442 5607 nomine
1462 5550 1645 5610 Israel,
1672 5549 1759 5617 qui
1782 5548 2051 5618 interpre-

482 5664 628 5707 tatur
656 5651 737 5704 vir
783 5650 969 5703 videns
992 5648 1179 5711 Deum,
1205 5658 1324 5699 cum
1350 5639 1682 5711 proieceritis
1707 5638 1926 5701 bonum,
1952 5637 2052 5691 hoc

483 5754 588 5808 est,
633 5742 913 5798 Dominum
960 5741 1157 5802 Deum,
1206 5752 1234 5790 a
1279 5750 1385 5803 quo
1416 5731 1582 5788 Jacob
1621 5729 1919 5800 appellatus
1968 5734 2050 5784 est

487 5836 685 5891 Israel?
708 5833 913 5888 Bonum
936 5830 1076 5887 enim
1103 5827 1241 5896 quod
1268 5825 1566 5893 projecerat
1594 5821 1779 5874 Israel.
1801 5822 1939 5874 Deus
1965 5819 2046 5872 iu—

2152 1992 2268 2062 ejus
2297 1992 2585 2045 adventum
2632 1987 2906 2043 revelavit.
2954 1984 3060 2040 Sed
3104 1981 3382 2036 sciendum
3419 1977 3546 2046 quia
3579 1974 3725 2028 Deos

2152 2086 2493 2155 omnipotens
2516 2080 2803 2150 aliquando
2828 2078 2947 2133 fleri
2983 2074 3247 2146 permittit
3273 2069 3415 2139 quod
3445 2082 3553 2122 non
3584 2065 3721 2127 vult,

2153 2181 2292 2234 sicut
2336 2178 2402 2232 de
2449 2176 2618 2245 ipsius
2663 2173 2924 2228 electione
2952 2169 3166 2243 factum
3205 2162 3446 2233 profecto
3484 2166 3719 2214 constat.

2152 2267 2299 2323 Vidit
2319 2266 2514 2337 quippe
2533 2278 2703 2334 prona
2718 2260 2933 2316 illorum
2956 2258 3118 2313 corda
3139 2254 3204 2309 ad
3223 2252 3538 2308 electionem
3555 2247 3720 2314 regis,

2152 2369 2208 2416 et
2234 2359 2354 2414 ideo
2369 2355 2619 2427 permisit
2635 2352 2750 2408 fieri
2772 2349 3064 2406 secundum
3081 2344 3222 2415 quod
3249 2341 3520 2412 petebant,
3531 2345 3725 2427 contra

2152 2463 2305 2504 suam
2330 2425 2683 2501 voluntatem.
2724 2440 2879 2508 Quod
2903 2454 2967 2494 ex
2996 2435 3233 2490 tonitruo
3255 2438 3309 2485 et
3348 2425 3724 2483 coruscatione

2154 2538 2295 2593 facta
2339 2546 2583 2606 tempore
2620 2533 2810 2588 aestivo
2854 2536 3041 2585 contra
3088 2517 3529 2606 consuetudinem
3580 2514 3725 2606 illius

2153 2635 2347 2693 teme,
2392 2604 2577 2696 aperte
2616 2627 2968 2677 monstratur.
3007 2615 3160 2673 Unde
3196 2623 3251 2666 et
3292 2605 3512 2664 Samuel
3544 2604 3725 2696 sciens

2153 2718 2254 2773 hoc
2284 2693 2450 2772 Deum
2485 2714 2645 2777 nolle,
2676 2711 2927 2781 praadixit
2949 2709 3031 2764 eis
3067 2704 3158 2773 jus
3204 2700 3376 2772 regis,
3420 2693 3721 2766 quiduris-

2154 2811 2292 2866 sima
2321 2809 2583 2863 servitute
2608 2809 2765 2857 erant
2791 2802 2841 2857 ei
2874 2796 3219 2869 subiiciendi,
3240 2802 3306 2848 ut
3343 2792 3412 2844 ad
3436 2788 3725 2843 Dominum

2155 2914 2335 2970 regem
2360 2895 2836 2953 clementissimum
2873 2895 3295 2945 reverterentur.
3336 2882 3393 2936 Si
3424 2886 3607 2934 autem
3656 2875 3727 2970 ad

2152 2965 2456 3050 Jeroboam,
2501 2984 2590 3054 qui
2636 2992 2820 3054 postea
2846 2982 3031 3036 decem
3056 2975 3303 3031 tribubus
3320 2969 3557 3041 prmfuit,
3576 2976 3633 3022 et
3655 2965 3726 3019 ad

2153 3088 2378 3134 caeteros
2401 3076 2673 3147 principes
2698 3072 2790 3141 qui
2820 3071 2872 3126 ei
2904 3070 2955 3124 in
2994 3082 3164 3138 regno
3191 3067 3589 3120 successerunt,

2155 3168 2519 3227 retulerimus,
2544 3161 2834 3218 manifeste
2861 3157 3237 3229 cognoscimus
3269 3154 3371 3207 hoc
3392 3157 3579 3205 contra
3623 3146 3721 3200 Dei

2078 3257 2123 3317 C
2153 3256 2547 3312 ordinationem
2590 3253 2809 3307 factum.
2834 3250 2987 3305 Licet
3013 3247 3156 3301 enim
3184 3244 3325 3298 Deus
3354 3246 3567 3311 propter
3592 3251 3723 3306 pec-

2155 3357 2335 3404 catum
2376 3345 2682 3401 Salomonis
2719 3344 2890 3397 iratus
2928 3354 3152 3410 regnum
3192 3337 3429 3392 dividere
3459 3329 3727 3392 voluerit,

2155 3448 2333 3495 tamen
2391 3445 2578 3492 contra
2625 3450 2777 3490 suam
2810 3434 3137 3489 voluntatem
3175 3428 3400 3499 populus
3434 3422 3596 3479 Israel
3632 3419 3731 3475 Je-

2157 3530 2375 3584 roboatn
2400 3527 2581 3597 elegit.
2614 3526 2885 3581 Debuerat
2905 3524 3048 3579 enim
3071 3521 3222 3591 iuxta
3258 3525 3584 3591 praeceptum
3605 3528 3730 3568 con-

2157 3619 2331 3674 sulere
2370 3618 2560 3682 Deum,
2598 3631 2667 3670 an
2700 3614 2861 3670 vellet
2884 3616 2989 3669 hoc
3026 3612 3176 3677 fieri,
3203 3618 3261 3665 et
3285 3609 3364 3665 sic
3399 3621 3498 3676 per
3523 3611 3727 3658 sortem

2156 3717 2356 3786 eligere
2400 3728 2617 3783 regem,
2666 3727 2774 3767 non
2837 3709 3133 3765 secundum
3177 3719 3330 3760 suam
3377 3701 3723 3757 voluntatem.

2156 3806 2288 3862 Nam
2313 3813 2369 3859 et
2389 3818 2531 3875 saepe
2570 3803 2706 3857 fiunt
2735 3799 3051 3857 necessariae
3073 3812 3269 3861 causae,
3302 3809 3423 3863 qua:
3463 3788 3730 3860 praeteriri

2156 3906 2451 3968 nequeunt,
2478 3894 2573 3949 sed
2606 3892 2781 3949 tamen
2803 3891 2931 3961 quia
2960 3888 3205 3944 homines
3229 3900 3334 3939 non
3363 3883 3456 3937 Dei
3487 3881 3731 3935 volunta-

2158 3998 2288 4054 tem,
2319 3989 2414 4044 sed
2437 4002 2589 4043 suam
2616 3986 2675 4040 in
2694 3985 2778 4040 bis
2799 3982 3101 4045 attendunt,
3131 3978 3370 4050 graviter
3389 3974 3728 4044 delinquunt,

2164 4085 2324 4149 sicut,
2337 4082 2488 4137 verbi
2502 4080 2693 4151 gratia,
2711 4079 2777 4134 de
2801 4077 3025 4132 Domino
3046 4073 3325 4129 Salvatore
3351 4069 3567 4131 dicitur,
3586 4065 3728 4136 quod

2156 4181 2399 4245 oporteat
2420 4171 2554 4226 tradi
2569 4169 2759 4224 Filium
2782 4166 3035 4227 hominis,
3049 4163 3278 4228 mori,et
3299 4158 3534 4230 sepeliri,
3558 4166 3612 4212 et
3629 4172 3732 4212 ca:-

2160 4276 2299 4328 tera,
2322 4278 2385 4317 ac
2405 4268 2590 4333 postea
2604 4259 2864 4313 infertur:
2885 4255 2980 4310 Va:
3005 4254 3082 4308 illi
3104 4250 3417 4319 bomiuiper
3435 4262 3595 4317 quem
3620 4254 3730 4299 tra-

2159 4354 2365 4409 dendus
2387 4353 2477 4407 sit.
2502 4350 2685 4420 Neque
2709 4348 2852 4404 enim
2880 4346 2934 4400 in
2966 4344 3081 4413 ejus
3110 4351 3281 4398 morte
3304 4348 3541 4394 nostram
3560 4336 3731 4392 Iudas

2159 4443 2563 4505 necessitatem,
2602 4447 2694 4493 aut
2722 4437 2815 4493 Dei
2846 4432 3207 4491 consideravit
3239 4430 3565 4485 voluntatem
3588 4464 3605 4489 ,
3633 4426 3731 4480 sed

2159 4534 2337 4602 potius
2370 4545 2522 4586 suam
2545 4537 2762 4585 secutus
2788 4536 2874 4582 est
2907 4525 3277 4596 cupiditatem.
3322 4520 3549 4588 Ideoque
3584 4516 3730 4587 quod

2162 4624 2301 4679 Deus
2316 4632 2439 4678 ante
2462 4621 2656 4677 saecula
2681 4621 2793 4675 ﬁeri
2808 4612 3283 4690 prreordinaverat,
3301 4615 3400 4669 iste
3421 4612 3624 4668 faciens
3644 4626 3733 4680 ρει

2160 4715 2312 4769 renni
2328 4722 2501 4769 morte
2519 4712 2805 4767 damnatus
2816 4720 2918 4766 est.
2948 4709 3051 4778 Ipsi
3073 4708 3257 4776 itaque
3274 4710 3656 4774 regnaverunt,
3674 4709 3730 4754 et

2160 4823 2264 4862 non
2289 4820 2357 4861 ex
2381 4821 2467 4862 me
2493 4824 2506 4860 :
2532 4805 2802 4876 principes
2824 4803 3171 4864 exstiterunt,
3195 4806 3379 4852 etnon
3404 4794 3652 4865 cognovi,
3676 4793 3731 4848 id

2160 4910 2242 4956 est
2268 4916 2372 4955 non
2398 4900 2533 4970 elegi
2556 4913 2671 4961 eos,
2700 4896 2927 4966 ideoque
2951 4910 3047 4949 eos
3075 4891 3326 4962 reprobo.
3351 4888 3505 4945 Scire
3544 4896 3729 4942 autem

2162 4991 2279 5055 Dei,
2296 4990 2496 5062 eligere
2519 4997 2604 5045 est
2625 5003 2641 5043 :
2666 4988 2877 5044 nescire
2901 4996 3080 5041 autem
3096 5027 3112 5051 ,
3139 4983 3445 5054 reprobate.
3481 4998 3499 5030 ι
3522 4980 3728 5034 Aurum

2164 5097 2319 5137 suum
2347 5090 2403 5136 et
2428 5089 2705 5152 argentum
2732 5094 2886 5134 suum
2915 5077 3158 5133 fecerunt
3194 5074 3296 5129 sibi
3320 5072 3461 5128 idola
3484 5077 3542 5124 ut
3568 5070 3733 5124 inter-

2163 5174 2357 5237 irent,»
2382 5174 2431 5228 id
2453 5183 2558 5237 est,
2583 5172 2706 5242 quia
2735 5172 2820 5226 his
2851 5168 3215 5230 abundabant,
3236 5164 3482 5235 neglecto
3509 5160 3618 5216 Deo
3636 5157 3730 5229 qui

2162 5264 2276 5319 haec
2288 5265 2392 5319 illis
2403 5264 2468 5318 ad
2480 5273 2727 5319 ornatum
2749 5272 2804 5316 et
2817 5242 3129 5315 deliciarum
3144 5254 3470 5312 afﬂuentiam
3485 5251 3730 5314 dederat,

2160 5355 2402 5411 fecerunt
2423 5355 2523 5410 sibi
2550 5355 2686 5409 idola
2716 5360 2906 5408 contra
2928 5350 3325 5405 animamsuam
3348 5342 3733 5404 utinterirent,

2161 5447 2285 5518 quia
2301 5446 2372 5501 dii
2389 5462 2524 5515 quos
2547 5445 2806 5508 fecerant,
2828 5456 2990 5497 causa
3005 5438 3198 5494 mortis
3218 5444 3269 5491 et
3286 5432 3605 5504 perditionis
3625 5429 3731 5484 illis

2160 5542 2500 5597 exstiterunt.
2520 5537 2878 5608 Spiritualiter
2900 5535 3001 5589 ista
3016 5548 3136 5602 qua-
3150 5531 3217 5586 de
3237 5526 3732 5582 Nabuchodonosor

2160 5632 2439 5694 dicuntur,
2473 5635 2696 5698 possunt
2733 5626 2922 5682 referri
2960 5624 3027 5678 ad
3066 5621 3367 5685 diabolum,
3395 5617 3487 5687 qui
3533 5616 3587 5669 in
3617 5614 3731 5682 ple-

2160 5725 2347 5794 risque
2360 5723 2492 5777 locis
2513 5723 2801 5791 Scriptura:
2821 5719 3011 5774 divinae
3035 5714 3209 5784 aquila
3235 5712 3548 5783 appellatur.
3580 5705 3732 5762 Unde

2156 5825 2235 5869 est
2274 5831 2285 5864 :
2311 5812 2366 5866 Si
2393 5812 2658 5865 exaltatus
2686 5809 2852 5862 fueris
2874 5815 2931 5859 ut
2961 5805 3163 5890 aquila,
3195 5803 3315 5856 inde
3344 5798 3620 5854 detraham
3655 5805 3728 5858 te,
