4022 6436
219 419 278 478 lll
1253 415 1650 472 ENARRATIO
1692 413 1759 470 IN
1798 411 1976 469 OSEE
2016 413 2455 471 PROPHETAM.
3410 421 3480 476 62

217 534 351 595 dicit
371 531 648 590 Dominus.
681 531 806 586 Haec
833 531 1012 600 aquila
1038 531 1184 585 venit
1217 546 1380 599 super
1413 529 1793 583 haereticorum
1823 531 1870 589 Α
1898 545 2060 598 quam
2099 533 2332 600 speciem
2361 533 2602 588 fecnmlaa
2626 536 2960 604 operationis
3005 547 3228 605 possunt
3256 538 3475 598 habere.

215 623 571 682 conciliabula
583 662 597 684 ,
611 623 738 690 quia
752 621 1020 689 quondam
1039 617 1253 672 fuerant
1264 619 1455 671 domus
1470 617 1560 670 Dei
1579 635 1591 669 :
1607 625 1664 672 et
1679 617 1796 670 ideo

213 717 340 786 quia
366 711 711 783 praevaricati
747 719 873 763 sunt
898 708 993 762 Dei
1034 708 1225 777 legem,
1256 716 1310 761 et
1353 707 1470 760 sine
1508 721 1670 760 causa
1716 722 1796 759 in-

215 811 412 860 vocant
441 801 614 859 Deum
650 799 861 862 verbis,
901 813 932 850 a
985 797 1138 864 cujus
1170 796 1360 850 notitia
1400 796 1556 864 longe
1593 796 1796 849 distant

213 895 486 966 operibus,
540 891 632 960 qui
676 891 839 942 etiam
887 889 1050 943 Deum
1087 887 1432 956 projicientes
1471 902 1568 956 per
1604 886 1794 940 falsam

213 982 538 1043 doctrinam,
567 978 775 1046 eligunt
801 978 900 1031 sibi
929 992 1082 1046 reges
1107 986 1294 1031 contra
1319 976 1413 1030 Dei
1438 976 1792 1039 voluntatem,

217 1073 488 1145 principes
535 1070 746 1125 scilicet
771 1079 826 1122 et
853 1077 1102 1124 auctores
1151 1084 1530 1137 perversorum
1577 1069 1796 1138 dogma-

215 1173 345 1226 tum,
373 1162 519 1230 quod
549 1161 688 1213 Deus
717 1159 910 1222 nescit,
935 1159 1057 1226 quia
1091 1159 1258 1227 ipsius
1287 1159 1531 1212 notitiam
1556 1175 1661 1211 non
1686 1173 1796 1212 me-

216 1259 412 1304 rentur.
462 1249 564 1314 Qui
614 1263 803 1300 aurum
851 1257 905 1300 et
947 1255 1252 1317 argentum,
1309 1247 1360 1300 id
1409 1257 1492 1300 est
1531 1247 1792 1314 quidquid

216 1337 520 1392 habuerunt
546 1335 600 1389 in
630 1335 804 1389 nitore
838 1333 1159 1402 eloquentia:
1188 1333 1272 1388 vel
1307 1334 1511 1403 fulgore
1540 1336 1793 1404 spiritua-

215 1426 339 1480 lium
361 1441 640 1488 sensuum,
665 1439 918 1492 perverse
943 1423 1285 1492 intelligendo
1306 1433 1520 1478 vertunt
1541 1425 1593 1478 in
1625 1425 1790 1490 idola,

214 1533 330 1585 quae
356 1517 421 1570 de
447 1531 544 1571 suo
571 1517 733 1570 corde
764 1514 1071 1579 finxerunt;
1129 1523 1184 1568 et
1223 1515 1350 1584 quia
1390 1516 1492 1570 hoc
1520 1514 1787 1580 fecerunt,

213 1608 412 1662 idcirco
432 1607 731 1676 perierunt.

286 1721 305 1754 ι
340 1699 617 1769 Projectns
656 1710 738 1754 est
775 1699 979 1754 vitulus
1007 1707 1154 1764 tuus,
1177 1698 1448 1753 Samaria.
1486 1717 1504 1750 ι
1541 1696 1786 1752 Samaria

212 1808 407 1848 nomen
443 1802 529 1846 est
552 1791 786 1846 civitatis
808 1799 862 1845 et
891 1791 1178 1859 provincia:
1202 1807 1216 1855 ;
1249 1791 1468 1859 ponitur
1490 1798 1670 1845 autem
1700 1790 1787 1844 hic

212 1884 478 1947 Samaria,
505 1899 623 1952 qua:
666 1882 976 1951 metropolis
1015 1891 1098 1936 est
1141 1883 1326 1937 decem
1369 1883 1641 1948 tribuum,
1681 1898 1780 1952 pro

211 1975 465 2029 omnibus
503 1973 809 2026 civitatibus
835 1970 1077 2040 ejusdem
1109 1973 1282 2044 regni.
1315 1973 1500 2042 Neque
1545 1975 1688 2029 enim
1727 1975 1782 2029 in

213 2063 460 2118 Samaria
485 2062 633 2115 vituli
661 2062 810 2116 aurei
849 2071 1030 2125 erant,
1061 2062 1156 2115 sed
1197 2062 1374 2130 potius
1412 2063 1467 2116 in
1497 2063 1609 2116 Dan
1647 2073 1703 2117 et
1727 2063 1782 2117 in

211 2153 420 2216 Bethel,
451 2153 541 2222 qui
582 2153 746 2219 (sicut
786 2153 988 2208 dictum
1028 2153 1131 2221 est)
1167 2152 1219 2205 in
1253 2152 1498 2207 Samaria
1542 2168 1784 2223 compre-

209 2246 535 2300 henduntur.
567 2243 740 2299 Unum
781 2255 960 2299 autem
995 2243 1220 2296 vitulum
1269 2260 1366 2313 pro
1391 2245 1598 2298 duobus
1623 2244 1784 2298 debe-

209 2352 327 2390 mus
354 2337 618 2404 accipere,
647 2336 972 2406 singularem
1008 2351 1292 2389 numerum
1330 2350 1430 2404 pro
1473 2335 1666 2405 plurali
1693 2351 1785 2405 po-

209 2426 372 2480 situm
401 2434 778 2495 agnoscentes,
809 2425 949 2494 quod
979 2425 1277 2494 saapissime
1303 2426 1436 2479 litin
1463 2425 1779 2494 Scripturis.

209 2514 486 2584 Projectus
508 2525 591 2569 est
619 2514 836 2584 (inquit)
865 2515 1064 2569 vitulus
1092 2525 1245 2577 tuus,
1274 2515 1327 2569 id
1352 2524 1435 2570 est
1453 2515 1783 2569 destructum

207 2618 286 2663 est
310 2609 568 2677 templum
601 2609 865 2662 idolorum
892 2610 960 2664 ab
986 2610 1246 2680 Assyriis.
1272 2609 1370 2679 Ipsi
1401 2625 1614 2678 quoque
1634 2611 1784 2664 vituli

207 2708 328 2752 sunt
362 2697 607 2767 projecti,
641 2705 696 2751 et
721 2697 960 2762 conflati,
1003 2709 1166 2766 atque
1211 2700 1264 2752 in
1293 2699 1662 2769 captivitatem
1695 2701 1786 2754 de-

207 2787 315 2840 lati.
360 2787 509 2842 Unde
538 2789 782 2857 protinus
808 2789 1074 2851 subditur,
1105 2807 1122 2838 ‹
1154 2789 1324 2842 iratus
1353 2799 1438 2844 est
1461 2790 1611 2846 furor
1635 2805 1786 2844 meus

206 2880 254 2932 in
283 2879 389 2932 eis.
429 2898 447 2930 ι
481 2878 632 2945 Quod
665 2880 968 2933 vindicatus
1009 2895 1127 2933 sum
1165 2879 1218 2932 in
1260 2881 1358 2944 eis,
1393 2880 1477 2933 vel
1508 2880 1562 2934 in
1604 2881 1785 2934 vitulis

203 2968 565 3029 scilicet,,vel
596 2969 650 3022 in
694 2969 773 3022 eis
799 2969 890 3036 qui
934 2983 1027 3021 eos
1057 2967 1374 3021 adorabaut.
1414 2986 1432 3018 ι
1491 2967 1783 3036 Usquequo

202 3074 302 3113 non
324 3067 587 3130 poterunt
607 3059 918 3113 emendari?
949 3059 1062 3112 »Αο
1083 3058 1126 3111 si
1155 3058 1390 3112 diceret:
1428 3058 1558 3123 Qua:
1582 3059 1681 3113 ista
1710 3061 1788 3113 in-

201 3154 350 3208 sania
385 3161 486 3214 est,
513 3167 597 3204 me
618 3153 778 3205 dante
808 3151 984 3205 locum
1016 3151 1367 3219 paenitentiae,
1397 3151 1516 3205 illos
1539 3152 1606 3204 ad
1635 3151 1780 3205 saui-

202 3249 372 3295 tatem
395 3241 538 3295 nolle
569 3242 810 3296 converti
836 3241 946 3295 ?Et
970 3241 1304 3316 exponendo
1326 3240 1448 3310 quis
1486 3239 1650 3294 fuerit
1678 3241 1780 3296 iste
1807 3225 1851 3286 Ο

199 3333 432 3395 vitulus,
477 3347 508 3384 a
547 3332 702 3401 cujus
744 3332 993 3386 sordibus
1032 3345 1140 3384 non
1181 3339 1433 3400 poterunt
1472 3331 1774 3394 emundari,

199 3421 510 3492 subjungit:

272 3533 289 3563 ι
331 3513 471 3578 Quia
494 3529 562 3566 ex
610 3514 774 3568 Israel
798 3522 852 3568 et
893 3513 1006 3581 ipse
1025 3521 1124 3568 est.
1159 3533 1176 3564 ι
1227 3511 1281 3566 ld
1309 3522 1410 3576 est,
1439 3529 1543 3566 non
1564 3513 1777 3568 aliunde

196 3604 426 3656 vitulum
455 3613 790 3670 acceperunt,
821 3612 878 3658 ut
907 3604 1072 3656 alium
1108 3603 1343 3657 Sidoniis
1379 3603 1507 3656 Baal
1533 3613 1586 3657 et
1612 3604 1774 3658 Asta-

195 3695 340 3756 roth,
391 3693 591 3746 Gatnos
621 3693 888 3757 Moabitis,
935 3694 1141 3749 Moloch
1183 3696 1250 3749 ab
1287 3695 1629 3760 Ammonitis,
1678 3698 1773 3751 sed

198 3784 273 3838 illi
330 3794 390 3838 et
441 3801 531 3838 rex
603 3785 813 3839 illorum
867 3783 1154 3841 Jeroboam
1223 3785 1470 3841 fecerunt
1525 3787 1770 3843 vitulum.

200 3895 217 3925 ι
254 3874 470 3928 Artifex
507 3874 631 3928 fecit
678 3875 847 3940 illum,
893 3896 911 3926 ι
963 3877 1063 3930 hoc
1095 3886 1198 3940 est,
1243 3875 1528 3931 Jeroboam
1555 3878 1774 3932 malitiae

195 3966 471 4028 inventor,
503 3965 582 4017 vel
615 3975 762 4018 certe
810 3966 1004 4019 artifex
1050 3968 1272 4035 quilibet
1313 3967 1496 4037 jussus
1545 3970 1613 4024 ab
1657 3970 1768 4034 illo,

194 4059 347 4111 unde
372 4056 692 4120 ostenditur,
727 4075 745 4107 ι
776 4059 901 4124 quia
930 4073 1034 4112 non
1068 4071 1152 4114 est
1181 4061 1320 4114 Deus
1344 4083 1362 4113 ι
1395 4077 1554 4130 quem
1581 4079 1772 4119 manus

194 4148 405 4201 format
433 4145 675 4209 artificis,
696 4146 787 4198 sed
817 4147 1182 4201 simulacrum.
1214 4170 1231 4199 ι
1255 4150 1426 4215 Quam
1449 4152 1502 4205 in
1543 4167 1769 4205 aranea-

193 4250 319 4298 rum
376 4235 506 4289 telas
541 4235 644 4289 erit
671 4235 870 4290 vitulus
897 4235 1174 4302 Samariae,
1208 4258 1225 4290 ι
1261 4240 1312 4293 id
1350 4248 1453 4304 est,
1476 4242 1618 4296 sicut
1655 4243 1773 4297 tela

195 4340 521 4381 aranearum
561 4333 717 4378 vento
764 4340 1030 4393 percussa:
1077 4326 1438 4382 dissolvuntur
1467 4337 1521 4384 et
1561 4332 1772 4386 annihi-

195 4419 400 4481 lantur,
433 4417 506 4469 ita
533 4415 732 4470 vitulus
757 4414 871 4484 ejus
897 4417 1168 4488 redigetur
1195 4420 1260 4474 ad
1299 4420 1544 4474 nihilum.
1595 4422 1767 4477 Unum

194 4518 377 4560 autem
408 4506 656 4570 vitulum,
687 4507 825 4560 sicut
850 4515 903 4560 et
931 4522 1112 4577 supra,
1138 4523 1236 4577 pro
1265 4509 1472 4565 duobus
1499 4512 1693 4580 posuit.

1901 617 2053 672 Unde
2073 627 2128 672 et
2157 620 2440 675 subditur:
2474 642 2490 673 ι
2521 623 2670 688 Quod
2693 635 2748 679 et
2769 626 2814 680 si
2845 626 3090 690 fecerint,
3127 627 3287 682 alieni
3330 643 3477 684 com-

1896 707 2059 764 edent
2095 723 2238 772 eam,
2269 727 2288 760 ι
2318 710 2369 763 id
2398 721 2500 774 est,
2531 713 2578 765 si
2614 713 2813 768 habere
2841 717 3218 783 prazvaluerint
3241 719 3475 787 aliquam

1897 807 2218 866 potestatem
2239 799 2306 853 ad
2333 811 2564 869 tempus,
2595 801 2675 855 vel
2703 803 2745 856 si
2771 804 2994 861 fecerint
3013 807 3228 876 aliquod
3256 809 3472 873 bonum,

1895 885 2080 949 alieni,
2112 887 2214 940 hoc
2264 897 2348 941 est
2401 890 2631 958 Assyrii.
2684 891 2799 945 haec
2851 909 3029 947 oumia
3075 897 3345 963 auferent,
3391 915 3476 952 ve.

1893 975 2055 1028 etiam
2084 990 2372 1040 daemones,
2412 978 2480 1032 de
2530 980 2727 1047 quibus
2778 981 3036 1036 Dominus
3082 1001 3135 1036 in
3190 986 3476 1057 Evangelia

1893 1065 2166 1134 loquitur,
2221 1070 2363 1138 quod
2387 1068 2535 1138 jacta
2594 1071 2797 1126 semina
2855 1074 3188 1130 comederint
3234 1079 3476 1134 volucres

1894 1156 2038 1210 coeli.

1969 1283 1987 1315 ι
2015 1263 2315 1320 Devoratus
2357 1275 2439 1320 est
2465 1266 2647 1331 Israel,
2676 1286 2694 1320 ι
2727 1269 2795 1322 ab
2836 1269 3102 1337 hostibus,
3131 1274 3223 1343 qui
3258 1275 3477 1330 interfe-

1893 1365 2107 1419 cerunt,
2149 1356 2284 1410 vela
2317 1358 2671 1424 daemonibus,
2713 1360 2806 1428 qui
2835 1375 2993 1416 omne
3021 1363 3219 1418 bonum
3259 1365 3473 1421 illorum

1891 1447 2248 1500 abstulerunt.
2285 1466 2304 1498 ι
2335 1448 2486 1503 Nunc
2527 1448 2700 1504 factus
2743 1457 2825 1505 est
2871 1451 2924 1504 in
2957 1454 3283 1519 nationibus,
3321 1474 3339 1506 ι
3376 1455 3477 1510 hoc

1892 1547 1993 1601 est,
2018 1538 2192 1593 factus
2213 1548 2296 1594 est
2325 1539 2519 1594 similis
2541 1542 2789 1611 gentibus
2809 1543 2947 1598 idola
2972 1544 3288 1600 colentibus.
3326 1545 3476 1602 Unde

1890 1628 2254 1699 subjungitur,
2285 1649 2302 1681 ι
2341 1634 2495 1701 quasi
2527 1649 2620 1687 vas
2667 1634 3022 1689 immundum.
3049 1656 3067 1687 ι
3115 1638 3219 1691 Vas
3249 1637 3478 1690 immun-

1889 1719 2037 1782 dum,
2067 1731 2325 1790 quantum
2348 1723 2582 1792 pertinet
2605 1724 2672 1776 ad
2703 1723 2962 1791 litteram,
3002 1727 3251 1795 appellat,
3279 1743 3384 1797 quo
3410 1729 3476 1782 ad

1889 1809 2224 1878 suscipienda
2244 1819 2296 1865 et
2317 1811 2645 1881 projicienda
2665 1822 2904 1868 stercora
2935 1816 3013 1869 uti
3041 1816 3295 1870 solemus.
3321 1818 3477 1872 Tales

1887 1901 1987 1971 ipsi
2013 1911 2169 1955 erant
2217 1903 2548 1956 stercoribus
2597 1911 2653 1956 et
2703 1903 2955 1958 sordibus
2991 1905 3253 1959 idolorum
3296 1922 3468 1960 macu-

1905 1995 2000 2061 ati,
2043 1995 2166 2049 facti
2197 2010 2290 2049 vas
2321 2009 2423 2048 nou
2449 1995 2502 2048 in
2545 1995 2830 2060 honorem,
2863 1997 2957 2050 sed
2985 1998 3164 2067 potius
3196 2000 3246 2052 in
3281 2008 3471 2053 contuo

1886 2085 2118 2148 mellam,
2153 2087 2378 2153 ideoque
2419 2085 2567 2138 velut
2611 2084 2871 2141 immundi
2901 2087 3126 2156 projecti
3154 2097 3279 2142 sunt
3311 2104 3340 2141 a
3371 2089 3468 2143 Do—

1887 2176 2068 2230 mino:
2093 2174 2220 2243 quid
2249 2191 2392 2229 enim
2438 2174 2766 2229 immundius
2795 2191 2916 2230 esse
2942 2187 3116 2246 potest
3141 2177 3473 2232 daemoniaco

1887 2266 2119 2336 spiritu?
2165 2265 2287 2319 lla-c
2330 2280 2511 2328 omnia
2566 2266 2838 2320 haereticns
2882 2277 3107 2336 possunt
3157 2269 3352 2337 aptari,
3379 2268 3470 2336 qui

1886 2357 2069 2411 inania
2095 2365 2397 2418 sectantur,
2420 2366 2472 2410 et
2506 2356 2624 2410 ideo
2659 2357 2812 2410 vacui
2844 2358 3114 2420 recedent,
3146 2368 3200 2412 et
3236 2359 3288 2410 in
3311 2375 3471 2411 carne

1886 2451 2213 2504 seminantes
2267 2449 2334 2502 de
2385 2465 2549 2504 carne
2597 2457 2801 2504 metent
2855 2450 3236 2519 turpitudinem
3288 2466 3470 2503 corru-

1886 2551 2101 2620 ptionis.
2144 2551 2196 2602 in
2223 2549 2420 2620 quibus
2460 2564 2580 2602 cum
2618 2548 2862 2602 videatur
2887 2547 3096 2601 culmus
3120 2547 3467 2601 ecclesiastici

1886 2639 2150 2708 dogmatis
2163 2648 2328 2701 stare,
2348 2653 2440 2706 per
2463 2639 2561 2691 hoc
2587 2638 2726 2705 quod
2750 2638 3005 2706 haptizati
3034 2646 3178 2701 sunt,
3199 2638 3338 2707 quod
3356 2655 3470 2708 my-

1887 2732 2049 2785 steria
2076 2731 2317 2800 corporis
2354 2729 2552 2784 Christi
2575 2728 2866 2790 celebrant,
2893 2745 2997 2782 non
3024 2727 3185 2783 faciet
3215 2727 3468 2791 farinam,

1888 2823 1989 2877 hoc
2014 2832 2118 2880 est.
2148 2839 2251 2876 non
2290 2819 2568 2892 perveniet
2605 2822 2670 2873 ad
2697 2821 2932 2873 fructum
2961 2821 3084 2874 boni
3117 2821 3313 2888 operis,
3345 2820 3468 2888 quia

1886 2915 2062 2969 omnis
2101 2915 2310 2968 illorum
2349 2924 2491 2968 actio
2538 2929 2702 2967 vacua
2737 2920 2820 2966 est
2847 2919 2903 2966 et.
2935 2912 3107 2966 nihili.
3132 2912 3283 2978 Quod
3321 2920 3375 2964 et
3412 2911 3466 2964 si

1887 3004 2132 3069 fecerint,
2167 3003 2327 3058 alieni
2367 3004 2652 3058 comedent
2689 3019 2830 3066 eam,
2876 3003 3000 3071 quia
3049 3002 3320 3056 favoribus
3371 3003 3468 3055 ho-

1889 3095 2091 3148 minum
2123 3094 2268 3152 elati.
2301 3108 2461 3147 omne
2502 3093 2699 3146 bonum
2743 3107 2897 3144 suum
2935 3091 3204 3154 amittent,
3245 3091 3471 3158 ideoque

1889 3184 1942 3236 ιιι
1974 3181 2156 3236 futuro
2183 3181 2359 3236 fructu
2393 3181 2846 3235 remunerationis
2874 3181 3154 3233 carebtmt.
3181 3181 3280 3245 Qui
3304 3182 3466 3234 etiam

1881 3275 1948 3329 ab
1981 3272 2244 3336 hostibus,
2285 3272 2337 3326 id
2386 3280 2469 3326 est
2498 3271 2831 3324 daemonibus
2864 3269 3158 3337 saepissime
3205 3270 3464 3332 devorati,

1883 3365 2016 3418 fiunt
2043 3380 2139 3418 vas
2173 3363 2532 3425 immundum,
2581 3369 2635 3414 et
2673 3360 2878 3413 similes
2927 3360 3148 3429 paganis
3205 3359 3464 3422 existunt,

1878 3457 2038 3510 etiam
2069 3471 2262 3511 nomen
2282 3454 2704 3511 Christianitatis
2733 3453 3040 3507 amittentes

1953 3607 1970 3639 ι
2002 3588 2136 3654 Quia
2181 3587 2282 3656 ipsi
2328 3587 2689 3641 ascenderunt
2736 3586 2805 3639 ad
2835 3586 3022 3650 Assur,
3058 3607 3076 3639 ι
3123 3604 3227 3641 ιιοιι
3278 3597 3466 3657 sponte

1875 3688 2181 3749 pergentes,
2212 3678 2305 3732 sed
2332 3677 2509 3746 potius
2538 3677 2717 3730 invita:
2755 3677 3086 3745 captivitatis
3123 3677 3322 3731 malum
3347 3695 3464 3746 per-

1876 3770 2128 3824 ferentes.
2165 3785 2182 3818 ι
2216 3768 2429 3835 Onager
2455 3765 2732 3822 solitarius
2762 3765 2862 3820 sibi
2891 3765 3166 3834 Ephraim.
3196 3786 3212 3816 ι
3251 3766 3464 3836 Onager

1874 3867 1957 3912 est
1986 3859 2168 3912 asinus
2191 3856 2486 3927 sylvestris,
2512 3855 2601 3926 qui
2631 3870 2734 3908 non
2764 3855 3010 3910 similiter
3033 3865 3089 3910 ut
3109 3874 3235 3911 oves
3268 3874 3461 3927 pascua

1874 3948 2098 4018 requirit
2113 3947 2402 4000 domestica
2414 3987 2427 4010 ,
2441 3945 2534 4000 sed
2551 3953 2740 4013 sponte
2757 3960 2852 4014 per
2865 3944 3071 3998 diversa
3092 3945 3204 3999 loca
3221 3956 3463 4014 vagatur,

1872 4048 1928 4096 et
1949 4039 2243 4094 solitariam
2263 4037 2436 4106 diligit
2457 4035 2865 4090 habitationem.
2895 4034 3051 4089 Tales
3075 4035 3199 4088 facti
3223 4049 3346 4089 sunt
3371 4037 3464 4089 Ju-

1873 4131 1972 4186 dzci
1995 4130 2307 4184 recedentes
2335 4143 2364 4180 a
2385 4129 2517 4189 Deo,
2540 4142 2638 4195 pro
2665 4125 2816 4179 libito
2848 4140 2946 4179 suo
2966 4140 3063 4194 per
3092 4127 3297 4179 diversa
3324 4127 3460 4180 idola

1874 4229 2173 4284 currentes,
2199 4228 2253 4274 et
2278 4219 2457 4272 varios
2487 4218 2617 4272 deos
2644 4216 2743 4272 sibi
2792 4217 3140 4281 fabricantes,
3176 4216 3266 4286 qui
3295 4233 3323 4270 a
3355 4218 3464 4272 Deo

1873 4310 2136 4374 dcrelicti,
2159 4309 2383 4364 solitarii
2407 4307 2584 4364 effecti
2611 4317 2754 4373 sunt,
2783 4308 2849 4362 de
2871 4308 3065 4376 quibus
3085 4307 3258 4362 adhuc
3282 4310 3463 4363 subdi-

1875 4411 1980 4464 tur,
2034 4419 2051 4450 ι
2091 4415 2312 4453 munera
2359 4399 2622 4453 dederunt
2662 4398 2990 4452 amatoribus
3038 4397 3168 4462 suis,
3226 4418 3242 4450 ι
3299 4399 3348 4452 id
3379 4410 3462 4453 est

1869 4489 2338 4560 Assyriis,quibus
2355 4491 2622 4558 quondam
2641 4489 2692 4542 in
2717 4489 3006 4542 amicitiam
3025 4487 3196 4556 juncti
3224 4487 3457 4550 fuerant,

271 4617 291 4648 ι
332 4596 467 4662 Quia
500 4607 710 4650 ventum
742 4597 1103 4662 seminabuut,
1130 4609 1184 4653 et
1209 4601 1476 4655 turbinem
1499 4577 1718 4656 metent.
1742 4623 1760 4656 ι

1885 4581 2012 4650 ιιιοι]
2044 4580 2239 4633 factmn
2262 4590 2343 4634 est
2366 4580 2691 4648 temporibus
2717 4577 2998 4644 Manahen,
3027 4579 3110 4632 vel
3134 4577 3270 4634 Osce
3296 4579 3459 4649 regis,

197 4689 558 4743 Seminahunt
591 4691 821 4757 positum
867 4700 950 4744 est
984 4706 1082 4760 pro
1116 4707 1200 4756 eo,
1243 4693 1384 4760 quod
1409 4701 1493 4746 est
1536 4695 1766 4748 semina-

197 4790 408 4841 verunt,
457 4779 692 4832 lnturum
741 4780 946 4834 scilicet
986 4796 1083 4849 pro
1116 4781 1409 4849 praeterito,
1445 4782 1584 4836 sicut
1627 4797 1768 4851 saepe

197 4875 254 4927 lit
285 4874 339 4926 in
394 4871 708 4940 Scripturis.
755 4871 981 4926 Ventum
1011 4874 1224 4944 (inquit)
1275 4874 1635 4940 seminabuut,
1666 4875 1768 4928 hoc

197 4973 297 5029 est,
324 4963 504 5016 inania
532 4979 692 5034 opera
721 4963 940 5027 facient,
971 4963 1166 5018 idolum
1195 4963 1520 5017 fabricantes
1541 4980 1765 5018 vacuum

198 5057 410 5123 penitus
457 5056 599 5108 omni
659 5055 956 5119 divinitate,
1005 5064 1060 5110 et
1098 5054 1298 5108 idcirco
1358 5055 1624 5108 turbinem
1658 5069 1768 5108 me-

199 5155 332 5208 tent,
381 5145 745 5213 captivitatem
790 5144 1014 5207 scilicet,
1067 5151 1463 5211 tempestatem,
1515 5152 1570 5197 et
1608 5145 1766 5198 misc-

201 5237 356 5290 riam.
395 5253 414 5286 ι
451 5234 670 5290 Culmus
701 5243 850 5290 stans
896 5251 999 5288 non
1033 5243 1115 5288 est
1164 5233 1217 5287 in
1267 5235 1362 5296 eis,
1413 5250 1631 5304 germen
1663 5250 1768 5287 non

199 5324 429 5378 farinam
457 5324 637 5379 faciet.
669 5345 687 5376 ι
736 5323 961 5391 Quando
987 5323 1189 5377 semina
1235 5323 1380 5392 jacta
1409 5339 1768 5394 corrumpun-

200 5425 285 5468 tur
309 5423 488 5475 vento,
517 5425 572 5468 et
599 5413 881 5468 medullam
932 5414 1160 5482 perdunt
1191 5412 1519 5476 interiorem,
1567 5428 1767 5480 nequa-

198 5519 355 5571 quam
413 5512 638 5572 possunt
673 5502 850 5556 facere
884 5501 1094 5570 stipulae
1139 5510 1196 5554 ιιι
1239 5517 1302 5554 ex
1355 5501 1436 5554 his
1477 5501 1771 5556 seminibus

199 5595 568 5648 tantummodo
593 5595 760 5662 possit
793 5593 926 5648 ellici
961 5593 1149 5646 farina.
1181 5593 1245 5646 Et
1269 5603 1350 5646 est
1371 5607 1558 5646 sensus
1585 5611 1596 5645 :
1619 5593 1768 5648 Sicut

201 5695 355 5737 vento
383 5694 637 5752 corrupto
664 5683 867 5736 semina
903 5683 1131 5735 fructum
1184 5699 1287 5734 non
1322 5682 1567 5742 reddunt,
1608 5682 1678 5733 ita
1712 5683 1763 5735 in

201 5778 274 5830 eis
314 5778 518 5832 fructus
559 5777 682 5830 boni
713 5776 889 5844 operis
927 5774 1146 5842 reperiri
1188 5791 1291 5827 non
1322 5783 1516 5843 potest,
1548 5791 1643 5828 nec
1674 5775 1764 5829 ali-

1870 4673 2010 4726 sicut
2030 4686 2190 4738 supra
2233 4671 2432 4724 dictum
2462 4678 2565 4724 est.

1945 4803 1962 4835 ι
1999 4783 2104 4838 Sed
2139 4791 2342 4837 etcum
2375 4782 2619 4836 mercede
2671 4782 3046 4836 conduxerunt
3096 4781 3364 4844 nationes,
3423 4801 3441 4831 ι

1869 4873 2148 4935 subaudis,
2200 4873 2254 4926 in
2290 4871 2546 4925 auxilium
2601 4872 2724 4934 sibi,
2775 4873 2916 4939 quod
2968 4888 3128 4942 supra
3178 4881 3454 4926 ostensum

1870 4972 1971 5025 est,
2020 4962 2106 5015 ubi
2135 4962 2349 5025 dicitur,
2383 4961 2524 5029 quod
2569 4963 2763 5015 abierit
2791 4962 3043 5030 Ephraim
3090 4962 3155 5016 ad
3186 4962 3376 5028 Assur,
3403 4970 3456 5015 et

1874 5052 2081 5104 miserit
2111 5051 2173 5104 ad
2207 5067 2385 5120 regem
2412 5049 2660 5104 ultorem.
2697 5070 2716 5100 ε
2752 5051 2900 5106 Nunc
2926 5053 3262 5123 congregabo
3287 5067 3399 5116 eos,
3430 5070 3447 5102 ι

1870 5143 2124 5198 subaudis
2155 5142 2220 5194 ad
2252 5159 2504 5212 pugnam,
2546 5142 2753 5196 scilicet
2781 5151 2839 5196 ut
2882 5143 3063 5196 cuncti
3114 5142 3317 5211 pariter
3353 5141 3451 5194 du-

1873 5243 2062 5290 cantur
2104 5233 2321 5302 captivi.
2359 5251 2376 5282 ι
2410 5229 2478 5285 Ει
2517 5232 2801 5301 quiescent
2847 5232 3116 5301 paulisper
3161 5232 3228 5284 ab
3283 5245 3450 5284 onere

1872 5325 2012 5395 regis
2043 5333 2096 5379 et
2127 5324 2447 5392 principum.
2486 5344 2504 5376 ι
2537 5323 2701 5390 Quasi
2731 5323 2934 5378 diceret
2967 5341 2979 5376 :
3007 5322 3276 5376 Hactenus
3301 5335 3448 5374 ama-

1876 5417 2005 5470 bant
2027 5415 2155 5468 dare
2179 5414 2500 5468 adversariis
2521 5429 2765 5477 munera,
2788 5429 2924 5482 quos
2949 5411 3238 5478 diligebant
3262 5427 3274 5460 :
3307 5425 3448 5465 nunc

1877 5514 2054 5558 autem
2101 5503 2295 5558 faciam
2346 5519 2438 5556 eos
2480 5519 2696 5556 cessare
2749 5503 3048 5571 paulisper,
3105 5509 3162 5553 ut
3211 5500 3445 5568 quandiu

1877 5593 2189 5648 transierint
2246 5594 2296 5646 in
2351 5591 2739 5660 captivitatem,
2775 5607 2876 5644 non
2925 5589 3131 5642 solvant
3181 5588 3445 5656 stipendia

1874 5683 2034 5737 etiam
2059 5681 2170 5734 suis
2197 5681 2406 5750 regibus
2435 5690 2489 5733 et
2521 5679 2870 5748 principibus,
2901 5678 3069 5731 donec
3095 5676 3297 5731 scilicet
3327 5691 3444 5745 pc."-

1874 5774 2088 5828 vcniant
2118 5773 2170 5824 in
2199 5771 2466 5840 Assyrios,
2491 5771 2578 5824 ubi
2606 5784 2945 5839 nequaquam
2977 5769 3134 5823 veluti
3167 5770 3320 5824 liberi
3352 5769 3444 5822 tri-
