4022 6448
548 398 620 453 63
1014 398 1367 456 HAYMONIS
1408 397 1891 454 HALBERSTAT.
1934 396 2151 452 EPISC.
2192 398 2344 454 OPP.
2388 396 2567 456 PAIlS
2602 402 2644 456 I.
2673 430 2741 441 —-—
2780 400 3133 457 COMMENT.
3171 403 3338 459 BiBL.
3742 404 3813 458 οι

550 508 675 565 buta
705 522 760 565 et
781 511 1046 580 stipendia
1072 511 1297 576 dabunt,
1324 511 1422 566 sed
1451 511 1509 566 in
1541 511 1787 566 ultimam
1817 508 2131 564 servitutem
2159 512 2209 575 Α
2236 519 2357 564 cata
2384 508 2564 567 autem
2593 511 2860 578 vindicat;
2894 513 3096 568 idcirco
3125 529 3276 585 ergo,
3314 516 3439 584 quia
3469 527 3592 584 post
3622 518 3814 571 datam

549 599 881 671 redigentur.

623 710 642 741 ι
674 691 807 758 Quia
837 691 1212 763 multiplicavit
1258 693 1516 762 prraim
1563 695 1758 749 altaria
1808 695 1875 749 ad
1902 708 2131 762 peccan-

547 780 699 846 dum,
739 780 892 836 factm
918 790 1047 837 aunt
1072 783 1125 838 ei
1163 798 1273 837 arae
1296 784 1350 838 in
1379 784 1655 840 delictum.
1681 805 1700 838 ι
1727 784 1976 841 Ostendit
2003 799 2129 840 cau-

546 866 663 926 sam
694 888 791 926 cur
821 873 1099 941 patiantur
1130 876 1524 945 captivitatem,
1570 886 1627 931 et
1652 877 1900 933 desinant
1927 878 2130 948 paulis-

545 978 643 1031 per
666 963 794 1017 dare
812 979 1041 1020 munera
1058 965 1275 1036 regibus
1295 975 1352 1022 et
1385 967 1742 1037 principibus,
1766 968 1895 1039 quia
1921 968 2129 1025 scilicet

546 1052 820 1121 Ephraim,
868 1054 925 1110 id
966 1067 1053 1112 est
1097 1055 1410 1121 Jeroboam,
1466 1056 1551 1112 vel
1601 1058 1976 1129 certe_omnis
2024 1073 2125 1128 po-

542 1145 700 1214 pulus
725 1145 911 1201 decem
932 1147 1188 1213 tribuum,
1216 1148 1592 1219 multiplicavit
1616 1149 1828 1215 altaria,
1852 1150 1904 1204 in
1929 1150 2126 1219 quibus

542 1238 780 1306 peccatis
826 1245 1049 1308 peccata
1093 1235 1504 1308 coniungerent.
1542 1239 1773 1308 Ideoque
1801 1240 1978 1308 potius
2002 1253 2128 1308 pec.

540 1338 825 1395 caverunt,
852 1329 977 1399 quia
1009 1344 1114 1383 non
1148 1329 1321 1383 solum
1350 1329 1403 1383 in
1441 1329 1553 1384 Dan
1579 1339 1674 1384 aut
1698 1330 1754 1384 in
1791 1329 1999 1394 Bethel,
2031 1329 2126 1385 sed

543 1420 596 1473 in
623 1420 896 1475 montibus
918 1428 974 1474 et
1003 1418 1139 1473 lucis
1161 1419 1495 1488 diversisque
1518 1418 1650 1473 locis
1676 1418 1815 1473 idola
1849 1417 2122 1474 colebant.

611 1507 741 1574 Quae
792 1508 981 1562 altaria
1017 1506 1097 1578 (id
1134 1516 1219 1561 est
1262 1507 1390 1577 araz)
1446 1523 1601 1563 versa
1652 1517 1780 1562 sunt
1826 1508 1875 1560 ei
1906 1508 1960 1561 in
1992 1508 2125 1562 deli-

540 1606 706 1663 ctum,
737 1598 865 1667 quia
915 1606 1118 1667 quanto
1165 1597 1323 1667 plura
1359 1595 1596 1661 fuerunt,
1646 1605 1797 1650 tanto
1848 1595 2020 1665 magis
2049 1596 2124 1650 ibi

540 1695 920 1757 peccaverunt.
955 1707 972 1738 ι
1008 1687 1255 1742 Scribam
1289 1686 1340 1741 ei
1369 1686 1696 1757 multiplices
1733 1686 1879 1757 leges
1905 1701 2072 1740 meas.
2097 1704 2116 1736 ι

539 1777 675 1845 Quia
700 1778 911 1833 scilicet
929 1793 1025 1847 pro
1049 1777 1218 1831 nihilo
1242 1776 1443 1831 ducunt
1466 1778 1663 1848 legem,
1683 1792 1848 1846 quam
1867 1776 2119 1830 dederam

539 1870 619 1925 eis
647 1885 743 1939 per
764 1869 1003 1940 Moysen,
1050 1868 1190 1924 idola
1219 1868 1445 1923 colendo
1468 1868 1523 1923 in
1548 1868 1777 1922 diversis
1813 1866 1964 1931 locis,
1996 1882 2119 1921 cum
2150 1854 2196 1913 Β

538 1961 883 2031 ργωοερθτίιῐι
921 1968 981 2014 ut
1008 1960 1061 2013 in
1086 1959 1422 2014 Hierusalem
1453 1974 1615 2012 unum
1642 1965 1787 2013 esset
1813 1956 2006 2021 altare,
2031 1957 2123 2010 ad-

540 2051 733 2106 hibebo
757 2052 807 2105 ei
848 2050 1171 2120 multiplices
1201 2050 1367 2121 leges,
1398 2048 1594 2119 quibus
1621 2049 1985 2119 corrigantur,
2027 2049 2121 2105 sed

540 2155 726 2195 rursus
746 2140 1028 2195 intendens
1048 2140 1260 2193 illorum
1284 2139 1578 2208 nequitiam
1602 2137 1897 2215 subiungit,
1917 2138 2041 2215 quia
2066 2147 2123 2193 et

539 2228 669 2299 ipsae
706 2229 852 2300 leges
886 2248 905 2280 ι
957 2245 1076 2299 quae
1117 2227 1262 2283 velut
1317 2228 1505 2283 aliena).
1552 2212 1873 2299 computatae
1921 2213 2065 2284 sunt.
2096 2214 2126 2282 ι⁴

538 2320 702 2386 Quasi
733 2320 975 2375 diceret:
1009 2319 1144 2385 Quia
1166 2319 1310 2373 enim
1338 2328 1778 2388 contempserunt
1811 2335 1930 2375 eam
1957 2336 2122 2389 qualn

537 2419 666 2464 ante
696 2418 1065 2480 susceperant,
1097 2408 1228 2480 quid
1268 2408 1490 2478 prodest
1517 2409 1657 2463 ultra
1701 2408 1836 2464 alias
1883 2410 2123 2465 scribere

536 2500 685 2571 leges
703 2500 727 2553 ?

616 2611 634 2642 ‹
670 2589 890 2646 Hostias
929 2588 1176 2653 afferent,
1214 2588 1571 2644 immolabunt
1608 2602 1822 2652 carnes,
1874 2595 1928 2641 et
1970 2602 2123 2642 com-

537 2680 716 2736 edent.
752 2700 770 2733 ι
820 2680 918 2735 Hic
949 2681 1253 2735 ostenditur
1291 2679 1435 2749 quod
1480 2679 1683 2734 idcirco
1705 2679 1859 2749 plura
1891 2677 2120 2732 fecerint

536 2772 751 2837 altaria,
800 2783 859 2826 ut
885 2770 1141 2827 aﬂ‘errent
1166 2771 1373 2826 hostias
1397 2779 1453 2825 et
1480 2771 1553 2825 ibi
1604 2773 1754 2825 varia
1785 2770 2123 2825 immolarent

538 2861 824 2925 sacrificia,
858 2860 947 2914 ubi
979 2870 1224 2913 ventrem
1258 2874 1417 2913 suum
1468 2859 1756 2929 replerent,
1802 2874 1906 2912 non
1938 2867 1996 2911 ut
2024 2858 2124 2911 Do—

540 2952 687 3006 mino
734 2950 1033 3020 placerent.
1084 2948 1443 3017 Quamobrem
1496 2958 1551 3004 et
1597 2949 1961 3020 subjungitnr,
2013 2968 2029 2999 ι
2067 2957 2123 3003 et

542 3042 798 3097 Dominus
823 3058 931 3096 non
961 3042 1220 3111 suscipiet
1247 3057 1358 3097 eas.
1392 3059 1410 3092 υ
1439 3040 1573 3107 Quia
1600 3041 1845 3096 videlicet
1865 3056 1971 3096 non
1996 3042 2119 3111 ipsi,

537 3134 631 3188 sed
652 3136 831 3204 potius
852 3133 1184 3189 daemonibus
1213 3131 1598 3188 oll‘erebantur.
1625 3132 1812 3203 Neque
1840 3135 1983 3188 enim
2018 3135 2121 3188 Do-

2230 601 2400 672 legem
2440 614 2799 674 peccaverunt
2820 606 2932 671 isti,
2956 605 3156 660 dicitur
3179 622 3342 671 nunc,
3382 607 3434 661 id
3479 616 3562 663 est
3584 607 3642 661 in
3671 624 3818 677 pra:—

2230 695 2369 749 senti
2411 702 2654 765 tempore
2692 696 3065 753 recordabitur
3113 698 3427 767 iniquitates
3472 714 3686 765 eorum,
3743 702 3817 755 ad

2229 784 2595 841 ulciscendum
2619 786 2848 852 scilicet,
2875 794 2931 841 et
2956 796 3174 855 peccata
3197 788 3427 856 pristina
3452 788 3693 845 visitabit
3715 806 3820 859 per

2228 874 2431 947 ﬂagella
2459 886 2515 933 et
2542 886 2865 945 tormentum
2904 878 3137 933 miseriae
3160 889 3217 932 et
3249 879 3595 948 captivitatis.
3653 899 3673 930 ι
3701 880 3818 949 Ipsi

2229 968 2284 1023 in
2308 967 2597 1038 Egyptum
2618 976 3021 1024 convertentur.
3052 987 3071 1020 ι
3108 968 3419 1038 Tripliciter
3447 969 3549 1024 hoc
3577 971 3817 1041 intelligi

2225 1071 2423 1134 potest.
2450 1062 2710 1118 Conversi
2753 1063 2950 1133 quippe
2984 1070 3111 1117 sunt
3136 1062 3189 1117 iu
3220 1061 3537 1133 Egyptum,
3568 1063 3816 1132 primum

2227 1164 2408 1210 mente
2434 1155 2567 1210 deos
2597 1169 2784 1208 eorum
2814 1153 3056 1218 colendo,
3104 1153 3298 1209 deinde
3331 1155 3588 1209 auxilium
3619 1164 3818 1225 postu-

2228 1246 2411 1310 lando,
2459 1261 2566 1300 non
2597 1244 2785 1300 confisi
2820 1245 2875 1298 in
2905 1243 3000 1299 Dei
3026 1244 3382 1313 protectione,
3414 1244 3481 1298 ad
3527 1246 3814 1308 ultimum,

2225 1352 2350 1393 eum
2380 1337 2522 1392 Deus
2547 1338 2865 1404 praeceperit
2886 1336 2965 1391 eis
2999 1351 3067 1391 ne
3087 1336 3229 1389 ultra
3261 1335 3499 1390 redirent
3523 1336 3592 1391 ad
3631 1335 3814 1407 Egy-

2224 1437 2395 1498 ptum,
2419 1435 2726 1497 contempto
2754 1427 2883 1501 Deo,
2908 1427 3072 1482 etiam
3095 1440 3328 1497 corpore
3361 1427 3566 1482 reversi
3597 1437 3725 1482 sunt
3753 1430 3817 1482 in

2225 1515 2535 1587 Egyptum,
2568 1518 2625 1569 et
2649 1515 3025 1589 habitaverunt
3051 1515 3146 1569 ibi.

2298 1625 2317 1657 ι
2353 1606 2418 1659 Ει
2443 1606 2644 1659 oblitus
2689 1614 2772 1659 est
2816 1603 2980 1659 Israel
3020 1603 3244 1660 factoris
3284 1605 3390 1670 sui,
3423 1614 3479 1660 et
3516 1603 3820 1661 aedificavi!

2223 1696 2465 1751 delubra.
2501 1715 2531 1747 »ι
2550 1695 2764 1749 Israelis
2790 1696 3008 1750 nomine
3047 1695 3129 1763 (ut
3165 1710 3306 1765 saepe
3332 1696 3534 1751 dictum
3563 1697 3671 1767 est)
3691 1713 3817 1751 om-

2224 1787 2308 1841 nis
2354 1786 2582 1857 populus
2634 1785 2952 1856 intelligitur
2999 1786 3185 1841 decem
3241 1786 3496 1851 tribuum,
3531 1803 3575 1841 ar
3609 1785 3818 1854 majori

2222 1885 2377 1946 parte
2399 1892 2593 1932 nomen
2617 1877 2903 1946 pristinum
2946 1877 3204 1931 retinens.
3254 1876 3355 1944 Qui
3377 1876 3574 1932 oblitus
3597 1877 3814 1933 cultum

2222 1967 2317 2022 Dei
2343 1969 2446 2033 sui,
2479 1969 2532 2022 in
2558 1969 2830 2024 montibus
2863 1976 2918 2023 et
2946 1966 3179 2025 collibus
3203 1977 3259 2023 et
3285 1968 3384 2023 sub
3412 1970 3688 2024 umbrosis
3712 1986 3815 2024 ar-

2222 2060 2445 2115 boribus
2483 2060 2687 2114 Baalim
2731 2068 2788 2114 et
2810 2054 3092 2125 ;Astarotb'
3129 2058 3343 2128 aliaque
3374 2058 3512 2113 idola
3539 2058 3732 2124 coluit,
3752 2070 3815 2115 et

2222 2151 2609 2207 aediﬁcavit-ibi
2643 2151 2890 2215 delubra,
2936 2152 3041 2206 hoc
3065 2158 3172 2215 est,
3199 2149 3399 2219 templa
3429 2150 3654 2205 deorum
3678 2165 3811 2205 cou-

2222 2243 2441 2297 struxit.
2493 2261 2512 2293 ‹
2547 2243 2613 2296 Et
2652 2242 2821 2297 Iudas
2854 2240 3235 2311 multiplieavit
3280 2240 3444 2294 urbes
3490 2239 3748 2296 munitas.
3784 2261 3811 2292 ι

2222 2329 2450 2387 Nomine
2472 2330 2623 2387 Iudae
2648 2332 2768 2386 dua:
2807 2331 2986 2385 tribus
3027 2329 3384 2398 accipiuntur,
3412 2326 3579 2383 ludas
3600 2328 3815 2383 scilicet

2222 2437 2288 2477 ac
2311 2422 2613 2491 Beniamin,
2642 2436 2763 2476 cum
2805 2421 2947 2475 tribu
2976 2417 3314 2477 sacerdotali.
3350 2416 3453 2483 Qui
3477 2432 3600 2471 cum
3642 2416 3813 2470 vidis-

2222 2522 2348 2568 sent
2393 2513 2661 2568 Israelem.
2689 2528 2720 2566 a
2765 2511 2862 2566 Dei
2913 2525 3098 2566 amore
3146 2510 3458 2573 recessiSSe,
3485 2517 3542 2563 et
3589 2510 3813 2565 visitata

2221 2616 2411 2656 eorum
2442 2611 2689 2671 peccata,
2722 2616 2829 2656 non
2857 2608 2984 2655 sunt
3005 2599 3249 2655 conversi
3276 2599 3345 2653 ad
3371 2596 3681 2661 Dominum,
3713 2598 3812 2652 sed

2222 2690 2626 2745 aadificaverunt
2661 2689 2763 2743 sibi
2790 2689 2951 2744 urbes
2990 2687 3242 2747 munitas.
3275 2687 3471 2756 quibus
3495 2696 3805 2751 tuerentur;

2224 2782 2318 2837 sed
2350 2780 2487 2835 nihil
2518 2781 2596 2835 eis
2618 2779 2838 2850 profuit,
2868 2780 2993 2850 quia
3039 2779 3179 2833 sicut
3202 2778 3425 2833 historia
3446 2777 3655 2847 Regum
3685 2795 3811 2832 nar-

2224 2878 2333 2929 rat.
2367 2869 2781 2939 quadragesimo
2827 2884 2969 2923 anno
3015 2866 3259 2922 Ezechia:
3307 2868 3556 2922 ascendit
3600 2866 3812 2922 Senna-

2223 2958 2435 3024 cherib,
2457 2967 2514 3013 et
2538 2960 3008 3013 destruxitomnes
3029 2958 3275 3012 civitates
3303 2959 3561 3021 munitas,
3590 2967 3648 3013 et
3664 2958 3812 3027 cepit

2223 3066 2338 3107 eas.
2371 3051 2525 3107 Unde
2539 3050 2885 3122 snbjungitur
2918 3069 2931 3105 :
2979 3068 2999 3101 ι
3030 3050 3096 3104 Et
3138 3049 3348 3105 mittam
3375 3051 3552 3119 ignem
3596 3049 3651 3103 iu
3677 3050 3802 3104 civi-

2226 3151 2367 3198 tates
2415 3144 2552 3213 ejus,
2607 3150 2664 3197 et
2711 3140 2989 3197 devorabit
3022 3141 3166 3197 aedes
3195 3139 3331 3208 ejus.
3362 3160 3381 3194 ι
3428 3140 3571 3208 Ignis
3607 3140 3811 3209 quippe

538 3225 707 3290 mino,
736 3225 830 3280 sed
883 3240 981 3279 suo
1013 3224 1187 3278 ventri
1217 3223 1634 3279 immolaverunt
1669 3239 1763 3278 eas
1807 3232 1862 3277 et
1890 3226 2111 3294 gutturi.

2226 3195 2463 3290 vocatur:
2476 3233 2868 3298 Sennaeberib,
2898 3233 2990 3302 qui
3012 3233 3260 3288 civitates
3295 3242 3351 3288 et
3378 3232 3539 3295 a-des,
3564 3232 3671 3287 hoc
3691 3243 3809 3297 est,

538 3320 709 3375 Omne
730 3319 875 3375 enim
901 3320 1136 3373 studium
1163 3334 1317 3373 suum
1366 3319 1419 3372 in
1451 3319 1554 3373 hoc
1576 3317 1865 3381 habebant,
1915 3325 1975 3369 ut
2019 3316 2118 3385 ipsi

538 3412 744 3468 hostias
769 3393 1138 3485 comederent,
1170 3423 1275 3463 non
1306 3416 1366 3462 ut
1403 3422 1498 3478 per
1541 3424 1634 3462 eas
1683 3407 1909 3461 Domino
1937 3406 2117 3476 place-

539 3513 677 3557 rent.
736 3502 986 3555 Hmretici
1034 3516 1249 3572 quoque
1301 3501 1666 3571 multiplicant
1734 3502 1834 3557 sibi
1885 3502 2116 3569 altaria,

535 3592 753 3664 quando
776 3592 1060 3646 veritatem
1085 3592 1417 3657 deserentes,
1453 3592 1600 3647 varia
1640 3593 1742 3647 sibi
1786 3604 2120 3664 componunt

538 3685 809 3753 dogmata,
838 3698 943 3736 non
981 3683 1046 3736 ad
1073 3682 1395 3752 placandum
1420 3683 1613 3748 Deum,
1641 3684 1734 3738 sed
1783 3685 1851 3739 ad
1896 3685 2116 3741 irritan-

536 3774 685 3825 dum.
728 3770 1005 3841 Siquidem
1056 3770 1229 3826 altare
1277 3781 1472 3827 sanctm
1525 3773 1779 3828 Ecclesiae
1806 3791 1970 3829 unum
2014 3785 2113 3842 est,

536 3864 662 3918 licet
684 3878 779 3934 per
793 3864 1006 3932 diversa
1022 3863 1170 3919 orbis
1195 3874 1456 3918 terrarum
1479 3865 1593 3919 loca
1610 3865 1779 3919 multa
1804 3878 2120 3921 construan-

538 3964 625 4009 tur
683 3953 870 4008 altaria
907 3993 923 4018 ,
973 3954 1113 4009 sicut
1177 3970 1281 4008 una
1329 3953 1478 4015 fides.
1534 3970 1701 4009 unum
1742 3965 1797 4010 et
1849 3956 2115 4026 baptisma

536 4046 831 4102 secundum
863 4046 1013 4101 Pauli
1047 4046 1273 4117 apostoli
1301 4047 1515 4117 dogma.
1548 4045 1700 4114 Quod
1727 4048 1850 4100 dum
1875 4048 2115 4104 haeretici

536 4139 817 4204 deserunt,
849 4140 1068 4209 gravius
1095 4138 1348 4193 delictum
1388 4139 1688 4194 incurrunt.
1719 4139 1873 4194 Unde
1895 4150 1949 4194 et
1972 4141 2118 4212 leges

534 4232 627 4286 Dei
659 4247 765 4285 non
798 4240 1076 4285 merentur
1121 4232 1387 4299 accipere,
1433 4232 1561 4301 quia
1609 4247 1703 4288 eas
1732 4249 1868 4303 quas
1897 4248 2118 4304 accepe-

531 4338 657 4384 rant
685 4336 829 4393 ante,
862 4335 1328 4396 contempserunt,
1366 4330 1455 4396 qui
1488 4345 1650 4384 unam
1674 4339 1728 4384 et
1754 4348 1938 4386 veram
1966 4333 2116 4389 Chri-

534 4422 604 4475 sti
653 4414 900 4490 corporis
944 4419 1179 4474 hostiam
1215 4410 1543 4486 deserentes,
1602 4424 1785 4479 varias
1836 4425 2116 4482 immolant

2227 3328 2419 3383 domos
2456 3336 2566 3380 tam
2590 3325 2832 3395 publicas
2862 3339 3037 3395 quam
3051 3325 3215 3380 etiam
3242 3326 3479 3396 privatas
3506 3325 3805 3389 destruxit,

2227 3426 2283 3474 et
2307 3418 2432 3489 igne
2457 3416 2773 3473 combussit.
2804 3417 2905 3484 Qui
2944 3417 2988 3471 si
3026 3418 3092 3471 ad
3120 3419 3405 3474 haereticos
3446 3418 3564 3472 haec
3612 3425 3672 3472 ut
3707 3433 3809 3473 ca:-

2227 3519 2339 3565 tera
2374 3509 2739 3573 retulerimus,
2790 3517 2845 3562 et
2872 3508 3185 3576 iniquitates
3230 3523 3352 3578 qua:
3394 3509 3477 3564 eis
3504 3509 3556 3563 in
3605 3509 3784 3578 baptis

2226 3608 2372 3656 male
2401 3599 2615 3653 fuerant
2640 3598 2896 3664 dimissae,
2928 3608 2989 3654 et
3023 3614 3162 3653 nova
3189 3601 3270 3655 eis
3295 3608 3519 3670 peccata
3542 3615 3663 3670 qua:
3684 3608 3801 3670 post

2184 3721 2188 3727 -
2224 3692 2552 3761 baptismum
2579 3699 2826 3761 egerunt,
2847 3691 3204 3762 imputantur,
3231 3700 3287 3746 et
3310 3692 3547 3747 vindicta
3575 3692 3657 3747 eis
3682 3695 3805 3745 red-

2223 3780 2390 3846 ditur,
2412 3796 2478 3836 eo
2500 3781 2641 3851 quod
2663 3781 2731 3836 ad
2753 3780 3064 3851 Egyptum,
3095 3781 3196 3835 hoc
3220 3788 3305 3837 est
3324 3781 3391 3836 ad
3414 3781 3669 3835 tenebras
3690 3780 3782 3834 inti

2224 3873 2479 3939 delitatis,
2511 3890 2542 3928 a
2567 3871 2764 3943 quibus
2784 3887 2882 3942 per
2899 3872 3293 3928 confessionem
3314 3872 3515 3927 Christi
3537 3873 3804 3937 exierant,

2224 3965 2333 4020 sint
2357 3965 2583 4030 reversi,
2614 3964 2995 4019 obliviscentes
3019 3963 3117 4019 Dei
3141 3964 3247 4029 sui,
3278 3973 3335 4018 et
3361 3964 3518 4019 varia
3541 3964 3805 4035 tingentes

2224 4055 2472 4120 delubra,
2518 4056 2622 4111 hoc
2646 4062 2747 4120 est,
2784 4053 3034 4109 falsitatis
3062 4053 3329 4124 dogmata.
3373 4052 3540 4108 indas
3568 4069 3807 4123 quoque,

2224 4145 2278 4200 id
2306 4153 2391 4200 est
2438 4145 2522 4198 vir
2564 4143 2979 4206 ecclesiasticus,
3013 4144 3067 4197 in
3116 4143 3277 4198 malis
3322 4142 3578 4212 operibus
3620 4142 3706 4196 vel
3751 4143 3809 4197 in

2223 4244 2538 4292 sanctarum
2560 4288 2565 4297 ,
2585 4233 2988 4303 Scripturarum
3038 4233 3481 4302 interpretatione
3520 4248 3807 4303 perversa,

2221 4329 2451 4385 mdifieat
2477 4328 2586 4383 sibi
2630 4328 2795 4382 urbes
2838 4325 3099 4388 munitas,
3144 4340 3254 4380 non
3305 4324 3507 4380 auxilio
3548 4326 3667 4390 Dei,
3708 4326 3803 4380 sed

2225 4419 2449 4475 artificis
2477 4416 2780 4482 mendacio,
2813 4415 2940 4470 dum
2967 4415 3295 4485 scripturam
3316 4414 3455 4469 male
3475 4414 3803 4484 intelligens,

534 4509 804 4574 victimas,
848 4525 947 4580 pro
977 4509 1130 4563 libito
1158 4525 1254 4563 suo
1277 4512 1622 4566 comedentes
1650 4521 1706 4567 et
1734 4528 2116 4574 consecrantes
2145 4550 2194 4610 υ
2224 4510 2550 4567 testimoniis
2585 4510 2784 4564 diViniS
2814 4523 2945 4565 8008
2972 4507 3165 4563 ηίιίῑιιι·
3206 4506 3530 4564 conﬁrmare
3566 4522 3804 4570 CPI‘OI'CS.

535 4600 788 4670 mysteria
812 4599 1033 4654 Christi.
1074 4597 1224 4653 Unde
1246 4600 1504 4670 quidquid
1547 4599 1794 4669 fecerint,
1821 4604 2117 4679 eleemosy-

535 4708 660 4747 nam
712 4691 957 4757 scilicet,
1013 4690 1397 4757 humilitatem,
1452 4693 1763 4763 pudicitiam
1815 4706 2117 4769 cazteraque

534 4784 792 4838 virtutum
817 4799 980 4855 opera
1007 4783 1350 4847 exhibentes,
1383 4799 1481 4853 pro
1511 4785 1679 4841 nihilo
1705 4803 1734 4841 a
1766 4789 1874 4843 Deo
1914 4790 2116 4845 ducun-

537 4888 639 4931 tur.
673 4874 784 4930 Nec
823 4876 1026 4945 aliquid
1058 4875 1124 4929 de
1173 4873 1478 4941 huiusmodi
1526 4862 1808 4932 sacrificiis
1856 4878 2116 4935 Dominus

534 4968 809 5036 suscipiet,
862 4968 986 5037 quia
1022 4982 1127 5020 non
1179 4966 1295 5031 Dei,
1334 4967 1426 5021 sed
1466 4983 1616 5022 suam
1650 4968 1701 5021 in
1753 4969 1838 5023 his
1887 4970 2112 5040 gloriam

533 5066 803 5129 qumrunt.
838 5075 858 5110 ι
885 5056 1037 5111 Nunc
1066 5056 1441 5112 recordaltitur
1467 5057 1780 5127 iniquitates
1825 5074 2034 5124 eorum,
2058 5067 2114 5114 et

533 5150 774 5205 visitabit
799 5157 1020 5220 peccata
1047 5162 1257 5202 eorum.
1292 5166 1309 5197 ι
1346 5146 1575 5202 Interest
1602 5147 1806 5218 aliquid
1843 5148 1984 5203 inter
2014 5148 2115 5202 ini-

533 5244 797 5313 quitatem
825 5247 880 5294 et
923 5247 1224 5308 peceatum.
1271 5238 1530 5308 Iniquitas
1576 5238 1721 5291 enim
1745 5244 1829 5292 est
1852 5237 2113 5308 quidquid

534 5342 659 5388 ante
698 5331 936 5387 divinam
989 5329 1347 5384 committitur
1389 5329 1773 5399 cognitionem.
1822 5327 2110 5383 Peccatum

536 5439 682 5485 vero,
706 5423 848 5492 quod
876 5429 999 5491 post
1042 5420 1213 5490 legem
1242 5427 1603 5489 perpetratur,
1630 5419 1776 5488 quod
1806 5419 1967 5474 etiam
1990 5434 2114 5491 gra-

536 5515 654 5568 vius
701 5514 983 5583 accipitur.
1032 5512 1185 5569 Unde
1210 5522 1329 5566 est:
1361 5528 1379 5560 ι
1437 5511 1585 5565 Beati
1612 5526 1841 5579 quorum
1875 5512 2112 5566 remissa:

536 5615 661 5663 sunt
685 5606 1011 5675 iniquitates,
1035 5613 1092 5659 et
1115 5618 1342 5673 quorum
1380 5611 1518 5655 tecta
1560 5610 1685 5655 sunt
1711 5611 1951 5672 peccata.
1987 5622 2002 5653 ι
2048 5602 2112 5656 Et

536 5701 624 5767 qui
667 5699 717 5751 in
743 5696 948 5749 delictis
974 5703 1308 5764 permanent,
1351 5693 1662 5761 iniquitates
1700 5709 1886 5748 eorum
1932 5692 2111 5745 Domi-

536 5808 635 5844 nus
669 5788 997 5852 recordatur,
1016 5786 1021 5793 '
1043 5801 1178 5853 quas
1206 5795 1331 5839 ante
1362 5784 1529 5855 legem
1558 5785 1958 5846 commiserant,
1988 5799 2110 5854 pec-

2220 4616 2357 4671 quos
2384 4598 2643 4654 Dominus
2675 4598 2800 4670 igne
2839 4597 2924 4653 sui
2963 4597 3186 4669 spiritus
3211 4596 3520 4662 succendet,
3545 4607 3603 4653 et
3620 4597 3690 4651 ad
3719 4598 3804 4652 ni-

2222 4693 2389 4750 hilum
2415 4692 2657 4748 deducet.

2817 4820 3044 4878 CAPUT
3099 4818 3191 4875 IX.

2294 4975 2311 5005 ε
2355 4954 2470 5009 Noli
2504 4952 2699 5018 lactari,
2737 4951 2922 5016 Israel,
2963 4951 3070 5005 noli
3116 4950 3390 5005 exsultare
3433 4948 3575 5004 sicut
3593 4949 3809 5019 pepuli,

2215 5047 2341 5117 quia
2367 5046 2658 5100 fornicatus
2677 5059 2737 5099 es
2757 5058 2790 5097 a
2811 5044 2919 5097 Deo
2942 5051 3051 5097 tuo.
3085 5061 3103 5094 ι
3129 5041 3318 5111 P0puli
3342 5041 3622 5096 nationum
3648 5041 3801 5111 igno-

2218 5145 2398 5191 rantes
2422 5136 2511 5190 Dei
2541 5134 2811 5198 notitiam,
2837 5142 2893 5188 et
2915 5132 3062 5186 varia
3084 5131 3325 5187 colentes
3347 5131 3650 5186 dmmonum
3678 5144 3803 5198 por-

2216 5238 2386 5295 tenta,
2411 5227 2732 5283 Izalabantur
2759 5225 2829 5279 ibi
2853 5242 2866 5278 :
2898 5223 3040 5293 quod
3069 5223 3312 5277 videntes
3338 5220 3597 5277 Israelita:
3623 5229 3680 5273 et
3700 5220 3804 5289 ipsi

2215 5336 2429 5393 quoque
2447 5325 2727 5388 emperunt
2750 5316 2984 5387 gaudere
3002 5314 3055 5369 in
3077 5314 3287 5368 cultura
3310 5313 3532 5368 deorum
3552 5322 3804 5373 suorum,

2219 5430 2285 5469 eo
2316 5414 2460 5484 quod
2489 5410 2692 5466 similes
2718 5417 2902 5464 essent
2948 5407 3217 5479 gentibus,
3266 5412 3517 5475 putantes
3563 5418 3623 5473 se
3663 5417 3803 5473 pace

2221 5507 2348 5568 frui,
2376 5503 2539 5557 veluti
2573 5510 2783 5556 caeteras
2809 5507 3016 5569 gentes.
3043 5497 3249 5552 Idcirco
3271 5495 3469 5550 dicitur
3501 5493 3550 5548 ei
3578 5510 3593 5573 ς
3631 5512 3649 5543 ι
3680 5491 3802 5547 Noli

2219 5596 2409 5659 hetari,
2450 5592 2634 5653 Israel.
2673 5612 2690 5642 ι
2725 5591 2852 5661 quia
2882 5588 3153 5645 recessisti
3182 5604 3211 5641 a
3259 5602 3364 5641 me.
3396 5584 3513 5640 Non
3538 5584 3681 5639 enim
3708 5583 3805 5639 ditt

2214 5703 2404 5760 pacem
2451 5685 2533 5755 (ut
2573 5680 2828 5747 aestimas)
2870 5679 3111 5740 habebis,
3159 5686 3379 5747 propter
3427 5676 3528 5730 hoc
3556 5673 3803 5743 quiuimo

2218 5780 2462 5852 captivus
2518 5775 2753 5839 duceris,
2804 5781 2861 5826 ut
2915 5781 3137 5841 peccata
3192 5781 3278 5825 tua
3335 5767 3645 5837 puniantur,
3706 5780 3799 5837 qut
