4022 6436
203 444 281 504 65
1264 424 1662 486 ENARRATIO
1701 421 1766 477 lN
1805 420 1981 476 OSEE
2017 416 2456 475 PROPIIETAM.
3022 454 3035 467 κ
3399 410 3472 465 66

205 560 342 617 mihi
372 555 653 616 genitalis
678 567 902 610 censum
935 547 1246 619 impendere
1290 543 1496 606 volens,
1530 539 1704 594 factus
1725 552 1784 593 es
1816 541 1860 596 A
1890 533 2241 588 comedebat"
2278 545 2448 600 usque
2477 530 2543 585 ad
2566 530 2852 600 septimum
2877 528 3038 585 diem.
3072 526 3249 582 Prima
3271 525 3471 597 quippe

205 654 353 708 sicut
377 648 554 721 populi
585 647 677 717 qui
708 644 960 716 ignorant
991 656 1098 704 me,
1147 639 1238 707 qui
1269 638 1433 691 etiam
1464 635 1518 688 in
1548 632 1660 687 suis
1688 630 1794 684 diis

204 741 463 795 laetantur
484 746 539 793 et
566 736 816 807 gaudent.
853 731 970 788 Noli
993 744 1121 801 ergo
1147 727 1402 798 gaudere,
1448 724 1576 795 quia
1621 722 1790 777 forni-

206 841 368 889 catus
397 846 457 886 es
483 844 514 883 a
544 829 653 883 Deo
682 835 795 887 tuo,
836 833 891 879 et
929 822 1038 878 noli
1090 830 1139 876 te
1163 829 1357 890 putare
1403 817 1563 873 talem
1588 824 1646 869 nt
1667 822 1792 869 sunt

207 932 422 980 (πίει-ω
450 928 660 993 gentes,
685 916 941 986 quoniam
969 913 1126 967 aliter
1147 911 1393 967 nesciens
1419 907 1609 969 Deum,
1640 904 1795 959 aliter

209 1023 394 1068 autem
424 1011 646 1081 punitur
698 1006 955 1062 recedens
991 1020 1020 1057 a
1066 1004 1197 1059 Deo.
1231 1001 1430 1056 Servus
1480 1007 1657 1053 autem
1701 995 1791 1065 qui

210 1105 316 1161 scit
343 1103 675 1159 voluntatem
702 1098 905 1155 domini
932 1096 1036 1161 sui,
1066 1104 1121 1151 et
1146 1110 1253 1151 non
1285 1094 1413 1150 facit
1459 1108 1603 1156 eam,
1630 1104 1794 1159 vapu-

210 1196 345 1251 labit
384 1194 633 1250 multum.
687 1208 706 1243 ‹
756 1187 997 1244 Dilexisti
1044 1187 1347 1242 mercedem
1398 1197 1561 1254 super
1606 1195 1794 1235 omnes

211 1303 369 1344 areas
391 1285 577 1341 tritici.
613 1304 632 1336 ι
680 1281 785 1337 Per
834 1294 989 1335 areas
1015 1287 1072 1335 et
1114 1279 1374 1341 triticum,
1413 1272 1795 1330 abundantiam

210 1380 455 1434 omnium
485 1392 665 1433 rerum
712 1373 1093 1442 intelligamus,
1145 1371 1339 1441 quibus
1389 1368 1528 1422 idem
1571 1365 1797 1437 populus

212 1468 515 1532 fruebatur,
539 1481 658 1536 quae
680 1464 858 1520 omnia
882 1461 1104 1534 putabat
1130 1462 1230 1516 sibi
1252 1474 1372 1514 esse
1391 1459 1513 1512 data
1537 1472 1636 1526 pro
1656 1470 1797 1510 mer-

212 1560 364 1623 cede.
411 1573 477 1613 eo
504 1556 646 1627 quod
676 1554 934 1610 derelicto
989 1554 1099 1608 Deo
1145 1552 1372 1621 cmperit
1414 1549 1551 1605 idola
1597 1548 1793 1621 colere.

214 1649 410 1723 Omnia
431 1649 574 1705 enim
598 1663 718 1718 qua:
744 1662 775 1701 a
797 1647 907 1701 Deo
931 1652 1271 1715 perceperat,
1301 1641 1456 1697 idolis
1485 1636 1801 1710 deputabat,

212 1756 377 1811 quam
434 1741 504 1794 ob
559 1754 675 1793 rem
718 1736 864 1806 justo
908 1735 1002 1790 Dei
1048 1734 1256 1803 judicio
1307 1733 1423 1787 haec
1476 1730 1662 1787 omnia
1718 1730 1800 1784 eis

215 1829 416 1885 auferri
443 1830 742 1893 minantur,
774 1842 895 1881 cum
924 1824 1172 1879 subditur
1196 1841 1208 1876 :

1890 625 1979 679 die
2005 623 2207 678 ﬂebant
2236 631 2528 685 mortuum,
2559 622 2735 674 adhuc
2762 621 2814 675 in
2845 621 3034 674 eadem
3085 621 3246 675 domo
3284 619 3472 689 jacen-

1894 721 2021 766 tem.
2042 712 2172 766 Post
2207 708 2361 778 cujus
2402 707 2731 779 sepulturam
2760 707 3019 763 feretrum
3066 708 3120 762 in
3159 707 3339 762 medio
3375 721 3472 777 po-

1892 804 2139 863 nebatur,
2173 810 2225 857 et
2254 801 2406 870 quasi
2454 806 2719 868 prmsente
2760 807 2974 853 mortuo
3010 798 3470 853 lamentabantur.

1895 893 2203 949 Secundum
2252 892 2395 945 hanc
2442 891 2627 958 itaque
2674 889 3119 944 consuetudinem
3169 887 3300 943 dicit
3344 902 3474 957 pro-

1895 992 2057 1060 pheta
2076 1009 2087 1042 :
2110 1010 2127 1040 ι
2152 987 2631 1044 Sacrificiaeorum
2644 984 2797 1053 quasi
2818 983 2974 1052 panis
2994 983 3310 1054 lugentium,
3323 1001 3342 1033 ι
3360 982 3469 1037 etc.

1894 1081 1963 1136 Et
1987 1088 2069 1134 est
2105 1093 2295 1133 sensus
2320 1095 2332 1130 :
2363 1074 2533 1130 Sicuti
2562 1090 2623 1129 ca
2653 1089 2773 1144 qua:
2801 1073 2856 1127 in
2882 1073 3042 1127 domo
3074 1073 3269 1126 mortui
3295 1080 3473 1131 erant.

1896 1171 2170 1226 innnunda
2223 1168 2423 1223 fiebant
2476 1174 2680 1235 septem
2728 1165 2917 1219 diebus
2975 1164 3170 1234 quibus
3222 1163 3477 1234 lugebant

1896 1269 2188 1324 mortuum,
2216 1257 2461 1327 quisquis
2489 1256 2615 1311 inde
2654 1253 2978 1309 comedisset
3004 1260 3097 1305 aut
3125 1250 3350 1306 bibisset
3377 1252 3475 1305 im-

1896 1353 2129 1408 mundus
2156 1350 2339 1414 fiehat,
2364 1350 2442 1404 sic
2469 1348 2681 1403 illorum
2713 1346 2999 1409 sacrificia,
3045 1344 3137 1414 qui
3181 1343 3338 1398 idolis
3378 1342 3478 1397 im-

1897 1445 2120 1508 molant,
2172 1441 2447 1496 immunda
2474 1447 2619 1504 sunt,
2649 1447 2755 1493 tam
2800 1440 2913 1508 ipsa
2938 1451 3097 1506 quam
3122 1435 3213 1505 qui
3254 1449 3317 1488 ea
3347 1434 3478 1488 olfe—

1898 1546 2023 1591 runt
2047 1535 2131 1591 vel
2157 1533 2465 1590 comedunt.
2500 1552 2518 1584 ‹
2553 1531 2688 1598 Quia
2712 1532 2866 1601 panis
2886 1546 3071 1585 eorum
3111 1530 3305 1583 animm
3332 1529 3475 1596 ipso—

1899 1643 2076 1690 rum,»
2109 1626 2366 1681 subaudis
2394 1633 2750 1696 prteparatur,
2782 1625 2836 1678 id
2856 1630 2970 1687 'est,
3011 1624 3078 1677 ad
3109 1623 3209 1677 hoc
3243 1621 3478 1676 offerunt

1899 1731 2093 1788 panem
2142 1726 2196 1771 et
2237 1726 2431 1772 caetera
2478 1715 2657 1778 idolis,
2705 1723 2763 1767 ut
2793 1714 2916 1768 inde
2957 1713 3225 1768 satientur
3253 1721 3308 1766 et
3348 1728 3478 1782 gau—

1901 1808 2065 1863 deant
2095 1807 2147 1861 in
2173 1808 2425 1877 praesenti
2456 1807 2583 1859 vita.
2612 1805 2805 1859 Anima
2843 1804 2931 1859 hic
2957 1820 3054 1872 pro
3084 1804 3194 1857 vita
3225 1802 3477 1872 praesenti

292 1939 311 1971 ι
345 1920 488 1975 Area
533 1927 589 1973 ει
618 1892 853 1972 ιρι-ωιτη·
880 1932 987 1970 non
1035 1920 1221 1983 pascet
1246 1926 1359 1974 eas,
1392 1928 1410 1962 ι
1463 1908 1516 1964 id
1541 1915 1643 1973 est,
1676 1906 1799 1961 mit-
1826 1892 1872 1952 B
1900 1899 2142 1969 ponitur,
2164 1898 2304 1953 sicut
2336 1897 2474 1952 solet
2499 1898 2614 1951 fieri
2642 1897 2696 1950 in
2729 1897 2910 1951 divino
2939 1896 3174 1965 eloquio,
3205 1897 3344 1950 unde
3373 1903 3478 1958 est,

216 2013 333 2064 tam
369 2009 477 2063 illis
530 2007 758 2077 inopiam
791 2005 970 2070 famis,
1022 2004 1158 2058 utin
1192 2003 1334 2057 areis
1361 2016 1466 2055 non
1496 1998 1799 2055 inveniatur

215 2084 484 2163 triticum,
513 2112 684 2168 neque
710 2098 765 2152 in
789 2096 1149 2152 torcularibus
1178 2094 1384 2147 vinum.
1415 2091 1567 2160 Quod
1596 2089 1796 2143 factum

216 2207 342 2247 esse
365 2198 576 2246 constat
607 2190 937 2259 temporibus
969 2187 1099 2241 Elize
1125 2196 1181 2241 et
1210 2184 1396 2251 Elisei,
1424 2182 1640 2254 quando
1678 2196 1795 2234 ma-

217 2293 353 2346 tres.
385 2290 613 2352 cogente
636 2280 800 2346 fame,
820 2279 1051 2333 filiorum
1081 2293 1298 2333 suorum
1322 2272 1673 2330 cadaveribus
1701 2287 1797 2340 pa-

216 2377 529 2431 scebantur.
566 2393 583 2426 ι
614 2374 679 2427 Ει
715 2372 898 2427 vinum
928 2369 1222 2425 mentietur
1266 2368 1366 2432 eis,
1397 2385 1415 2417 ι
1452 2365 1508 2419 id
1536 2371 1621 2418 est
1664 2361 1797 2417 defi-

221 2466 351 2530 ciet,
402 2480 504 2519 nec
528 2464 635 2519 erit
662 2464 714 2518 in
745 2464 916 2518 vineis
939 2470 1036 2517 aut
1061 2459 1438 2521 torcularibus,
1465 2456 1605 2511 sicut
1647 2461 1802 2524 puta-

218 2556 366 2611 bant.
402 2556 611 2611 Dicitur
642 2564 699 2610 et
728 2552 998 2609 haereticis
1040 2566 1107 2605 ne
1151 2548 1439 2622 gaudeant,
1469 2546 1559 2616 qui
1611 2550 1803 2615 putant

216 2664 279 2704 se
304 2648 510 2703 similes
548 2662 670 2703 esse
720 2645 993 2718 gentibus,
1040 2643 1166 2697 dum
1206 2640 1276 2694 ab
1303 2638 1508 2694 unitate
1547 2634 1803 2690 Ecclesia:

218 2740 501 2803 recedunt,
532 2738 789 2809 quoniam
837 2736 928 2805 qui
959 2735 1077 2790 sine
1108 2733 1222 2802 lege
1268 2736 1650 2801 peccaverunt,
1683 2726 1802 2780 sine

218 2829 339 2901 lege
378 2819 659 2899 peribunt,
703 2825 795 2896 qui
844 2833 1025 2879 autem
1072 2831 1196 2892 post
1224 2820 1321 2875 Dei
1351 2817 1598 2874 notitiam
1626 2829 1804 2869 reces-

217 2920 396 2975 serint
425 2936 456 2973 a
488 2928 635 2974 recta
690 2917 816 2981 fide,
857 2914 1075 2987 gravius
1126 2912 1434 2982 punientur.
1490 2907 1592 2975 Qui
1638 2906 1802 2960 etiam

220 3009 613 3079 temporalibus
667 3007 824 3062 bonis
873 3003 1225 3067 abundantes,
1274 3015 1398 3053 area
1442 3007 1497 3052 et
1547 2996 1803 3051 torculari

220 3108 477 3170 (corpore
500 3099 709 3154 scilicet
733 3108 787 3153 et
817 3094 1077 3166 sanguine
1111 3090 1335 3161 Christi)
1368 3104 1471 3143 non
1499 3088 1768 3143 satiantur
1787 3124 1803 3151 ,

217 3192 351 3261 quia
380 3190 508 3244 dum
553 3189 767 3260 indigne
814 3185 1124 3247 comedunt,
1155 3189 1472 3253 perpetuum
1526 3178 1726 3233 luctum
1752 3184 1807 3231 et

218 3296 435 3355 aeterna
460 3280 560 3336 sibi
590 3287 855 3334 tormenta
883 3283 1203 3347 praeparant.

305 3395 324 3427 ι
356 3374 472 3429 Non
505 3373 823 3428 babitabunt
851 3370 905 3424 in
950 3377 1095 3423 terra
1126 3364 1357 3421 Domini.
1389 3384 1408 3416 ι
1466 3361 1582 3418 Non
1631 3360 1803 3417 solum

220 3467 511 3540 penuriam
540 3464 700 3519 famis
722 3463 1003 3533 patientur
1036 3460 1091 3514 in
1123 3469 1289 3524 terra,
1330 3472 1492 3528 quam
1521 3471 1549 3508 a
1580 3455 1807 3509 Domino

220 3566 577 3630 acceperunt,
602 3557 693 3611 sed
724 3555 889 3610 etiam
920 3554 973 3608 in
1002 3551 1368 3621 captivitatem
1391 3549 1679 3611 ducentur,
1708 3561 1810 3600 nec

220 3657 459 3722 possunt
484 3646 730 3703 habitare
759 3646 812 3700 in
838 3654 1003 3708 terra,
1034 3657 1195 3713 quam
1225 3641 1338 3695 suis
1374 3639 1665 3694 sceleribus
1691 3637 1807 3707 pol-

222 3744 472 3797 luerunt.
524 3758 543 3790 «
578 3739 848 3794 Reversus
896 3743 979 3790 est
1034 3733 1294 3803 Ephraim
1340 3731 1394 3784 in
1436 3728 1749 3800 Egyptum.
1787 3744 1806 3777 ι

225 3832 508 3889 Subaudis
528 3830 710 3895 corde,
740 3828 847 3892 vel,
875 3826 1017 3882 sicut
1040 3840 1201 3895 supra
1225 3823 1423 3877 dictum
1448 3830 1552 3886 est,
1572 3821 1701 3874 deos
1725 3834 1816 3873 eo-

224 3942 359 3980 rum
379 3922 621 3978 colendo.
645 3921 710 3975 Et
729 3921 783 3974 in
804 3917 1038 3990 Assyriis
1063 3916 1321 3987 pollutum
1344 3912 1597 3968 comedit.
1613 3932 1631 3963 ι
1664 3910 1816 3965 Sicut

225 4016 386 4072 enim
417 4013 472 4066 in
512 4021 654 4065 terra
705 4026 801 4065 sua
830 4008 1128 4078 idolothyta
1157 4007 1533 4070 comedebant,
1566 4005 1639 4059 ita
1671 4003 1814 4058 ducti

229 4106 300 4158 in
335 4099 725 4169 captivitatem,
748 4097 803 4149 in
827 4096 1063 4165 Assyriis
1082 4094 1364 4149 sacrificiis
1392 4094 1693 4148 daemonum
1728 4106 1821 4145 ve-

230 4195 571 4252 scebantur:
626 4182 748 4261 qua:
791 4189 918 4244 dum
979 4187 1135 4242 idolis
1185 4187 1568 4252 offerebantur,
1618 4185 1820 4256 polluta

233 4289 467 4347 ﬂebant.

323 4399 339 4431 ι
379 4376 495 4432 Non
521 4375 765 4430 libabunt
804 4373 1032 4429 Domino
1059 4372 1265 4438 vinum,
1296 4392 1315 4425 ι
1347 4372 1439 4427 sed
1470 4370 1820 4435 damonibus,

237 4491 259 4523 ι
299 4479 354 4523 et
390 4483 495 4522 non
517 4465 804 4538 placebunt
831 4465 902 4520 ei.
932 4481 951 4516 ι
982 4463 1166 4533 Neque
1191 4463 1334 4519 enim
1364 4463 1465 4532 ipsi
1495 4464 1549 4518 in
1571 4461 1822 4517 Chaldaea

235 4561 406 4633 positi
436 4558 662 4635 Domino
702 4557 885 4611 vinum
914 4554 1084 4609 libare
1113 4562 1381 4625 poterant,
1423 4568 1529 4607 non
1559 4551 1819 4608 habentes

241 4653 504 4723 templum
529 4649 611 4706 vel
639 4651 830 4715 altare,
879 4649 931 4703 in
973 4663 1082 4719 quo
1116 4648 1231 4702 haec
1280 4645 1539 4701 facerent.
1569 4663 1587 4696 ι
1641 4643 1822 4700 Sacri-

242 4747 368 4802 ficia
395 4760 583 4801 eorum
614 4743 765 4813 quasi
796 4741 950 4812 panis
977 4741 1288 4812 lugentium.
1319 4723 1520 4795 Omnes
1559 4736 1649 4807 qui
1677 4752 1823 4791 com-

243 4841 415 4895 edunt
456 4852 602 4901 eum,
630 4833 1159 4891 contaminahuntnr.
1194 4851 1212 4904 ξ
1251 4830 1407 4899 Apud
1449 4828 1664 4885 Iudaeos
1700 4843 1822 4883 cum

247 4946 351 5001 pro
383 4938 597 4985 mortuo
650 4925 975 4982 sacrificium
1022 4922 1371 4986 offerebatur,
1422 4921 1669 4990 quisquis
1700 4919 1825 4974 inde

250 5020 600 5082 comedisset,
630 5015 939 5072 immundus
965 5013 1128 5068 fiebat
1153 5021 1209 5067 et
1251 5011 1386 5080 ipse,
1410 5018 1465 5066 et
1497 5008 1824 5065 sacrificium

251 5111 398 5180 quod
431 5109 667 5164 oblatum
698 5106 889 5162 fuerat.
920 5105 1098 5175 Ipsum
1143 5102 1341 5173 quippe
1369 5099 1692 5157 sacriﬁcium
1735 5114 1829 5154 vo-

240 5210 412 5258 catur
448 5201 602 5270 panis
630 5198 944 5269 lugentium,
995 5202 1212 5266 propter
1241 5194 1344 5248 hoc
1384 5189 1656 5253 videlicet,
1700 5188 1829 5258 quia

255 5309 358 5366 pro
389 5301 601 5347 mortuo
626 5297 743 5345 erat
779 5287 1044 5350 oblatum,
1075 5286 1126 5339 in
1173 5284 1327 5354 cujus
1376 5291 1549 5337 morte
1576 5279 1829 5347 lugebant

260 5392 535 5455 parentes.
580 5380 789 5435 Aliter:
823 5377 936 5433 Mos
982 5377 1122 5446 apud
1148 5374 1362 5431 Judteos
1398 5372 1521 5437 fuit,
1555 5382 1827 5427 mortuum

259 5489 358 5545 per
401 5480 605 5541 septem
645 5470 761 5525 dies
800 5468 1020 5524 deﬂere.
1070 5466 1313 5534 Quaudiu
1358 5475 1537 5520 autem
1569 5464 1674 5519 hoc
1701 5479 1830 5533 age-

265 5563 767 5633 baturlamentum,
815 5559 1073 5629 quidquid
1102 5560 1155 5612 in
1183 5557 1341 5613 domo
1381 5555 1579 5611 mortui
1628 5571 1724 5627 per
1753 5571 1837 5612 se-

270 5664 413 5724 ptem
439 5653 556 5707 dies
579 5650 773 5720 quibus
801 5665 921 5705 eum
953 5648 1241 5711 deflebant,
1284 5647 1466 5712 fiebat,
1503 5646 1835 5701 immundum

271 5752 409 5798 erat.
454 5743 515 5798 Et
561 5739 807 5814 quisquis
830 5755 896 5794 ex
932 5739 1116 5793 eadem
1155 5739 1314 5793 domo
1365 5735 1707 5802 comedisset,
1754 5735 1839 5791 vel

276 5835 470 5905 aliquid
494 5840 760 5903 tangeret,
787 5830 1090 5885 immundus
1118 5828 1292 5883 fiebat.
1330 5818 1484 5883 Undc'
1506 5820 1839 5891 etvaliorsum

1899 1988 1999 2055 Qui
2024 1998 2169 2041 amat
2206 1988 2439 2041 animam
2465 2002 2641 2051 suam,
2669 1987 2859 2057 pendet
2882 2002 3023 2041 eam.
3054 2005 3073 2037 ι
3108 1984 3226 2042 Νοη
3257 1986 3481 2041 intrabit

1899 2080 1954 2134 in
1979 2079 2195 2134 domum
2231 2078 2461 2133 Domini.
2499 2098 2517 2130 ι
2551 2077 2689 2145 Quia
2717 2077 2966 2132 videlicet
2995 2093 3101 2131 non
3128 2077 3359 2132 Domino
3399 2072 3481 2131 of;

1899 2169 2089 2233 fertur,
2119 2170 2212 2224 sed
2251 2167 2602 2223 daemonibus.
2638 2167 2929 2223 Sciendum
2962 2177 3140 2222 autem
3170 2167 3293 2237 quia
3326 2169 3482 2238 panis

1899 2278 1998 2334 pro
2022 2263 2165 2317 omni
2197 2262 2319 2316 cibo
2346 2271 2400 2317 et
2423 2260 2688 2316 sacrificio
2727 2261 2963 2329 ponitur.
2996 2260 3071 2314 De
3102 2261 3373 2316 haereticis
3397 2258 3483 2313 fa-

1900 2354 2021 2409 cilis
2044 2362 2127 2410 est
2181 2354 2503 2417 intellectus,
2556 2353 2649 2424 qui
2686 2369 2794 2406 non
2833 2353 3079 2407 habitant
3109 2353 3162 2407 in
3190 2353 3351 2407 domo
3378 2352 3495 2409 Do~.

1902 2445 2056 2511 mini,
2089 2446 2193 2500 hoc
2215 2453 2319 2508 est,
2360 2444 2414 2497 in
2451 2442 2690 2498 Ecclesia
2720 2441 2978 2508 fideiium,
3007 2458 3125 2511 qua:
3150 2452 3370 2513 propter
3391 2458 3483 2499 so-

1902 2536 2167 2592 liditatem
2198 2537 2323 2591 fidei
2349 2551 2490 2606 saepe
2526 2544 2671 2590 terra
2717 2535 3035 2606 appellatur.
3083 2535 3219 2591 Hinc
3247 2534 3485 2590 Joannes

1903 2630 2071 2684 dicit:
2100 2649 2117 2680 ‹
2154 2628 2231 2682 Ex
2259 2628 2415 2683 nobis
2442 2627 2711 2690 exierunt,
2734 2628 2829 2683 sed
2855 2643 2959 2682 non
2983 2635 3136 2681 erant
3163 2642 3229 2681 ex
3260 2627 3435 2682 nobis.
3460 2647 3478 2678 ι

1903 2722 1971 2778 Ει
2004 2731 2344 2778 revertentur
2372 2723 2424 2775 in
2455 2720 2768 2792 Egyptum,
2817 2735 2979 2790 opera
3035 2717 3332 2774 infidelium
3363 2719 3486 2773 imi-

1904 2825 2102 2870 tantes.
2150 2814 2304 2870 Unde
2340 2821 2397 2869 et
2439 2813 2582 2869 inter
2621 2813 2874 2886 Assyrios
2924 2812 3123 2882 polluta
3174 2812 3484 2874 comedunt,

1905 2904 2030 2960 dum
2060 2905 2113 2959 in
2143 2904 2403 2959 societate
2425 2903 2729 2959 daemonum
2754 2902 3115 2973 voluptatibus
3148 2902 3262 2956 suis
3288 2901 3488 2955 satian-

1906 3003 2015 3057 tur,
2043 3011 2145 3050 nec
2165 2995 2335 3050 libant
2360 2993 2589 3049 Domino
2614 2994 2819 3057 vinum,
2853 2994 2978 3064 quia
3011 2992 3362 3063 spiritualiter
3380 3008 3486 3046 non

1907 3087 2155 3142 laetantur
2181 3089 2235 3142 in
2276 3089 2410 3157 ipso.
2448 3087 2601 3143 Unde
2629 3104 2734 3142 non
2775 3087 3064 3157 placebunt
3106 3088 3177 3149 ei.
3225 3087 3317 3142 sed
3344 3101 3490 3156 qum-

1907 3192 2121 3248 cunque
2169 3177 2435 3242 fecerint,
2490 3177 2767 3231 immunda
2817 3180 3225 3247 reputabuntur.
3279 3177 3389 3232 Nec
3435 3178 3491 3231 in

1907 3272 2126 3326 domum
2158 3269 2369 3324 Domini
2417 3269 2625 3322 intrare
2669 3276 2945 3338 poterunt,
2976 3269 3100 3339 quia
3146 3284 3306 3324 omne
3346 3270 3491 3339 quod

1907 3360 2112 3416 faciunt
2133 3368 2373 3415 vertetur
2405 3359 2457 3413 in
2486 3357 2730 3413 luctum:
2772 3358 2897 3428 quia
2933 3360 3000 3413 ad
3037 3359 3141 3414 hoc
3178 3358 3320 3415 bona
3359 3375 3491 3430 ope-

1908 3462 2117 3516 rantur,
2158 3459 2218 3506 ut
2241 3451 2401 3507 verba
2431 3450 2850 3520 praedicationis,
2889 3466 3010 3521 quae
3031 3451 3188 3521 panis
3219 3450 3494 3522 appellan-

1908 3551 2018 3607 tur,
2046 3543 2159 3598 suis
2185 3541 2528 3597 auditoribus
2557 3541 2893 3610 impendant,
2920 3551 2979 3596 ut
3004 3542 3057 3596 in
3090 3542 3340 3611 prmsenti
3365 3557 3495 3611 gau-

1911 3637 2092 3699 deant,
2117 3634 2483 3706 exspoliantes
2507 3634 2698 3689 domos
2722 3635 3001 3689 viduarum
3030 3650 3127 3690 sua
3150 3636 3487 3705 deceptione,

1911 3744 2031 3798 qua:
2070 3726 2415 3782 comedentes
2460 3726 2898 3805 contaminamur
2926 3740 2949 3780 ς
2993 3727 3120 3797 quia
3149 3729 3240 3795 qui
3293 3727 3494 3782 doctri-

1913 3833 2038 3873 nam
2079 3818 2457 3873 hmreticorum
2514 3816 2835 3885 suscipiunt,
2892 3815 3153 3869 immundi
3184 3815 3338 3869 ﬁunt.
3372 3815 3495 3870 Haa-

1913 3909 2206 3964 reticorum
2256 3908 2401 3963 enim
2440 3907 2795 3963 conciliabula
2849 3922 2955 3962 non
2985 3908 3178 3963 domus
3206 3908 3299 3962 Dei
3346 3918 3496 3975 sunt,

1916 4000 2009 4054 sed
2035 3997 2287 4068 spelunca
2310 3998 2578 4052 latronum
2605 3997 2956 4067 appellantur.

1994 4109 2013 4141 ε
2055 4088 2193 4154 Quid
2240 4087 2448 4142 facietis
2486 4087 2540 4140 in
2587 4087 2676 4140 die
2709 4086 2957 4151 solemni,
2981 4087 3035 4141 in
3076 4087 3162 4143 die
3192 4088 3502 4146 festivitatis

1921 4174 2177 4229 Domini?
2214 4194 2233 4227 ι
2266 4174 2417 4228 Diem
2454 4174 2749 4229 solemnem
2788 4175 2872 4229 vel
2907 4175 3216 4231 festivitatis
3263 4178 3497 4246 Domini,

1922 4266 2179 4322 debemus
2213 4266 2514 4336 intelligere
2543 4266 2628 4320 vel
2653 4268 2983 4336 captivitatis
3015 4275 3222 4339 tempus
3250 4282 3304 4328 et
3335 4273 3500 4329 mise-

1923 4361 2150 4426 riarum,
2179 4376 2286 4430 quo
2314 4359 2607 4415 vindictam
2645 4362 2710 4417 de
2745 4362 2859 4417 suis
2900 4362 3139 4419 inimicis
3174 4375 3228 4420 et
3256 4367 3503 4423 hostibus

1921 4453 2182 4508 exercuit.
2230 4450 2382 4506 Licet
2421 4451 2565 4506 enim
2616 4467 2807 4507 omnes
2847 4451 2964 4508 dies
3010 4454 3221 4509 Domini
3249 4444 3382 4522 sint,
3414 4458 3501 4512 illa

1925 4556 2104 4599 tamen
2129 4544 2345 4615 proprie
2374 4540 2491 4610 ejus
2520 4557 2642 4597 esse
2670 4541 2892 4608 dicitur,
2922 4558 3040 4613 qua:
3061 4545 3353 4601 vindictam
3377 4551 3502 4602 red-

1924 4638 2053 4694 dere
2080 4637 2310 4707 cogitur.
2340 4634 2475 4691 Cum
2512 4635 2743 4701 venerit,
2779 4635 2980 4704 inquit,
3009 4637 3121 4692 dies
3150 4639 3502 4708 captivitatis,

1924 4725 1980 4782 et
2002 4725 2333 4780 suavissimus
2360 4725 2532 4781 hostis
2561 4726 2847 4796 ingruerit,
2878 4741 2998 4796 quae
3020 4728 3075 4781 in
3097 4742 3159 4783 ea
3191 4730 3506 4786 solemnitas

1925 4824 2028 4881 est,
2060 4832 2220 4887 quam
2253 4831 2354 4885 ego
2391 4816 2564 4871 habeo
2596 4815 2917 4885 placabilem
2938 4858 2953 4883 ,
2986 4818 3111 4888 quia
3142 4835 3227 4874 me
3266 4821 3509 4876 vindicat

1927 4908 1994 4962 de
2028 4905 2164 4961 meis
2189 4905 2454 4970 hostibus,
2482 4914 2538 4959 et
2567 4903 2776 4974 injuriae
2812 4906 2966 4974 ponit
2995 4908 3234 4975 modum,
3262 4911 3389 4980 quid
3420 4910 3502 4965 fa-

1926 4997 2117 5054 cietis?
2145 4996 2505 5067 Respondete.
2536 4995 2644 5052 Illis
2672 4997 2973 5052 tacentibus
3015 4998 3115 5053 sibi
3146 4999 3260 5069 ipse
3284 5016 3507 5071 respon-
3580 4986 3585 4993 ”

1930 5090 2043 5152 det,
2074 5090 2181 5143 imo
2220 5088 2348 5156 quid
2395 5087 2503 5142 sint
2539 5085 2766 5151 facturi,
2799 5087 2994 5144 divinis
3033 5090 3205 5145 oculis
3244 5091 3504 5146 intuetur.

1933 5179 2087 5236 Unde
2101 5177 2440 5247 subiungitur
2469 5195 2483 5231 :
2520 5195 2539 5228 ε
2575 5177 2714 5233 Ecce
2752 5177 2894 5233 enim
2928 5178 3152 5250 profecti
3189 5190 3315 5236 sunt
3355 5196 3385 5235 a
3415 5171 3507 5236 va-

1931 5270 2133 5327 stitate.
2168 5289 2186 5321 ι
2221 5267 2340 5337 Quo
2365 5266 2560 5322 inloco
2580 5268 2913 5338 prteteritum
2941 5284 3042 5339 pro
3064 5269 3245 5324 futuro
3266 5271 3504 5341 ponitur.

1931 5364 2128 5419 usitato
2156 5376 2307 5416 more
2329 5376 2496 5416 sacrae
2520 5359 2831 5430 Scriptum.
2861 5359 3096 5416 Profecti
3127 5371 3253 5416 sunt
3275 5362 3506 5431 scilicet,

1933 5467 2031 5523 pro
2060 5467 2124 5505 eo
2149 5450 2291 5520 quod
2324 5456 2408 5503 est
2427 5446 2857 5518 proficiscentur,
2880 5448 3005 5517 quia
3033 5450 3249 5505 miseria
3266 5460 3323 5506 et
3345 5450 3511 5508 vasti-

1938 5553 2048 5600 tate
2077 5541 2447 5614 prementibus
2466 5540 2704 5612 Assyriis
2727 5550 2888 5610 atque
2909 5538 3194 5607 Chaldaeis,
3220 5551 3511 5615 captosque

1936 5635 2105 5707 ligare
2140 5631 2499 5703 cupientibus,
2526 5629 2734 5702 fugient
2759 5630 2825 5685 ad
2854 5628 3170 5701 Egyptum,
3211 5641 3269 5686 ut
3300 5636 3511 5702 possint

1938 5729 2169 5786 evadere
2187 5740 2376 5780 manus
2394 5724 2650 5779 hostium.
2676 5722 2827 5779 Unde
2847 5733 2903 5778 et
2921 5725 3193 5779 subditur:
3221 5745 3238 5776 ε
3252 5726 3516 5797 Ᾱὲεςῃιιιε

1943 5821 2290 5892 congregabit
2333 5834 2458 5884 eos,
2490 5817 2753 5890 Memphis
2794 5817 3017 5887 sepeliet
3056 5831 3168 5870 eos.
3202 5836 3220 5867 ι
3250 5818 3400 5884 Quod
3452 5819 3519 5872 de
