4022 6444
464 392 467 393 ⁷
552 398 619 451 67
1018 394 1369 450 llAYMONIS
1408 394 1884 453 IIALBERSTAT.
1924 394 2136 452 EPISC.
2174 394 2325 452 OPP.
2367 396 2547 454 PARS
2584 400 2623 454 l.
2665 430 2733 441 —-
2766 400 3119 457 COMMENT.
3161 404 3330 460 BlllL.
3738 412 3813 467 63

551 500 775 584 reliquis
818 511 1046 566 duarum
1077 511 1311 564 tribuum
1339 517 1427 563 est
1456 510 1846 579 accipiendum,
1879 525 1998 579 qua:
2045 510 2123 563 in—
2147 518 2197 577 Α
2225 511 2321 566 tibi
2350 511 2523 566 futura
2548 523 2704 568 erant
2733 515 2956 570 adversa
2983 515 3169 570 videre
3190 516 3431 586 potuisti,
3462 532 3563 573 nec
3584 534 3684 575 eos
3711 523 3811 590 qui

551 603 766 659 terfecit
792 600 1073 658 Godaliam
1101 614 1223 653 cum
1250 598 1483 653 .leremia
1517 608 1709 654 contra
1738 599 1948 654 Domini
1982 615 2124 669 prte-

524 698 788 764 'ceptum,
813 691 1077 762 fugientes
1102 688 1382 744 Chaldams
1409 689 1636 759 ingressi
1663 698 1789 744 sunt
1810 690 2121 760 Egyptum,

551 786 641 841 ubi
673 792 859 855 postea
889 779 1201 849 interempti
1230 786 1358 833 sunt
1377 793 1408 831 a
1433 776 1949 842 Nabuchodonosor,
1983 778 2126 833 sicut

548 878 683 932 liber
709 874 878 944 ipsius
897 870 1171 942 prophetat
1193 878 1442 924 testatur.
1466 869 1729 938 Memphis
1749 878 1948 932 autem,
1973 869 2131 939 cujus

458 1016 461 1019 .
550 967 880 1021 habitatores
909 960 1240 1030 sepelierunt
1256 958 1470 1015 Judzeos
1498 959 1570 1011 ibi
1594 959 1966 1027 interemptos,
1994 957 2125 1011 civi-

546 1066 631 1109 tas
652 1061 775 1108 erat
797 1048 1110 1119 metropolis
1134 1047 1353 1119 Aigypti
1385 1057 1511 1101 ante
1538 1047 1940 1101 Alexandriam.
1969 1066 1987 1097 ι
2017 1047 2123 1101 De-

544 1143 833 1200 siderabile
880 1150 1160 1210 argentum
1204 1154 1424 1202 eorum,
1474 1139 1645 1192 urtica
1695 1138 2032 1193 haereditabit
2067 1146 2124 1193 et

544 1236 702 1305 lappa
741 1235 794 1287 in
835 1230 1200 1287 tabernaculis
1234 1244 1443 1282 eorum.
1482 1247 1500 1279 ι
1538 1227 1665 1280 llaec
1699 1228 1861 1282 verba
1909 1226 2119 1297 longam

542 1325 853 1395 signiﬁcant
893 1323 1226 1384 vastitatem,
1250 1320 1377 1388 quia
1414 1319 1502 1372 ubi
1531 1326 1687 1370 erant
1714 1316 1985 1386 quondam
2019 1317 2125 1371 Do-

543 1430 664 1470 mus
690 1413 1089 1488 pulcherrimaa,
1123 1409 1195 1465 ibi
1216 1418 1350 1463 ortae
1380 1416 1505 1461 sunt
1532 1406 1702 1477 lappa:
1724 1416 1887 1474 atque
1908 1406 2117 1461 urticae.

543 1505 678 1560 Nam
708 1519 804 1573 per
829 1510 1112 1574 argentum
1149 1500 1280 1555 illud
1326 1497 1678 1567 intelligitur,
1718 1496 1860 1564 quod
1900 1504 2123 1565 argento

541 1600 762 1661 emitur,
803 1597 941 1651 villa:
984 1593 1234 1650 videlicet
1272 1601 1433 1661 atque
1480 1592 1632 1661 agri,
1683 1605 1820 1659 quos
1868 1589 2121 1645 diuturna

540 1688 764 1744 vastitas
794 1686 998 1757 redegit
1022 1686 1076 1739 in
1104 1682 1469 1739 solitudinem.
1502 1680 1708 1734 Dicitur
1734 1688 1790 1733 et
1811 1678 2115 1733 haereticis:

540 1776 674 1834 Cum
717 1777 924 1830 venerit
951 1775 1067 1831 dies
1095 1773 1408 1828 festivitatis
1443 1770 1679 1836 Domini,
1710 1770 1814 1825 hoc
1857 1777 1973 1836 est,
2005 1769 2121 1825 dies

2226 615 2324 669 per
2344 599 2602 668 Spiritum
2631 611 2875 656 sanctum
2902 603 3076 656 edocti
3103 613 3281 669 erant,
3307 614 3365 658 et
3390 606 3487 660 tibi
3513 622 3577 662 ea
3601 610 3813 678 praedi-

2225 690 2421 743 Cabanl.
2468 690 2696 754 audisti,
2744 707 2879 760 quos
2922 693 3142 761 insuper
3187 694 3406 750 insanos
3456 706 3512 752 et
3558 710 3814 756 amentes

2223 780 2449 834 vocasti.
2475 780 2599 837 Dies
2620 797 2833 851 quoque
2856 782 3077 837 ultionis
3102 785 3283 839 veniet
3308 788 3571 856 mprobis,
3587 791 3817 858 quando

2224 871 2453 928 Domino
2483 874 2733 927 veniente
2759 875 2826 929 ad
2848 874 3115 944 judicium
3139 917 3154 941 ,
3184 877 3550 933 visitabuntur
3580 881 3651 935 ad
3686 896 3816 951 pae-

2224 977 2380 1027 nam,
2424 970 2480 1017 et
2523 964 2778 1017 reddetur
2829 965 2910 1018 eis
2958 974 3118 1035 prout
3171 977 3480 1034 gesserant,
3531 971 3624 1039 qui
3676 973 3813 1026 dum

2221 1056 2487 1119 viverent,
2530 1054 2801 1112 Israelitas
2830 1057 2959 1127 (hoc
2990 1065 3093 1120 εει,
3132 1059 3278 1113 viros
3326 1059 3570 1116 videntes
3608 1062 3813 1132 Deum)

2221 1159 2281 1199 se
2314 1159 2434 1199 esse
2461 1143 2787 1208 fatebantur,
2817 1145 2959 1213 quod
2992 1161 3095 1200 non
3117 1154 3305 1209 erant,
3334 1163 3440 1202 non
3477 1164 3814 1219 cognoscen-

2224 1244 2303 1289 tes
2332 1251 2484 1290 suam
2531 1235 2837 1299 stultitiam,
2873 1236 3111 1291 dicentes
3156 1238 3247 1291 Dei
3283 1238 3480 1293 Filium
3506 1239 3806 1306 facturam,

2222 1325 2484 1393 Spiritum
2508 1335 2754 1380 sanctum
2780 1336 3073 1397 negantes;
3095 1337 3148 1381 et
3174 1343 3411 1393 rursum,
3439 1329 3604 1383 alium
3629 1332 3807 1385 Deum

2219 1413 2441 1478 bonum,
2470 1413 2634 1467 alium
2661 1413 2845 1468 mundi
2878 1424 3186 1468 asserentes
3213 1424 3536 1482 creatorem,
3568 1434 3808 1488 quorum

2220 1502 2429 1555 insania
2458 1501 2734 1572 multiplex
2779 1512 2884 1569 est,
2912 1504 3037 1572 quia
3066 1510 3122 1557 et
3156 1502 3468 1573 iniquitates
3514 1507 3809 1577 quamplu-

2220 1603 2390 1653 rimae.

2295 1697 2314 1730 ι
2346 1677 2665 1749 Speculator
2689 1678 2943 1748 Ephraim
2973 1695 3096 1735 cum
3124 1678 3234 1735 Deo
3264 1695 3407 1746 meo,
3434 1684 3697 1753 propheta
3727 1684 3809 1738 la-

2219 1783 2390 1840 queus
2416 1769 2585 1823 ruina:
2610 1767 2784 1824 factus
2814 1778 2899 1824 est
2921 1784 3085 1838 super
3107 1785 3296 1825 omnes
3323 1771 3436 1825 vias
3458 1773 3596 1842 ejus.
3635 1793 3655 1824 ι
3680 1774 3803 1829 Vox

533 1868 742 1937 judicii,
760 1866 973 1936 quando
996 1866 1161 1919 vitam
1180 1864 1293 1918 suis
1320 1862 1626 1917 redditurus
1645 1869 1729 1916 est
1752 1860 1962 1925 amicis,
1985 1858 2114 1929 quid
2141 1863 2189 1922 B
2218 1863 2492 1933 propheta:
2515 1880 2528 1916 :
2556 1862 2870 1932 Speculator
2911 1862 3190 1933 Ephraim,
3240 1864 3499 1921 subaudis
3540 1874 3649 1931 est,
3675 1882 3807 1923 cum

539 1957 784 2012 facietis?
816 1955 956 2023 Ecce
985 1955 1132 2009 enim
1184 1952 1377 2006 vastati
1409 1952 1540 2006 estis
1565 1951 1634 2004 ab
1658 1950 1925 2014 hostibus,
1951 1950 2004 2004 id
2034 1956 2120 2002 est

538 2047 893 2111 daemonibus,
919 2044 1013 2116 qui
1042 2058 1136 2098 vos
1160 2041 1409 2098 omnibus
1434 2039 1874 2109 exspoliaverunt
1899 2037 2118 2093 virtuti-

538 2139 661 2203 bus,
689 2126 883 2192 imitati
932 2136 1066 2191 estis
1100 2148 1264 2205 Opera
1306 2132 1626 2196 infidelium,
1654 2140 1710 2186 et
1749 2132 1960 2186 caeteris
1988 2132 2120 2185 estis

538 2228 848 2283 nationibus
896 2225 1120 2281 similes.
1170 2224 1399 2293 Propter
1453 2224 1557 2276 hoc
1613 2222 1686 2276 ibi
1737 2220 1964 2292 sepeliet
2024 2235 2120 2273 vos

538 2319 820 2388 Memphis,
853 2332 973 2386 qua:
999 2317 1390 2385 interpretatur
1419 2326 1485 2366 ex
1515 2328 1639 2378 ore,
1667 2312 1796 2382 quia
1818 2311 1975 2381 juxta
2002 2324 2120 2364 sen—

536 2412 737 2468 tentias
761 2419 813 2465 et
845 2409 1213 2479 blasphemias
1245 2407 1363 2460 oris
1394 2405 1571 2459 vestri
1606 2401 2024 2465 dannbimini,
2065 2409 2123 2455 et

535 2503 683 2573 quod
703 2501 869 2556 locuti
892 2502 1029 2555 estis
1057 2500 1115 2552 in
1133 2496 1412 2567 suppliciis
1439 2494 1705 2548 sentietis.
1737 2492 1997 2561 Tuncque
2021 2492 2119 2545 de-

538 2592 827 2647 siderabile
852 2589 1098 2661 argenti,
1130 2589 1183 2642 id
1212 2595 1316 2649 est,
1343 2583 1606 2654 quidquid
1647 2582 1909 2637 habuistis
1944 2582 1996 2634 in
2037 2580 2118 2634 ni-

539 2693 655 2737 tore
682 2682 1001 2751 eloquentia:
1035 2689 1091 2733 et
1117 2677 1268 2731 falsis
1309 2675 1649 2744 dogmatibus
1684 2672 1855 2725 urtica
1892 2669 2119 2725 Incredi-

538 2775 698 2838 tabit,
746 2773 848 2826 hoc
890 2780 1009 2835 est,
1064 2776 1387 2839 perpetuum
1424 2762 1736 2818 incendium
1783 2761 2113 2832 possidebit,

536 2865 679 2931 quod
707 2875 800 2914 vos
826 2869 1029 2913 :eterno
1068 2858 1261 2910 ardore
1297 2860 1601 2909 consumet.
1634 2851 1703 2904 Et
1738 2853 1843 2904 erit
1875 2851 2029 2920 lappa
2061 2851 2115 2903 in

537 2949 897 3006 tabernaculis
923 2950 1054 3011 suis,
1083 2948 1183 3000 hoc
1208 2957 1312 3010 est,
1341 2943 1674 2999 conscientia
1691 2949 2035 3011 peccatorum
2062 2947 2118 2994 et

536 3043 779 3112 pristinae
805 3037 1257 3100 conversationis,
1282 3044 1337 3088 et
1364 3048 1507 3087 cura:
1538 3029 1844 3099 hujusmodi
1877 3044 1974 3084 vos
2008 3037 2115 3082 tor-

535 3134 795 3202 quebunt.

2219 1953 2330 2007 Deo
2360 1968 2502 2017 meo,
2532 1952 2585 2007 id
2608 1962 2693 2007 est
2722 1954 2788 2007 ad
2816 1954 2919 2008 hoc
2955 1968 2987 2007 a
3020 1953 3131 2008 Deo
3173 1969 3295 2009 meo
3345 1957 3673 2013 constitutus
3720 1968 3811 2013 est

2218 2043 2522 2113 speculator
2560 2041 2873 2108 Jeroboam,
2924 2044 3015 2115 qui
3051 2045 3268 2098 nomine
3286 2044 3544 2117 Ephraim
3599 2046 3808 2103 intelli-

2217 2133 2383 2201 gitur,
2406 2142 2465 2186 ut
2491 2132 2605 2200 ipse
2628 2140 2684 2185 et
2703 2130 2819 2200 ejus
2840 2146 3103 2202 sequaces
3131 2147 3285 2201 reges
3322 2134 3692 2203 speculatores
3716 2151 3806 2191 εε-

2218 2228 2338 2274 sent
2367 2220 2547 2289 populi
2572 2219 2689 2284 Dei,
2718 2229 2775 2274 et
2802 2222 2882 2275 eis
2912 2221 3051 2275 bona
3079 2222 3447 2291 providerent,
3490 2240 3553 2279 ac
3602 2241 3803 2282 secun-

2216 2311 2346 2365 dum
2375 2309 2470 2364 Dei
2498 2308 2829 2364 voluntatem
2856 2319 3105 2378 regerent
3129 2319 3292 2378 atque
3315 2312 3648 2368 instruerent
3680 2330 3802 2372 eos.

2218 2400 2596 2470 Speculatores
2629 2400 2829 2469 quippe
2852 2397 3263 2468 appellabantur
3290 2409 3533 2455 rectores
3568 2411 3626 2456 et
3666 2419 3803 2473 pro-

2214 2491 2391 2561 pheta
2405 2492 2574 2561 ipsius
2592 2492 2793 2560 populi.
2824 2488 2975 2545 Unde
2996 2498 3053 2543 et
3070 2490 3271 2544 dicitur
3287 2489 3557 2547 Ezecbieli
3583 2509 3639 2545 ει
3666 2493 3807 2565 Spe-

2215 2584 2514 2639 culatorem
2568 2583 2691 2636 dedi
2744 2592 2796 2636 te
2835 2581 3017 2636 domui
3054 2576 3240 2634 Israel.
3281 2599 3299 2631 ι
3340 2582 3417 2635 ita
3462 2598 3596 2652 ergo
3640 2582 3803 2639 Jeru-

2215 2675 2375 2729 boam
2414 2673 2568 2744 quasi
2596 2673 2903 2743 speculator
2924 2684 2979 2726 et
3006 2672 3159 2741 quasi
3186 2673 3449 2741 propheta
3495 2676 3654 2728 datus
3710 2685 3800 2729 est

2215 2766 2411 2835 populo
2438 2780 2560 2818 cum
2583 2765 2904 2834 sequacibus
2924 2764 3059 2827 suis,
3084 2772 3144 2816 ut
3165 2764 3420 2832 populum
3461 2766 3801 2835 corrigerent

2220 2857 2639 2924 delinquentem,
2665 2864 2720 2910 et
2743 2855 2811 2909 ad
2838 2863 3047 2909 rectum
3078 2854 3181 2908 iter
3204 2864 3541 2909 revocarent.
3570 2857 3673 2910 Sed
3703 2859 3799 2927 qui

2217 2962 2311 3001 eos
2338 2946 2553 3000 erudire
2579 2944 2868 3008 debuerat,
2898 2945 3072 2999 factus
3112 2954 3197 2999 est
3249 2946 3474 3014 laqueus
3523 2947 3693 3001 ruinae
3742 2950 3799 3002 in

2216 3034 2466 3090 oumibus
2488 3036 2602 3091 suis
2625 3036 2957 3099 actionibus,
2991 3036 3115 3104 quia
3148 3049 3244 3105 per
3267 3036 3562 3105 potentiam
3590 3046 3643 3092 et
3672 3053 3801 3106 pra-

2218 3143 2336 3179 vam
2364 3127 2670 3180 suasionem
2701 3126 2829 3179 fecit
2853 3140 2949 3180 eos
2974 3123 3115 3179 idola
3145 3125 3326 3179 colere
3357 3143 3369 3178 :
3399 3135 3452 3179 et
3474 3125 3567 3201 qui
3593 3127 3801 3181 debue-

609 3240 627 3272 ι
670 3223 942 3277 Venerunt
968 3217 1084 3273 dies
1108 3213 1457 3279 \'iSil9ll0lliS,
1497 3220 1762 3267 venerunt
1789 3209 1907 3265 dies
1944 3207 2111 3264 retri-
2141 3211 2188 3275 C
2219 3230 2303 3274 rm
2328 3233 2449 3273 βεδε
2469 3219 2728 3288 propheta
2752 3226 2811 3270 ul,
2828 3216 3025 3287 populo
3048 3217 3141 3272 Dei
3165 3217 3424 3271 culturam
3456 3218 3795 3279 oslendereg.

532 3316 792 3374 butionis.
823 3333 841 3366 ι
863 3313 1115 3368 Visitatio
1137 3310 1191 3365 in
1209 3312 1312 3365 hoc
1334 3309 1451 3362 loco
1478 3322 1577 3376 pro
1607 3304 1897 3359 alllictione
1919 3309 1976 3356 et
2005 3311 2116 3355 tor-

534 3416 716 3462 mento
744 3405 981 3477 ponitur.
1013 3401 1155 3455 Alibi
1179 3401 1397 3471 ponitur
1420 3400 1471 3451 in
1504 3399 1667 3460 bono,
1692 3404 1750 3449 ut
1771 3403 1887 3448 est:
1918 3411 1937 3442 ι
1968 3391 2113 3447 Visi-

537 3499 668 3551 tavit
707 3511 806 3549 nos
844 3494 1025 3547 oriens
1076 3506 1144 3545 ex
1189 3489 1316 3543 alto.
1349 3506 1368 3539 ι
1397 3506 1414 3537 ι
1437 3488 1713 3542 Venerunt
1748 3482 1964 3557 (inquit)
1998 3483 2114 3538 dies

531 3586 882 3649 visitationis,
909 3603 927 3635 ι
955 3584 1021 3638 de
1042 3583 1238 3651 quibus
1267 3594 1427 3650 supra
1450 3580 1663 3633 dixerat
1689 3595 1701 3631 :
1732 3594 1755 3627 α
1786 3576 1928 3644 Quid
1952 3575 2115 3631 facie-

534 3680 605 3734 tis
648 3680 703 3732 iu
730 3678 815 3733 die
855 3675 1083 3731 solemni
1108 3682 1163 3727 et
1182 3671 1487 3726 festivitatis
1515 3669 1763 3725 Domini?
1785 3689 1804 3721 ι
1837 3667 2114 3723 Venerunt

531 3773 651 3827 dies
675 3766 1068 3830 retributionis,
1092 3773 1151 3818 ut
1174 3763 1355 3833 qualia
1382 3761 1650 3826 fecerunt,
1676 3759 1803 3814 talia
1823 3760 2109 3830 recipiant.

537 3881 555 3912 ι
579 3860 729 3915 Scito
755 3868 826 3923 te,
845 3854 1026 3919 Israel,
1044 3853 1265 3908 stultum
1285 3852 1626 3922 prophetam,
1647 3850 1917 3914 insanum,
1934 3850 2110 3902 virum

530 3951 883 4025 spiritualem.
914 3968 933 4001 ι
966 3946 1201 4019 Populus
1228 3944 1550 4000 Israeliticus
1571 3958 1730 4000 veros
1753 3944 1848 3998 Dei
1876 3943 2109 4014 prophe-

531 4055 634 4112 tas,
663 4047 884 4100 iusauos
907 4039 1229 4113 appellabat.
1264 4036 1415 4093 Unde
1441 4035 1671 4107 legimus
1691 4036 1836 4107 quod
1859 4036 2112 4090 dixerunt

528 4138 799 4209 principes
829 4137 884 4189 in
917 4132 1150 4188 ltamotb
1176 4130 1382 4185 Galaad
1417 4130 1487 4184 ad
1520 4128 1658 4184 Hieu
1688 4145 1702 4181 :
1740 4147 1758 4180 ι
1805 4128 1945 4195 Quid
1976 4128 2114 4183 dixit

530 4230 626 4284 tibi
649 4231 876 4283 insanus
903 4224 1043 4279 iste?
1065 4242 1083 4273 ι
1108 4222 1303 4291 quibus
1319 4220 1407 4274 ille
1429 4220 1536 4274 ait:
1558 4238 1575 4270 ι
1603 4217 1785 4274 Nostis
1809 4218 2106 4285 hominem,

527 4331 583 4375 et
604 4320 731 4390 quid
755 4320 968 4372 locutus
991 4315 1080 4369 sit.
1111 4331 1130 4365 ι
1159 4311 1367 4366 Dicitur
1388 4326 1547 4382 ergo:
1570 4309 1614 4365 Ο
1635 4308 1824 4374 Israel,
1852 4324 1997 4365 nunc
2019 4317 2109 4363 tua

527 4412 693 4466 verba
733 4424 1032 4480 cognosce,
1069 4408 1160 4477 qui
1189 4407 1505 4477 prophetam
1536 4406 1632 4460 tibi
1669 4420 1798 4459 vera
1839 4403 2108 4458 dicentem

527 4510 582 4556 et
603 4500 806 4570 Spiritu
833 4509 1022 4554 sancto
1043 4502 1474 4567 pr0pbetantem,
1517 4497 1742 4551 stultum
1771 4503 1827 4550 et
1855 4494 2103 4548 insanum

2219 3311 2403 3365 docuit
2420 3325 2515 3365 eos
2541 3309 2918 3365 idololatrian].
2949 3308 3100 3363 Unde
3127 3309 3216 3364 hic
3263 3308 3546 3363 subditur:
3580 3328 3598 3360 ι
3647 3308 3797 3365 Insa-

2217 3404 2304 3458 nia
2334 3423 2353 3454 ι
2391 3403 2492 3457 hoc
2513 3410 2614 3467 est,
2642 3401 2839 3455 idolum
2872 3420 2891 3452 ι
2927 3402 2982 3456 in
3007 3403 3167 3458 domo
3189 3403 3280 3458 Dei
3307 3402 3446 3471 ejus,
3485 3422 3503 3456 ι
3536 3403 3589 3458 id
3617 3406 3797 3469 est,in

2215 3492 2422 3558 Bethel,
2457 3492 2545 3547 ubi
2577 3502 2733 3548 antea
2766 3492 2941 3549 fuerat
2967 3493 3158 3547 domus
3187 3493 3305 3548 Dei.
3327 3492 3405 3548 lbi
3439 3494 3635 3564 quippe
3657 3494 3797 3549 vitu-

2216 3585 2324 3639 lum
2353 3600 2575 3640 aureum
2603 3585 2935 3639 adorandum
2957 3585 3258 3639 constituit.

2292 3692 2310 3725 ι
2347 3673 2617 3729 Profunde
2641 3683 3022 3744 peccaverunt,
3046 3675 3185 3730 sicut
3206 3677 3258 3729 in
3288 3676 3479 3731 diebus
3506 3675 3714 3733 Gabaa.
3769 3697 3790 3731 ι

2215 3763 2317 3820 Hic
2339 3766 2548 3820 reducit
2572 3766 2837 3836 propheta
2863 3766 2929 3819 ad
2972 3766 3287 3821 memoriam
3333 3768 3512 3823 scelus
3563 3770 3796 3824 liliorum

2214 3857 2398 3921 lsrael,
2422 3858 2563 3926 quod
2594 3858 2865 3927 quondam
2896 3866 3107 3925 gestum
3140 3868 3225 3913 est
3253 3859 3307 3913 in
3346 3858 3551 3924 Gabaa,
3577 3860 3795 3930 quando

2216 3962 2438 4002 uxorem
2460 3947 2661 4002 Levita:
2689 3952 3011 4003 revertentis
3049 3949 3115 4004 de
3138 3948 3417 4004 Bethleem
3452 3951 3647 4005 illicito
3695 3966 3794 4005 ne-

2215 4052 2411 4093 cavere
2439 4038 2757 4104 concubitu,
2796 4040 2981 4110 sicque
3032 4040 3088 4094 in
3137 4040 3430 4110 impietatis
3477 4041 3795 4096 barathrum

2216 4144 2313 4184 suo
2337 4137 2579 4199 tempore
2618 4129 2892 4186 lsraclitas
2938 4132 3069 4187 dicit
3110 4131 3410 4199 demersos,
3466 4141 3526 4188 ut
3572 4136 3795 4189 vincant

2213 4222 2393 4278 scelus
2417 4222 2562 4292 quod
2584 4223 2710 4277 olim
2735 4222 2913 4277 fuerat
2934 4224 2988 4278 in
3013 4223 3197 4279 Gabaa
3237 4236 3631 4295 perpetratum.
3664 4225 3795 4280 Pos-

2213 4328 2400 4369 sumus
2430 4324 2485 4368 et
2508 4314 2623 4370 dies
2642 4312 2826 4369 Gabaa
2861 4315 3106 4385 accipere
3154 4324 3386 4386 tempus,
3437 4317 3654 4385 quando
3698 4333 3795 4387 pro

2214 4404 2325 4460 Deo
2356 4406 2428 4460 ibi
2454 4406 2734 4475 elegerunt
2761 4420 2941 4476 regem
2966 4406 3096 4460 Saul
3134 4407 3199 4461 de
3223 4408 3355 4462 urbe
3374 4406 3576 4461 Gabaa.
3608 4406 3797 4463 Potius

2213 4496 2359 4549 enim
2410 4495 2498 4549 isti
2545 4505 2939 4563 peccaverunt,
2987 4496 3245 4565 quoniam
3298 4496 3371 4551 ilh
3420 4501 3795 4552 tantummodo

528 4593 779 4646 vocabas.
813 4589 961 4645 Scito
990 4590 1170 4657 itaque
1209 4597 1261 4641 te
1294 4588 1552 4653 stultum,
1582 4591 1683 4644 hoc
1718 4595 1834 4651 est,
1872 4587 1990 4641 sine
2024 4587 2104 4641 in-
2132 4559 2182 4618 D
2209 4586 2375 4641 Deum
2400 4586 2988 4656 reliquemnteligendo
3002 4588 3102 4640 sibi
3128 4601 3307 4655 regem
3324 4588 3595 4641 hominem
3611 4589 3797 4655 quieis

529 4683 767 4747 tellectu,
795 4691 850 4736 et
874 4697 996 4735 eum
1022 4696 1181 4752 quem
1213 4679 1445 4735 vocabas
1483 4680 1798 4750 prophetam
1829 4679 2101 4743 insanum,

527 4776 620 4844 qui
651 4790 769 4829 mea
802 4775 962 4829 verba
1005 4774 1321 4845 despexisti,
1354 4781 1410 4828 et
1440 4775 1668 4842 putabas
1700 4781 1751 4825 te
1780 4784 1901 4824 csse
1927 4770 2104 4823 virum

528 4867 885 4940 spiritualem,
929 4876 985 4922 et
1018 4867 1295 4938 profutura
1339 4865 1434 4918 tibi
1474 4861 1787 4918 mstimabas
1831 4870 1881 4914 te
1919 4861 2105 4913 videre
2170 4929 2177 4937 ν

524 4974 623 5031 per
650 4957 909 5029 Spiritum
937 4968 1203 5012 sanctum.
1236 4956 1407 5010 Aliter
1438 4970 1453 5007 :
1483 4954 1633 5009 Scito
1656 4962 1728 5016 te,
1755 4951 1938 5017 Israel,
1971 4949 2104 5004 stul-

528 5066 640 5109 tum
665 5054 1002 5124 prophetam,
1031 5052 1156 5121 quia
1186 5050 1281 5104 tibi
1306 5049 1657 5119 promittebas
1679 5060 1890 5117 pacem,
1913 5053 1971 5099 et
1995 5060 2102 5098 non

527 5146 672 5199 venit
709 5144 865 5214 juxta
921 5151 1068 5196 tuam
1116 5141 1307 5195 falsam
1356 5139 1805 5201 aastimationem;
1866 5136 2002 5190 scito
2050 5143 2103 5189 te

522 5237 688 5290 etiam
716 5234 1031 5305 prophetam
1078 5246 1199 5286 esse
1233 5231 1511 5293 insanum,
1547 5227 1638 5296 qui
1671 5241 1788 5279 mea
1821 5226 1982 5279 verba
2012 5224 2104 5279 de-

524 5327 770 5395 spexisti,
794 5336 849 5381 et
861 5326 1089 5396 putabas
1108 5333 1158 5377 te
1182 5337 1300 5375 esse
1315 5320 1487 5373 virum
1516 5318 1870 5389 spiritualem,
1897 5328 1953 5371 et
1979 5330 2105 5386 pro-

544 5430 703 5472 utura
734 5418 831 5473 tibi
849 5415 1160 5472 :estimabas
1182 5423 1232 5466 te
1254 5411 1438 5465 videre
1464 5423 1563 5479 per
1602 5409 1872 5479 spiritum.
1901 5427 1919 5459 ι
1963 5406 2101 5461 Pro-

525 5519 644 5582 pter
701 5508 1095 5564 multitudinem
1138 5503 1438 5571 iniquitatis
1473 5509 1576 5554 tuze
1621 5510 1676 5555 et
1700 5499 2097 5554 multitudinem

522 5601 791 5655 amentizc.
828 5618 847 5653 ι
875 5598 931 5653 ld
952 5606 1053 5658 est,
1080 5602 1298 5665 propter
1323 5592 1602 5647 innumera
1627 5600 1847 5662 peccata
1872 5590 2095 5644 multam

523 5696 688 5750 etiam
734 5690 1009 5748 incurristi
1050 5686 1373 5750 amentiam,
1422 5694 1480 5739 ut
1512 5685 1790 5755 proprium
1840 5684 2096 5737 amittens

525 5785 877 5844 intellectum,
906 5777 1145 5832 nescires
1167 5776 1292 5845 quid
1317 5791 1524 5845 ageres.
1556 5775 1705 5830 Unde
1733 5790 1833 5828 nec
1874 5789 1937 5827 ea
1974 5789 2092 5844 qua:

2207 4678 2619 4732 dominaretur:
2672 4678 2760 4730 isti
2799 4684 2978 4730 autem
3026 4686 3081 4729 et
3126 4690 3305 4746 regem
3350 4675 3454 4730 sibi
3487 4675 3793 4746 elegerunt,

2204 4766 2487 4822 Jeroboam
2537 4766 2785 4820 videlicet
2846 4767 3013 4819 lilium
3056 4763 3267 4819 Nabath
3308 4774 3497 4819 contra
3556 4764 3651 4818 Dei
3701 4781 3795 4818 vo-

2206 4858 2500 4922 luntatem;
2544 4858 2764 4927 insuper
2808 4871 2839 4910 a
2876 4856 2985 4910 Deo
3016 4866 3381 4921 recesserunt,
3410 4855 3610 4909 vitulos
3657 4870 3795 4924 quos

2205 4954 2321 5021 ipse
2366 4950 2571 5005 fecerat
2611 4949 2904 5006 adorando.
2952 4965 2970 4999 ‹
3029 4947 3424 5001 Recordabitur
3472 4946 3794 5015 iniquitates

2204 5057 2417 5108 eorum,
2448 5061 2467 5095 ι
2489 5041 2761 5105 subaudis,
2788 5055 2924 5110 quas
2948 5055 3090 5094 nunc
3112 5039 3402 5109 putabatur
3421 5051 3542 5092 esse
3563 5036 3790 5098 oblitus.

2211 5151 2229 5182 ι
2261 5142 2315 5186 ει
2344 5132 2583 5185 visitabit
2607 5139 2825 5199 peccata
2849 5143 3059 5191 eorum,
3091 5146 3110 5179 ι
3150 5127 3408 5181 subaudis
3433 5142 3528 5196 per
3554 5127 3790 5195 captivi-

2206 5232 2372 5280 tatem
2399 5225 2452 5279 in
2485 5233 2733 5279 mortem.
2771 5223 2913 5276 Deus
2940 5220 3083 5275 enim
3128 5219 3416 5288 aliquando
3459 5218 3791 5272 oblivionem

2207 5331 2313 5370 non
2340 5315 2562 5386 patitur,
2594 5317 2689 5369 sed
2714 5322 2845 5367 tunc
2868 5312 3140 5368 recordari
3171 5312 3400 5375 dicitur,
3429 5310 3646 5380 quando
3668 5309 3788 5362 vin-

2206 5408 2405 5461 dictam
2431 5405 2809 5477 peccatoribus
2832 5405 3060 5460 reddere
3084 5404 3446 5474 cognoscitur.
3469 5402 3704 5456 Possunt
3726 5410 3789 5455 et

2203 5498 2318 5555 haec
2346 5501 2534 5554 referri
2580 5500 2646 5553 ad
2676 5513 2771 5553 eos
2811 5499 2902 5568 qui
2947 5495 3221 5568 praepositi
3255 5494 3472 5548 fuerant
3506 5491 3783 5557 Ecclesia,

2202 5593 2255 5646 id
2299 5602 2381 5647 est
2418 5592 2655 5662 episcopi
2713 5600 2768 5645 et
2806 5590 3129 5661 presbyteri.
3171 5586 3278 5643 Sed
3323 5587 3422 5656 ipsi
3470 5599 3785 5656 perversam

2198 5686 2499 5740 doctrinam
2537 5685 2796 5749 docendo,
2830 5683 2955 5738 facti
3003 5692 3126 5736 sunt
3168 5682 3290 5735 aliis
3332 5681 3555 5748 laqueus
3582 5677 3787 5748 “perdi-

2198 5786 2380 5830 ιιοιιιε.
