4022 6440
305 384 375 439 b9
1333 385 1730 442 ENARRATIO
1762 386 1828 440 IN
1866 384 2042 441 OSEE.
2076 383 2516 443 Pli‘OI‘liE'l‘AM.
3074 410 3079 419 ·
3469 394 3538 449 7.)

376 517 394 549 ι
437 496 601 565 Quasi
631 496 746 551 vias
773 496 879 570 [AL
923 496 1076 570 uvas]
1120 497 1175 553 in
1206 500 1421 554 deserto
1456 500 1633 554 inveni
1672 499 1858 564 Israel,
1894 507 1941 564 Α
2040 521 2059 553 ι
2086 502 2343 572 Ephraim
2368 513 2429 558 ut
2452 504 2583 569 vidi,
2607 504 2782 576 Tyrus
2802 514 2923 562 erat
2952 507 3172 564 fundata
3201 508 3255 563 in
3293 510 3531 579 pulchri-

300 591 455 660 quasi
502 591 676 660 prima
725 605 881 659 poma
916 591 1179 645 ﬁculneaz.
1226 610 1244 642 ι
1294 590 1349 645 ld
1377 600 1481 656 est.
1519 607 1642 646 cum
1680 607 1870 647 omnes

300 690 489 751 gentes
528 680 757 735 deserta
802 689 1038 736 essenta
1087 681 1212 744 Deo,
1251 679 1408 749 cujus
1468 682 1714 737 notitiam
1759 697 1867 737 non

299 771 595 835 habebant,
624 770 802 825 inveni
829 772 1083 841 populum
1116 772 1303 835 lsrael.
1347 774 1498 842 quasi
1522 774 1663 828 viam
1691 774 1745 828 in
1774 789 1865 829 so-

299 862 545 924 litudine,
574 869 632 917 et
657 863 800 917 sicut
847 863 1001 917 avide
1047 863 1172 919 novi
1219 864 1428 920 fructus
1474 864 1675 919 inventi
1719 879 1869 920 com-

300 940 583 1016 eduntur,’
605 952 685 1008 sic
711 953 962 1008 omnibus
999 953 1251 1021 gentibus
1296 954 1501 1010 relictis
1539 956 1592 1010 in
1630 956 1864 1021 deserto,

294 1040 603 1108 hujusmodi
626 1042 770 1113 elegi
798 1056 912 1098 eos.
962 1042 1075 1098 Hoc
1099 1052 1185 1098 est
1226 1045 1369 1099 enim
1398 1045 1541 1115 quod
1566 1046 1857 1118 subiungit,

304 1150 323 1179 ι
360 1132 514 1201 quasi
546 1133 718 1200 prima
767 1148 925 1202 poma
967 1132 1227 1196 ﬁculnea},
1269 1154 1288 1186 ι
1331 1135 1587 1190 subaudis
1627 1150 1746 1205 qua:
1769 1137 1866 1191 de-

299 1220 563 1275 leetabilis
599 1228 687 1276 est
732 1230 788 1275 et
826 1236 949 1276 cum
1000 1236 1187 1276 amore
1234 1222 1518 1293 colligitur.
1552 1241 1571 1274 ι
1622 1223 1680 1279 1η
1707 1239 1866 1280 (εποι-

298 1310 443 1366 mine
482 1308 601 1377 ejus
646 1311 755 1365 vidi
804 1319 987 1381 patres
1023 1326 1228 1366 eorum.
1266 1331 1286 1364 ι
1328 1313 1441 1370 Hoc
1478 1321 1583 1375 est.
1625 1314 1678 1368 in
1712 1314 1865 1369 initio

297 1399 466 1467 ipsius
492 1399 675 1469 populi
719 1400 893 1469 gratia
927 1400 1312 1456 misericordia:
1340 1417 1478 1458 meae
1519 1403 1656 1473 elegi
1694 1404 1862 1458 Abra-

298 1488 445 1553 ham,
474 1488 643 1553 Isaac,
688 1497 743 1542 et
768 1486 952 1547 Jacob.
979 1490 1105 1558 quia
1153 1491 1283 1544 mihi
1320 1491 1659 1560 placuerunt,
1687 1493 1864 1548 adhae-

297 1587 477 1632 rentes
514 1578 620 1633 ﬁde
674 1586 729 1634 et
777 1579 931 1634 bouis
974 1580 1249 1650 operibus.
1282 1580 1478 1637 Videre
1510 1584 1708 1653 quippe
1743 1584 1860 1651 Dei,

298 1670 541 1729 misereri
567 1679 669 1726 est.
711 1689 731 1721 «
766 1670 871 1739 lpsi
902 1679 1079 1726 autem
1124 1672 1463 1729 intraverunt
1498 1675 1564 1729 ad
1605 1675 1862 1745 Beelphe-

294 1777 412 1830 gor,
450 1780 470 1814 ι
520 1761 571 1815 id
610 1769 696 1816 est
740 1761 940 1815 idolum
981 1761 1355 1829 Moabitarum,
1409 1783 1428 1815 α
1468 1773 1525 1818 et
1571 1764 1859 1822 abalienati

1971 594 2177 648 tudine.
2213 614 2232 646 ι
2283 596 2459 665 Tyrus
2499 597 2690 653 civitas
2740 608 2859 655 erat
2895 602 3091 656 nobilis
3133 610 3190 656 et
3243 603 3532 659 multarum

1969 682 2302 747 divitiarum,
2345 686 2399 739 in
2435 686 2611 740 medio
2664 690 2833 744 maris
2882 692 3010 755 sita,
3042 701 3097 746 et
3121 692 3402 748 dicebatur
3420 710 3537 749 em-

1969 773 2201 841 perium,
2238 788 2303 829 eo
2330 776 2475 843 quod
2502 790 2692 831 omnes
2716 778 2789 831 lbi
2825 780 3197 837 invenirentur
3239 782 3439 837 divitia:
3464 784 3532 838 ad

1969 861 2276 925 emendum,
2340 862 2694 933 plurimisque
2745 866 2953 922 civibus
3006 870 3329 926 abundabat.
3386 872 3533 938 Qua-

1966 958 2187 1018 propter
2224 951 2507 1019 prraim,
2543 953 2595 1006 id
2619 963 2704 1008 est
2744 954 2928 1011 decem
2952 960 3124 1014 tribus
3160 963 3531 1031 superbientes

1967 1037 2020 1090 in
2049 1037 2391 1094 multitudine
2426 1041 2738 1097 divitiarum
2767 1052 2824 1098 et
2851 1045 3167 1114 pupillorum
3204 1050 3431 1106 similem
3470 1066 3529 1106 se

1968 1124 2111 1197 Tyro
2141 1128 2369 1197 putavit,
2433 1128 2653 1187 fundata
2701 1133 2756 1187 in
2798 1134 3216 1204 pulchritudine,
3273 1140 3327 1195 id
3369 1144 3531 1197 estin

1967 1214 2175 1271 honore
2203 1226 2259 1273 et
2287 1218 2484 1274 decore
2507 1219 2799 1276 multarum
2820 1223 3152 1281 divitiarum.
3195 1227 3263 1281 Et
3289 1237 3376 1284 est
3410 1246 3535 1286 seu-

1966 1316 2059 1358 sus
2091 1322 2105 1359 :
2134 1305 2264 1360 Tam
2297 1308 2517 1377 pulcher
2544 1320 2661 1365 erat
2690 1311 2921 1386 (inquit)
2960 1315 3237 1385 Ephraim,
3268 1319 3358 1387 qui
3391 1335 3533 1375 nunc

1932 1458 1937 1467 ἢ
1966 1391 2214 1448 desertus
2256 1405 2359 1461 est,
2383 1406 2439 1451 et
2463 1398 2544 1453 sic
2568 1399 2867 1456 vallabatur
2894 1402 2987 1458 Dei
3018 1406 3237 1470 auxilio,
3272 1418 3332 1461 ut
3361 1408 3535 1478 Tyrus

1963 1483 2054 1552 qui
2087 1486 2221 1540 mari
2269 1488 2521 1557 cingitur,
2571 1498 2625 1545 et
2662 1493 2929 1560 procellas
2963 1510 3027 1549 ac
3059 1498 3301 1553 turbines
3341 1509 3533 1555 vento-

1967 1590 2085 1629 rum
2137 1579 2484 1634 contemnit:
2539 1590 2594 1636 et
2620 1582 2760 1636 sicut
2811 1583 2983 1655 Tyrus
3037 1587 3210 1641 undas
3245 1589 3534 1644 adversum

1964 1678 2024 1719 se
2081 1664 2423 1736 insurgentes
2478 1684 2585 1724 non
2638 1680 2836 1736 curat,
2887 1673 2967 1730 sic
3024 1674 3100 1731 illi
3161 1675 3258 1733 Dei
3303 1682 3532 1748 protecti

1965 1754 2166 1809 auxilio
2229 1772 2330 1825 pro
2375 1758 2561 1813 nihili»
2586 1760 2856 1818 ducebant
2897 1780 3086 1820 omnes
3128 1768 3413 1824 adversum
3474 1787 3535 1827 se

291 1859 421 1905 sunt
461 1869 485 1913 ι
516 1850 567 1905 id
609 1860 710 1915 est,
754 1861 1113 1907 recesserunt.
1154 1871 1175 1903 ι
1203 1853 1261 1908 ln
1307 1852 1637 1923 profusione,
1671 1874 1688 1907 ι
1730 1857 1859 1912 sub-
1888 1852 1935 1909 li
1960 1841 2326 1913 insurgentes
2380 1865 2400 1898 ⁸
2438 1846 2693 1917 ΕΡΙιηιίηι
2734 1852 2965 1907 addllcel
3001 1856 3068 1917 ad
3119 1855 3530 1915 interfectore!!!

289 1942 448 1996 audis
500 1942 618 2005 sui,
656 1960 675 1992 ι
719 1950 775 1995 et
803 1938 928 1997 facti
962 1950 1087 1996 sunt
1121 1941 1531 2009 abominabiles,
1569 1964 1588 1998 ι
1616 1946 1718 2001 hoc
1745 1956 1852 2010 est,

289 2030 597 2099 abjectione
624 2032 786 2103 digni.
823 2052 842 2084 ι
879 2032 1030 2088 Sicut
1058 2048 1122 2087 ea
1150 2047 1270 2103 qua}
1291 2034 1618 2099 dilexerunt,
1660 2055 1680 2086 ι
1700 2034 1853 2104 juxta

290 2120 422 2176 illud
464 2121 603 2189 quod
630 2120 891 2191 scriptum
930 2131 1014 2176 est
1060 2122 1113 2177 iu
1150 2122 1357 2190 psalmo
1390 2139 1404 2176 :
1437 2140 1457 2174 α
1507 2123 1723 2179 Similes
1750 2125 1856 2181 illis

292 2212 418 2266 ﬁant
444 2211 536 2282 qui
562 2210 764 2271 faciunt
788 2226 874 2275 ea,
902 2221 960 2266 et
979 2227 1166 2271 omnes
1195 2213 1287 2285 qui
1315 2212 1590 2271 conﬁdunt
1614 2215 1667 2272 in
1697 2216 1800 2284 eis,
1828 2236 1848 2273 ι

285 2315 344 2358 ut
374 2320 477 2359 non
519 2305 692 2360 solum
740 2305 1060 2363 idololatria.
1090 2308 1184 2362 sed
1209 2306 1375 2362 etiam
1416 2307 1530 2363 iosa
1560 2308 1698 2363 idola
1726 2326 1856 2365 nun-

281 2407 565 2466 cupentur.
595 2395 665 2452 Ut
703 2406 882 2451 autem
918 2398 988 2451 ad
1023 2397 1233 2453 ﬁdelem
1282 2412 1536 2467 populum
1573 2411 1674 2454 Ista
1708 2399 1851 2455 refe-

283 2501 487 2551 ramus,
530 2486 584 2540 in
624 2486 840 2541 deserto
879 2484 1039 2553 hujus
1065 2487 1273 2550 szeculi,
1317 2487 1369 2540 id
1413 2496 1497 2541 est
1523 2501 1646 2542 cum
1674 2488 1854 2544 omnis

284 2577 515 2631 mundus
535 2584 815 2632 teneretur
854 2576 906 2631 in
947 2587 1191 2645 peccato,
1233 2587 1287 2632 et
1320 2587 1507 2647 gentes
1542 2579 1856 2649 ignorarent

284 2666 471 2729 Deum,
496 2668 731 2737 primum
760 2670 813 2723 in
838 2669 1093 2740 apostolis
1129 2679 1184 2723 et
1212 2670 1520 2739 apostolicis
1546 2670 1680 2724 viris
1703 2670 1853 2726 inve-

284 2759 367 2812 nit
401 2760 662 2815 Dominus
682 2759 936 2829 populum
959 2760 1322 2815 Christianum
1353 2767 1533 2816 mente
1575 2760 1741 2815 Deum
1772 2761 1852 2816 vi-

281 2850 522 2909 dentem.
548 2860 607 2904 et
632 2850 956 2906 dulcissimis
981 2865 1168 2904 eorum
1188 2850 1417 2906 satiatus
1440 2859 1523 2907 est
1560 2850 1844 2906 fructibus.

282 2938 389 2994 Sed
410 2941 645 2996 bteretici
666 2943 758 3010 qui
776 2941 879 2996 sibi
899 2955 1092 2995 nomen
1114 2940 1542 2996 Christianitatis
1562 2952 1847 3011 usurpant,

280 3030 617 3085 intraverunt
686 3032 754 3085 ad
822 3030 1187 3101 Beelpbegor,
1264 3031 1560 3085 servientes
1616 3031 1843 3086 libidini.

281 3122 502 3177 Diﬁirile
546 3130 633 3179 est
679 3123 852 3186 enim,
913 3130 973 3175 ut
1024 3121 1211 3175 beatus
1261 3120 1621 3191 Hieronymus
1681 3121 1844 3184 dicit,

1957 1930 2097 1987 ﬁlios
2127 1949 2273 1989 suos.
2305 1954 2323 1986 ι
2347 1935 2751 1994 luterfectorem
2782 1942 3142 2014 intelligamus
3169 1946 3417 2004 Azaelent
3445 1966 3532 2006 re-

1955 2036 2075 2091 gem
2108 2023 2298 2094 Syriae,
2333 2027 2422 2096 qui
2471 2027 2769 2085 Samariam
2815 2032 2977 2102 longo
3006 2045 3248 2106 tempore
3297 2039 3530 2105 obsedit,

1955 2128 2236 2184 quousque
2260 2117 2404 2175 fame
2428 2130 2654 2193 cogente
2699 2123 2763 2179 ad
2803 2140 2924 2180 eum
2952 2127 3180 2186 exirent.
3207 2131 3534 2189 arbitrantes

1955 2202 2056 2296 sibi
2098 2205 2285 2264 utilius
2314 2226 2435 2265 cum
2475 2214 2655 2283 gladio
2699 2216 2882 2272 subito
2922 2220 3123 2287 perire,
3163 2237 3325 2290 quam
3369 2224 3526 2296 longa

1955 2293 2154 2352 inedia.
2179 2298 2529 2373 Tropologice
2572 2305 2811 2361 lueretiei
2857 2308 3226 2379 intelliguntur
3248 2293 3530 2382 Ephraim,

1953 2398 2075 2453 quae
2098 2386 2261 2442 veluti
2290 2390 2571 2447 instabiles
2597 2403 2652 2448 et
2686 2394 2871 2451 lascivi
2895 2398 2963 2451 de
2982 2398 3223 2455 Ecclesia
3247 2405 3526 2467 recedunt,

1952 2485 2008 2530 et
2039 2475 2340 2546 gloriantur
2367 2480 2419 2535 in
2454 2482 2797 2539 multitudine
2821 2485 3081 2553 ﬁliorum,
3107 2504 3243 2558 quos
3269 2508 3367 2562 per
3407 2509 3530 2563 pra-

1951 2582 2076 2621 vum
2107 2568 2299 2639 dogma
2319 2572 2421 2625 sibi
2441 2584 2721 2643 generant,
2759 2577 3060 2648 quibusque
3092 2581 3351 2639 Dominus
3374 2600 3527 2642 com-

1950 2656 2210 2721 minatur,
2264 2661 2476 2716 etiamsi
2521 2666 2743 2719 enutriti
2788 2666 2990 2723 fuerint
3034 2671 3347 2738 puniendos,
3394 2689 3523 2743 quo~

1951 2747 2095 2801 uiam
2124 2764 2190 2803 ex
2220 2748 2576 2809 fornicatione
2601 2763 2728 2809 sunt
2754 2759 2945 2827 geniti,
2974 2760 3096 2815 ideo
3119 2772 3173 2816 et
3200 2772 3383 2831 patres
3404 2767 3529 2821 abs-

1949 2851 2054 2905 que
2077 2837 2264 2893 liberis
2295 2842 2610 2908 redduntur,
2636 2845 2763 2899 dum
2792 2847 2952 2901 simul
2982 2850 3227 2920 discipuli
3256 2869 3378 2907 cum
3400 2869 3528 2923 pra-

1948 2927 2031 2980 vis
2071 2939 2297 2996 pereunt
2329 2933 2625 3001 magistris,
2665 2934 2732 2990 de
2759 2936 2955 3005 quibus
2980 2948 3034 2993 et
3059 2941 3343 2999 subditur:
3380 2963 3400 2994 ι
3434 2943 3524 3001 Vae

1946 3017 2026 3071 eis
2068 3033 2191 3072 cum
2218 3035 2496 3077 recessero
2522 3024 2591 3078 ab
2618 3025 2717 3080 eis.
2752 3046 2772 3079 ι
2800 3026 3077 3098 Simulque
3127 3035 3351 3100 replicat
3385 3050 3521 3104 qua-

1948 3104 2015 3160 lis
2057 3107 2219 3162 fuerit
2248 3110 2522 3178 Ephraim,
2549 3117 2765 3182 quando
2795 3117 3012 3187 (inquit)
3043 3131 3164 3174 erat
3184 3122 3238 3176 in
3279 3124 3521 3181 Ecclesia

278 3214 590 3268 mentium
639 3215 902 3283 reperire,
952 3212 1044 3282 qui
1097 3213 1283 3283 diligat
1337 3214 1673 3277 castitatem,
1722 3211 1848 3268 licet
1875 3199 1920 3260 C
1953 3194 2095 3249 inter
2138 3198 2320 3252 εωοωί
2349 3197 2509 3267 hujus
2546 3204 2915 3270 tentationem,
2945 3210 3098 3273 quasi
3126 3206 3301 3277 Tyrus
3329 3215 3520 3265 tunde-

273 3318 397 3357 eam
424 3302 598 3358 soleat
639 3318 736 3359 ore
775 3301 1051 3374 praeferre,
1077 3302 1201 3371 quia
1232 3302 1378 3357 aliud
1405 3301 1640 3370 loquitur
1663 3301 1840 3367 labiis,

274 3392 421 3449 allud
469 3402 651 3449 servat
682 3394 1033 3456 conscientia,
1065 3403 1120 3448 et
1159 3393 1343 3463 implet
1382 3407 1566 3463 opere.
1594 3391 1745 3448 Unde
1788 3399 1843 3448 ct

274 3484 670 3539 abominabiles
693 3484 953 3548 existunt,
989 3483 1117 3539 facti
1144 3483 1427 3549 immundi,
1453 3483 1595 3538 sicut
1628 3497 1691 3539 ea
1722 3498 1844 3553 quae

273 3574 602 3629 dilexerunt.

352 3683 371 3716 ε
400 3663 656 3733 Ephraim
677 3664 827 3734 quasi
857 3664 973 3718 avis
1003 3663 1253 3718 avolavit.
1290 3683 1306 3715 ι
1340 3662 1455 3721 Hoc
1474 3658 1585 3727 est,
1614 3662 1842 3733 populus

271 3757 463 3811 decem
509 3758 744 3813 tribuum
794 3756 1053 3813 velociter
1102 3766 1304 3813 terram
1354 3758 1628 3828 prepriam
1677 3758 1839 3812 amit-

274 3855 416 3908 tens,
446 3846 580 3901 abiit
619 3847 672 3900 in
712 3848 1102 3917 captivitatem.
1131 3847 1301 3901 Avem
1336 3858 1514 3901 autem
1555 3848 1843 3918 appellavit

269 3949 399 3989 eum
426 3935 705 4004 propheta,
734 3945 791 3990 ut
820 3937 1056 3991 velocem
1090 3937 1144 3991 in
1182 3936 1508 4007 Babylonem
1555 3939 1837 3994 transitum

272 4024 928 4091 demonstraretuﬁloria
946 4039 1132 4079 eorum
1159 4042 1189 4080 a
1212 4033 1364 4094 partu
1388 4034 1443 4080 et
1465 4027 1532 4080 ab
1553 4035 1707 4081 utero
1735 4036 1790 4085 et
1808 4045 1839 4082 a

273 4120 542 4179 conceptu
552 4150 567 4174 ,
590 4130 608 4162 ι
618 4112 874 4166 subaudis
885 4112 1133 4166 avolavit.
1152 4112 1403 4169 Gloriaba
1411 4123 1496 4167 tur
1507 4116 1732 4184 populus
1742 4116 1837 4171 de-

272 4217 396 4257 cem
435 4201 668 4256 trihuum
711 4201 765 4256 in
790 4201 1129 4256 multitudine
1166 4202 1396 4257 ﬁliorum
1418 4213 1472 4258 et
1498 4205 1842 4261 multitudine

268 4294 635 4358 exercituum,
659 4302 714 4347 et
742 4292 797 4347 in
826 4306 892 4346 eo
918 4306 978 4347 se
1000 4290 1259 4360 majorem
1284 4292 1576 4347 arbitratus
1602 4301 1680 4347 est
1703 4293 1839 4348 Juda

272 4382 445 4438 fratre
461 4398 580 4447 suo,
597 4382 721 4452 quia
744 4383 862 4451 ipse
886 4382 1070 4436 decem
1096 4381 1358 4447 tribubus,
1375 4381 1460 4435 ille
1475 4381 1683 4437 duobus
1705 4398 1842 4452 prte-

273 4473 393 4526 fuit.
420 4471 700 4529 llabebant
719 4485 847 4542 ergo
884 4470 1143 4540 plurimos
1168 4459 1329 4534 ﬁlios,
1354 4470 1547 4540 quibus
1568 4471 1837 4541 gloriaba-

1949 3285 2113 3343 batur
2136 3290 2361 3345 marinis
2382 3289 2656 3359 ﬂuctibus,
2679 3305 2734 3349 et
2759 3304 2937 3350 tamen
2961 3298 3094 3353 nihil
3136 3302 3345 3355 adversi
3370 3314 3521 3371 pote-
3602 3325 3624 3350 υ

1950 3390 2033 3436 rat
2054 3383 2338 3449 sustinere,
2370 3385 2495 3455 quia
2532 3386 2767 3456 habebat
2794 3388 3198 3446 fundamentum
3224 3393 3518 3463 Christum,

1947 3487 2109 3544 super
2128 3475 2270 3543 quod
2302 3476 2492 3531 domus
2521 3478 2789 3534 aediﬁcata
2809 3495 2915 3534 non
2940 3491 3118 3552 potest
3145 3485 3333 3539 everti.
3367 3484 3522 3541 Nunc

1946 3574 2125 3622 autem
2156 3567 2460 3641 ﬁliosgsuos
2483 3571 2667 3625 educit
2704 3573 2773 3627 ad
2812 3573 3239 3641 interfectorem,
3283 3578 3385 3631 hoc
3413 3588 3519 3644 est,

1946 3658 2015 3713 ad
2044 3658 2340 3725 diabolum,
2365 3660 2457 3728 qui
2488 3663 2815 3717 aeternaliter
2838 3664 3048 3720 animas
3074 3681 3267 3735 pravas
3288 3668 3517 3736 jugulat.

1946 3748 2011 3802 Et
2049 3748 2269 3819 pulchre
2304 3749 2460 3813 dixit,
2496 3768 2514 3803 ι
2543 3753 2743 3817 educit,
2773 3773 2792 3804 ι
2820 3754 2872 3809 id
2900 3766 3003 3826 est,
3036 3757 3101 3810 de
3133 3757 3367 3812 Ecclesia
3390 3758 3521 3814 facit

1944 3838 2159 3894 extrahi
2192 3838 2358 3893 l‘oras.
2385 3839 2657 3895 Moraliter
2683 3841 2821 3899 ﬁlios
2845 3843 3101 3914 prraim
3134 3862 3418 3915 possumus
3439 3848 3518 3903 di-

1943 3943 2069 3984 cere
2107 3929 2467 4000 cogitationcs
2515 3932 2800 4001 pessimas,
2847 3942 2921 4011 et,
2951 3936 3224 3988 contraria
3268 3934 3517 4006 dogmata

1943 4020 2179 4083 veritati,
2226 4035 2344 4089 qua:
2371 4022 2552 4073 omnia
2586 4021 2841 4076 Dominus
2871 4023 3147 4089 interficit,
3177 4041 3279 4081 nec
3322 4042 3517 4095 pecca-

1948 4118 2091 4164 tores
2116 4111 2251 4163 tales
2283 4110 2485 4165 liberos
2534 4112 2731 4167 habere
2758 4113 2984 4182 patitur,
3015 4130 3151 4185 quas
3192 4121 3520 4176 aiternalitcr

1944 4201 2347 4271 derelinquens,
2386 4216 2507 4257 cum
2535 4203 2646 4258 suis
2672 4205 2852 4274 pravis
2882 4207 3218 4275 dogmatibus
3240 4218 3295 4264 et
3320 4211 3519 4282 iniquis

1944 4290 2361 4360 cogitationibus
2388 4293 2558 4361 punit.
2608 4293 2759 4350 Unde
2786 4304 2870 4350 est
2911 4314 2923 4350 :
2950 4298 3005 4350 lu
3038 4298 3123 4352 illa
3151 4300 3238 4353 die
3264 4302 3519 4370 peribunt

1943 4397 2132 4437 omnes
2156 4384 2511 4454 cogitationes
2531 4400 2740 4441 eorum.

2020 4493 2038 4526 ι
2077 4474 2153 4530 Da
2180 4478 2279 4543 eis,
2307 4477 2551 4533 Domine.
2580 4480 2715 4547 Quid
2744 4480 2900 4538 dabis
2938 4484 3053 4538 eis?
3082 4484 3156 4539 Da
3184 4485 3264 4541 eis
3302 4488 3510 4545 vulvam

270 4572 381 4628 tur,
396 4563 692 4631 quiomnes
710 4560 906 4631 captivi
932 4560 1235 4620 ductisuut.
1250 4567 1344 4613 aut
1362 4560 1831 4628 etiaminterfecti,
1866 4543 1915 4603 D
1939 4568 2057 4623 sine
2080 4568 2263 4624 liberis
2281 4578 2335 4624 et
2357 4572 2520 4627 ubera
2545 4543 2775 4627 arentia.
2807 4593 2827 4625 ι
2861 4574 2939 4628 Ne
2968 4576 3052 4631 bis
3073 4593 3193 4645 qua:
3227 4579 3371 4637 Deus
3416 4597 3513 4651 pro

266 4663 325 4708 et
372 4653 624 4718 avolavit,
654 4652 756 4708 hoc
792 4660 896 4716 est,
926 4650 1101 4705 subito
1136 4649 1311 4704 omnis
1350 4664 1537 4705 eorum
1587 4651 1835 4723 gloriatio

264 4762 372 4816 qua
396 4745 602 4801 inﬁliis
624 4744 1008 4815 gloriabantur,
1034 4742 1278 4797 recessit.
1302 4740 1453 4797 Unde
1472 4753 1528 4796 et
1555 4744 1830 4799 subditur:

347 4880 365 4912 ι
402 4861 554 4928 Quod
579 4867 636 4915 et
662 4859 709 4914 si
730 4857 1053 4914 enutrierint
1081 4856 1220 4911 ﬁlios
1245 4870 1394 4920 suos,
1420 4856 1625 4925 absque
1648 4857 1834 4916 liberis

264 4969 361 5009 eos
410 4952 603 5007 faciam
636 4951 689 5005 in
736 4949 1064 5012 hominibus,
1094 4967 1111 4999 ι
1143 4948 1194 5001 id
1225 4956 1326 5010 est,
1355 4948 1400 5001 si
1436 4948 1831 5004 multitudinem

267 5044 559 5099 liberorum
609 5039 1084 5112 congregaveriut,
1134 5046 1189 5091 ct
1234 5036 1503 5091 licentiam
1559 5038 1830 5092 nutriendi

265 5132 575 5196 habuerint,
603 5131 740 5187 nihil
761 5131 840 5183 eis
860 5129 1121 5198 proderit,
1152 5129 1276 5196 quia
1305 5129 1583 5183 tradentur
1611 5131 1754 5195 neci,
1775 5139 1831 5185 et

265 5225 461 5281 faciam
498 5232 560 5277 ut
593 5237 700 5277 non
729 5220 1024 5291 glorientur
1051 5220 1103 5273 in
1134 5220 1236 5281 eis,
1271 5220 1394 5288 quia
1428 5220 1685 5275 videbunt
1711 5221 1831 5277 illos

263 5312 518 5379 interﬁci,
544 5321 600 5368 et
628 5312 697 5366 ab
718 5310 963 5366 hostibus
995 5309 1278 5379 captivari,
1300 5310 1622 5379 ueterisque
1652 5311 1830 5367 natio-
1874 5359 1880 5375 ,

263 5403 423 5458 nibus
453 5402 506 5456 in
546 5400 837 5472 prepagiue
866 5398 1097 5453 ﬁliorum
1149 5395 1477 5461 laetantibus,
1518 5397 1621 5466 ipsi
1668 5408 1828 5454 erunt

262 5494 468 5563 absque
505 5490 711 5546 liberis.
740 5507 760 5541 ι
799 5488 904 5544 Sed
932 5495 988 5543 et
1024 5502 1105 5540 vze
1145 5487 1247 5551 eis,
1270 5502 1392 5541 cum
1437 5502 1714 5543 recessero
1760 5490 1829 5545 ab

260 5582 359 5637 eis.
372 5594 399 5633 r
413 5579 550 5647 Quia
566 5579 709 5633 enim
732 5578 832 5647 ipsi
855 5587 1193 5633 recesserunt
1217 5592 1246 5628 a
1262 5591 1368 5640 me,
1383 5584 1439 5630 et
1460 5590 1561 5647 ego
1579 5578 1824 5634 recedam

1935 4657 2306 4714 benedictione
2318 4660 2462 4715 dedit
2475 4662 2614 4715 male
2626 4671 2923 4726 utamur,et
2937 4664 2988 4718 in
3002 4667 3274 4725 contrario
3283 4684 3512 4739 quaeque

1936 4750 2003 4804 ab
2028 4765 2093 4807 eo
2120 4752 2243 4805 data
2265 4761 2388 4805 sunt
2426 4764 2831 4822 convertamur,
2869 4757 3084 4823 expedit
3115 4767 3173 4811 ut
3195 4757 3513 4815 auferantur

1935 4857 1966 4896 a
1993 4841 2167 4896 nobis.
2192 4842 2433 4911 Denique
2458 4859 2579 4898 cum
2610 4845 2768 4899 nobis
2786 4845 2966 4915 lingua
2992 4848 3112 4902 data
3150 4850 3223 4903 sit
3241 4850 3309 4904 ad
3340 4851 3507 4906 Deum

1934 4931 2276 4994 laudandum,
2309 4942 2365 4988 et
2401 4950 2523 5003 qua:
2550 4936 2689 4990 bona
2720 4944 2845 4992 sunt
2887 4938 3171 5008 loquenda,
3204 4941 3247 4995 si
3277 4943 3401 5010 quis
3443 4958 3507 4997 ea

1933 5023 2188 5078 abutatur
2230 5022 2283 5076 in
2336 5023 2745 5093 blasphemiam,
2796 5038 2986 5082 contra
3031 5029 3172 5087 hunc
3217 5029 3505 5087 Psalmista

1933 5114 2291 5183 deprecatur:
2329 5133 2347 5165 ι
2380 5115 2521 5170 Muta
2553 5116 2686 5171 ﬁant
2733 5118 2875 5173 labia
2922 5119 3129 5185 dolosa,
3162 5139 3182 5170 ι
3217 5130 3323 5176 etc.
3369 5121 3504 5187 Quia

1932 5220 2060 5275 ergo
2080 5205 2331 5275 Ephraim
2362 5206 2690 5277 gloriabatur
2725 5209 2777 5263 in
2810 5218 2962 5264 utero
2989 5220 3044 5265 et
3070 5212 3122 5265 in
3164 5222 3423 5280 conceptu
3447 5222 3502 5271 et

1932 5305 2108 5367 partu,
2133 5306 2189 5351 et
2217 5298 2269 5352 in
2297 5298 2615 5367 populorum
2648 5300 3008 5365 multitudine,
3041 5316 3137 5370 pro
3161 5301 3355 5369 quibus
3387 5303 3501 5356 ela-

1931 5399 2018 5442 tus
2059 5389 2111 5443 in
2158 5388 2465 5458 superbiam
2493 5390 2757 5455 tumebat,
2798 5405 2921 5447 cum
2948 5390 3127 5459 potius
3153 5389 3374 5446 deberet
3401 5392 3499 5446 hu-

1929 5480 2123 5535 miliari
2149 5488 2206 5537 et
2234 5482 2342 5536 Deo
2383 5481 2588 5550 gratias
2617 5496 2797 5552 agere,
2828 5481 2918 5551 qui
2968 5496 3062 5536 eos
3099 5480 3496 5551 multiplicave-

1929 5582 2033 5639 rat,
2073 5574 2307 5643 loquitur
2350 5574 2607 5642 propheta
2663 5575 2729 5627 ad
2773 5574 3077 5638 Dominum,
3107 5574 3329 5630 dicens:
3367 5595 3386 5627 ι
3419 5575 3496 5631 Da

261 5677 328 5731 ab
355 5673 457 5736 eis.
487 5680 724 5742 tuncque
761 5669 993 5723 sentient
1035 5684 1138 5731 νιν,
1174 5667 1275 5722 hoc
1309 5675 1388 5722 est
1425 5667 1824 5724 damnationem
1925 5667 2024 5731 eis,
2061 5665 2305 5733 Domine,
2343 5684 2361 5715 ι
2402 5665 2610 5734 sibique
2647 5666 2745 5734 ipsi
2776 5663 3079 5733 respondet.
3110 5684 3128 5717 ‹
3160 5664 3297 5732 Quid
3342 5668 3498 5725 dabis

262 5773 540 5827 wteruam,
568 5774 691 5814 eum
726 5773 885 5815 nume
914 5770 1089 5809 meum
1120 5755 1449 5825 perdiderint
1479 5756 1756 5811 auxilium.

1927 5758 2039 5813 eis?
2077 5777 2093 5809 ι
2128 5757 2195 5811 Et
2225 5756 2406 5811 statim
2454 5758 2795 5825 imprecaqu
2837 5765 2891 5811 et
2936 5759 3275 5827 provocando
3325 5758 3495 5815 Deum
