4022 6442
481 383 543 436 τι
957 371 1313 430 annosus
1353 365 1822 424 llALBERSTAT.
1868 363 2079 416 [ωδε.
2122 361 2272 415 orr.
2315 361 2493 416 mus
2531 362 2569 416 l.
2598 393 2665 401 —
2699 359 3053 416 COMMENT.
3091 359 3262 414 Ribb.
3667 360 3742 413 γε».

481 487 742 540 adversus
786 481 925 544 illos,
954 479 1253 535 subinfert:
1288 477 1362 530 Da
1386 476 1466 530 eis
1497 475 1710 528 vulvam
1745 472 1980 527 sterilem
2007 479 2061 523 et
2091 476 2134 530 Λ
2165 486 2503 538 nequaquam
2523 473 2734 531 facient.
2777 472 2829 525 id
2857 481 2960 533 est.
2995 472 3132 524 filios
3149 489 3250 524 non
3267 472 3622 541 generalium,
3651 477 3742 527 vel

483 581 650 632 ubera
683 572 918 644 arentia,
941 585 1009 624 ne
1037 570 1244 624 scilicet
1277 567 1513 621 habeant
1537 580 1732 618 causas
1778 561 2060 630 superbiae,

485 677 540 722 et
569 668 620 720 in
648 680 756 734 quo
784 661 1004 730 gloriari
1034 659 1227 721 solent,
1273 657 1326 710 in
1359 657 1462 710 hoc
1507 653 1922 709 confundantur.
1957 651 2066 704 Su-

487 757 670 825 perbia
715 754 933 808 enimin
969 751 1050 805 eis
1077 757 1196 804 erat
1229 746 1515 802 multitudo
1557 745 1809 807 filiorum,
1839 744 2068 811 ideoque

487 848 592 901 ait:
619 847 696 902 Da
723 846 802 899 eis
826 843 1036 896 vulvam
1069 840 1332 899 sterilem,
1367 854 1434 892 ne
1478 837 1685 891 scilicet
1725 843 1984 904 generent
2009 833 2068 886 fi-

489 940 608 1000 lios,
631 944 686 988 et
715 934 779 986 da
820 934 987 988 ubera
1021 930 1244 989 arentia,
1273 938 1351 990 ut,
1391 926 1606 982 etiamsi
1632 924 1930 996 genuerint,
1960 939 2066 978 non

491 1029 723 1080 habeant
753 1022 894 1077 unde
922 1037 1017 1076 eos
1047 1021 1243 1074 lactare
1279 1017 1502 1086 possint.

563 1136 580 1164 ι
617 1114 819 1169 Omnes
847 1111 1100 1179 nequitia:
1135 1124 1321 1162 eorum
1365 1108 1418 1160 in
1449 1105 1656 1174 Galgal,
1688 1105 1812 1174 quia
1857 1103 1927 1158 ibi
1976 1119 2070 1157 ex-

494 1219 618 1258 osos
646 1202 808 1256 habui
835 1215 981 1254 eos.»
1015 1199 1069 1251 lu
1094 1195 1279 1266 Galgal
1306 1193 1432 1248 Saul
1465 1203 1661 1247 unctus
1679 1203 1764 1247 est
1783 1193 1836 1246 in
1867 1207 2068 1260 regem,

489 1291 744 1347 Samuele
771 1291 906 1344 iram
933 1289 1022 1342 Dei
1048 1285 1242 1356 populo
1274 1284 1573 1337 nuntiante.
1601 1282 1674 1335 lbi
1731 1280 1948 1349 (inquit)
1979 1294 2073 1332 ex-

491 1398 620 1437 osos
649 1379 811 1435 habui
837 1393 950 1439 eos,
975 1377 1100 1445 quia
1127 1389 1306 1443 regem
1337 1372 1608 1426 hominem
1630 1370 1698 1424 ibi
1717 1369 2069 1439 postulantes,

493 1489 522 1525 a
551 1488 670 1527 meo
710 1471 935 1539 imperio
965 1472 1326 1521 recesserunt.
1363 1463 1533 1516 Aliter
1565 1479 1578 1514 :
1613 1461 1866 1530 Legimus
1913 1461 1964 1512 in
2009 1459 2074 1511 li-

495 1565 593 1617 bro
619 1561 746 1616 Jesu
773 1561 939 1621 Nave,
983 1558 1123 1626 quod
1154 1558 1206 1610 in
1255 1553 1439 1624 Galgal
1480 1552 1707 1622 populus
1751 1551 2074 1604 lsracliticus

496 1655 730 1709 secundo
775 1651 936 1705 fuerit
959 1647 1331 1706 circumcisus,
1361 1643 1450 1697 ubi
1495 1644 1654 1696 etiam
1686 1649 1869 1710 postea
1919 1640 2072 1708 quasi

499 1760 661 1800 causa
690 1743 966 1812 religionis
1012 1739 1242 1809 primum
1285 1746 1566 1804 cteperunt
1599 1733 1776 1788 colere
1817 1733 1976 1796 idola,
2019 1733 2072 1784 in

2163 561 2302 614 bona
2348 576 2512 628 opera
2551 577 2657 615 non
2702 562 2994 616 habebunt.
3030 579 3048 612 ‹
3077 561 3230 626 Quod
3269 570 3324 615 et
3357 562 3399 615 si
3427 563 3744 631 genuerint,

2164 649 2486 704 interficiam
2540 651 2908 706 amantissima
2963 652 3100 704 uteri
3154 665 3362 704 eorum.
3397 670 3415 701 ι
3445 649 3503 704 ld
3548 661 3654 714 est,
3695 652 3747 706 si

2165 741 2450 810 contigerit
2474 756 2568 795 eos
2593 743 2790 796 habere
2817 741 2953 794 filios
2977 752 3166 794 contra
3184 756 3357 796 meam
3381 741 3743 803 voluntatem.

2166 832 2300 886 nihil
2344 833 2422 886 eis
2463 833 2722 900 proderit,
2766 831 2891 900 quia
2942 831 3264 886 interficiam
3315 841 3471 886 natos
3524 847 3744 895 eorum.

2167 939 2303 992 quos
2337 925 2622 978 admodum
2663 923 2908 993 diligunt.
2943 923 3060 978 Hoc
3099 932 3183 976 cst
3218 925 3362 978 enim
3398 926 3542 993 quod
3577 939 3746 992 supra

2169 1015 2277 1067 ait:
2306 1015 2458 1080 Quod
2480 1014 2524 1069 si
2553 1014 2878 1068 enutrierint
2905 1011 3066 1078 ﬁlios,
3089 1014 3294 1083 absque
3329 1014 3514 1070 liberis
3541 1030 3640 1068 eos
3666 1014 3749 1068 fa-

2169 1106 2330 1160 ciam.

2248 1215 2266 1247 ι
2289 1197 2628 1266 Abjicieteos
2643 1197 2786 1249 Deus
2811 1210 2986 1258 meus,
3016 1195 3141 1264 quia
3169 1211 3273 1252 non
3291 1197 3576 1250 audierunt
3598 1211 3744 1258 eum,

2171 1295 2226 1341 et
2269 1295 2428 1339 erunt
2463 1286 2580 1354 vagi
2625 1285 2678 1337 in
2725 1284 3052 1338 nationibus.
3085 1303 3104 1334 ι
3134 1284 3322 1339 Varias
3364 1285 3604 1339 culturas
3653 1302 3750 1356 per

2173 1379 2382 1431 diversa
2412 1377 2528 1430 loca
2559 1376 2854 1445 sequendo,
2885 1376 3010 1446 quia
3041 1376 3330 1430 noluerunt
3357 1393 3477 1432 esse
3505 1379 3662 1433 solidi
3695 1380 3750 1432 in

2173 1467 2334 1519 unius
2357 1466 2466 1518 veri
2508 1466 2855 1525 veneratione
2886 1465 3000 1518 Dei.
3039 1464 3329 1519 Possumus
3361 1467 3462 1520 hoc
3483 1467 3754 1537 generali-

2178 1564 2260 1610 ter
2304 1555 2600 1624 intelligere
2649 1556 2715 1610 de
2761 1556 3011 1610 omnibus
3057 1553 3284 1620 Iudaeis,
3332 1571 3562 1625 quorum
3620 1559 3752 1626 quia

2175 1648 2447 1718 principes
2475 1664 2504 1701 a
2541 1648 2767 1702 Domino
2797 1656 3161 1713 recesserunt,
3191 1658 3467 1704 moventes
3496 1651 3754 1721 populum

2176 1750 2235 1794 ut
2260 1755 2384 1794 eum
2416 1740 2482 1794 ad
2507 1749 2733 1794 mortem
2771 1747 3106 1808 expeterent,
3149 1739 3310 1809 ejecit
3348 1755 3442 1795 eos
3482 1742 3548 1795 de
3591 1741 3754 1797 domo

499 1848 729 1904 quorum
756 1831 964 1886 cultura
993 1828 1171 1882 omnia
1210 1825 1410 1880 scelera
1441 1823 1848 1878 commiserunt.
1877 1819 2074 1874 Verum
2111 1818 2150 1874 Β
2181 1846 2297 1895 sua,
2325 1840 2378 1884 ει
2407 1845 2512 1884 non
2537 1831 2688 1883 addit
2717 1839 2776 1884 ιιι
2813 1830 2999 1901 diligat
3027 1846 3138 1886 eos,
3172 1831 3411 1897 Quorum
3448 1833 3602 1886 radix
3631 1848 3757 1903 per.

498 1926 622 1995 quia
671 1923 858 1993 Galgal
900 1919 1178 1982 revelatio,
1207 1919 1320 1972 sive
1374 1917 1714 1970 volutabrum
1760 1915 2077 1984 interpreta-

501 2028 604 2081 tur,
634 2017 772 2071 bene
820 2013 1071 2082 nequitiae
1101 2009 1477 2065 haereticorum
1517 2008 1569 2060 in
1616 2005 1800 2075 Galgal
1834 2019 1954 2059 esse
1999 2004 2077 2057 di-

501 2117 721 2171 cuntur,
750 2123 814 2160 eo
842 2107 984 2173 quod
1018 2097 1408 2155 manifestanda
1438 2112 1599 2166 opera
1627 2111 1836 2159 eorum,
1871 2094 2078 2162 ipsique

502 2200 607 2253 sint
650 2198 716 2251 ad
758 2195 956 2249 inferos
981 2189 1313 2246 devolvendi.
1347 2187 1450 2256 lpsi
1481 2185 1624 2240 enim
1655 2184 1917 2238 veraciter
1955 2183 2078 2236 odio

503 2289 647 2359 digni
677 2295 819 2348 sunt,
849 2285 973 2352 quia
1005 2291 1194 2336 contra
1243 2279 1408 2332 Deum
1446 2275 1722 2330 mendacia
1766 2274 2074 2341 loquuntur.

578 2396 598 2429 ι
637 2377 862 2446 Propter
896 2372 1152 2426 malitiam
1211 2366 1648 2422 adinveutionum
1699 2378 1906 2417 eorum.
1956 2381 1974 2413 ι
2022 2361 2076 2414 ld

503 2475 604 2532 est,
631 2477 850 2538 propter
878 2465 1136 2520 idolorum
1168 2463 1454 2523 culturam,
1493 2474 1653 2528 quam
1682 2458 1782 2528 ipsi
1813 2456 2080 2510 malitiose

505 2562 789 2614 adversum
839 2573 927 2612 me
974 2557 1310 2614 invenerunt,
1347 2571 1365 2602 ‹
1404 2553 1468 2605 de
1512 2549 1674 2605 domo
1717 2565 1835 2603 mea
1866 2547 2078 2617 eiiciam

507 2666 622 2714 eos,
662 2669 680 2700 ι
713 2649 765 2703 id
815 2657 919 2708 est,
949 2648 1012 2700 de
1065 2644 1268 2708 Bethel,
1325 2657 1444 2711 qua:
1493 2642 1684 2696 domus
1719 2639 1812 2693 Dei
1863 2639 2076 2693 dicitur.

508 2746 634 2802 Sive
659 2745 821 2800 etiam
855 2743 1066 2796 domum
1097 2737 1304 2792 Domini
1337 2749 1622 2805 possumus
1652 2731 1946 2802 intelligere
1967 2746 2081 2786 cce—

509 2840 641 2900 lum,
662 2837 728 2890 de
747 2850 853 2904 quo
875 2831 1030 2900 ejecti
1059 2839 1186 2886 sunt
1212 2847 1225 2884 :
1254 2829 1378 2897 quia
1409 2825 1722 2881 deficientes
1759 2839 2003 2894 c0rpore,
2030 2823 2082 2876 in

511 2928 689 2982 anima
713 2939 924 2994 quoque
952 2921 1279 2977 aeternaliter
1307 2926 1555 2987 pereunt.

585 3037 604 3058 ο
637 3017 753 3070 Νοη
809 3016 997 3069 addam
1035 3022 1095 3067 ut
1121 3011 1338 3080 diligam
1391 3023 1503 3062 eos.
1539 3026 1557 3058 ι
1591 3006 1938 3075 Perspicuum
1981 3014 2081 3069 est,

512 3107 654 3177 quod
697 3121 802 3160 non
843 3105 1108 3158 addiderit
1135 3103 1396 3156 Dominus
1437 3111 1497 3155 ut
1533 3101 1673 3155 ultra
1699 3115 1793 3154 eos
1819 3099 2082 3170 diligeret,

511 3200 651 3253 unde
672 3213 842 3266 usque
866 3196 1023 3251 hodie
1044 3195 1096 3248 in
1117 3195 1424 3265 captivitate
1453 3205 1884 3262 permanserunt.
1911 3211 1928 3241 ς
1959 3191 2085 3247 Om-
2113 3185 2157 3245 C

511 3303 608 3343 nes
657 3287 928 3356 principes
975 3301 1161 3339 eorum
1210 3286 1545 3345 recedentes,
1578 3303 1596 3334 ι
1631 3284 1885 3340 subaudis
1937 3294 2081 3340 sunt.

510 3380 786 3451 Principes
809 3381 864 3434 in
901 3377 1000 3433 hoc
1037 3376 1155 3434 loco
1185 3376 1442 3433 debemus
1470 3374 1767 3448 intelligere
1798 3395 1952 3448 rcges
1996 3379 2088 3432 de.—

511 3487 628 3526 cem
656 3471 913 3533 tribuum,
945 3469 1033 3537 qui
1066 3483 1256 3522 omnes
1297 3483 1327 3520 a
1353 3467 1461 3520 Deo
1491 3483 1586 3536 per
1615 3468 1970 3522 idololatriam
2005 3476 2088 3523 re;

513 3571 813 3624 cesserunt,
845 3561 1128 3627 nullusque
1148 3574 1213 3611 ex
1245 3557 1323 3612 eis
1344 3557 1409 3610 ad
1436 3557 1603 3611 Deum
1637 3565 1748 3612 toto
1771 3560 1932 3612 corde
1961 3574 2088 3612 (on-

512 3667 702 3708 versus
729 3660 829 3706 est.
857 3650 1151 3704 Possumus
1186 3648 1298 3702 haec
1337 3647 1518 3702 omnia
1549 3647 1751 3702 referre
1790 3648 1856 3700 ad
1887 3648 2090 3703 Christi

513 3754 775 3813 tempora,
798 3751 854 3796 et
897 3740 1196 3810 intelligere
1226 3740 1290 3794 de
1329 3740 1538 3793 duabus
1587 3740 1853 3803 tribubus,
1888 3757 2004 3808 quae
2035 3741 2087 3794 in
2127 3764 2132 3766 ·

515 3835 746 3888 adventu
773 3833 889 3902 ejus
921 3831 1108 3901 ejeetm
1140 3837 1264 3884 sunt
1295 3831 1361 3884 de
1381 3831 1539 3883 domo
1576 3831 1686 3890 Dei,
1721 3847 1788 3884 ne
1816 3832 2091 3886 salvareu-

517 3935 624 3989 tur,
652 3933 710 3978 ut
736 3923 920 3988 Israel,
965 3923 1016 3976 id
1048 3931 1152 3986 est,
1185 3929 1243 3974 ut
1288 3921 1516 3990 populus
1546 3921 1882 3976 Christianus
1921 3922 2092 3975 salva-

516 4026 686 4072 retur.
719 4016 857 4071 Hinc
886 4015 940 4069 in
964 4013 1252 4084 Evangelio
1283 4013 1510 4084 legimus
1539 4015 1678 4082 quod
1705 4013 1891 4068 fecerit
1915 4014 2094 4068 Domi-

515 4123 618 4163 nus
646 4106 911 4178 ﬂagellum
943 4106 1008 4160 de
1036 4104 1308 4169 funiculis,
1333 4115 1388 4157 et
1415 4103 1634 4171 ejecerit
1661 4119 1752 4158 eos
1773 4103 1841 4158 de
1871 4105 2090 4171 templo,

516 4198 644 4267 quia
683 4199 898 4252 domum
927 4195 1104 4248 Patris
1139 4194 1255 4263 ejus
1304 4193 1545 4250 fecerunt
1588 4195 1804 4250 domum
1847 4197 2092 4266 negotia-

517 4287 701 4341 tionis.

593 4396 611 4427 ι
644 4375 938 4429 Percussus
969 4383 1048 4428 est
1074 4374 1350 4444 Ephraim,
1376 4393 1393 4424 ι
1428 4389 1456 4427 a
1485 4374 1613 4438 Deo,
1637 4377 1725 4444 qui
1759 4377 1974 4430 tradidit
1998 4394 2092 4433 eos

517 4468 784 4531 hostibus,
803 4487 821 4518 ι
845 4468 997 4521 radix
1013 4468 1224 4521 illorum
1244 4455 1512 4522 exsiccata
1525 4477 1626 4533 est,
1645 4470 1873 4525 fructum
1894 4489 2092 4542 nequa-

2179 1937 2336 1975 cussa
2378 1922 2647 1976 exsiccata
2669 1931 2772 1984 est,
2809 1922 2931 1990 quia
2966 1922 3148 1977 cordis
3177 1922 3582 1994 intelligentiam
3628 1939 3754 1993 per-

2178 2009 2448 2074 diderunt,
2477 2025 2578 2064 nec
2607 2025 2738 2064 sano
2763 2026 2922 2065 sensu
2951 2011 3286 2082 Scripturam
3316 2027 3524 2067 sacram
3557 2014 3756 2069 intelli-

2179 2108 2330 2169 gunt,
2379 2100 2606 2170 ideoque
2658 2099 2894 2155 fructum
2942 2101 3097 2156 bonae
3136 2102 3465 2172 operationis
3520 2117 3631 2157 non
3674 2103 3756 2156 fa-

2180 2193 2346 2246 ciunt.
2399 2190 2550 2257 Quod
2605 2200 2658 2246 et
2697 2192 2740 2246 si
2777 2191 3025 2256 fecerint,
3075 2192 3127 2246 id
3156 2202 3258 2257 est,
3313 2193 3359 2247 si
3400 2194 3501 2249 visi
3549 2194 3758 2249 fuerint

2181 2283 2518 2353 Scripturam
2561 2293 2803 2339 sanctam
2855 2284 3134 2354 legemque
3183 2285 3454 2350 meditari,
3500 2295 3556 2340 et
3596 2287 3757 2355 quasi

2181 2375 2582 2428 amantissimos
2618 2374 2759 2429 filios
2791 2374 2991 2443 aliquid
3036 2375 3278 2428 scientia:
3303 2385 3359 2430 et
3395 2377 3656 2431 doctrinae
3691 2379 3759 2432 de

2181 2480 2279 2519 suo
2321 2464 2684 2534 protulerint,
2739 2465 3061 2520 adversante
3106 2464 3332 2520 Domino
3387 2467 3756 2521 succidentur.

2181 2556 2394 2626 Abjecit
2424 2557 2568 2610 enim
2608 2572 2701 2610 eos
2733 2556 2872 2611 Deus
2905 2557 3143 2611 omnium
3181 2558 3587 2628 prophetarum,
3630 2560 3757 2628 quia

2183 2661 2289 2699 non
2320 2647 2609 2700 audierunt
2635 2662 2783 2712 eum,
2813 2655 2867 2700 et
2891 2647 3008 2716 vagi
3031 2656 3186 2700 erant
3207 2647 3260 2700 in
3291 2647 3620 2710 nationibus,
3652 2665 3756 2702 non

2181 2739 2442 2793 habentes
2464 2739 2654 2801 altare,
2686 2755 2790 2792 non
2812 2739 3001 2802 azdem,
3035 2754 3138 2792 non
3163 2739 3435 2792 civitatem
3463 2739 3754 2808 propriam.

2187 2825 2337 2881 Unde
2387 2835 2443 2880 et
2495 2825 2659 2880 David
2710 2827 2762 2880 in
2819 2827 3072 2896 psalmo:
3111 2827 3224 2881 Non
3280 2829 3497 2883 occidas
3543 2844 3638 2884 eos
3667 2844 3759 2883 ne-

2184 2918 2401 2987 quando
2427 2918 2812 2972 obliviscantur
2837 2918 3017 2988 populi
3042 2919 3169 2983 mei,
3211 2918 3457 2990 disperge
3485 2919 3622 2975 illos.
3649 2931 3755 2976 etc.

2799 3072 3025 3128 CAPUT
3065 3072 3131 3126 X.

2263 3209 2283 3241 c
2314 3189 2448 3245 Vitis
2477 3189 2728 3244 frondosa
2762 3188 2945 3255 Israel,
2983 3209 3002 3241 ι
3037 3191 3293 3246 subaudis
3321 3190 3416 3246 fuit
3443 3192 3494 3245 in
3524 3193 3754 3256 sanctis,

2186 3280 2402 3353 quando
2428 3280 2717 3337 abundavit
2751 3280 2910 3338 bonis
2933 3281 3208 3354 operibus.
3245 3280 3392 3340 Unde
3434 3290 3552 3338 est:
3582 3281 3761 3338 Vinea

2187 3377 2396 3432 Domini
2426 3376 2649 3431 sabaoth
2672 3377 2862 3430 domus
2888 3376 3051 3430 Israel
3077 3386 3178 3431 est.
3208 3395 3224 3426 ι
3260 3376 3491 3430 Fructus
3512 3376 3764 3444 aquna-

2189 3475 2276 3522 tus
2313 3476 2396 3521 est
2425 3468 2494 3521 ei.
2529 3486 2546 3517 ο
2582 3467 2757 3521 Bonas
2802 3467 2946 3522 enim
2987 3467 3310 3537 prepagines
3337 3467 3539 3520 habens
3577 3475 3630 3520 et
3663 3465 3763 3518 lla-

2187 3559 2322 3630 gella
2371 3557 2666 3622 fructifera,
2718 3558 2912 3612 multos
2959 3561 3143 3613 botros
3191 3557 3392 3622 attulit,
3439 3568 3494 3611 et
3531 3573 3760 3610 uvarum

2190 3650 2490 3704 fecunditas
2522 3665 2795 3704 ramorum
2827 3645 3247 3720 magnitudinem
3275 3651 3596 3718 coaequavit.
3628 3649 3763 3715 Quia

2189 3743 2483 3797 secundum
2522 3742 2919 3796 multitudinem
2941 3741 3254 3812 populorum
3279 3743 3571 3796 abundavit
3609 3741 3768 3795 bonis

2189 3831 2464 3899 operibus,
2499 3831 2552 3884 in
2591 3831 2936 3902 patriarchis,
2985 3832 3262 3901 prophetis
3289 3840 3344 3885 et
3373 3832 3585 3885 czeteris
3611 3833 3768 3886 bonis

2190 3923 2343 3976 viris.
2395 3923 2512 3975 Alia
2576 3923 2861 3978 translatio
2909 3923 3107 3977 habet:
3145 3921 3279 3976 Vitis
3327 3937 3528 3992 aquosa
3580 3921 3768 3983 Israel.

2193 4016 2334 4083 quod
2380 4014 2432 4068 in
2463 4014 2656 4068 malam
2693 4025 2904 4084 partem
2952 4015 3322 4085 intelligimus,
3362 4016 3489 4085 quia
3518 4015 3771 4070 videlicet

2193 4119 2394 4174 aquosa
2420 4105 2566 4167 vitis,
2598 4106 2640 4159 si
2669 4121 2697 4159 a
2729 4107 2962 4161 vinitore
2985 4122 3090 4161 non
3125 4105 3286 4160 fuerit
3306 4115 3524 4177 putata,
3570 4115 3680 4161 tota
3713 4109 3770 4161 in

2193 4198 2473 4254 frondibus
2525 4201 2740 4264 crescit,
2783 4211 2837 4256 et
2882 4202 3161 4256 humorem
3201 4215 3360 4270 quem
3405 4201 3666 4256 debuerat
3713 4201 3770 4256 in

2193 4289 2316 4343 vina
2359 4298 2590 4353 mutare,
2622 4305 2759 4343 vana
2801 4289 3070 4344 frondium
3108 4299 3163 4344 et
3193 4289 3440 4344 foliorum
3477 4290 3775 4346 ambitione

2193 4379 2473 4447 disperdit,
2511 4388 2566 4432 et
2601 4379 2900 4434 istiusmodi
2932 4380 3058 4434 vitis
3086 4382 3341 4435 damnosa
3371 4389 3455 4435 est
3493 4382 3770 4451 agricolis.

2195 4468 2340 4524 Talis
2382 4469 2483 4523 fuit
2528 4471 2711 4535 Israel,
2759 4486 3010 4526 crescens
3058 4472 3110 4525 in
3161 4472 3503 4526 multitudine
3543 4474 3771 4542 populo-

518 4573 681 4628 quam
705 4556 920 4612 facient.
961 4577 978 4609 ι
1014 4557 1377 4626 Metaphoram
1406 4561 1569 4613 sumit
1599 4563 1666 4614 ab
1700 4563 1913 4626 arbore,
1940 4533 2092 4634 cujus
2122 4533 2169 4592 θ
2195 4577 2338 4622 rum.
2385 4570 2440 4615 et
2481 4575 2588 4616 non
2633 4562 2862 4616 reddens
2894 4561 3128 4617 fructum
3169 4562 3415 4632 agricolae
3452 4533 3772 4634 Dem-quia

519 4650 563 4704 si
592 4649 800 4702 radices
831 4649 1092 4712 aruerint,
1123 4647 1356 4702 fructum
1391 4648 1533 4704 ferre
1563 4667 1667 4704 non
1694 4653 1893 4722 poterit
1919 4673 1931 4707 :
1961 4664 2014 4709 et
2045 4655 2091 4711 si

518 4737 793 4808 paululum
843 4737 1052 4798 fecerit,
1099 4739 1277 4792 statim
1330 4739 1384 4792 iu
1433 4739 1550 4808 ipso
1597 4740 1727 4795 flore
1776 4743 2085 4799 siccabitur.

519 4827 694 4892 Quam
720 4833 897 4879 autem
939 4824 1303 4879 lsraelitarum
1345 4827 1578 4880 radicem
1608 4828 1868 4884 debemus
1899 4833 2090 4887 intelli-

519 4930 668 4988 gere,
699 4916 800 4970 nisi
821 4916 989 4970 bonos
1010 4926 1213 4985 patres,
1236 4933 1298 4972 ex
1323 4919 1516 4987 quibus
1541 4918 1612 4973 illi
1640 4921 1820 4976 carnis
1847 4937 2090 4993 sumpse-

523 5017 649 5061 runt
686 5007 984 5074 originem?
1009 5007 1077 5061 Et
1114 5017 1291 5062 tamen
1319 5010 1444 5078 quia
1477 5011 1765 5066 noluerunt
1789 5029 1975 5069 eorum
2021 5016 2086 5070 fi-

521 5098 642 5153 dem
677 5107 896 5162 tenere,
940 5107 1101 5167 atque
1143 5099 1386 5169 exempla
1436 5101 1656 5166 imitari,
1701 5105 1971 5160 exsiccata
2005 5116 2089 5160 est

523 5189 677 5246 radix
702 5190 914 5244 illorum
942 5205 1040 5260 per
1073 5191 1194 5254 hoc,
1225 5191 1367 5260 quod
1401 5190 1506 5246 illis
1534 5195 1820 5249 subvenire
1855 5212 1959 5250 non
1989 5213 2088 5266 po-

522 5288 775 5343 tuerunt,
817 5289 876 5334 ut
912 5281 980 5335 ab
1016 5280 1315 5334 imminenti
1357 5281 1497 5335 malo
1525 5298 1618 5337 eos
1647 5283 1976 5339 liberarent:
2007 5285 2091 5339 vel

523 5379 672 5423 certe
715 5371 945 5425 radicem
987 5369 1150 5425 Deum
1181 5371 1435 5425 debemus
1476 5373 1722 5442 accipere
1758 5375 2092 5444 omnipoten-

529 5466 665 5523 tem,
698 5459 748 5512 in
779 5477 886 5528 quo
939 5462 1150 5514 fuerant
1193 5458 1435 5524 fundati,
1478 5461 1675 5530 quique
1705 5478 1797 5516 eos
1822 5472 1882 5516 ut
1905 5478 2092 5518 omnes

524 5549 750 5620 populos
782 5559 1075 5612 creaverat,
1110 5549 1446 5620 protegebat,
1477 5559 1530 5603 et
1554 5566 1799 5606 crescere
1838 5553 2088 5608 faciebat.

525 5641 651 5694 ll:ee
690 5656 816 5709 ergo
853 5641 998 5694 radix
1030 5642 1080 5694 in
1115 5639 1216 5693 illis
1258 5639 1524 5692 exsiccata
1554 5649 1655 5702 est,
1696 5641 1818 5708 quia
1847 5642 1956 5710 jam
1987 5659 2090 5698 non

523 5751 618 5787 eos
645 5735 867 5803 protegit
891 5744 1051 5803 atque
1067 5732 1319 5787 defendit.
1350 5732 1496 5785 [inde
1521 5734 1768 5787 subditur
1792 5754 1802 5788 :
1838 5735 2090 5792 Fructum

2193 4668 2313 4708 cum
2345 4653 2616 4708 debuisset
2646 4653 2824 4708 facere
2856 4669 3008 4719 uvas,
3056 4653 3185 4708 fecit
3223 4654 3518 4708 labruscas.
3552 4653 3626 4708 De
3651 4655 3774 4723 qui-

2190 4743 2291 4798 bus
2337 4743 2596 4814 scriptum
2647 4753 2766 4799 est:
2798 4763 2815 4794 ι
2847 4743 3017 4799 Vinea
3065 4745 3423 4800 Sodomorum
3465 4747 3620 4800 vinea
3672 4761 3774 4800 eo-

2189 4851 2330 4888 rum.
2371 4855 2389 4886 ι
2420 4835 2679 4889 Laborem
2721 4836 2866 4890 enim
2891 4851 3046 4890 suum
3092 4852 3196 4891 non
3227 4837 3279 4891 in
3314 4837 3469 4891 bonis
3493 4839 3771 4906 operibus.

2189 4927 2284 4981 sed
2327 4927 2379 4980 in
2411 4928 2738 4982 abundantia
2775 4927 3026 4984 foliorum
3055 4940 3478 5000 occupaverunt.
3509 4951 3527 4982 ‹
3561 4931 3774 4987 Secun-

2195 5017 2320 5070 dum
2350 5017 2743 5073 multitudinem
2770 5019 2978 5074 fructus
3001 5021 3084 5075 sui
3110 5022 3484 5091 multiplicavit
3502 5023 3606 5076 sibi
3635 5023 3774 5078 alta—

2191 5109 2288 5162 ria.
2323 5127 2340 5159 ›
2373 5109 2428 5164 ld
2467 5119 2572 5172 est,
2605 5121 2734 5180 quot
2770 5110 2988 5166 fuerunt
3029 5113 3294 5176 homines,
3340 5123 3419 5168 tot
3463 5113 3775 5170 habuerunt

2189 5197 2378 5251 altaria
2405 5217 2418 5252 :
2443 5214 2563 5269 qua:
2583 5201 2726 5254 enim
2761 5202 2908 5270 prius
2931 5202 3108 5256 fuerat
3133 5204 3413 5258 abundans
3449 5203 3608 5260 bonis
3639 5221 3772 5276 ope-

2193 5291 2360 5356 ribus,
2397 5301 2583 5361 postea
2619 5293 3002 5348 abundantiam
3030 5293 3299 5350 fructuum
3329 5298 3493 5352 vertit
3520 5299 3573 5351 in
3597 5299 3772 5354 ollen-

2197 5395 2313 5434 sam
2351 5378 2744 5436 multitudinem
2765 5424 2782 5448 ,
2810 5393 2868 5438 ut
2894 5394 3097 5452 quanto
3130 5385 3310 5455 plures
3339 5387 3564 5442 haberet
3603 5405 3776 5458 popu-

2198 5469 2312 5534 los,
2365 5479 2516 5526 tanto
2561 5471 2712 5542 plura
2764 5474 3056 5530 aedificaret
3103 5477 3314 5532 altaria.
3365 5478 3520 5536 Unde
3567 5482 3773 5548 subdit,

2205 5580 2223 5610 ι
2245 5560 2404 5616 Juxta
2433 5564 2732 5618 ubertatem
2754 5575 2916 5622 terra:
2935 5582 3044 5622 suae
3069 5570 3385 5624 exuberavit
3407 5573 3734 5637 simulacris,
3749 5593 3770 5625 ι

2200 5651 2252 5706 id
2285 5662 2400 5718 est,
2443 5655 2735 5709 secundum
2763 5660 2905 5724 quod
2943 5666 3084 5712 terra
3125 5659 3339 5715 illorum
3371 5677 3483 5732 pra:
3522 5666 3775 5720 omnibus

2201 5745 2360 5798 terris
2400 5743 2498 5798 fuit
2540 5747 2808 5800 uberrima
2829 5789 2844 5810 ,
2893 5749 2970 5802 sic
2999 5764 3107 5817 prze
3135 5751 3386 5804 omnibus
3413 5755 3659 5822 gentibus
3693 5754 3773 5808 fe-
