4022 6436
298 471 366 527 73

1328 479 1722 548 ENARRATIO
1760 493 1828 548 IN
1867 491 2042 550 osse
2082 491 2503 557 PROPHETAM

3471 521 3537 576 74

299 590 491 636 cerunt
533 583 606 637 ibi
640 585 966 657 simulacra,
1003 593 1057 648 id
1095 603 1178 651 est
1213 597 1476 669 imagines
1531 611 1868 662 mortuorum
1895 611 1951 671 Α
1973 607 2052 661 eis
2081 606 2190 663 sint
2209 609 2394 676 ablati,
2424 615 2751 688 subjungunt
2780 623 3056 682 dicentes:
3093 647 3111 679 ε
3146 628 3262 686 Non
3299 636 3443 690 enim
3471 640 3540 694 ti-

299 669 572 694 ._“,.____
608 683 698 694 ---Α
907 680 942 694 ι.
1118 686 1130 694 -

297 669 575 727 hominum
606 683 701 729 aut
725 677 1068 749 animalium,
1116 686 1381 742 intantum
1417 699 1477 746 ut
1503 694 1668 750 etiam
1697 697 1868 753 abun-

296 760 534 817 dantiam
573 771 730 821 terra:
769 769 1014 828 nimietas
1055 775 1296 834 vinceret
1335 781 1618 839 idolorum.
1672 785 1764 843 Sic
1811 799 1867 845 et

295 851 557 920 haeretici,
582 857 972 917 dumessentin
996 864 1238 923 Ecclesia
1261 870 1511 940 plantati,
1535 877 1874 935 vocabantur-

293 943 448 998 vinea
500 946 751 1016 Domini,
801 961 856 1008 et
903 955 1198 1013 atierebant
1249 963 1551 1023 uberrimos
1607 969 1860 1029 fructus:

291 1043 476 1100 postea
501 1051 630 1092 vero
657 1043 969 1100 recedentes
1002 1061 1034 1100 a
1060 1048 1204 1105 bono
1226 1051 1405 1120 altari,
1431 1056 1485 1110 id
1526 1067 1612 1114 est
1645 1062 1714 1116 ab
1740 1064 1862 1117 uni-

295 1133 403 1179 tate
443 1126 587 1192 ﬁdei,
633 1129 816 1199 plures
843 1138 1045 1193 erroris
1088 1142 1172 1196 sui
1212 1158 1337 1200 aras
1373 1156 1777 1219 exstruxerunt,
1810 1164 1866 1210 et

287 1216 438 1285 juxta
469 1219 770 1276 ubertatem
794 1233 952 1281 terra:
973 1243 1099 1295 suae,
1129 1231 1184 1286 id
1207 1242 1290 1288 est
1308 1233 1463 1303 juxta
1486 1253 1716 1297 acumen
1740 1258 1864 1299 sen-

288 1319 381 1361 sus
416 1314 471 1361 et
498 1308 606 1362 vim
635 1311 874 1369 ardentis
909 1315 1137 1385 ingenii,
1181 1323 1613 1384 exuberaverunt
1641 1331 1862 1387 simula-

288 1397 414 1452 cris.
450 1399 532 1453 Ex
558 1401 978 1469 profundissimo
1007 1411 1149 1466 enim
1191 1430 1352 1471 sensu
1393 1435 1548 1491 reges
1580 1429 1638 1476 et
1677 1427 1859 1495 pepuli

287 1489 482 1546 vitulos
512 1507 706 1549 aureos
740 1497 1120 1570 adoraverunt,
1165 1514 1218 1560 et
1248 1507 1554 1567 habuerunt
1580 1514 1634 1568 in
1665 1515 1858 1587 impie-

286 1588 397 1637 tate
438 1599 784 1654 consensum,
820 1605 980 1660 quem
1019 1600 1279 1666 praevenit
1314 1605 1613 1674 captivitas.
1661 1609 1854 1668 Extre-

286 1688 406 1728 mus
433 1676 580 1730 enim
605 1693 701 1733 rex
728 1679 912 1736 decem
939 1685 1173 1742 tribuum
1196 1689 1294 1745 fuit
1313 1691 1470 1762 Osee,
1494 1697 1561 1752 de
1588 1714 1707 1778 quo
1725 1703 1857 1756 scri-

285 1772 434 1831 ptum
463 1774 546 1820 est
572 1770 715 1836 quod
745 1769 935 1828 fecerit
972 1777 1188 1845 quidem
1229 1783 1430 1838 malum
1474 1787 1531 1842 in
1567 1776 1854 1862 conspectu

285 1851 518 1920 Domini,
555 1859 648 1912 sed
671 1874 777 1914 non
813 1863 954 1917 sicut
983 1881 1136 1938 reges
1169 1872 1262 1940 qui
1298 1873 1516 1930 fuerunt
1540 1888 1666 1936 ante
1692 1851 1850 1949 eum;

283 1944 410 2011 quia
458 1949 705 2034 permisit
730 1966 825 2007 eos
863 1953 941 2025 (si
970 1958 1188 2028 vellent)
1236 1963 1316 2020 ire
1355 1966 1410 2021 in
1441 1971 1694 2040 templum
1741 1944 1848 2032 Do;

281 2218 429 2268 venit
448 2215 812 2288 Salmanasar,
837 2239 932 2280 rex
951 2226 1320 2301 Assyriorum,
1337 2241 1561 2308 etcepit
1593 2245 1849 2314 populum

273 2302 457 2368 israel,
496 2306 754 2379 duxitque
780 2312 834 2367 in
868 2315 1148 2387 Assyrios,
1188 2330 1242 2377 et
1269 2302 1513 2384 habitare
1546 2302 1682 2386 fecit
1694 2334 1849 2404 juxta

273 2389 473 2449 ﬂumen
500 2394 705 2465 Gozan,
736 2402 791 2456 in
820 2405 1128 2464 civitatibus
1142 2410 1433 2471 Medorum.
1468 2419 1646 2487 Quaeri
1669 2389 1848 2481 autem

270 2492 450 2551 potest
477 2503 575 2542 cur
616 2491 717 2546 sub
740 2495 990 2578 pessimis
1031 2501 1247 2570 regibus
1286 2509 1431 2576 capti
1467 2525 1576 2566 non
1618 2511 1844 2584 fuerint,

270 2572 366 2627 sed
390 2575 490 2630 sub
530 2591 594 2630 eo
623 2580 715 2648 qui
753 2573 991 2653 cmperat
1032 2603 1100 2643 ex
1126 2602 1282 2660 parte
1310 2572 1488 2668 aliqua
1515 2601 1584 2655 ad
1621 2604 1845 2661 meliora

269 2667 558 2720 converti?
583 2667 665 2723 Ad
691 2673 835 2741 quod
861 2676 1164 2748 dicendum,
1195 2688 1338 2754 quod
1359 2689 1460 2744 sub
1485 2691 1606 2748 aliis
1627 2696 1843 2766 regibus

263 2756 561 2820 excusabat
607 2774 667 2815 se
702 2765 948 2834 populus,
981 2779 1036 2824 et
1077 2772 1325 2830 dicebat:
1355 2778 1562 2852 Regum
1591 2756 1842 2854 parEmus

264 2844 528 2917 imperiis,
585 2867 686 2908 nec
729 2869 1015 2923 possumus
1050 2866 1305 2923 resistere
1345 2844 1642 2941 tyrannidi,
1695 2877 1843 2934 ideo-

205 3023 210 3026 ’
259 3031 333 3084 ad
382 3034 638 3103 templum
685 3037 898 3096 Domini
937 3047 1230 3104 ascendere
1273 3067 1379 3107 non
1428 3023 1736 3124 possumus.
1779 3063 1838 3116 In

259 3121 453 3180 diebus
479 3136 658 3183 autem
687 3129 859 3200 Oscae,
902 3137 970 3192 ab
992 3141 1183 3196 eodem
1219 3159 1346 3216 rege
1375 3121 1705 3219 praeceptum
1733 3162 1835 3222 est,

258 3229 333 3268 ne
358 3223 509 3271 tanto
555 3220 732 3277 studio
757 3226 1066 3285 colerentur
1110 3233 1282 3301 vituli,
1321 3238 1413 3293 sed
1445 3241 1537 3310 qui
1565 3243 1726 3299 vellet
1758 3245 1838 3301 ire

253 3303 310 3358 in
346 3303 702 3378 Hierusalem,
739 3323 794 3370 et
824 3317 881 3371 in
907 3321 1104 3391 templo
1133 3303 1483 3384 sacrificaret.
1518 3331 1656 3390 l'iuic
1689 3338 1833 3394 enim
1863 3328 1908 3392 C

253 3398 540 3453 sententia:
565 3406 892 3462 contradixit
915 3413 1164 3482 populus,
1195 3425 1251 3472 et
1277 3419 1379 3476 hoc
1406 3430 1490 3478 est
1517 3426 1664 3494 quod
1689 3444 1834 3486 nunc

253 3483 391 3540 dicit
412 3505 426 3540 :

331 3595 354 3628 ι
376 3577 615 3636 Divisum
640 3593 724 3640 est
747 3601 843 3643 cor
868 3606 1077 3660 eorum,
1100 3615 1120 3647 ›
1165 3598 1218 3654 id
1242 3609 1328 3656 est
1348 3603 1597 3663 voluntas
1623 3619 1678 3664 et
1703 3625 1829 3666 sen-

249 3683 348 3723 sus
379 3671 521 3739 regis
545 3682 600 3728 et
626 3679 826 3746 populi.
857 3681 1090 3754 ideoque
1114 3704 1257 3746 nunc
1283 3693 1394 3759 ait,
1417 3693 1530 3762 jam
1555 3699 1699 3754 nulla
1733 3717 1830 3758 ex-

247 3761 532 3816 cusatione
566 3779 911 3839 remanente,
943 3793 962 3825 c
994 3791 1138 3833 nunc
1163 3780 1497 3841 interibunt»
1527 3798 1582 3843 et
1609 3792 1826 3848 traden-

248 4230 269 4264 ε
299 4211 476 4282 Nunc,
497 4235 516 4267 ι
553 4217 608 4273 id
637 4229 720 4277 est
739 4223 796 4278 in
820 4211 1076 4295 praesenti
1102 4242 1362 4308 tempore,
1396 4263 1415 4294 ι
1444 4211 1828 4315 ἰρεθΪεοηῖινίη-

238 4315 336 4378 get
381 4307 666 4368 simulacra
695 4330 902 4384 eorum,
947 4323 1358 4396 depopulabitur
1396 4351 1520 4391 aras
1552 4353 1758 4397 eorum.
1801 4364 1821 4396 ι

238 4396 322 4454 De
343 4398 457 4454 Deo
487 4401 589 4459 hoc
615 4405 812 4463 dicitur
840 4415 1228 4487 omnipotente,
1262 4439 1370 4479 non
1405 4431 1548 4497 quod
1573 4431 1688 4502 ipse
1721 4436 1825 4492 hoc

237 4486 676 4564 fecerit'propria
702 4514 889 4569 manu,
912 4506 1006 4560 sed
1029 4509 1170 4577 quod
1194 4528 1292 4582 per
1311 4486 1564 4588 Assjrios
1577 4486 1824 4582 voluntas

234 4580 361 4652 ejus
390 4582 609 4653 impleta
640 4590 730 4657 sit,
764 4593 817 4647 in
847 4597 1042 4665 quibus
1066 4580 1498 4680 depopulabitur,
1540 4615 1593 4670 id
1619 4627 1702 4674 est
1730 4580 1821 4677 de;

235 4672 477 4727 vastabit
503 4683 558 4730 et
593 4677 836 4736 destruet
870 4700 994 4742 aras
1023 4672 1229 4748 eorum:
1277 4696 1662 4762 Haereticorum
1694 4725 1818 4766 sen-
1843 4690 1895 4750 D

235 4777 332 4816 sus
371 4762 515 4820 inter
550 4782 610 4823 se
637 4771 840 4828 divisus
872 4787 974 4844 est,
1006 4780 1133 4837 dum
1166 4788 1315 4842 varie
1344 4790 1411 4845 de
1443 4794 1660 4853 Christo
1686 4815 1814 4856 sem-

235 4851 402 4919 tiunt,
451 4853 678 4928 ideoque
717 4861 1033 4934 interibunt,
1078 4872 1132 4927 id
1169 4884 1252 4930 est
1284 4891 1543 4951 perpetuo
1593 4889 1815 4946 damna-

234 4943 443 5000 buntur
463 4951 741 5020 supplicio,
787 4956 914 5011 dum
942 4959 1077 5030 ipse,
1105 4965 1156 5020 id
1183 4976 1265 5023 est
1284 4943 1426 5029 Deus
1452 4943 1810 5050 omnipotens,

234 5032 529 5092 simulacra
545 5048 600 5094 et
627 5057 768 5108 aras,
794 5045 848 5101 id
873 5057 956 5103 est
981 5053 1127 5108 varia
1157 5057 1431 5130 dogmata,
1473 5032 1712 5141 quaeipsi
1745 5075 1812 5131 de

235 5126 402 5181 corde
428 5144 527 5186 suo
553 5131 840 5203 finxerunt,
877 5126 1436 5214 depopulatus—fuerit.
1475 5166 1480 5172 ‘

312 5235 330 5266 ι
369 5216 504 5284 Quia
548 5239 693 5282 nunc
727 5228 927 5286 dicent.
953 5252 972 5284 ι
1019 5235 1172 5294 Nunc
1204 5245 1442 5311 positum
1482 5262 1564 5308 est
1592 5270 1690 5324 pro
1725 5275 1810 5328 eo,

235 5308 381 5375 quod
401 5321 485 5366 est
506 5322 656 5383 tunc,
686 5335 828 5376 nono
853 5325 1102 5384 videlicet
1132 5308 1296 5403 anno,
1328 5353 1449 5394 cum
1475 5308 1665 5416 capt‘us
1695 5308 1812 5407 foe:

236 5402 306 5457 rit
328 5404 467 5463 Osee
495 5426 525 5465 a
552 5411 918 5490 Salmanasar,
949 5427 1044 5494 qui
1081 5437 1137 5484 et
1165 5431 1277 5502 ipse
1302 5446 1385 5492 est
1417 5439 1804 5520 Sennacherib,

233 5503 289 5550 et
318 5501 528 5568 positus
548 5506 604 5561 in
635 5523 874 5570 carcere.
913 5516 983 5573 Et
1018 5501 1304 5595 postquam
1342 5534 1670 5608 confregerit
1702 5501 1807 5599 Do:

1019 5588 1036 5590 _
1158 5588 1175 5595 _
1702 5588 1779 5599 ,ν

232 5588 414 5646 minus
441 5594 729 5656 simulacra
754 5602 952 5675 lsrael,
990 5612 1170 5670 dicent
1201 5635 1213 5670 :
1246 5637 1266 5670 ‹
1302 5618 1418 5676 Non
1455 5635 1540 5680 est
1578 5645 1672 5685 rex
1713 5650 1810 5689 no-

231 5674 334 5733 bis.
371 5701 392 5734 ›
423 5683 526 5752 Qui
555 5704 654 5746 nos
681 5692 928 5754 videlicet
965 5702 1235 5773 defendat,
1273 5674 1677 5782 quii—aVV'ideli-c‘ei
1710 5674 1806 5782 ilex

232 5775 286 5876 ξι
333 5787 521 5834 omnes
558 5783 828 5856 principes
868 5795 1038 5850 nostri
1084 5801 1224 5871 capti
1265 5775 1321 5858 e-t
1350 5806 1617 5870 interfecti
1657 5807 1802 5876 sunt.

1147 5853 1224 5871 τῇ-
1271 5853 1320 5858 ,ν
1350 5853 1617 5870 σ---νιινυιι
1657 5853 1799 5876 ῠυΙΙδο

233 5853 469 5937 Denique
494 5885 712 5931 causam
739 5886 1074 5955 exponendo,
1105 5906 1202 5947 cur
1236 5910 1326 5951 rex
1359 5909 1414 5953 ct
1439 5904 1710 5976 principes
1734 5895 1804 5968 ab

547 5966 1095 6048 Pnaor..CXVii.
1219 5983 1222 5985 ·
1439 5966 1457 5972 “
1613 5966 1629 5976 ’
1785 5966 1799 5999 ³

1970 697 2203 753 muimus
2245 701 2548 758 Dominum.
2608 727 2630 760 ›
2663 709 2788 766 Acsl
2830 715 3107 774 dicerent:
3136 721 3258 778 ideo
3303 729 3540 794 perdidi-

1969 801 2090 841 mus
2131 802 2315 859 regem
2363 791 2636 850 hominem
2677 800 2768 867 qui
2813 818 2912 859 nos
2959 807 3243 868 defendere
3285 791 3536 888 debebat,

1968 877 2092 945 quia
2113 893 2219 934 non
2243 880 2516 939 timuimus
2539 899 2720 958 regem
2737 905 2926 948 verum
2944 896 3130 954 Deum.
3159 921 3180 954 ι
3210 904 3278 958 Ει
3295 921 3389 962 rex
3409 911 3539 980 quid

1967 968 2132 1026 faciet
2154 973 2346 1029 nobis?
2380 995 2398 1028 ι
2426 975 2630 1036 Sensus
2649 992 2733 1037 est
2752 1002 2765 1037 :
2783 984 2841 1040 Si
2865 987 3241 1053 habuissemus
3262 968 3537 1060 hominem

1967 1075 2172 1131 regem,
2215 1064 2343 1132 quid
2366 1065 2572 1124 faceret
2591 1072 2861 1132 nobis?ld
2883 1087 2966 1133 est
3003 1089 3270 1150 quomodo
3313 1107 3413 1148 nos
3447 1096 3539 1150 de-

1965 1149 2187 1208 fendere
2206 1167 2409 1225 posset,
2433 1176 2554 1216 cum
2579 1149 3086 1239 Deusomnipotens
3105 1176 3176 1232 sit
3198 1182 3354 1236 nobis
3373 1183 3536 1242 oil‘en-
3570 1207 3572 1210 ν

1963 1257 2077 1309 sus,
2113 1245 2264 1314 cujus
2285 1250 2546 1309 voluntati
2571 1271 2728 1313 nemo
2750 1261 3001 1318 resistere
3028 1269 3238 1335 potest?
3257 1271 3420 1339 Quasi
3456 1279 3537 1334 di-

1963 1345 2151 1391 cerent
2183 1352 2197 1390 :
2221 1337 2364 1395 Nihil
2386 1344 2541 1400 nobis
2558 1349 2842 1416 prodesset
2863 1354 2909 1408 si
2939 1337 3311 1420 habuissemus
3331 1382 3534 1439 regem.

2037 1446 2055 1477 ε
2093 1427 2401 1499 Loquimini
2450 1438 2615 1493 verba
2660 1441 2885 1499 visionis
2925 1447 3143 1506 inutilis.
3187 1473 3207 1506 ›
3244 1457 3359 1514 Vox
3411 1475 3536 1530 pro-

1958 1515 2136 1585 pheta
2181 1535 2361 1578 sermo
2401 1534 2486 1579 est
2543 1527 2638 1583 Dei
2683 1531 2977 1592 deridentis
3026 1556 3120 1597 eos
3166 1547 3257 1614 qui
3297 1515 3538 1624 sibi'pa-

1959 1618 2077 1659 cem
2115 1617 2170 1661 et
2201 1615 2611 1682 prosperitatem
2656 1620 3047 1690 pollicebantur
3093 1644 3394 1695 venturam.
3426 1615 3534 1700 1:0-

1957 1695 2183 1764 quimini
2215 1701 2433 1776 (inquit)
2471 1709 2632 1765 verba
2685 1714 2909 1772 visionis
2940 1718 3176 1793 inutilis,
3206 1727 3259 1784 id
3290 1740 3374 1786 est
3410 1750 3535 1812 pro-

1957 1786 2155 1844 mittite
2173 1793 2325 1849 vobis
2353 1811 2643 1872 prospera,
2682 1814 2737 1859 et
2763 1810 3030 1868 somniate
3059 1819 3269 1875 somnia
3296 1786 3530 1896 divei'sa,

1956 1894 2075 1949 qua:
2132 1885 2283 1942 vobis
2337 1900 2531 1946 cuncta
2593 1895 2830 1955 salubria
2887 1906 3106 1964 evenire
3158 1919 3557 1988 pronuntient,'

1877 1969 1926 2028 B
1953 1969 2092 2024 sicut
2149 1972 2408 2032 hactenus
2468 1979 2690 2040 fecistis.
2753 1985 2942 2047 Omnia
3009 2011 3128 2067 quae
3158 1969 3344 2061 Ivobis
3405 1969 3557 2079 pro:-

1954 2073 2110 2128 spera
2141 2064 2476 2136 videbantur,
2526 2074 2581 2128 in
2614 2081 2945 2138 contrarium
2990 2099 3117 2144 sunt
3157 2107 3332 2150 versa.
3379 2098 3534 2156 Unde

1954 2157 2202 2213 subditur
2232 2179 2245 2215 :
2283 2182 2301 2213 ‹
2333 2172 2386 2220 et
2426 2165 2632 2226 ferietis
2667 2172 2865 2244 foedus,
2889 2199 2907 2230 ι
2950 2197 3057 2238 non
3093 2201 3214 2242 cum
3249 2189 3391 2259 Deo,
3435 2197 3532 2252 sed

1951 2249 2131 2318 potius
2157 2267 2276 2308 cum
2307 2259 2604 2328 mendacio,
2638 2265 2916 2326 dicentes:
2943 2272 3055 2329 Pax
3081 2280 3185 2334 erit
3208 2283 3384 2339 nobis.
3419 2306 3437 2338 ι
3460 2287 3551 2344 Et'

1952 2342 2449 2416 germinabitquasi
2483 2355 2785 2413 amaritudo
2805 2358 3089 2433 judicium,
3123 2389 3141 2420 ι
3163 2371 3217 2425 id
3243 2384 3326 2429 est
3352 2377 3529 2447 ipsum

1950 2432 2291 2491 mendacium
2320 2439 2373 2493 in
2403 2458 2510 2510 quo
2537 2447 2824 2519 conﬁditis,
2871 2471 2997 2511 non
3014 2465 3390 2528 pacatissimos
3414 2471 3549 2529 fru-‘

1949 2527 2068 2576 ctus
2107 2526 2259 2580 vobis
2298 2535 2628 2603 procreabit,
2675 2542 2870 2610 quibus
2922 2526 3114 2613 satiari
3143 2561 3388 2630 possitis,
3432 2569 3528 2624 sed

1947 2613 2056 2667 vim
2103 2620 2497 2694 amaritudinis,
2537 2632 2863 2701 captivitatis
2884 2641 3107 2712 scilicet,
3143 2613 3314 2722 atque
3360 2613 3528 2715 inter-

1944 2702 2212 2764 fectionis.
2249 2731 2268 2762 ι
2294 2712 2470 2784 Super
2503 2719 2679 2779 sulcos
2707 2729 2840 2798 agri,
2871 2750 2890 2785 ι
2919 2733 2972 2790 id
3009 2748 3090 2793 est
3122 2702 3284 2813 super
3307 2756 3525 2808 terrena

1945 2797 2109 2850 corda
2160 2810 2360 2870 vestra,
2406 2806 2474 2863 de
2513 2812 2707 2880 quibus
2744 2797 2914 2878 malos
2946 2824 3154 2886 fructus
3189 2797 3522 2910 protulistis,

1944 2893 2238 2947 secundum
2288 2895 2418 2953 illud
2461 2915 2476 2953 :
2524 2920 2542 2953 ι
2584 2904 2660 2962 De
2701 2914 2864 2970 corde
2917 2932 3117 2977 exeunt
3166 2893 3523 2999 cngitationes

1943 2980 2115 3035 malae.
2157 3002 2176 3034 ›
2205 2985 2465 3060 Discipuli
2491 3010 2704 3068 quoque
2725 3003 3102 3072 haereticorum
3121 3059 3136 3085 ,
3169 3036 3294 3078 cum
3320 3025 3523 3088 fuerint

1942 3084 2130 3129 eorum
2173 3083 2405 3138 contrita
2443 3092 2756 3163 mendacia,
2785 3115 2908 3159 sero
2947 3108 3128 3166 dicent
3157 3129 3174 3168 :
3207 3115 3324 3174 Non
3353 3123 3520 3181 habe-

1941 3178 2062 3218 mus
2089 3181 2294 3236 regem,
2336 3173 2388 3227 id
2415 3186 2500 3231 est
2529 3186 2834 3257 magistros,
2871 3196 2963 3262 qui
2997 3201 3153 3257 nobis
3184 3207 3332 3274 prius
3351 3210 3523 3282 impe-

1941 3268 2215 3327 raverant,
2247 3271 2300 3317 et
2329 3266 2524 3336 quibus
2559 3275 2972 3354 decipientibus,
3013 3266 3316 3354 Deum-non
3341 3266 3522 3363 tim‘ui-

1936 3536 2198 3594 sentimus
2234 3546 2536 3604 auxilium?
2565 3552 2689 3612 Haec
2716 3559 2918 3632 dicent,
2957 3584 3262 3638 quaerentes
3303 3581 3516 3654 aliquas

1932 3631 2330 3702 excusationes,
2373 3646 2434 3694 ut
2462 3657 2566 3697 non
2594 3661 2693 3716 per
2728 3665 2818 3718 se,
2861 3657 2956 3713 sed
2982 3675 3082 3730 per
3109 3665 3357 3728 doctores
3383 3631 3516 3734 suos

1931 3730 2145 3778 errasse
2157 3724 2460 3785 videantur.
2480 3734 2630 3793 Unde
2657 3750 2712 3796 et
2738 3746 2920 3816 verba,
2953 3724 3007 3806 et
3036 3755 3270 3819 visiones
3301 3765 3514 3827 haereti-

1931 3825 2116 3866 corum
2133 3814 2350 3876 inutiles
2370 3834 2513 3878 sunt.
2532 3814 2997 3899 Etferientftedus
3023 3814 3362 3924 nequaquam
3385 3875 3509 3918 curn

1931 3900 2032 3924 ﬁ..-
2114 3922 2127 3924 ς
2189 3912 2200 3924 ι
2553 3921 2562 3924 ⁸
2653 3923 2656 3924 ⁷

2724 3886 2804 3891 -__-
2819 3886 2997 3899 --τ-...ν
3023 3886 3362 3924 "Vunusquam
3385 3886 3508 3918 υυιιι

1761 3886 1830 3942 iS-
1930 3900 2058 3968 Deo,
2108 3912 2203 3964 sed
2231 3927 2354 3968 cum
2393 3921 2772 3982 amaritudinis
2801 3931 3027 4000 judicio.
3059 3940 3137 3997 De
3175 3946 3276 4003 hoc
3301 3949 3508 4018 judicio

1761 3998 1825 4018 .m
1930 3991 2221 4018 ηη-κε--ηε
2280 4002 2319 4018 ππ
2496 4009 2530 4018 ³·

1930 3991 2188 4052 Dominus
2205 3999 2260 4056 in
2277 4002 2585 4078 Evangeiio,
2605 4018 2747 4083 quod
2759 3991 2978 4087 quidam
2994 3991 3276 4101 recipiant
3278 3991 3508 4111 {$51};

2774 4083 2795 4087 _
3105 4083 3258 4101 τη---
3278 4083 3506 4111 -..φυηρ

1811 4115 1825 4140 ν
1921 4083 2213 4156 Ῐυάίοίυω,
2239 4095 2364 4163 quia
2407 4114 2531 4155 cum
2575 4104 2689 4160 dies
2724 4109 2914 4178 judicii
2963 4118 3262 4194 advenerit,
3311 4133 3402 4201 qui
3450 4136 3506 4192 in

1811 4180 1824 4195 ο
1927 4173 2102 4201 (un-an...
2130 4183 2239 4201 --.Α
2276 4199 2319 4201 _-
2381 4187 2412 4201 ν
2597 4193 2608 4201 .
2791 4200 2796 4201 ,

2724 4164 2743 4178 υ
2826 4164 2840 4165 ἡ
2853 4164 2914 4167 ---
2963 4164 3029 4172 --.
3044 4164 3054 4171 -
3068 4164 3262 4194 v-IVIII’
3350 4164 3402 4188 ut
3450 4164 3505 4192 ιιι

1744 4164 1786 4218 it
1810 4180 1824 4220 :
1927 4173 2105 4231 sulcos
2127 4183 2242 4251 agri
2265 4187 2444 4243 cordis
2474 4193 2864 4256 seminaverint
2889 4209 3226 4270 mendacium
3243 4259 3258 4284 ,
3301 4164 3505 4283 iactent

1747 4253 1798 4284 :n
1933 4263 1989 4284 ΔΑ
2001 4281 2044 4284 -ί-
2061 4283 2079 4284 ί
2101 4282 2112 4284 λ
2129 4278 2141 4284 ‘
2153 4269 2163 4280 ⁶
2573 4282 2581 4284 ᾗ

3027 4263 3258 4284 ,,--____,
3301 4263 3500 4283 “mw.

1927 4263 2325 4327 damnationem
2352 4292 2367 4342 ;
2399 4287 2454 4334 ει
2493 4282 2584 4350 qui
2615 4288 2996 4351 seminaverint
3031 4299 3088 4355 in
3128 4302 3401 4382 laci-ymjs,
3444 4316 3500 4371 in

1928 4357 2117 4382 non-Ill-
2148 4371 2312 4382 _-._,,
2332 4375 2345 4382 -
2404 4367 2435 4382 η
2553 4374 2564 4382 .

1926 4357 2121 4424 gaudio
2147 4371 2368 4420 metent.
2403 4367 2688 4442 Sequitur:

1888 4590 1894 4598 ,
1922 4542 2036 4593 ι’ἰῑε.
2065 4560 2084 4599 ι
2107 4541 2383 4606 Bethaven
2411 4555 2528 4625 ipsa
2557 4569 2642 4616 est
2667 4564 2876 4637 Bethel,
2910 4583 2964 4629 et
2988 4576 3378 4652 interpretatur
3405 4594 3502 4650 do-

1922 4646 2041 4688 mus
2069 4635 2219 4706 idoli,
2245 4642 2301 4698 in
2327 4660 2428 4715 qua
2458 4655 2639 4721 posuit
2681 4658 2967 4723 Jeroboam
3002 4673 3227 4734 vitulum
3269 4699 3492 4747 aureum

1921 4737 2081 4792 quem
2105 4728 2328 4802 fecerat,
2375 4754 2568 4800 vaccas
2595 4749 2738 4805 enim
2778 4754 2922 4824 ipsos
2947 4762 3143 4823 vitulos
3172 4784 3327 4830 vocat
3363 4778 3494 4837 irri-

1920 4824 2081 4878 sorie.
2141 4828 2302 4894 Quasi
2356 4835 2606 4897 diceret:
2647 4846 2727 4903 Ad
2771 4859 2975 4911 tantam
3021 4863 3164 4919 enim
3216 4871 3493 4934 miseriam

1925 4912 2130 4934 .I.-_-_M94
2155 4917 2176 4934 π
2306 4923 2318 4934 “

3216 4912 3493 4934 ...ων-...ιιι

1921 4912 2136 4972 devenit
2155 4917 2344 4989 lsrael,
2372 4935 2432 4981 ut
2459 4945 2566 4986 non
2601 4937 2775 4994 solum
2807 4944 3022 5015 vitulos,
3059 4956 3154 5010 sed
3176 4960 3340 5018 etiam
3369 4981 3493 5022 vac-

1918 5016 2012 5058 cas
2031 5005 2302 5065 adoraret.
2326 5013 2496 5074 Porro
2521 5020 2851 5088 habitatores
2880 5035 3161 5112 Samarize,
3196 5065 3384 5109 omnes
3407 5056 3492 5110 in-

1916 5095 2229 5168 telliguntur
2247 5103 2578 5168 habitatores
2603 5116 2788 5177 decem
2831 5127 3087 5200 tribuum,
3123 5095 3348 5207 quarum
3375 5162 3489 5203 me—

1922 5190 2144 5258 ῑΓοΡοΙῘε
2165 5205 2282 5250 erat
2311 5201 2498 5258 eadem
2533 5207 2742 5268 civitas.
2780 5235 2799 5267 ‹
2836 5217 2971 5286 Quia
3000 5224 3135 5282 luxit
3162 5246 3325 5303 super
3363 5253 3488 5296 eum

1922 5279 2142 5303 “Ann-'n-A
2176 5283 2232 5303 -2-
2269 5302 2272 5303 ,
2409 5291 2470 5303 -.ν

1917 5279 2144 5348 ΡοΡυΙιιδ
2168 5283 2302 5352 eluso
2342 5309 2361 5340 ι
2409 5291 2480 5348 Ut
2501 5303 2813 5360 ostenderet
2845 5279 2946 5379 per
2969 5329 3161 5373 vaccas
3188 5279 3486 5398 BZthaven,

1917 5367 2137 5398 niani“...
2169 5375 2354 5398 .1..t.-,,_
2384 5382 2395 5393 -
2443 5392 2454 5398 -
2495 5386 2548 5398 ...
2592 5391 2602 5398 .
2706 5395 2715 5398 -

1917 5367 2138 5426 vitulum
2165 5375 2362 5435 debere
2381 5382 2605 5459 intelligi
2627 5395 2718 5463 qui
2747 5367 2866 5455 era;
2885 5403 2939 5458 in
2965 5405 3173 5477 Bethel;
3206 5430 3312 5471 non
3344 5373 3486 5478 intu:

1909 5457 1970 5514 ﬁt
1995 5478 2008 5514 ⁵
2038 5461 2204 5522 LM"
2238 5486 2402 5543 super
2429 5492 2524 5535 eos
2553 5457 2798 5558 populus,
2827 5497 2920 5550 sed
2948 5514 3109 5569 super
3139 5520 3222 5561 eo.
3247 5510 3485 5585 Populus

1917 5562 2093 5585 σηπίη-ν.
2120 5558 2235 5585 ni..-
2278 5564 2398 5585 Asis.
2599 5576 2611 5585 .
2681 5579 2693 5585 -
2751 5576 2780 5585 .-

1916 5562 2093 5610 autem
2119 5558 2237 5627 ejus
2273 5564 2490 5637 dicitur,
2521 5576 2648 5643 quia
2679 5576 2853 5650 ipsimi
2892 5558 3116 5649 vitulum
3140 5558 3363 5661 aurem;
3386 5625 3482 5665 co-

1916 5641 2056 5665 I-L-A
2198 5652 2207 5662 '
2264 5663 2271 5665 -
2480 5662 2488 5665 ‘

2537 5641 2555 5643 _
2696 5641 2714 5650 _
2928 5641 3116 5649 κη-..
3140 5641 3363 5661 -..ων-..ι
3386 5641 3482 5665 w-

1913 5641 2078 5713 lebat,
2118 5652 2210 5720 qui
2258 5663 2382 5713 tunc
2413 5662 2602 5734 utique
2639 5669 2794 5740 luxit,
2841 5683 3056 5746 quando
3086 5686 3248 5759 (sicut
3293 5697 3350 5753 in
3391 5716 3482 5758 se-

1913 5738 2203 5803 quentibus
2250 5746 2588 5829 invenimus)
2630 5760 2686 5815 in
2736 5780 2958 5825 munere
2993 5738 3203 5838 delatus
