4042 6338
461 379 542 439 τι

930 377 1284 436 HAYMONIS
1320 379 1805 440 HALBERSTAT.
1846 378 2060 438 EPISC.
2104 377 2255 436 OPP.
2298 376 2479 436 PARS
2513 379 2535 435 I
2596 411 2666 420 —
2698 379 3061 440 COMMENT.
3103 381 3275 440 BIBL.
3674 380 3745 441 76

465 496 737 571 prehensa
770 495 906 565 :qui
936 499 1032 568 (ut
1059 495 1273 553 Hebraei
1308 496 1557 569 tradunt)
1602 512 1702 569 pro
1737 496 1923 552 vitulis
1960 510 2056 549 au-
2080 496 2137 557 Α
2161 508 2323 565 super
2367 508 2486 559 me,
2524 493 2618 549 sed
2654 510 2821 566 super
2844 510 2943 552 vos
2983 496 3131 568 ipsas
3160 494 3305 551 ﬂete.
3348 493 3445 551 Vel
3482 495 3649 551 etiam
3684 496 3741 552 in

464 587 579 644 reis
612 585 861 643 fecerunt
879 601 1060 643 aeneus
1080 596 1138 642 et
1160 587 1472 655 deauratos,
1501 589 1557 644 in
1578 588 1773 647 eodem
1796 600 2052 658 reposue-

471 688 597 739 runt
634 680 774 737 loco.
808 679 943 736 Cum
980 679 1147 750 igitur
1184 690 1432 752 tempore
1466 680 1808 739 necessitatis
1842 679 2053 749 lugeret

467 769 718 842 pupulum,
740 784 811 826 eo
831 770 979 840 quod
1000 770 1168 827 etiam
1192 769 1298 843 ipsi
1328 771 1479 827 vituli
1513 788 1543 828 a
1570 785 1699 843 rege
1724 770 1891 827 Israel
1917 768 2054 826 Sena

465 861 727 921 naeberib
745 870 934 919 essent
950 862 1172 934 direpti,
1201 864 1546 921 exsultabant
1570 864 1883 922 sacerdotes
1906 863 2052 934 quod

464 955 615 1010 tinus
650 952 867 1009 illorum
901 969 1010 1010 non
1040 964 1225 1025 posset
1261 957 1418 1027 argui
1456 966 1514 1013 et
1546 955 1903 1029 deprehendi.
1941 974 1961 1008 ι
1990 954 2049 1011 In

462 1046 635 1117 gloria
672 1046 812 1119 eius.
836 1064 857 1099 ι
882 1044 1068 1103 Gloria
1100 1045 1250 1118 eius,
1274 1048 1330 1103 id
1370 1056 1458 1104 est
1495 1048 1698 1119 populi,
1748 1047 2051 1120 appellatur

463 1137 579 1208 ipse
593 1135 819 1201 vitulus,
843 1136 899 1192 in
924 1150 1032 1207 quo
1055 1137 1450 1209 gloriabantur,
1476 1153 1545 1196 eo
1561 1138 1707 1210 quod
1729 1153 1928 1195 aureos
1952 1139 2052 1195 hac

458 1227 656 1304 herent
700 1227 918 1285 vitulos.
978 1228 1157 1297 «Quia
1206 1230 1463 1303 migrabit
1506 1231 1578 1288 ab
1618 1245 1706 1288 eo.
1738 1250 1761 1286 ο
1800 1229 2051 1288 Ostendit

465 1336 636 1393 quare
657 1320 1055 1403 exsultaverint
1082 1324 1137 1380 in
1174 1323 1343 1397 gloria
1380 1324 1582 1396 populi,
1623 1325 1753 1397 quia
1794 1325 2052 1398 migravit

464 1413 685 1487 timuit)
714 1416 789 1472 ab
816 1431 906 1483 eo,
934 1416 990 1472 id
1012 1425 1097 1472 est
1127 1433 1160 1473 a
1184 1418 1424 1489 populo:
1452 1419 1601 1476 unde
1624 1420 1888 1476 subditur
1920 1435 1938 1474 :

534 1525 557 1558 ς
592 1505 879 1577 Siquidem
904 1517 962 1564 et
993 1510 1108 1579 ipse
1146 1510 1203 1565 in
1245 1510 1418 1568 Assur
1462 1511 1676 1568 delatus
1714 1520 1807 1569 est
1850 1527 2050 1568 munus

464 1598 574 1668 regi
600 1598 784 1655 ultori.
806 1619 826 1654 ι
854 1599 1226 1658 Sennacherib
1252 1603 1372 1674 ipse
1406 1612 1496 1659 est
1520 1602 1686 1669 ultor,
1719 1602 1847 1676 quia
1873 1604 2050 1661 vindiv

463 1692 603 1749 cavit
630 1691 729 1750 Dei
758 1693 1014 1766 iniuriam
1066 1694 1330 1752 adversus
1357 1712 1452 1753 eos
1490 1697 1585 1768 qui
1619 1697 1762 1754 idola
1796 1696 2051 1755 colebant

462 1800 559 1855 pro
580 1786 717 1842 Deo.
730 1784 869 1845 Nota
885 1787 1029 1857 quod
1056 1787 1172 1858 ipse
1191 1787 1324 1843 dicit
1350 1789 1648 1855 miseriam,
1676 1789 2050 1845 etdamnatio—

2153 585 2241 642 die
2262 585 2454 656 judicii
2490 586 2673 643 dicent
2696 588 2928 655 sanctis,
2972 589 3067 661 qui
3106 598 3331 660 propter
3357 588 3593 645 udmina
3630 589 3744 645 vir-

2154 684 2329 734 tutum
2374 690 2587 736 montes
2622 681 2926 737 dicuntur:
2959 699 2981 733 ι
3015 678 3204 738 Cadite
3250 695 3415 752 super
3462 696 3583 747 nos,
3610 700 3633 735 ι
3684 681 3742 737 id

2151 778 2236 835 est
2276 770 2471 826 vestris
2497 773 2754 843 precibus
2791 772 3001 844 operite
3026 772 3171 829 mala
3205 781 3427 840 nostra;
3473 773 3635 829 etiam
3670 773 3743 828 ad

2152 860 2390 919 litteram
2424 864 2745 937 designatur
2778 877 2960 922 terror
2994 865 3196 921 nimius
3232 872 3604 936 peccatortnu,
3642 862 3747 934 qui

2150 955 2469 1013 imminente
2502 957 2592 1014 die
2612 957 2841 1027 iudicii,
2873 958 3190 1031 siposseut,
3218 965 3475 1029 optarent
3498 954 3745 1027 educere

2150 1062 2310 1118 posse
2370 1047 2467 1105 Dei
2524 1049 2874 1119 praesentiam
2965 1058 3023 1106 et
3073 1048 3299 1107 interire
3360 1048 3744 1119 temporaliter

2150 1152 2314 1209 quam
2332 1139 2515 1210 perire
2534 1138 2885 1196 aeternaliter.

2226 1249 2248 1283 ι
2282 1231 2365 1286 Ex
2383 1229 2575 1288 diebus
2600 1229 2786 1288 Gabaa
2812 1232 3061 1303 peccavit
3086 1231 3273 1298 Israel,
3294 1251 3317 1285 θ
3358 1232 3413 1289 id
3440 1238 3546 1298 est,
3578 1246 3651 1288 ex
3672 1246 3747 1289 eo

2151 1322 2239 1379 die
2273 1338 2382 1394 quo
2428 1322 2618 1380 illicito
2658 1324 2950 1383 concubitu
2989 1338 3219 1381 uxorem
3250 1322 3458 1380 Levita
3504 1323 3744 1393 turpiter

2151 1423 2316 1487 atque
2343 1414 2639 1473 crudeliter
2664 1415 2943 1473 interfecit
2964 1414 3248 1487 Beniamin
3270 1415 3333 1472 in
3362 1415 3499 1473 urbe
3525 1412 3744 1481 Gabaa,

2148 1509 2397 1580 peccavit
2422 1509 2557 1567 mihi
2598 1508 2854 1580 populus,
2894 1508 3063 1567 Israel
3092 1508 3177 1566 vel
3208 1508 3378 1568 etiam
3416 1524 3490 1564 ex
3520 1522 3590 1563 eo
3626 1520 3747 1578 quo

2150 1597 2344 1663 Deum,
2375 1613 2444 1654 ne
2472 1599 2836 1670 principaulm
2861 1598 3091 1655 haberet
3118 1611 3284 1670 super
3313 1612 3427 1666 eos,
3458 1596 3745 1669 expellen-

2151 1697 2255 1755 tes,
2298 1687 2581 1760 elegerunt
2623 1687 2757 1747 Sani
2795 1689 2853 1745 in
2889 1703 3093 1763 regem.
3128 1708 3149 1742 ε
3186 1690 3264 1747 lbi
3305 1698 3599 1756 steterunt,
3628 1709 3649 1744 ι
3682 1689 3747 1746 id

2150 1787 2234 1836 est
2272 1779 2328 1837 in
2369 1780 2502 1851 ipsis
2546 1781 2788 1851 peccatis
2832 1790 3341 1852 perseveraverunt.
3372 1799 3392 1834 ι
3422 1780 3543 1838 Non
3589 1796 3747 1839 com-

461 1894 582 1935 m
619 1878 803 1951 Ροναῖί
837 1881 1171 1951 exprimens,
1214 1882 1344 1952 quia
1386 1881 1535 1951 quod
1577 1882 1796 1938 charius
1842 1882 2047 1938 habere
2072 1859 2122 1921 Β
2149 1870 2447 1942 prehendet
2472 1886 2568 1928 eos
2592 1872 2647 1927 in
2672 1870 2859 1928 Gabaa
2892 1873 3142 1943 praelium
3171 1885 3336 1945 super
3364 1870 3508 1930 ﬁlios
3544 1871 3748 1942 iniqui.

461 1971 781 2027 videbantur
816 1972 983 2028 etiam
1039 1973 1097 2027 in
1142 1986 1371 2027 munere
1411 1972 1694 2028 dederunt.
1736 1991 1754 2024 ι
1787 1971 2048 2028 Confusio

461 2061 714 2134 Erit-ain
739 2064 920 2134 capiet
944 2078 1095 2131 eum,
1118 2063 1561 2122 eteonfmdetur
1580 2062 1747 2119 Israel
1775 2065 1829 2119 in
1858 2064 2050 2119 volun-

458 2162 567 2209 tate
595 2169 712 2211 sua.
755 2174 778 2209 ι
815 2152 1072 2227 Legimus
1108 2154 1164 2210 in
1194 2154 1403 2226 Regum
1449 2154 1721 2211 volumine
1762 2153 2048 2209 IIauahem

458 2260 638 2317 regem
674 2245 840 2303 Israel
862 2286 879 2312 ,
911 2244 1050 2302 Phnl
1094 2246 1210 2319 regi
1241 2246 1614 2318 Assyriorum,
1637 2247 1856 2303 misisse
1896 2245 2048 2303 mille

457 2335 657 2393 talenta
684 2337 898 2409 argenti
917 2378 934 2404 ,
964 2346 1026 2394 ut
1047 2346 1196 2395 esset
1232 2354 1432 2395 manus
1452 2335 1571 2408 ejus
1604 2353 1730 2394 cum
1759 2353 1848 2405 eo,
1880 2338 1934 2394 id
1962 2345 2048 2393 est

455 2438 515 2485 ut
548 2429 601 2486 ei
636 2429 906 2500 praeberet
950 2431 1233 2487 auxilium.
1276 2432 1424 2487 Inter
1449 2446 1572 2501 quae
1612 2430 1856 2488 nonnulli
1901 2430 2045 2485 arbi-

455 2529 675 2577 trantur.
702 2521 874 2579 etiam
916 2522 1136 2591 vitulos,
1184 2538 1326 2595 quos
1355 2523 1617 2595 putabant
1663 2538 1879 2591 aureos,
1923 2540 2045 2583 esse

453 2614 710 2671 directos.
747 2614 1096 2685 Deprehensa
1143 2624 1327 2672 autem
1360 2613 1514 2671 fraus
1543 2616 1925 2671 deauratorum
1964 2617 2047 2671 vi-

455 2706 717 2774 tulorum,
754 2708 871 2780 regi
900 2708 1066 2765 Israel
1098 2708 1300 2764 litteris
1342 2708 1635 2773 indicatur,
1661 2715 1718 2763 et
1746 2710 1888 2764 unde
1916 2723 2041 2763 eum

452 2800 770 2871 placabilem
821 2799 924 2858 sibi
974 2801 1207 2857 reddere
1242 2800 1516 2867 volebant,
1570 2799 1694 2855 inde
1738 2798 2038 2865 oﬂ‘eudunt,

451 2900 617 2962 atque
652 2882 941 2948 adversum
974 2907 1035 2949 se
1062 2891 1361 2959 concitant,
1392 2892 1590 2963 quibus
1616 2907 1845 2948 munera
1874 2894 2041 2949 miseo

451 2993 595 3052 rant,
634 2986 969 3044 Manantes
1006 3002 1114 3044 non
1148 2986 1297 3044 furto
1324 2988 1691 3056 sacerdotum,
1722 2987 1815 3044 sed
1849 2987 2040 3045 fraude

450 3078 591 3151 regis
622 3086 785 3150 atque
812 3078 1039 3137 consilio
1066 3081 1173 3139 hoc
1202 3094 1327 3138 esse
1352 3088 1655 3152 peractum.
1692 3077 2038 3150 Cognoscens

446 3169 591 3227 enim
612 3184 791 3227 meos
812 3185 941 3228 esse
966 3173 1199 3238 vitulos,
1226 3174 1401 3230 iratus
1430 3181 1517 3229 est
1548 3172 1722 3236 valde,
1760 3173 2038 3228 aestimans

445 3276 542 3319 eos
580 3260 687 3317 sibi
727 3260 965 3318 voluisse
1001 3229 1252 3320 ίιιιιίιειίε.
1291 3264 1469 3332 Quam
1504 3262 1577 3320 ob
1603 3229 1825 3319 causam
1858 3272 1914 3318 et
1942 3278 2034 3319 ve-
2062 3229 2109 3294 ο

445 3351 602 3409 nicas
653 3350 941 3408 debellavit
991 3369 1108 3409 eos.
1156 3353 1394 3426 Ideoque
1445 3344 1689 3410 dicitur:
1724 3374 1744 3407 ι
1775 3352 2036 3413 Confusio

445 3443 525 3516 (id
546 3450 637 3500 est
651 3443 908 3517 perditio)
932 3444 1189 3517 prraim
1208 3447 1388 3516 capiet
1408 3461 1559 3513 eum,
1582 3454 1637 3501 et
1652 3445 2035 3515 confundetur,

443 3537 503 3593 id
529 3545 617 3594 est
654 3538 967 3604 erubescet,
1001 3539 1167 3594 Israel
1188 3539 1245 3594 in
1279 3540 1556 3596 voluntate
1591 3556 1711 3607 suo,
1734 3560 1753 3593 ι
1780 3542 1885 3597 hoc
1925 3549 2033 3609 est,

443 3629 502 3686 in
531 3629 762 3687 consilio
789 3645 901 3702 quo
923 3631 1188 3687 auxilium
1211 3632 1369 3703 petiit
1397 3633 1467 3688 ab
1496 3632 1817 3704 alienigena.

516 3745 540 3780 ί
571 3725 832 3783 Transire
872 3726 1003 3784 fecit
1024 3726 1273 3784 Samaria
1310 3743 1492 3800 regem
1522 3740 1702 3793 suum,
1730 3728 1885 3799 quasi
1911 3742 2036 3799 spu-

443 3834 591 3876 mam
628 3833 794 3891 super
830 3817 1026 3876 faciem
1066 3834 1245 3891 aquaa,
1277 3838 1297 3873 ι
1328 3819 1383 3876 id
1411 3830 1524 3886 est,
1566 3820 1706 3875 sicut
1747 3835 1939 3891 spuma
1981 3828 2036 3875 et

441 3911 588 3969 bulla
625 3927 781 3984 aqua
804 3911 917 3969 cito
942 3911 1197 3979 solvitur,
1228 3912 1310 3967 sic
1329 3926 1557 3983 regnum
1574 3909 1765 3966 decem
1797 3909 2034 3965 tribuum

440 4004 699 4061 velociter
727 4002 966 4060 ﬁnietur.
997 4003 1214 4059 Dictum
1241 4012 1327 4059 est
1352 4001 1501 4056 enim
1532 4015 1697 4070 supra
1729 4000 1872 4070 quod
1894 3999 2034 4056 Osee

439 4100 673 4155 voluerit
714 4107 775 4154 et
814 4096 1072 4168 jusserit,
1114 4105 1177 4151 ut
1217 4104 1623 4151 reverterentur
1660 4095 1728 4149 ad
1772 4093 2031 4169 templum

440 4191 656 4246 Domini
677 4189 815 4255 ;-sed
845 4190 972 4259 quia
1002 4205 1127 4244 eum
1153 4188 1443 4243 noluemnt
1464 4189 1655 4243 audire
1688 4187 1790 4258 ipsi
1820 4187 2031 4243 habita-

440 4290 609 4347 tores,
648 4279 899 4337 fecerunt
934 4296 1059 4336 eum
1104 4281 1304 4350 perire,
1348 4279 1508 4334 sicuti
1556 4279 1752 4334 transit
1792 4288 1849 4333 et
1888 4278 2035 4349 perit

439 4388 631 4445 spuma
662 4388 817 4444 aqua!
845 4382 1088 4443 tempore
1116 4372 1313 4443 pluviae
1348 4372 1435 4428 vel
1462 4372 1745 4428 siccitatis.
1771 4392 1789 4424 ι
1821 4372 1887 4426 Ει
1916 4373 2027 4427 dis-

438 4465 740 4536 perdentur
765 4465 981 4522 excelsa
1016 4464 1166 4520 idoli.
1199 4484 1219 4517 ι
1252 4464 1327 4520 De
1368 4465 1567 4535 quibus
1606 4479 1749 4535 saepe
1784 4464 1837 4518 in
1878 4462 2030 4518 libris

439 4554 648 4627 Regum
698 4555 899 4611 dicitur
941 4572 955 4609 :
1002 4553 1387 4611 Verumtamen
1435 4554 1666 4625 populus
1713 4554 2028 4611 immolabat

438 4647 497 4704 in
524 4647 771 4705 excelsis.
797 4648 938 4716 Quid
965 4657 1147 4705 autem
1177 4648 1284 4705 sint
1318 4650 1429 4720 ipsa
1463 4649 1679 4704 excelsa
1720 4648 1872 4714 idoli,
1900 4662 2027 4718 ape-

438 4743 580 4799 ritur
603 4760 729 4800 cum
756 4744 1006 4800 subditur
1038 4763 1050 4798 :
1088 4763 1106 4795 ‹
1134 4743 1425 4799 Peccatum
1460 4744 1652 4810 Israel,
1683 4762 1702 4796 ι
1746 4744 2025 4811 subaudis,

438 4836 660 4895 fuerunt
699 4838 911 4895 excelsa
959 4838 1171 4894 eadem.
1222 4832 1392 4892 Valde
1449 4839 1593 4892 enim
1651 4837 2027 4906 deliquerunt,

435 4932 656 5002 quando
706 4932 764 4986 in
810 4930 1088 4987 montibus
1133 4940 1190 4985 et
1247 4929 1385 4984 lucis
1435 4929 1754 4998 caeterisquc
1796 4927 2030 4983 amoenis

434 5028 592 5093 locis,
624 5025 769 5083 idola
791 5025 1101 5092 coluerunt,
1127 5025 1317 5079 relicto
1344 5022 1439 5078 Dei
1466 5022 1684 5093 templo.
1724 5041 1741 5071 ι
1768 5021 1949 5091 Lappa
1973 5029 2031 5077 et

2122 1968 2299 2031 .tatis,
2334 1987 2357 2021 ι
2396 1967 2448 2023 id
2495 1977 2579 2023 est
2608 1982 2717 2025 non
2754 1968 2877 2026 ideo
2904 1969 3193 2040 perierunt
3220 1970 3279 2026 in
3304 1967 3493 2026 Gabaa
3523 1966 3742 2042 prdie,

2150 2060 2280 2130 quia
2304 2069 2762 2115 consurrexerunt
2797 2070 2990 2117 centra
3033 2060 3174 2117 ﬁlios
3206 2060 3531 2134 iniquitatis,
3572 2060 3631 2116 id
3654 2068 3747 2116 est

2151 2157 2341 2206 contra
2366 2149 2669 2220 Beniamin,
2711 2160 2768 2207 et
2809 2151 3130 2209 deleverunt
3162 2167 3306 2219 eam,
3340 2154 3438 2211 sed
3478 2153 3608 2224 quia
3640 2151 3747 2209 bo-

2150 2243 2351 2300 minem
2400 2252 2530 2299 sunt
2556 2244 2674 2309 alti,
2703 2243 2960 2302 Deivero
3000 2243 3259 2315 iniuriam
3296 2260 3405 2302 non
3428 2245 3747 2302 vindicave-

2150 2342 2298 2401 runt,
2326 2336 2705 2407 permittentes
2722 2335 2927 2393 idolum
2952 2336 3009 2392 in
3032 2337 3196 2395 domo
3234 2335 3493 2394 licitam.
3526 2335 3744 2393 Debue-

2149 2434 2273 2482 rant
2301 2427 2445 2483 enim
2476 2429 2714 2499 primum
2746 2429 2842 2486 Dei
2869 2444 3126 2487 exercere
3152 2430 3470 2497 vindictam,
3505 2429 3741 2487 subver-

2149 2527 2325 2574 tentes
2347 2517 2637 2602 lichzeam.
2660 2530 2718 2577 et
2744 2509 2963 2578 domum
2997 2521 3139 2592 eius,
3164 2530 3224 2579 et
3265 2521 3469 2578 idenim
3496 2522 3567 2577 ad
3592 2521 3745 2578 ulti-

2145 2610 2256 2666 Ium
2286 2610 2615 2683 redigentes,
2638 2623 2693 2669 et
2713 2621 2902 2685 postea
2926 2614 3206 2671 vindicare
3228 2614 3433 2671 Levita:
3454 2612 3734 2685 iniuriam.

2145 2703 2284 2772 Quia
2313 2719 2445 2777 ergo
2478 2705 2575 2761 ulti
2620 2715 2746 2761 sunt
2794 2707 3103 2773 hominem,
3138 2718 3247 2764 non
3288 2707 3483 2773 Deum,
3528 2713 3588 2762 et
3630 2705 3743 2763 hoc

2145 2799 2323 2870 ipsum
2355 2812 2518 2853 causa
2558 2799 2797 2856 heminis
2830 2799 2957 2870 plus
2988 2799 3243 2857 iecerunt
3289 2810 3455 2870 quam
3502 2798 3635 2865 Dei,
3674 2808 3743 2854 et

2143 2890 2367 2961 insuper
2392 2890 2736 2963 sacﬁlegium
2758 2892 2819 2946 in
2850 2892 3019 2948 Deum
3054 2904 3213 2948 suum
3238 2892 3519 2948 vindicare
3544 2893 3737 2950 uotae-

2143 2990 2291 3050 runt,
2316 2983 2743 3055 comprehendet
2768 2998 2864 3042 eos
2886 2985 3155 3057 prsidium.

2214 3094 2236 3127 ι
2267 3072 2433 3130 Juxta
2463 3076 2792 3133 desiderium
2818 3088 3002 3134 meum
3033 3077 3327 3149 eorripia‘m
3356 3090 3472 3144 eos,
3509 3096 3529 3129 ι
3564 3078 3620 3134 id
3648 3086 3745 3135 est

2140 3172 2352 3227 tradam
2397 3186 2492 3228 eos
2533 3173 2779 3231 hostibus
2816 3174 3116 3231 secundum
3154 3173 3482 3231 voluntatem
3524 3187 3733 3229 meam.

2148 3280 2166 3312 ι
2209 3261 2276 3317 Ει
2344 3264 2820 3336 congregabantur
2866 3280 3032 3338 Super
3089 3280 3185 3323 eos
3246 3264 3451 3338 populi,
3484 3282 3505 3318 ι
3548 3265 3742 3349 .Assy-

2140 3353 2345 3409 riorem
2388 3355 2643 3411 "videlicet
2690 3357 3090 3414 multitudines.
3128 3374 3150 3410 ι
3182 3355 3321 3414 Cum
3369 3357 3741 3428 corripientur

2140 3457 2363 3518 propter
2409 3447 2543 3503 duas
2594 3448 2910 3520 iniquitates
2964 3464 3114 3506 suas.
3149 3469 3169 3502 ι
3224 3449 3372 3507 Duas
3418 3449 3743 3520 iniquitates

2136 3554 2428 3612 possumus
2477 3538 2781 3613 intelligere
2814 3541 2953 3609 hoc,
2990 3542 3139 3612 quod
3174 3540 3451 3598 hominem
3488 3541 3743 3597 vindica-

2139 3640 2360 3696 verunt,
2410 3630 2507 3687 Dei
2528 3631 2863 3705 negligentes
2888 3632 3164 3705 iniuriam.
3208 3631 3338 3691 Sive
3361 3634 3498 3690 duas
3526 3633 3741 3705 iniqui-

2141 3731 2284 3780 tates
2337 3723 2616 3793 fecerunt,
2662 3726 2791 3796 quia
2826 3726 3063 3797 primum
3106 3736 3475 3798 peccaverunt
3518 3726 3573 3781 in
3618 3710 3745 3782 ido-

2135 3816 2204 3871 lis
2262 3814 2536 3883 Michzeze,
2600 3819 2840 3874 secundo
2909 3818 2967 3872 in
3028 3819 3215 3875 vitulis
3269 3818 3598 3887 Ieroboam,
3647 3818 3742 3876 vel

2134 3917 2282 3966 certe
2308 3910 2442 3966 duas
2472 3908 2787 3981 iniquitates
2813 3951 2828 3977 ,
2866 3911 3001 3967 duos
3044 3911 3348 3982 intelligere
3388 3911 3590 3969 vitulos
3630 3910 3740 3968 Sa-

2135 4001 2340 4067 marize,
2386 4017 2556 4057 unum
2592 4002 2647 4056 in
2676 4002 2815 4065 Dan,
2846 4001 3076 4057 alterum
3112 4002 3168 4058 in
3200 4002 3409 4059 Betbel.
3454 4001 3555 4058 Vel
3578 4012 3743 4061 certe

2134 4094 2269 4151 duas
2294 4093 2609 4165 iniquitates
2644 4102 3058 4166 perpetrarent,
3103 4095 3229 4165 quia
3258 4094 3430 4151 Deum
3463 4095 3736 4153 deseren-

2135 4192 2238 4251 tes,
2283 4184 2427 4239 idola
2478 4184 2785 4243 coluerunt.
2832 4186 2910 4241 De
2946 4185 3040 4241 his
3084 4184 3299 4242 duabus
3344 4185 3741 4258 iniquitatibus

2130 4276 2399 4335 Ieremias
2459 4280 2537 4335 ait
2580 4298 2595 4334 :
2642 4298 2663 4331 ‹
2701 4279 2786 4335 Me
2838 4280 3249 4352 dereliquerunt
3304 4278 3507 4337 fontem
3569 4298 3739 4355 aqua

2129 4370 2286 4435 vivae,
2320 4380 2375 4426 et
2414 4371 2665 4427 foderunt
2693 4373 2795 4427 sibi
2826 4372 2977 4429 lacus
3006 4374 3097 4444 qui
3127 4376 3408 4432 continere
3439 4390 3547 4430 non
3595 4390 3737 4448 pos-

2131 4474 2258 4517 sunt
2301 4478 2488 4532 aquas.
2524 4482 2542 4516 ι
2578 4463 2670 4518 Ila:
2698 4465 2818 4520 duae
2848 4464 3168 4536 iniquitates
3202 4472 3393 4523 contra
3418 4469 3526 4524 duo
3552 4467 3743 4527 Deca-

2132 4552 2238 4625 logi
2266 4569 2493 4623 erupere
2522 4564 2815 4626 praecepta,
2846 4556 2901 4611 in
2932 4558 3129 4628 quibus
3179 4558 3415 4615 (.icitur:
3444 4554 3559 4632 Ego
3602 4578 3738 4621 sum

2133 4648 2393 4703 Dominus
2438 4648 2579 4704 Deus
2632 4656 2802 4705 tuus:
2837 4658 2893 4705 et
2941 4665 3051 4706 non
3096 4661 3256 4707 erunt
3299 4651 3397 4708 tibi
3439 4653 3513 4709 dii
3557 4654 3735 4714 alieni

2131 4755 2314 4796 COI‘ilIIl
2351 4754 2457 4795 me.

2207 4854 2225 4887 ‹
2267 4834 2523 4903 Ephraim
2558 4832 2727 4888 vitula
2755 4834 2913 4889 docta
2957 4832 3181 4905 diligere
3212 4836 3482 4892 trituram.
3521 4856 3541 4890 ι
3572 4838 3736 4895 Con-

2132 4926 2362 4982 Suetudo
2405 4925 2497 4980 hic
2519 4932 2678 4980 terrae
2705 4925 3079 4995 promissionis
3116 4928 3371 4999 tangitur,
3399 4929 3490 4984 ubi
3538 4930 3739 4990 vitula:

2132 5034 2254 5073 cum
2281 5017 2494 5072 ueteris
2523 5015 2846 5071 animalibus
2871 5014 3055 5087 fruges
3086 5025 3261 5073 terere
3296 5033 3733 5077 consueverunt.

434 5121 670 5179 tribulus
714 5120 972 5176 ascendet
1010 5134 1177 5189 super
1210 5132 1336 5173 aras
1378 5131 1589 5171 eorum.
1623 5134 1641 5166 ι
1674 5113 1898 5186 Signum
1937 5122 2024 5170 est
2130 5109 2263 5166 Cum
2289 5118 2469 5165 autem
2493 5109 2814 5179 gravissimo
2844 5107 3027 5165 labore
3048 5107 3362 5181 fatigantur,
3392 5109 3571 5167 solent
3592 5128 3735 5184 pro-

433 5212 642 5268 ultima:
670 5210 995 5274 solitudinis,
1039 5210 1166 5265 dum
1206 5208 1364 5278 lappa
1392 5214 1446 5261 et
1486 5205 1719 5260 tribulus
1746 5205 1801 5258 in
1845 5205 2053 5269 taber-_
2130 5202 2246 5257 dire
2293 5200 2361 5257 ab
2405 5216 2555 5267 area,
2597 5201 2794 5256 iterum
2843 5208 3025 5257 autem
3072 5202 3362 5275 diligentes
3411 5220 3622 5275 aream,
3656 5224 3737 5266 eo

433 5301 643 5358 naculis
678 5316 871 5357 eorum
893 5300 1251 5356 ascenderunt
1280 5306 1503 5367 propter
1547 5295 1763 5367 longam
1809 5295 2022 5351 desola-
2128 5297 2268 5365 quod
2297 5295 2480 5366 fruges
2507 5295 2560 5350 in
2588 5310 2654 5350 ea
2683 5296 2970 5351 comedant
2991 5296 3156 5368 (unde
3178 5306 3295 5352 est:
3323 5318 3341 5349 ‹
3375 5296 3496 5355 Non
3519 5300 3708 5374 alliga-

435 5396 657 5453 tionem.
688 5414 708 5447 ι
746 5394 814 5449 Et
836 5394 1018 5450 dicent
1047 5391 1323 5448 montibus
1345 5404 1360 5444 :
1383 5388 1573 5444 Cadite
1602 5403 1766 5459 super
1792 5400 1894 5443 nos
1926 5402 1940 5442 :
1966 5395 2023 5444 et
2129 5386 2210 5441 bis
2238 5402 2301 5442 os
2339 5386 2461 5441 bovi
2500 5386 2773 5441 trituranti
2813 5385 2883 5458 ι),
2915 5394 3108 5456 sponte
3143 5387 3211 5443 ad
3245 5402 3431 5444 aream
3462 5391 3727 5450 redeunt.

432 5489 697 5547 collibus:
722 5485 944 5559 Operite
967 5501 1085 5542 nos.
1108 5502 1129 5536 ι
1156 5482 1268 5539 Hoc
1298 5498 1407 5538 non
1436 5481 1610 5538 solum
1640 5482 1707 5536 ad
1735 5482 2019 5552 captivita-
2093 5508 2096 5512 ~
2127 5477 2293 5549 Igitur
2320 5478 2576 5549 Ephraim
2601 5478 2794 5534 similis
2816 5489 2898 5535 est
2922 5495 3101 5537 vaccas
3132 5480 3216 5536 vel
3236 5480 3440 5550 vitulis,
3474 5484 3605 5557 quia
3637 5485 3735 5541 di-

432 5593 538 5638 tem
566 5583 752 5639 decem
788 5581 1050 5645 tribuum,
1096 5575 1189 5633 sed
1218 5575 1384 5631 etiam
1413 5572 1739 5646 generaliter
1772 5576 1841 5629 ad
1884 5583 2018 5630 tcm-
2124 5569 2256 5626 dicit
2305 5582 2488 5626 aream
2524 5578 2719 5637 terere,
2771 5580 2827 5627 et
2881 5588 2987 5628 non
3038 5572 3210 5629 solum
3265 5573 3474 5641 didicit,
3520 5592 3732 5636 verum

430 5689 562 5746 pora
590 5672 960 5729 Romanorum
1004 5677 1061 5725 et
1100 5669 1168 5723 ad
1198 5677 1367 5723 totum
1411 5664 1665 5738 populum
1704 5662 2015 5720 Iudaeorum
2121 5663 2283 5719 etiam
2325 5680 2504 5719 annua
2535 5664 2925 5720 consuetudine
2948 5666 3115 5737 ctepit
3156 5682 3341 5723 amare
3366 5669 3510 5738 quod
3552 5668 3731 5728 docta

432 5765 638 5824 referre
674 5776 983 5837 possumus.
1014 5760 1167 5829 Quod
1199 5761 1363 5815 etiam
1396 5756 1653 5813 Dominus
1684 5754 2011 5821 manifestat,
2122 5765 2224 5822 est,
2266 5755 2391 5812 licet
2422 5757 2693 5813 trituratio
2720 5756 2963 5814 laborem
3009 5758 3209 5815 inferat
3236 5778 3250 5815 :
3285 5761 3365 5816 sic
3393 5769 3448 5816 et
3480 5762 3730 5844 populus

428 5860 529 5934 qui
547 5860 628 5918 ait
650 5858 708 5918 in
732 5854 1027 5928 Evangelia
1059 5869 1074 5909 :
1105 5853 1256 5911 Filiae
1286 5849 1657 5920 Hierusalem,
1689 5847 1854 5907 nolite
1880 5845 2014 5907 dere
2118 5849 2470 5917 Israeliticus,
2524 5849 2649 5905 licet
2698 5847 3010 5921 frequenter
3047 5848 3396 5925 aﬂigeretur,
3440 5863 3496 5914 et
3536 5854 3727 5923 multa
