4022 6448
231 448 294 515 77'
1066 468 1081 514 -,
1252 440 1650 506 ENARRATIO
1688 444 1754 501 1N
1796 428 1972 519 esse
2010 439 2449 496 merueram.
3413 442 3483 498 τε

233 575 445 632 κίνει-εει
481 552 771 640 pateretur
799 577 1022 638 propter
1046 565 1429 632 idololatriam,
1477 574 1655 619 tamen
1700 576 1796 616 vo-
1826 565 1877 623 Α
1902 556 2055 612 vobis
2109 554 2319 620 novale,
2358 574 2375 605 ι
2421 554 2473 609 id
2511 562 2596 609 est
2627 565 2824 610 natium
2870 552 3031 609 facite
3067 568 3165 611 cor
3214 563 3476 623 vestrum,

232 668 454 722 luntates
479 675 607 716 suas
632 667 689 715 et
712 658 1005 731 ingluviem
1032 659 1237 714 ventris
1281 657 1434 729 sequi
1461 656 1798 721 desiderans,

234 756 363 812 ultro
381 753 446 808 ad
476 750 616 808 idola
650 736 1042 805 revertebatur.
1085 748 1359 803 Moraliter
1380 750 1489 803 hoc
1512 760 1802 817 possumus

235 846 426 903 referre
467 844 534 899 ad
563 841 682 897 illos
708 841 802 912 qui
828 858 895 897 ex
924 840 1169 897 saeculari
1198 840 1386 895 habitu
1422 838 1491 894 ad
1537 837 1800 895 monasti-

232 942 754 992 cam-convertuntur
781 931 1118 1005 religionem,
1143 939 1197 986 et
1242 939 1431 1001 Sponte
1451 931 1518 986 ad
1549 932 1807 986 exercen-

234 1031 347 1087 dum
370 1038 650 1084 terrenum
676 1024 923 1081 laborem
955 1026 1199 1081 redeunt.
1226 1025 1473 1096 Cumque
1498 1024 1703 1081 diutina
1727 1022 1806 1078 af-

232 1120 453 1176 ﬂictione
510 1118 710 1174 caloris
763 1125 817 1172 et
873 1114 1091 1187 frigoris
1137 1114 1454 1186 fatigantur,
1503 1114 1807 1171 voluntarie

234 1221 398 1269 tamen
427 1212 546 1268 hate
568 1209 750 1265 omnia
774 1206 1077 1283 perferunt,
1120 1222 1240 1283 quae
1270 1215 1430 1262 antea
1454 1200 1675 1273 fuerant
1706 1220 1804 1262 ex-

232 1302 377 1374 perti.

299 1412 317 1446 ι
340 1393 405 1449 Et
429 1408 531 1464 ego
555 1390 782 1451 transivi
808 1406 970 1463 super
992 1389 1451 1463 pulchritudinem
1483 1386 1606 1444 colli
1629 1387 1766 1458 ejus.
1782 1408 1801 1441 ›

231 1484 283 1540 Id
324 1493 404 1541 est
444 1483 754 1555 superbiam
797 1482 934 1554 ejus,
978 1498 1084 1554 qua
1128 1493 1307 1538 torosa
1361 1483 1574 1537 cervice
1617 1480 1806 1557 jugnm

230 1593 396 1635 meum
443 1593 551 1633 non
602 1579 831 1649 recepit,
862 1574 1219 1647 confringam.
1268 1574 1560 1641 Transitns
1600 1584 1805 1642 autem,

231 1671 456 1726 maxime
498 1671 715 1740 quando
762 1671 829 1726 de
868 1671 978 1728 Deo
1026 1671 1243 1739 dicitur,
1275 1686 1490 1742 semper
1522 1670 1713 1743 plagas
1753 1678 1809 1726 et

231 1763 446 1820 adversa
503 1763 791 1836 significat.
854 1764 1098 1836 Denique
1149 1773 1205 1821 et
1262 1764 1652 1820 exterminator
1711 1780 1810 1836 per

1898 652 2144 707 dicentes
2167 665 2291 705 cum
2318 647 2607 703 Psalmista
2634 666 2648 702 :
2675 666 2694 698 ι
2728 648 2836 705 Cor
2864 647 3122 703 mundum
3146 662 3272 705 crea
3294 649 3350 704 in
3371 664 3478 717 me,
3546 688 3552 693 ι

1903 744 2066 799 Deus.
2102 763 2122 795 ι
2154 740 2428 810 Quantum
2456 739 2521 794 ad
2550 737 2813 807 litteram,
2843 740 3034 797 navale
3057 750 3141 797 est
3175 756 3327 814 ager,
3355 754 3481 798 eum

1902 835 2135 906 primum
2162 834 2469 904 perscissns
2506 846 2726 888 vomere
2765 831 2948 890 fuerit.
2987 855 3006 888 ‹
3038 835 3276 907 Tempus
3298 845 3482 893 autem

1905 928 2215 999 requirendi
2245 928 2551 994 Dominum,
2581 946 2600 979 ι
2630 927 2951 984 subauditur
2992 934 3124 987 tunc
3151 932 3275 998 erit,
3308 950 3328 985 ι
3357 948 3483 990 cum

1904 1020 2117 1075 venerit
2152 1020 2242 1090 qui
2301 1020 2517 1076 docebit
2556 1032 2658 1076 vos
2684 1018 2955 1089 justitiam
2978 1062 2994 1089 ,
3050 1041 3068 1074 ι
3116 1024 3170 1079 id
3205 1033 3311 1093 est,
3350 1034 3485 1083 tem-

1905 1126 2036 1181 pore
2073 1111 2366 1166 Dominicae
2403 1110 2793 1167 incarnationis
2828 1120 2883 1168 et
2931 1110 3219 1183 pass‘ibnis,
3271 1117 3487 1187 quando

1907 1213 2091 1276 aperte
2128 1205 2618 1261 manifestabuntur
2645 1205 2829 1261 omnia
2857 1220 2958 1276 per
2976 1220 3097 1276 quas
3119 1205 3490 1276 justiticabun-

1906 1305 1995 1352 tur
2017 1297 2222 1354 ﬁdeles.
2248 1298 2404 1355 Unde
2426 1307 2543 1354 est:
2574 1317 2593 1349 ί
2616 1295 2859 1366 ’Qumrite
2881 1299 3169 1355 Dominum
3194 1301 3323 1356 dum
3350 1304 3496 1361 inve—

1907 1389 2009 1443 niri
2040 1396 2236 1459 potest.
2277 1412 2296 1443 ι
2326 1390 2521 1447 Reddit
2550 1392 2694 1446 enim
2727 1408 2918 1448 causas
2951 1408 3051 1449 cur
3077 1395 3365 1463 seminent,
3394 1414 3494 1453 cur

1907 1487 2137 1545 metant,
2168 1495 2265 1535 cur
2295 1480 2418 1535 laeta
2449 1481 2971 1538 novalia-innovent.
2998 1481 3238 1555 Tempus
3273 1486 3492 1557 (inquit)

1908 1571 2221 1641 requirendi
2249 1571 2538 1628 Dominum
2554 1581 2657 1640 est,
2683 1589 2805 1629 cum
2821 1574 3035 1632 venerit
3055 1574 3304 1633 Christus
3331 1588 3495 1648 atque

1911 1659 2184 1728 Salvator,
2216 1661 2308 1731 qui
2336 1662 2554 1719 docebit
2577 1677 2675 1719 vos
2689 1663 2977 1735 justitiam,
3020 1681 3182 1736 quam
3211 1682 3354 1723 nunc
3375 1682 3498 1740 spe-

1909 1752 2044 1807 ratis
2080 1753 2145 1807 in
2195 1752 2333 1825 lege.
2386 1773 2406 1807 ι
2442 1753 2597 1811 Finis
2643 1755 2789 1810 enim
2820 1750 2965 1826 'legis
3001 1756 3253 1815 Christus
3296 1768 3380 1817 est
3428 1760 3498 1817 ad

230 1854 514 1929 Egyptum
540 1856 798 1919 transisse
818 1864 1172 1912 memoratur.
1209 1856 1274 1911 Et
1299 1865 1383 1913 est
1407 1873 1601 1912 sensus
1628 1875 1640 1911 :
1671 1855 1805 1926 Quia

1918 1841 2179 1912 iustitiam
2215 1846 2364 1901 omni
2403 1847 2651 1916 operanti
2677 1838 2907 1903 bonum.
2943 1868 2965 1903 ι
3006 1849 3269 1907 Similiter
3300 1852 3497 1923 praeci-

229 1927 478 2017 Ephraim
511 1963 617 2005 non
644 1947 757 2003 vult
778 1945 970 2020 jugum
1000 1947 1134 2019 legis
1161 1949 1421 2020 recipere,
1450 1964 1549 2021 ego
1580 1950 1806 2006 transivi
1835 1927 1882 1986 Β
1911 1934 2057 2006 Pin"
2087 1936 2170 1991 his
2212 1937 2307 2007 (Ῑυῖ
2354 1938 2424 1992 ab
2458 1936 2702 1994 Εεοιθδίίὶ
2748 1940 2989 2010 separati
3018 1944 3167 2007 sum:
3197 1950 3253 1997 θῑ
3301 1942 3494 1999 falsum

230 2052 387 2110 super
433 2037 885 2108 pulchritudinem
933 2039 1055 2097 colli
1087 2041 1224 2111 ejus,
1254 2048 1309 2097 et
1342 2049 1612 2105 tumentes
1638 2044 1813 2100 cervi-

230 2144 348 2184 cum
390 2138 536 2186 toros
566 2128 702 2202 jugo
740 2131 992 2200 imposito
1016 2133 1322 2202 perdomui,
1352 2134 1497 2189 unde
1519 2133 1807 2192 subditur:

235 2241 255 2275 ε
281 2222 576 2278 Ascendam
619 2239 785 2293 super
815 2223 1091 2294 prraim,
1142 2246 1160 2279 ι
1213 2225 1265 2280 id
1313 2233 1397 2280 est
1432 2236 1621 2282 contra
1665 2227 1806 2294 eumn,

227 2321 283 2369 ut
305 2315 476 2371 discat
500 2317 839 2375 contentiosa
869 2332 1036 2384 vacca
1067 2326 1231 2389 atque
1252 2316 1541 2376 lasciviens
1565 2319 1812 2377 laborare

226 2408 364 2477 quod
384 2423 492 2465 non
517 2410 652 2464 vult.
679 2409 775 2465 Vel
798 2409 987 2482 jugum
1007 2427 1297 2484 possumus
1321 2413 1621 2485 intelligere
1656 2416 1811 2473 dam-

227 2499 468 2555 nationes
495 2501 738 2559 omnium
764 2502 1028 2573 gentium,
1053 2503 1310 2574 quoniam
1328 2505 1600 2577 promittit
1625 2522 1683 2563 se
1708 2506 1814 2565 Do-

226 2591 396 2649 minus
431 2609 711 2652 removere
739 2610 769 2651 a
793 2594 915 2653 loco
950 2595 1096 2669 ejus,
1124 2605 1186 2652 ut
1224 2596 1310 2653 vel
1338 2597 1419 2659 sic
1461 2598 1531 2655 ad
1559 2616 1682 2655 eum
1722 2616 1810 2658 re-

227 2685 379 2744 diret.

293 2797 314 2832 (
338 2778 535 2836 Arabit
554 2777 738 2847 ludas,
764 2780 1067 2854 confringet
1092 2781 1197 2838 sibi
1229 2781 1409 2839 sulcos
1435 2781 1623 2839 Jacob.
1665 2804 1681 2834 υ
1708 2784 1813 2841 Per

223 2868 407 2927 ludam
443 2864 579 2930 duas
600 2873 775 2929 tribus
798 2874 1005 2945 accipe,
1043 2890 1163 2946 qua:
1205 2891 1329 2931 cum
1360 2875 1622 2933 vidissent
1646 2876 1811 2935 Israel

223 2963 484 3034 captivari
536 2965 605 3019 ab
670 2965 917 3021 hostibus
946 3006 960 3031 ,
1014 2976 1296 3038 coeperunt
1347 2968 1597 3025 excolere
1648 2971 1814 3027 corda

223 3067 335 3119 sua,
365 3063 427 3111 et
451 3056 866 3127 semetipsosnin
890 3055 986 3113 Dei
1009 3066 1289 3113 coarctare
1330 3057 1560 3113 cultura.
1588 3058 1693 3114 Per
1716 3058 1811 3114 Ja-

222 3147 317 3204 cob
352 3163 457 3205 eos
489 3156 718 3215 tantum,
745 3151 841 3219 qui
866 3166 933 3209 ex
961 3150 1148 3206 decem
1180 3149 1428 3206 tribubus
1460 3160 1591 3206 sunt
1617 3150 1808 3214 relicti,

223 3247 380 3310 atque
409 3239 483 3295 ad
505 3238 711 3295 cultum
740 3254 882 3295 verae
910 3239 1187 3312 religionis
1206 3240 1438 3307 evocati,
1464 3240 1641 3297 ablata
1663 3240 1812 3296 onmi

222 3334 418 3395 duritia
473 3335 672 3400 cordis,
720 3344 1003 3406 casperunt
1054 3333 1263 3391 fruetus
1312 3334 1496 3392 facere
1542 3336 1809 3391 bonorum

222 3440 473 3496 operum,
500 3426 568 3483 de
608 3426 807 3497 quibus
831 3427 885 3482 in
924 3426 1065 3483 Isaia
1092 3427 1353 3499 scriptum
1384 3435 1467 3482 est
1498 3427 1624 3497 quia
1665 3426 1813 3482 misit

220 3517 299 3575 eis
327 3518 598 3576 Ezechias
632 3517 821 3584 libros,
860 3527 916 3574 et
953 3519 1177 3576 adduxit
1202 3519 1326 3574 illos
1355 3518 1410 3574 in
1451 3518 1811 3585 Hierusalem,

218 3616 279 3664 nt
304 3609 379 3663 ibi
414 3609 710 3666 adorarent
746 3609 915 3665 Deum
945 3610 998 3665 in
1038 3609 1234 3681 templo
1269 3609 1408 3678 ejus,
1432 3611 1813 3683 pwiitentiam

221 3708 449 3773 agentes
468 3716 567 3771 pro
593 3700 742 3756 cultu
764 3699 1049 3758 idolorum.
1073 3699 1385 3761 Secundum
1412 3716 1689 3775 anagogen
1712 3703 1815 3758 hoc

220 3791 327 3848 dici
356 3801 560 3863 potest,
583 3792 725 3864 quod
760 3792 1041 3863 Ephraim,
1079 3792 1172 3864 qui
1194 3792 1437 3851 eruditus
1481 3801 1601 3849 erat
1643 3793 1816 3866 legem

218 3885 340 3951 Dei,
373 3894 433 3940 ut
460 3894 663 3943 tereret
687 3901 870 3960 aream
903 3884 1330 3957 Scripturarum,
1362 3894 1418 3942 et
1461 3887 1817 3942 meditaretur

218 3979 274 4035 in
326 3994 398 4035 ea
424 3979 511 4035 die
554 3995 620 4035 ac
646 3987 826 4043 nocte,
870 3979 1036 4047 coepit
1081 3977 1318 4047 abjicere
1345 3979 1534 4051 jugum
1576 3978 1733 4048 legis,
1763 3987 1820 4034 et

216 4069 562 4126 contendere
603 4076 791 4124 contra
815 4068 1214 4125 ecclesiasticos
1244 4070 1298 4124 in
1325 4069 1680 4125 subversione
1717 4086 1815 4124 au-

216 4159 518 4216 dientium.
536 4146 708 4217 'Unde
736 4160 995 4216 Dominus
1023 4162 1286 4218 elevatam
1315 4164 1607 4233 cervicem,
1630 4174 1686 4220 et
1716 4164 1818 4219 sibi

216 4250 488 4325 sublimia
537 4252 970 4324 promittentem,
1012 4252 1097 4308 vel
1140 4254 1270 4325 jugo
1298 4264 1531 4325 premet,
1574 4255 1659 4317 vel
1704 4256 1820 4325 ipse

220 4324 522 4412 transiens,
549 4343 784 4401 calcabit
822 4344 1050 4415 pedibus
1092 4324 1228 4412 suis,
1268 4324 1325 4401 et
1371 4348 1629 4402 ascendet
1660 4324 1822 4418 super

221 4454 378 4504 eum,
408 4449 467 4493 ut
508 4437 647 4493 sciat
692 4453 753 4494 se
799 4437 1003 4493 habere
1039 4437 1229 4492 Deum.
1275 4436 1445 4494 Iudas
1468 4447 1669 4505 autem,
1715 4440 1821 4499 hoc

220 4541 308 4588 est
354 4530 443 4585 vir
468 4530 893 4596 ecclesiaSticus,
942 4530 1121 4587 arabit
1147 4539 1369 4595 terram,
1408 4531 1571 4600 ccepti
1610 4532 1693 4587 sui
1736 4532 1818 4587 in-

221 4631 385 4695 εφιο
400 4637 564 4693 opere
584 4638 957 4694 perseverans.
980 4620 1146 4678 Jacob
1168 4637 1403 4693 quoque,
1427 4623 1519 4693 qui
1550 4623 1815 4695 interpre-

224 4727 375 4774 tatur
420 4717 816 4788 supplantator,
867 4716 1119 4771 vitiorum
1162 4716 1341 4771 sulcos
1385 4716 1707 4788 confringet,
1758 4717 1811 4772 id

223 4821 311 4868 est
354 4812 550 4883 glebas
588 4811 830 4869 historias
865 4818 921 4867 et
956 4810 1149 4867 litterae
1188 4810 1441 4865 duritiam
1487 4820 1734 4869 conteret
1762 4812 1817 4867 in

223 4913 439 4975 partes,
464 4913 524 4959 et
543 4902 898 4973 spiritualiter
925 4901 1145 4968 dividet,
1176 4910 1234 4956 ut
1254 4902 1467 4973 possint
1494 4902 1676 4972 fruges
1695 4902 1818 4961 red-

226 4997 358 5054 dere
393 4995 723 5066 Spirituales.

304 5107 323 5140 ι
356 5087 641 5147 Seminate
667 5086 821 5143 vobis
846 5086 904 5139 in
926 5083 1447 5153 veritatejttstitiam.
1478 5104 1496 5135 ι
1533 5084 1725 5139 Servat
1750 5086 1820 5140 ab

228 5176 670 5250 agricolisaemel
692 5183 930 5247 emptam
944 5173 1376 5239 translasionem.
1400 5174 1547 5229 Dixit
1560 5174 1829 5245 prraim

227 5269 463 5329 vitulam
496 5270 717 5327 doctam
758 5283 947 5323 amare
1008 5268 1281 5332 trituram,
1312 5274 1369 5322 et
1418 5281 1477 5322 se
1525 5268 1819 5324 ascendere

231 5375 399 5431 super
420 5359 619 5417 collum
648 5360 786 5431 ejus,
827 5367 887 5413 ut
914 5373 1073 5413 arare
1114 5356 1339 5424 .Jttdam,
1371 5373 1435 5413 ac
1476 5358 1819 5431 confringere

233 5454 418 5510 sulcos
443 5451 644 5520 Jacob;
670 5467 813 5508 nunc
828 5452 1078 5522 praecipit
1108 5451 1459 5507 utseminent
1496 5453 1548 5507 in
1586 5453 1815 5523 justitia,

234 5548 289 5605 id
314 5556 426 5614 est,
460 5547 513 5602 in
545 5548 923 5605 observatione
950 5545 1206 5621 legalium
1245 5554 1660 5618 praceptorum.
1698 5567 1717 5598 ‹
1752 5547 1822 5602 Ει

236 5641 429 5696 metite
446 5639 505 5693 in
529 5654 625 5695 ore
653 5638 1061 5703 misericordiae,
1091 5658 1115 5690 ο
1142 5638 1198 5697 id
1220 5646 1305 5693 est
1354 5638 1411 5695 in
1432 5640 1615 5710 gratia
1649 5640 1821 5695 Evan-

236 5731 400 5801 gelii;
426 5730 568 5786 unde
590 5739 702 5787 est:
726 5749 743 5781 ε
761 5729 1142 5787 Pmnitentiam
1169 5730 1330 5802 agite,
1348 5739 1461 5789 etc.
1486 5751 1504 5785 ι
1537 5731 1638 5789 Et:
1678 5751 1697 5784 ‹
1719 5731 1823 5789 Be-

239 5829 474 5885 nefaeite
500 5828 590 5887 his
616 5826 708 5897 qui
724 5827 960 5883 oderunt
982 5841 1096 5887 vos.
1124 5845 1142 5880 ι
1176 5825 1247 5882 Et
1279 5843 1291 5879 :
1331 5844 1350 5877 ι
1383 5824 1487 5892 Qui
1518 5832 1570 5879 te
1590 5840 1820 5895 percus-

240 5925 376 5980 serit
410 5924 466 5978 in
492 5922 786 5985 maxillam,
810 5920 998 5993 prmbe
1031 5919 1106 5974 illi
1140 5927 1197 5973 et
1226 5920 1414 5975 aliam.
1451 5938 1469 5971 ι
1508 5938 1527 5971 ι
1564 5918 1822 5977 Innovate

1840 4667 1895 4727 D

1911 2026 2347 2083 Christianorum
2377 2043 2574 2086 nomen
2617 2040 2920 2097 assumunt,
2952 2041 3017 2088 ut
3044 2042 3208 2104 agant
3231 2034 3500 2106 pmoiten-

1914 2120 2070 2186 tiam,
2102 2129 2157 2175 et
2189 2129 2480 2193 utrumque
2512 2123 2778 2194 recipiant
2803 2114 3211 2181 Testamentum
3240 2144 3252 2180 :
3290 2125 3343 2181 in
3387 2125 3499 2184 Ve-

1915 2212 2016 2267 teri
2036 2210 2303 2281 justitiam
2340 2214 2630 2281 seminent,
2660 2215 2715 2269 in
2747 2212 2898 2271 Novo
2924 2216 3356 2274 misericordiam
3391 2236 3500 2276 me-

1914 2311 2033 2360 tant
2058 2322 2074 2372 ;
2098 2315 2156 2360 ut
2178 2305 2437 2361 innovent
2463 2306 2565 2362 sibi
2610 2309 2823 2362 novalia
2852 2308 3119 2367 bonorum
3162 2327 3410 2385 operum,
3435 2329 3498 2369 ac

1916 2401 2198 2471 requirant
2225 2401 2416 2469 Deum,
2439 2402 2532 2477 qui
2567 2402 2764 2458 docere
2800 2419 2895 2460 eos
2916 2414 3099 2477 potest
3127 2422 3314 2463 veram
3332 2406 3499 2478 justi-

1917 2493 2068 2548 tiam.
2558 2493 2565 2507 ‘

1992 2603 2011 2637 ι
2052 2585 2262 2642 Arastis
2313 2586 2679 2660 impietatem,
2727 2588 3068 2660 iniquitatem
3117 2592 3440 2649 messuistis.
3476 2614 3493 2645 ι

1917 2677 2121 2735 Sensus
2147 2688 2268 2735 est:
2300 2678 2387 2736 Me
2435 2680 2693 2737 hortante
2723 2690 2782 2736 ut
2812 2680 3155 2739 seminaretis
3185 2682 3239 2738 in
3265 2684 3498 2754 justitia,

1916 2780 1971 2826 et
1995 2772 2276 2830 meteretis
2300 2773 2353 2829 in
2381 2789 2476 2829 ore
2506 2772 2918 2842 misericordiae,
2948 2783 3007 2830 ut
3036 2790 3124 2831 me
3150 2774 3502 2835 laetificaretis

1916 2884 1983 2924 ex
2003 2868 2202 2924 vestris
2223 2868 2362 2925 ltetis
2386 2868 2689 2935 novalibus,
2719 2885 2815 2925 vos
2846 2879 3034 2927 contra
3075 2872 3273 2929 arastis
3314 2873 3501 2946 impie'

1918 2970 2104 3027 tatem,
2131 2961 2185 3018 id
2219 2971 2303 3018 est
2353 2964 2638 3035 cogitastis
2678 2964 2861 3035 iniqua
2891 2964 3136 3033 consilia,
3168 2975 3281 3027 uta
3305 2982 3394 3024 me
3418 2983 3504 3023 re—

1918 3051 2202 3107 cederetis.
2220 3051 2452 3108 Maxima
2478 3063 2563 3109 est
2590 3055 2733 3110 enim
2751 3055 3009 3125 iniquitas
3033 3071 3061 3110 a
3085 3054 3199 3111 Deo
3222 3057 3500 3126 recedere,

1920 3151 1976 3197 et
2002 3156 2103 3212 pro
2128 3142 2238 3199 Deo
2260 3143 2402 3198 idola
2427 3144 2625 3201 colere.
2660 3147 2783 3201 Ideo
2806 3145 3151 3216 Iniquitatem
3175 3148 3500 3213 mesauistis,

1921 3233 1974 3289 id
1997 3242 2082 3291 est
2101 3234 2465 3306 captivitatem
2488 3247 2544 3292 et
2582 3246 2811 3292 mortem
2834 3246 3055 3309 propter
3074 3246 3298 3310 peccata
3326 3251 3507 3296 vestra

1917 3327 2071 3384 vobis
2094 3328 2280 3384 venire
2319 3327 2559 3396 fecistis;
2591 3329 2658 3385 de
2694 3330 2835 3386 malo
2865 3331 3072 3387 semine
3102 3330 3272 3389 malas
3318 3333 3506 3406 fruges

1916 3421 2159 3492 recipere
2185 3421 2479 3477 meruistis.
2516 3439 2536 3473 ‹
2567 3421 2895 3480 Comedistis
2908 3421 3117 3495 frugem
3152 3423 3442 3490 mendacii,
3475 3445 3498 3481 ι

1913 3513 1969 3569 id
1999 3522 2101 3581 est,
2136 3514 2549 3571 retributionem
2593 3517 2857 3573 mendacii
2884 3518 3223 3590 suscepistis.
3251 3518 3503 3575 Somnia-

1915 3604 2056 3661 batis
2082 3607 2238 3662 vobis
2276 3607 2438 3673 bona,
2474 3616 2531 3664 et
2551 3607 2699 3679 juSte
2739 3611 2961 3667 advenit
2993 3613 3150 3669 vobis
3178 3614 3499 3671 adversitas.

1917 3698 2011 3756 Sic
2058 3708 2114 3756 et
2163 3700 2406 3758 haeretici
2463 3703 2794 3774 impietatem
2836 3717 3027 3775 arant,
3076 3712 3292 3781 quando
3320 3711 3504 3782 iniqua

1916 3790 2135 3846 docent.
2191 3790 2433 3862 Ideoque
2485 3793 2827 3863 iniquitatem
2882 3806 3111 3866 metent,
3160 3812 3220 3856 et
3260 3800 3502 3859 fructum

1920 3882 2188 3938 mendacii
2215 3885 2527 3951 comedent,
2571 3887 2788 3956 quando
2809 3902 2909 3958 pro
2939 3890 3135 3946 merito
3168 3907 3282 3947 suas
3310 3893 3506 3965 iniqui-

1920 3977 2049 4032 tatis
2098 3985 2152 4031 et
2200 3977 2467 4034 mendacii
2516 3978 2934 4034 damnabuntur.
2976 3981 3106 4049 Quae
3154 3985 3298 4039 enim
3341 3988 3504 4043 semi-

1920 4068 2133 4123 naverit
2164 4069 2357 4133 homo,
2390 4070 2506 4123 haec
2550 4079 2607 4124 et
2640 4078 2828 4125 metet.
2860 4090 2878 4122 ι
2906 4071 3042 4138 Quia
3078 4072 3315 4129 conisus
3353 4089 3414 4131 es
3450 4078 3505 4133 in

1920 4159 2023 4214 viis
2052 4159 2179 4222 tuis,
2211 4179 2231 4209 ι
2265 4160 2321 4216 id
2346 4167 2428 4214 est
2461 4159 2516 4213 in
2560 4159 2742 4225 idolis,
2790 4161 2845 4215 in
2884 4176 3114 4230 quorum
3143 4164 3359 4222 cultura
3386 4182 3510 4223 am—

1922 4249 2138 4304 bulasti.
2179 4266 2198 4299 ι
2226 4248 2285 4304 In
2337 4249 2681 4306 multitudine
2727 4249 2950 4307 fortium
2990 4262 3228 4310 tuo-rum.
3266 4275 3287 4311 ι
3316 4256 3381 4314 ιι
3416 4275 3505 4316 re-

1921 4345 2079 4416 gibus
2107 4344 2336 4412 seiiicet,
2366 4354 2530 4415 atque
2558 4346 2916 4418 principibus,
2945 4364 3052 4407 non
3082 4350 3136 4405 in
3156 4349 3270 4407 Deo
3297 4351 3509 4410 habens

1922 4435 2195 4501 fiduciam,
2224 4437 2318 4491 sed
2342 4435 2398 4490 in
2423 4437 2703 4492 exercitus
2733 4438 2946 4495 robore.

1997 4547 2015 4579 ‹
2045 4526 2350 4597 Consurget
2394 4528 2656 4584 tumultus
2685 4530 2738 4586 in
2768 4531 2964 4601 populo
2988 4540 3111 4598 tuo,
3142 4552 3169 4587 θ
3194 4534 3255 4591 id
3286 4544 3369 4592 est
3412 4552 3508 4594 so-

1924 4621 2068 4676 nitus
2095 4620 2371 4676 exereitus
2396 4619 2743 4691 Assyriorum
2785 4625 3152 4693 superveniet,
3173 4626 3375 4696 quibus
3392 4630 3507 4685 cla-

1921 4711 2196 4767 mantibus
2230 4730 2247 4763 ι
2274 4720 2332 4766 et
2356 4726 2548 4767 omnes
2576 4713 2905 4770 munitiones
2928 4724 3034 4773 tuas
3064 4719 3445 4784 "stabulum,
3477 4741 3498 4775 ι

1920 4812 1977 4859 et
2022 4820 2085 4860 ea
2136 4819 2257 4873 quae
2306 4806 2517 4862 munita
2554 4814 2612 4861 et
2652 4816 2765 4863 tuta
2812 4809 3191 4878 arbitrabaris,
3236 4816 3508 4882 patebunt

1922 4896 2191 4952 hostibus.
2221 4894 2360 4951 Hinc
2392 4896 2449 4952 in
2483 4896 2623 4953 Isaia
2659 4900 2924 4970 scriptum
2959 4911 3064 4967 est,
3098 4904 3225 4974 quia
3260 4905 3509 4962 ascendit

1924 4988 2315 5055 Sennacherib,
2338 4999 2394 5044 et
2414 4990 2564 5059 cepit
2580 5006 2773 5047 ornnes
2798 4993 3047 5051 civitates
3062 4995 3221 5052 Judaz
3242 4999 3503 5055 munitas.

1930 5100 1948 5134 ί
1984 5080 2139 5137 Sicut
2160 5089 2402 5137 vastatus
2427 5090 2515 5137 est
2546 5080 2805 5140 ‘Salmana
2832 5101 2865 5141 a
2894 5087 3067 5147 domo
3084 5087 3223 5157 ejus,
3263 5092 3354 5160 qui
3387 5091 3506 5145 vin-

1924 5174 2123 5229 dicavit
2147 5172 2285 5228 Baal
2306 5174 2360 5229 in
2394 5175 2482 5232 die
2514 5176 2705 5246 praelii,
2736 5189 2913 5235 matre
2938 5198 3102 5251 super
3132 5182 3277 5239 ﬁlios
3325 5182 3502 5252 allisa,

1922 5264 2002 5319 sic
2031 5264 2159 5321 fecit
2212 5264 2369 5321 nobis
2408 5266 2647 5323 Bethela
2693 5268 2830 5327 facie
2880 5273 3108 5327 malitiae
3160 5272 3505 5342 iniquitatem

1921 5366 2247 5413 vestrarum.
2282 5378 2300 5411 ι
2318 5358 2566 5416 Judicum
2594 5362 2819 5419 historia
2843 5364 2910 5418 ad
2931 5363 3247 5419 memoriam
3269 5367 3504 5434 ducitur,

1922 5452 2014 5506 ubi
2037 5452 2265 5522 legimus
2303 5454 2554 5523 angelum
2582 5454 2825 5511 Gedeoni
2862 5455 3199 5527 apparuisse,
3244 5458 3337 5529 qni
3371 5460 3509 5515 dixit

1930 5543 2020 5598 ei:
2051 5562 2071 5595 ι
2106 5544 2252 5600 Vade
2276 5546 2331 5601 in
2368 5545 2473 5614 hac
2491 5544 2811 5604 fortitudine
2828 5556 2947 5613 tua,
2977 5554 3034 5602 et
3058 5547 3313 5607 liberabis
3339 5550 3509 5607 Israel

1931 5638 1998 5693 de
2042 5653 2206 5693 manu
2259 5638 2493 5695 Madian.
2534 5659 2552 5691 ι
2582 5638 2743 5696 Prius
2790 5648 2969 5694 tamen
3007 5637 3259 5698 hortatus
3296 5650 3384 5698 est
3414 5643 3510 5699 de.

1933 5729 2141 5785 struere
2168 5746 2360 5787 nemus
2381 5740 2438 5787 et
2468 5747 2592 5787 aras
2612 5730 2762 5795 Baal,
2782 5745 2954 5801 quam
2980 5732 3056 5788 ob
3078 5746 3301 5791 causam
3331 5735 3512 5792 dictus

1932 5831 2017 5877 est
2038 5822 2310 5889 Jerobaal,
2348 5837 2418 5879 eo
2444 5825 2587 5894 quod
2620 5823 2732 5893 ipse
2771 5831 2925 5894 pater
2950 5824 3154 5881 dixerit
3193 5828 3240 5883 ei
3268 5846 3279 5881 :
3312 5845 3331 5879 ί
3370 5824 3511 5882 ωοὶο

1935 5928 2117 5975 scatur
2140 5934 2199 5974 se
2234 5916 2361 5972 Baal
2384 5920 2450 5973 de
2477 5933 2543 5973 eo
2564 5918 2656 5987 qni
2694 5915 2910 5973 snﬂ‘odit
2944 5934 3096 5975 aram
3134 5921 3272 5992 ejus.
3314 5939 3332 5971 ι
3364 5918 3514 5974 Abiit
