4022 6474
515 500 576 554 79
966 502 1319 558 HAYMONIS
1359 501 1839 558 HALBERSTAT.
1883 498 2100 556 EPISC.
2135 497 2286 555 OPP.
2329 498 2512 554 PARS
2550 477 2604 554 ιζ
2631 529 2702 540 -
2735 496 3090 555 COMMENT.
3128 499 3278 556 BIBL
3691 495 3767 551 80

509 626 636 680 ergo
675 611 763 666 iile
782 627 904 666 cum
923 612 1176 667 trecentis
1201 613 1352 678 viris,
1383 612 1565 669 ferens
1586 629 1771 669 secum
1797 612 2072 682 lampadas
2099 627 2153 686 Α
2185 625 2206 661 ‹
2238 610 2330 665 Sic
2356 612 2608 667 abierunt
2631 627 2662 665 a
2687 609 2824 666 facie
2861 627 3069 678 eorum,
3101 632 3119 665 ›
3157 611 3211 666 id
3258 619 3341 666 est
3371 610 3552 666 taliter
3579 626 3766 665 reces-

507 708 836 770 tagenarum,
874 711 927 755 et
965 700 1236 756 interfecit
1285 704 1582 758 exercitum
1633 703 2066 768 Madianitarem,

505 791 598 861 qui
643 790 1001 846 ascendebant
1051 808 1172 847 cum
1221 795 1472 849 omnibus
1517 809 1637 864 quae
1683 794 1974 858 habebant,
2018 801 2074 847 et

505 882 827 952 possidebat,
863 891 1028 953 atque
1070 884 1366 940 devorabat
1400 893 1596 940 cuncta
1644 899 1762 955 qua:
1801 885 1868 939 ad
1908 882 2074 938 Israel

503 979 862 1048 pertinebant.
898 978 968 1034 Et
994 988 1081 1034 est
1115 995 1343 1035 sensus:
1372 978 1524 1034 Sicut
1551 987 1794 1034 vastatus
1840 987 1924 1034 est
1957 977 2076 1032 Sal-

502 1083 679 1133 mana,
717 1069 972 1140 princeps
998 1069 1429 1135 Madianitarum,
1456 1069 1552 1140 qui
1584 1068 1901 1124 interfectus
1937 1077 2020 1122 est
2042 1084 2070 1121 a

499 1164 679 1228 domo,
709 1163 763 1217 id
789 1173 874 1218 est
913 1179 944 1218 a
989 1162 1191 1218 familia
1220 1162 1509 1228 Gedeonis,
1548 1163 1641 1231 qui
1666 1161 1979 1225 vindicavit,
2019 1161 2075 1215 id

497 1263 600 1319 est,
639 1255 916 1310 damnavit
960 1255 1108 1320 Baal,
1162 1271 1310 1309 aram
1351 1253 1466 1323 ejus
1512 1253 1838 1309 destruendo
1884 1253 1938 1308 in
1987 1251 2076 1307 die

496 1346 688 1416 praelii,
730 1355 905 1400 matre
961 1360 1124 1416 super
1171 1345 1310 1401 filios
1355 1345 1527 1412 allisa,
1587 1345 1666 1399 sic
1705 1343 1868 1397 faciet
1920 1343 2074 1398 vobis

496 1430 716 1504 Bethel,
740 1439 794 1493 in
837 1454 945 1510 qua
991 1439 1218 1494 vitulum
1266 1439 1522 1510 posuistis
1571 1454 1815 1504 aureum,
1864 1453 1896 1491 a
1939 1436 2076 1492 facie

497 1529 715 1585 malitize
740 1531 1086 1600 iniquitatum
1113 1540 1444 1596 vestrarum,
1479 1545 1579 1600 pro
1611 1529 1808 1599 quibus
1828 1528 2074 1583 hostibus

499 1621 678 1676 traditi
727 1621 990 1691 peribitis.
1021 1621 1176 1688 Quod
1206 1631 1386 1677 autem
1424 1622 1556 1677 dicit
1587 1641 1600 1676 :
1635 1640 1652 1672 ι
1689 1620 1862 1676 Matre
1913 1636 2075 1690 super

497 1711 637 1766 filios
665 1711 840 1777 allisa,
878 1732 896 1762 ι
931 1713 1000 1767 ad
1029 1713 1130 1767 hoc
1154 1713 1408 1783 pertinet,
1440 1713 1583 1782 quod
1625 1711 1815 1767 eadem
1847 1711 2074 1767 historia

497 1805 649 1869 dicit,
685 1805 809 1874 quia
850 1813 1138 1875 postquam
1173 1804 1583 1874 comprehendit
1629 1801 1843 1858 Gedeon
1900 1803 2076 1860 Zebee

496 1905 554 1952 et
578 1896 856 1962 Salmana,
880 1897 1153 1966 principes
1182 1896 1617 1960 Madianitarum,
1655 1895 1732 1948 ait
1752 1895 1856 1948 illis
1887 1911 1900 1947 :
1927 1895 2072 1961 Qua-

2177 711 2360 756 serunt
2393 703 2500 758 cito
2529 703 2598 758 ad
2623 703 2925 759 doctrinam
2955 703 3165 759 illorum
3195 704 3371 758 vocati
3403 703 3470 758 ab
3496 703 3600 767 eis,
3633 719 3764 758 ver-

2178 800 2354 848 tentes
2390 793 2470 849 eis
2516 802 2664 864 terga
2713 804 2766 849 et
2801 794 2998 849 mentis
3031 793 3308 858 duritiam,
3347 795 3562 863 quando
3605 793 3765 848 dixe-

2176 891 2304 937 runt
2353 882 2581 938 Aaron:
2625 883 2734 938 Fac
2782 883 2939 939 nobis
2969 884 3099 939 deos
3147 885 3238 954 qui
3289 899 3387 938 nos
3433 883 3761 954 prmcedant.

2177 974 2345 1047 Moysi
2371 977 2517 1030 enim
2543 975 2670 1030 huic
2699 976 2972 1032 nescimus
3009 977 3136 1046 quid
3175 977 3375 1032 factum
3423 977 3523 1040 sit,
3550 984 3604 1029 et
3631 989 3763 1044 pro-

2177 1066 2433 1120 cedentes
2459 1065 2831 1120 clamaverunt
2861 1083 2873 1118 :
2913 1084 2930 1117 ι
2959 1066 3053 1120 Isti
3091 1065 3322 1146 sunt‘dii
3346 1065 3453 1130 tui,
3481 1064 3676 1129 Israel,
3708 1070 3768 1120 et

2177 1168 2390 1214 caatera.
2417 1177 2437 1210 ι
2477 1176 2496 1208 ‹
2529 1157 2736 1212 Baalim
2765 1158 3136 1224 immolabant,
3167 1167 3222 1213 et
3259 1157 3562 1213 simulacris
3591 1157 3765 1211 sacri-

2177 1249 2431 1305 ficabant.
2463 1270 2482 1302 ›
2523 1249 2641 1306 Non
2667 1251 2812 1304 enim
2841 1250 2922 1305 eis
2957 1248 3246 1305 suffecerat
3272 1257 3530 1304 vocantes
3571 1258 3766 1304 conte-

2177 1354 2382 1405 mnere,
2426 1340 2530 1394 nisi
2571 1339 2912 1394 immolarent
2960 1339 3091 1394 Baal
3121 1348 3361 1410 tempore
3400 1338 3626 1404 Achab,
3669 1341 3766 1410 qui

2177 1431 2384 1501 accepit
2406 1430 2651 1486 idoluma
2677 1429 2935 1495 Sidoniis,
2962 1446 3027 1486 eo
3053 1429 3196 1500 quod
3221 1428 3458 1494 Iezabel,
3483 1427 3648 1482 filiam
3673 1444 3762 1483 re-

2175 1524 2257 1592 gls
2294 1520 2662 1586 Sidoniorum,
2695 1522 2928 1576 duxerit.
2973 1520 3104 1574 Baal
3139 1529 3320 1575 autem
3353 1521 3468 1590 ipse
3496 1529 3581 1574 est
3603 1519 3765 1574 Beel-

2173 1613 2395 1683 phegor.
2455 1611 2774 1667 Simulacris
2803 1612 2966 1666 etiam
3003 1611 3410 1674 sacrificabant,
3450 1626 3557 1665 non
3587 1610 3764 1664 solum

2174 1709 2230 1764 in
2257 1711 2372 1765 Dan
2400 1718 2455 1765 et
2480 1711 2534 1764 in
2557 1709 2748 1765 Betbel
2773 1708 2912 1763 idola
2936 1707 3195 1772 colentes,
3221 1707 3314 1763 sed
3339 1707 3500 1761 etiam
3531 1707 3586 1760 in
3609 1721 3766 1760 mon-

2176 1801 2320 1857 tibus
2345 1811 2399 1857 et
2427 1801 2564 1857 lucis
2595 1801 2914 1870 caeterisque
2941 1800 3078 1856 locis
3102 1800 3331 1854 amomis
3355 1801 3536 1854 varias
3567 1799 3766 1869 imagi-

2178 1909 2277 1950 nes
2303 1896 2608 1949 adorantes.
2646 1893 2722 1947 De
2751 1892 3020 1946 haereticis
3058 1891 3231 1945 facilis
3261 1889 3615 1959 intelligentia
3655 1897 3762 1952 est,

494 1988 573 2042 les
617 1986 838 2042 fuerunt
882 1988 984 2041 viri
1039 2003 1175 2058 quos
1232 1987 1508 2042 occidistis
1564 1987 1621 2040 in
1671 1987 1934 2042 Thabor?
1970 1987 2069 2042 Cui
2099 1987 2148 2046 B
2174 2001 2404 2056 quorum
2442 2000 2560 2051 rex,
2600 1985 2654 2039 id
2683 1993 2768 2039 est
2802 1983 3062 2049 diabolus,
3086 1982 3171 2038 vel
3212 1982 3434 2051 quilibet
3471 1981 3765 2036 haeresiar-

497 2077 755 2132 Salmana
812 2077 1090 2146 respondit
1122 2095 1134 2130 :
1166 2077 1382 2132 Similes
1432 2077 1509 2132 tui
1554 2077 1788 2142 fuerunt,
1823 2086 1878 2133 et
1932 2094 2070 2132 unus

493 2183 561 2223 ex
585 2147 693 2222 illis
708 2168 851 2223 sicut
872 2167 1015 2222 filius
1032 2168 1194 2239 regis.
1213 2167 1420 2235 Quibus
1433 2167 1524 2222 ille
1545 2168 1650 2222 ait:
1678 2167 1735 2222 Si
1754 2170 2073 2224 servassetis

493 2275 609 2325 eos,
638 2275 746 2315 non
767 2259 1070 2315 occiderem
1095 2275 1210 2324 vos,
1249 2268 1377 2326 etc.;
1409 2275 1687 2330 quousque
1725 2260 2068 2326 concludens,

495 2349 572 2405 ait
601 2363 617 2402 :
655 2347 811 2406 Sicut
852 2348 983 2405 fecit
1019 2351 1273 2406 mulieres
1302 2351 1419 2405 sine
1457 2351 1642 2406 liberis
1681 2352 1890 2422 gladius
1922 2363 2067 2418 tuus,

491 2440 571 2496 sic
601 2449 776 2496 mater
808 2448 903 2494 tua
928 2441 1032 2495 erit
1060 2442 1177 2496 sine
1206 2441 1410 2497 liberis.
1448 2442 1826 2512 Percussitque
1859 2456 1982 2498 eum
2016 2452 2071 2498 et

491 2528 786 2585 interfecit.
816 2530 986 2585 Allisa
1033 2541 1119 2586 est
1140 2533 1324 2602 itaque
1351 2542 1524 2588 mater
1548 2549 1709 2604 super
1749 2534 1910 2610 filios,
1943 2536 2070 2605 quia

491 2622 661 2678 nimio
687 2623 871 2678 dolore
901 2622 1180 2680 confracta
1227 2640 1295 2680 ex
1319 2635 1492 2680 morte
1515 2624 1772 2690 filiorum,
1815 2626 1901 2681 vel
1924 2636 2070 2682 certe

492 2731 616 2771 eum
645 2716 776 2787 ipsis
811 2725 894 2772 est
935 2719 1140 2789 pariter
1174 2720 1492 2791 interempta
1521 2739 1533 2775 :
1569 2723 1741 2791 potuit
1779 2723 1923 2776 enim
1955 2722 2069 2777 fieri

491 2815 551 2861 ut
596 2807 671 2862 ibi
701 2817 867 2874 esset,
905 2817 960 2863 et
1000 2827 1122 2865 cum
1158 2811 1289 2880 ipsis
1329 2812 1532 2882 pariter
1559 2812 1890 2878 allideretur,
1921 2815 2067 2884 quia,

490 2895 632 2952 sicut
657 2898 1026 2966 supradictum
1049 2909 1152 2965 est,
1174 2903 1316 2971 quod
1343 2917 1464 2957 cum
1486 2902 1739 2958 omnibus
1759 2919 1880 2974 qua:
1910 2905 2071 2961 habe-

489 2987 638 3053 bant,
665 2989 1028 3045 ascendebant
1057 2992 1123 3045 ad
1151 2999 1352 3046 terram
1381 2991 1546 3048 Israel

1099 3101 1327 3158 CAPUT
1368 3103 1457 3157 XI.

566 3187 585 3220 ι
617 3168 789 3226 Sicuti
827 3185 984 3226 mane
1015 3173 1235 3239 transit,
1266 3175 1562 3242 pertransit
1592 3190 1686 3232 rex
1712 3177 1894 3234 Israel.
1925 3199 1944 3232 ι
1983 3179 2070 3234 Di-

485 3261 660 3316 versis
685 3261 874 3332 figuris
911 3263 1144 3332 explicat
1171 3263 1417 3319 eumdem
1447 3280 1688 3332 sensum,
1719 3268 1862 3337 quod
1907 3284 2070 3338 supra

487 3351 700 3406 dixerat
724 3371 737 3406 :
774 3353 1062 3408 «Transire
1089 3354 1220 3409 fecit
1249 3355 1494 3410 Samaria
1525 3372 1707 3428 regem
1732 3375 1886 3413 suum
1913 3360 2069 3428 quasi

488 3459 734 3514 spumam
781 3461 941 3516 super
972 3447 1164 3502 faciem
1188 3464 1359 3518 aquae.
1390 3468 1409 3500 ι
1437 3449 1694 3504 Eamdem
1721 3451 1922 3506 etenim
1954 3466 2070 3506 rem

486 3536 588 3590 sub
619 3536 722 3600 alia
748 3537 902 3606 ponit
935 3537 1319 3594 similitudine:
1353 3541 1492 3595 sicut
1521 3541 1663 3595 enim
1699 3556 1860 3596 mane
1906 3542 2068 3597 adve-

487 3625 670 3680 niente
719 3627 832 3682 sole
885 3628 993 3683 cito
1033 3629 1258 3696 transit,
1306 3629 1380 3684 ita
1418 3631 1731 3700 pertransiit
1779 3647 1875 3687 rex
1903 3631 2068 3686 Israel

485 3715 644 3783 Osee,
672 3718 796 3788 quia
828 3727 1018 3788 captus
1045 3728 1130 3775 est
1163 3720 1230 3775 ab
1258 3721 1522 3777 hostibus.
1565 3721 1661 3777 Est
1700 3731 1880 3777 autem
1909 3739 2068 3779 mane

487 3821 698 3860 aurorae
726 3815 879 3862 ortus
901 3847 916 3872 ,
947 3823 977 3861 a
1026 3807 1132 3863 fine
1173 3810 1350 3864 noctis
1383 3825 1553 3879 usque
1587 3811 1655 3866 ad
1703 3820 1882 3866 ortum
1915 3813 2064 3869 solis.

490 3916 509 3947 ε
539 3896 674 3964 Quia
704 3912 840 3967 puer
864 3898 1048 3962 Israel,
1081 3910 1135 3954 et
1165 3900 1325 3954 dilexi
1364 3916 1507 3955 eum.
1539 3921 1556 3952 ι
1589 3901 1821 3973 Exponit
1865 3903 2068 3959 beneﬁ-

485 3987 570 4040 cia
613 4003 732 4058 qua:
777 3988 878 4058 ipsi
926 3988 1229 4044 contulerat
1281 3989 1444 4044 Deus.
1495 3990 1638 4046 Puer
1685 3992 1904 4064 (inquit)
1949 4003 2068 4048 erat

483 4076 671 4144 Israel,
702 4077 842 4134 idola
864 4078 1047 4134 colens
1073 4080 1128 4134 in
1157 4078 1411 4152 Egypto,
1439 4089 1495 4135 et
1523 4083 1804 4152 pueriliter
1828 4086 2065 4156 sapiens,

482 4173 538 4220 et
563 4166 729 4220 dilexi
759 4182 884 4222 eum
911 4167 969 4222 in
999 4160 1328 4237 patriarchis
1357 4178 1414 4224 et
1437 4171 1660 4242 reliquis
1687 4175 1908 4229 sanctis.
1946 4194 1964 4226 ‹
2001 4175 2068 4230 Ει

483 4273 549 4312 ex
596 4256 833 4330 Egypto
887 4260 1077 4315 vocavi
1129 4260 1300 4316 filium
1338 4278 1548 4329 meum,
1588 4284 1606 4316 ι
1663 4265 1921 4322 subaudis
1970 4283 2069 4339 per

485 4346 722 4420 Moysen.
775 4349 866 4406 Sic
902 4352 1046 4405 enim
1097 4351 1212 4421 ipse
1257 4352 1395 4408 dixit
1421 4353 1730 4409 Pharaoni:
1777 4354 1903 4411 Haec
1938 4357 2068 4414 dicit

483 4441 776 4499 Dominus:
805 4443 1229 4514 Primogenitum
1258 4461 1436 4501 meum
1474 4446 1683 4501 dimitte
1711 4455 1771 4502 ut
1799 4448 2068 4505 sacriﬁcet

483 4533 616 4589 mihi
645 4534 702 4589 in
731 4535 968 4590 deserto.
1000 4534 1067 4589 Et
1093 4534 1242 4601 alibi,
1277 4536 1675 4606 Primogenitus
1705 4552 1860 4594 meus
1879 4537 2059 4594 Israel.

482 4624 551 4679 Et
595 4625 829 4681 iterum:
873 4623 1041 4682 Filios
1088 4627 1320 4681 enutrivi
1354 4637 1411 4681 et
1452 4627 1708 4683 exaltavi.
1738 4629 1890 4696 Quod
1919 4632 1964 4686 si
1994 4633 2061 4687 ad

482 4715 777 4782 Christum,
805 4715 899 4786 qui
927 4724 1010 4772 est
1037 4714 1206 4770 Filius
1233 4715 1435 4783 Patris,
1466 4717 1570 4772 ista
1599 4716 1804 4774 referre
1831 4721 2062 4776 volueri—

482 4824 620 4874 mus,
644 4824 712 4864 ex
739 4807 977 4880 Egypto
1019 4822 1141 4863 eum
1167 4809 1398 4876 vocavit,
1423 4809 1638 4880 quando
1665 4811 1748 4880 (ut
1779 4811 2060 4868 Mattheus

481 4901 578 4974 ait)
607 4902 674 4957 ad
704 4911 1034 4973 przeceptum
1070 4901 1248 4973 angeli
1281 4917 1388 4956 una
1435 4917 1556 4957 cum
1593 4913 1767 4958 matre
1791 4905 1998 4976 virgine
2029 4922 2058 4959 a

477 4993 680 5064 Ioseph
719 4993 974 5048 reductus
1002 5002 1088 5049 est
1131 4993 1186 5046 in
1226 5002 1424 5047 terram
1460 4990 1644 5049 Israel.
1698 4993 2060 5064 Spiritualiter

479 5094 660 5141 autem
682 5085 974 5157 Egyptus,
993 5101 1113 5155 qua:
1139 5085 1373 5140 tenebras
1390 5084 1605 5151 dicitur,
1630 5086 1774 5141 hunc
1797 5089 2054 5142 mundum

477 5179 764 5248 significat.
795 5178 945 5233 Tunc
969 5193 1096 5248 ergo
1125 5177 1267 5232 Deus
1300 5177 1495 5233 Filium
1530 5195 1686 5234 suum
1725 5197 1793 5235 ex
1821 5181 2054 5252 Egypto

476 5271 723 5336 vocavit,
771 5271 984 5340 quando
1025 5284 1122 5340 per
1161 5270 1491 5326 ascensionis
1541 5271 1766 5340 gloriam
1790 5313 1805 5337 ,
1850 5271 1918 5326 ab
1951 5273 2053 5328 hoc

476 5362 679 5417 mundo
715 5362 1049 5418 sublevatum
1088 5362 1142 5416 in
1169 5361 1306 5418 caelo
1335 5361 1633 5417 collocavit.

551 5471 570 5503 ι
591 5453 932 5508 Vocaverunt
965 5468 1076 5510 eos.
1109 5473 1127 5504 ι
1161 5454 1297 5522 Quia
1338 5453 1507 5509 Israel
1554 5455 1681 5510 licet
1707 5455 2053 5526 singulariter

472 5543 705 5609 dicatur,
726 5543 1002 5614 pluraliter
1024 5543 1359 5613 intelligitur,
1389 5545 1529 5598 sicut
1549 5545 1775 5614 populus
1797 5553 1852 5599 et
1878 5545 2045 5616 plebs.

468 5633 639 5691 Recte
668 5650 700 5690 a
729 5631 1212 5707 singulari'transit
1233 5635 1301 5691 ad
1329 5635 1590 5706 pluralem
1615 5651 1629 5690 :
1663 5656 1682 5688 ι
1710 5637 2049 5692 V’ocaverunt

469 5743 584 5795 eos,
616 5721 779 5785 idest
804 5727 1017 5785 Judmos
1039 5742 1252 5793 omnes,
1282 5727 1512 5798 Moyses,
1538 5737 1594 5784 et
1620 5729 1821 5795 Aaron,
1851 5737 1906 5784 et
1937 5745 2044 5785 cae-

466 5823 592 5886 teri.
621 5833 682 5878 ut
707 5832 1063 5894 sequerentur
1103 5838 1197 5878 eos
1231 5823 1571 5894 egredientes
1607 5824 1672 5879 de
1708 5833 1852 5878 terra
1881 5825 2044 5897 Egy-

465 5915 566 5987 pti,
597 5925 652 5974 et
693 5924 754 5971 ut
799 5916 893 5972 Dei
938 5914 1228 5982 implerent
1263 5913 1557 5982 iussionem
1590 5924 1643 5971 et
1691 5915 2040 5974 voluntatem.

2175 2077 2340 2143 ches,
2399 2075 2571 2130 instar
2631 2074 2849 2129 diluculi
2887 2074 3132 2128 transiet.
3201 2071 3346 2138 Quos
3401 2071 3455 2125 in
3510 2069 3762 2135 infantia,

2175 2167 2392 2238 quando
2436 2165 2783 2219 crediderunt
2820 2173 2876 2218 et
2920 2172 3077 2217 erant
3125 2161 3372 2233 parvuli,
3419 2169 3581 2230 atque
3607 2160 3766 2216 Chri-

2174 2260 2350 2315 stiano
2386 2257 2604 2312 nomine
2635 2257 3013 2322 censebantur,
3045 2255 3234 2309 dilexit
3274 2255 3436 2319 Deus,
3469 2262 3522 2308 et
3553 2254 3767 2308 vocavit

2174 2367 2269 2407 eos
2295 2351 2360 2406 de
2387 2349 2736 2404 tribulatione
2782 2357 2836 2403 et
2867 2348 3105 2404 tenebris
3135 2347 3375 2419 Egypti.
3406 2346 3632 2402 Vocavit
3664 2361 3765 2402 au-

2175 2453 2282 2498 tem
2311 2441 2582 2512 apostolos
2607 2449 2666 2495 et
2688 2441 2936 2496 doctores
2970 2440 3248 2506 Ecclesiae,
3282 2455 3313 2493 a
3339 2440 3534 2510 quibus
3559 2440 3763 2505 vocati,

2172 2540 2522 2587 recesserunt
2548 2545 2579 2584 a
2611 2528 2753 2585 facie
2779 2545 2990 2594 eorum,
3019 2538 3075 2584 et
3107 2530 3469 2584 adoraverunt
3501 2529 3765 2599 Beelphe-

2171 2635 2286 2691 gor,
2320 2621 2423 2674 hoc
2451 2626 2534 2674 est
2561 2618 2672 2673 suis
2696 2617 2846 2674 vitiis
2873 2627 2929 2673 et
2972 2617 3180 2673 libidini
3210 2619 3538 2684 servientes,
3569 2619 3767 2672 immo-

2172 2709 2359 2764 labant
2404 2707 2710 2764 simulacris
2737 2723 2858 2778 qua:
2909 2708 3011 2763 sibi
3049 2708 3338 2763 tinxerant.
3374 2707 3584 2778 Singuli
3617 2709 3764 2763 enim

2173 2800 2549 2856 hzereticorum
2587 2799 2862 2854 habebant
2907 2800 3038 2856 deos
3095 2816 3220 2856 suos
3245 2842 3258 2866 ,
3299 2810 3354 2857 et
3400 2803 3766 2873 quodcunque

2173 2890 2565 2957 simulaverint,
2597 2891 2752 2960 quasi
2779 2891 3024 2960 sculptile
3051 2893 3236 2948 colunt
3263 2901 3318 2948 et
3345 2893 3630 2949 conflatile.

2248 3002 2267 3035 ί
2299 2985 2368 3038 Ει
2413 2999 2515 3056 ego
2557 2984 2713 3054 quasi
2760 2984 3016 3040 nutritius
3061 2985 3336 3056 Ephraim.
3368 3006 3387 3039 ι
3419 2986 3616 3041 Narrat
3653 3004 3762 3059 quo

2173 3092 2355 3132 amore
2398 3077 2563 3132 Israel
2593 3077 2848 3132 dilexerit
2881 3078 3124 3132 vocando
3165 3094 3234 3133 ex
3263 3078 3518 3150 Egypto,
3561 3094 3760 3134 secun-

2172 3167 2300 3222 dum
2329 3166 2462 3222 illud
2505 3167 2910 3222 Deuteronomii
2942 3185 2955 3219 :
2979 3167 3222 3223 Portavit
3252 3178 3304 3223 te
3331 3168 3587 3223 Dominus
3612 3168 3760 3224 Deus

2174 3271 2316 3328 tuus,
2359 3269 2419 3315 ut
2467 3261 2603 3316 solet
2648 3263 2810 3317 homo
2844 3271 3056 3332 gestare
3106 3264 3388 3333 parvulum
3423 3263 3616 3330 tilium,
3639 3273 3754 3320 etc.

2096 3342 2141 3406 C
2178 3373 2196 3406 ‹
2222 3353 2512 3408 Portabam
2540 3367 2634 3408 eos
2679 3354 2734 3408 in
2763 3354 3002 3410 brachiis
3052 3355 3208 3420 meis,
3238 3376 3257 3409 ι
3292 3356 3346 3410 id
3376 3363 3457 3410 est
3493 3355 3550 3410 in
3596 3355 3758 3411 forti-

2173 3446 2356 3501 tudine
2378 3460 2516 3501 mea.
2543 3445 2670 3502 Acsi
2697 3447 2904 3502 diceret
2934 3462 2948 3500 :
2989 3447 3101 3519 Ego
3133 3449 3224 3518 qui
3279 3464 3427 3504 eram
3455 3458 3630 3519 pater,
3671 3449 3758 3505 fa-

2171 3551 2291 3596 ctus
2322 3556 2442 3596 sum
2473 3540 2748 3606 nutritius,
2775 3550 2830 3594 et
2856 3540 3137 3611 parvulum
3166 3557 3346 3597 meum
3375 3542 3430 3597 in
3459 3541 3600 3597 ulnis
3625 3542 3760 3598 meis

2170 3631 2286 3702 ipse
2309 3633 2614 3703 portabam,
2640 3648 2709 3687 ne
2738 3632 3028 3688 laederetur
3055 3634 3110 3689 in
3137 3634 3446 3699 solitudine,
3472 3643 3528 3688 et
3565 3649 3632 3688 ne
3667 3632 3753 3688 vcl

2169 3731 2302 3778 aastu
2332 3723 2386 3777 in
2413 3723 2520 3790 die,
2546 3722 2633 3778 vel
2658 3724 2896 3779 tenebris
2927 3734 3224 3781 terreretur
3250 3725 3306 3779 in
3334 3735 3493 3781 nocte
3525 3744 3538 3778 :
3577 3725 3632 3779 in
3671 3725 3758 3779 die

2169 3831 2317 3870 cram
2346 3815 2538 3880 nubes,
2564 3814 2619 3868 in
2644 3823 2805 3871 nocte
2831 3815 3081 3872 columna
3106 3815 3263 3886 ignis.
3300 3835 3319 3866 ‹
3351 3815 3420 3870 Ει
3441 3816 3756 3872 nescierunt

2168 3909 2313 3978 quod
2341 3923 2587 3964 curarem
2607 3923 2726 3975 eos,
2754 3929 2772 3962 ι
2813 3911 2867 3965 id
2893 3917 2976 3965 est
3002 3925 3123 3966 cum
3149 3920 3488 3981 peccassent,
3519 3919 3575 3965 et
3598 3909 3756 3966 fecis-

2169 4009 2290 4054 sent
2317 3999 2418 4054 sibi
2448 4009 2611 4068 caput
2651 3999 2823 4067 vituli,
2857 4001 2978 4056 dedi
3009 4001 3088 4056 eis
3115 4001 3294 4056 locum
3320 4003 3672 4072 paenitentiae,
3702 4011 3755 4069 et

2168 4091 2554 4162 ignoraverunt
2574 4092 2716 4160 quod
2740 4107 2934 4146 curare
2961 4107 3055 4147 eos
3073 4092 3286 4158 vellem,
3310 4094 3361 4147 id
3386 4102 3471 4148 est
3494 4094 3755 4148 mundare

2167 4180 2234 4235 ab
2270 4178 2426 4234 idolis
2459 4180 2589 4235 suis.
2626 4198 2644 4231 ε
2671 4181 2729 4236 In
2759 4179 3013 4237 funiculis
3040 4183 3215 4238 Adam
3247 4184 3460 4238 traham
3504 4198 3619 4249 eos,
3650 4205 3668 4238 ι
3702 4183 3754 4239 id

2165 4278 2251 4325 est
2286 4270 2343 4325 iu
2374 4269 2568 4326 affectu
2596 4271 2902 4329 dilectionis
2929 4289 3036 4345 quo
3059 4274 3228 4330 Adam
3251 4275 3416 4330 dilexi
3445 4295 3458 4330 :
3487 4277 3613 4346 quia
3643 4277 3752 4332 sic-

2165 4368 2226 4415 ut
2253 4373 2376 4416 eum
2405 4372 2652 4418 sanctum
2692 4363 2826 4430 feci,
2872 4365 2946 4420 ita
2983 4374 3038 4421 et
3080 4365 3200 4422 illos
3233 4365 3578 4422 sanctificare
3605 4366 3751 4422 volui

2165 4463 2222 4507 et
2252 4453 2482 4509 mundos
2507 4453 2748 4511 reddere.
2783 4454 2938 4511 Unde
2983 4464 3036 4511 et
3063 4457 3348 4512 subditur:
3391 4474 3410 4508 ‹
3441 4456 3494 4510 in
3521 4456 3753 4512 vinculis

2165 4545 2468 4612 charitatis,
2499 4565 2518 4598 ι
2574 4546 2628 4602 id
2673 4555 2758 4603 est
2803 4547 2859 4602 in
2905 4563 3118 4604 summo
3181 4547 3376 4604 affectu
3419 4547 3750 4604 dilectionis.

2171 4638 2321 4694 Unde
2357 4647 2414 4695 et
2455 4639 2510 4694 in
2555 4640 2660 4696 alia
2703 4641 3056 4698 translatione
3095 4643 3326 4698 habetur
3355 4661 3368 4696 ε
3393 4642 3453 4698 In
3497 4641 3753 4698 funiculis

2166 4731 2442 4786 hominum
2485 4733 2697 4787 traham
2739 4749 2851 4788 eos.
2887 4733 2955 4788 Et
2983 4742 3068 4790 est
3097 4749 3291 4790 sensus
3325 4751 3340 4788 :
3374 4749 3439 4791 ea
3484 4734 3752 4789 cbaritate

2165 4843 2272 4896 qua
2295 4827 2456 4882 dilexi
2487 4835 2542 4880 et
2571 4827 2798 4882 astrinxi
2837 4828 2969 4883 mihi
2994 4829 3290 4894 Abraham,
3323 4828 3474 4884 Isaac
3505 4836 3560 4882 ct
3587 4840 3750 4884 caete-

2164 4931 2253 4972 ros
2289 4924 2528 4981 sanctos,
2555 4915 2874 4989 coniungam
2919 4919 3050 4974 mihi
3095 4929 3150 4975 et
3196 4921 3348 4975 istos.
3388 4939 3406 4970 ι
3435 4919 3503 4973 Ει
3529 4933 3624 4974 ero
3666 4919 3748 4974 eis

2160 5010 2314 5079 quasi
2336 5009 2581 5066 exaltans
2603 5010 2790 5082 jugum
2821 5029 2982 5083 super
3006 5013 3253 5068 maxillas
3280 5028 3490 5079 eorum,
3521 5032 3540 5063 ι
3582 5012 3635 5066 id
3663 5021 3747 5067 est

2159 5099 2401 5155 auferam
2436 5102 2505 5157 ab
2532 5102 2612 5158 eis
2641 5101 2827 5174 jugum
2857 5104 3012 5176 legis,
3047 5113 3106 5159 ut
3145 5121 3252 5160 non
3284 5113 3510 5176 pereant
3552 5117 3746 5158 secun-

2160 5194 2286 5249 dum
2312 5195 2692 5265 gravissimum
2715 5199 2924 5266 pondus
2959 5197 3093 5268 ejus,
3127 5215 3236 5270 quo
3265 5199 3341 5255 ait
3365 5217 3382 5255 :
3417 5219 3436 5250 ι
3463 5197 3563 5265 Qui
3592 5197 3741 5255 feoee

2161 5284 2232 5339 rit
2268 5284 2493 5350 idolum,
2524 5294 2579 5341 et
2613 5287 2704 5356 qui
2755 5287 3115 5344 immolaverit
3145 5289 3378 5356 Moloch,
3422 5297 3596 5344 morte
3626 5304 3745 5344 mo-

2159 5374 2350 5428 riatur.
2385 5395 2402 5428 ›
2439 5375 2574 5442 Quia
2600 5377 2742 5430 enim
2773 5378 3198 5434 misericordiam
3224 5379 3403 5447 potius
3426 5392 3588 5448 quam
3615 5378 3739 5432 vin-

2157 5463 2356 5518 dictam
2385 5465 2524 5531 volo,
2545 5465 2733 5537 jugum
2767 5465 2900 5540 legis
2924 5470 3234 5536 sublevabo,
3258 5487 3328 5526 ne
3347 5469 3571 5541 ponderi
3595 5469 3741 5523 illius

2159 5557 2544 5622 succumbant,
2572 5557 2659 5612 vel
2689 5559 2879 5630 jugum
2909 5561 3239 5632 captivitatis
3273 5571 3329 5616 et
3355 5560 3740 5618 dominationis

2155 5656 2474 5703 cunctarum
2502 5663 2601 5720 per
2627 5649 2911 5706 circuitum
2949 5651 3228 5708 nationum
3257 5653 3502 5709 auferam
3529 5653 3600 5708 ab
3632 5653 3734 5709 eis.

2160 5758 2179 5789 ι
2213 5739 2281 5793 Ει
2306 5740 2564 5796 declinavi
2587 5741 2656 5796 ad
2704 5756 2829 5799 eum
2856 5752 2917 5798 ut
2943 5755 3269 5812 vesceretur,
3301 5764 3321 5799 ι
3341 5745 3408 5802 id
3430 5753 3515 5802 est
3536 5745 3659 5802 dedi
3682 5745 3734 5801 ei

2152 5846 2333 5886 escam
2377 5847 2572 5897 manna
2612 5833 2668 5888 in
2695 5835 2914 5891 deserto
2937 5845 2997 5892 ut
3021 5845 3353 5908 pasceretur.
3387 5835 3542 5904 Quod
3584 5835 3732 5892 enim

2153 5921 2416 5978 declinavi
2464 5924 2531 5980 ad
2559 5941 2703 5994 eum,
2736 5926 2810 5982 ita
2851 5936 2936 5985 est
2973 5929 3377 6004 intelligendum
3418 5930 3732 5988 tdeclinarc
