4022 6458
270 466 339 528 ει·
756 505 763 513 .
1295 465 1696 522 ENARRATIO
1731 465 1801 522 IN
1835 465 2012 525 OSEE
2050 473 2493 534 PROPHETAM.
3463 470 3531 527 εξ

271 587 369 642 feci
393 585 463 640 ad
488 599 611 640 eum
631 583 803 639 cibos.
827 583 1120 637 Possumus
1141 590 1198 637 et
1222 583 1338 636 hazc
1365 582 1531 636 verba
1560 581 1630 636 ad
1654 581 1852 637 adven-
1877 583 1931 644 Α
1955 593 2011 638 et
2043 586 2259 644 Seboim
2280 631 2295 657 ,
2337 599 2393 646 et
2434 591 2671 662 reliquas
2714 595 2962 650 civitates
3005 591 3384 646 Sodomorum,
3420 586 3528 643 Νο-

272 687 382 733 tum
436 675 729 732 Dominicae
811 673 1201 729 incarnationis
1267 671 1494 728 referre.
1574 672 1856 750 Intantum‘

271 769 486 844 (inquit)
531 769 693 825 dilexi
723 783 833 831 eos,
880 776 937 822 et
985 775 1093 821 tam
1137 766 1376 821 clemens
1414 773 1600 836 pastor
1651 764 1748 830 fui,
1788 772 1849 819 ut

273 861 564 919 morbidam
595 875 751 915 ovem
787 858 1026 914 humeris
1071 858 1207 912 meis
1254 857 1366 928 ipse
1406 865 1698 928 portarem.
1742 857 1848 927 Ipsi

271 968 395 1010 vero
423 954 809 1024 ignoraverunt
838 951 981 1021 quod
1007 965 1128 1004 mea
1150 949 1270 1005 illos
1297 951 1547 1019 passione
1573 966 1842 1018 curarem,

271 1055 321 1101 et
345 1047 472 1114 quia
499 1051 712 1098 amator
731 1058 849 1097 sum
878 1041 1178 1105 hominum,
1207 1042 1474 1097 traherem
1503 1043 1618 1098 illos
1644 1045 1708 1100 ad
1731 1060 1851 1100 cre-

273 1135 498 1191 dendum
527 1133 757 1189 vinculis
787 1133 1088 1199 charitatis,
1111 1131 1264 1200 juxta
1295 1134 1421 1189 illud
1456 1151 1470 1188 :
1508 1133 1678 1190 Nemo
1705 1137 1851 1193 venit

272 1227 333 1282 ad
377 1226 595 1282 Patrem
641 1227 744 1282 nisi
791 1241 890 1298 per
939 1242 1040 1281 me.
1100 1226 1168 1282 Et
1214 1227 1462 1284 arbitrati
1499 1239 1627 1285 sunt
1662 1229 1850 1302 jugum

273 1336 446 1376 meum
483 1321 602 1375 leve
657 1335 777 1375 esse
806 1319 1205 1389 gravissimum,
1253 1329 1308 1375 et
1336 1322 1600 1377 declinavi
1652 1325 1716 1379 ad
1759 1339 1852 1380 cos

272 1413 524 1468 deserens
585 1428 751 1483 regna
815 1411 1075 1466 ccelorum
1100 1455 1114 1480 ,
1176 1421 1238 1466 ut
1290 1427 1415 1468 cum
1472 1409 1551 1469 ets
1607 1401 1853 1471 versarer

273 1514 544 1576 assumpta
583 1504 759 1560 forma
805 1504 1074 1570 hominis;
1113 1505 1342 1577 dedique
1391 1507 1471 1563 eis
1509 1507 1690 1563 cibum
1728 1525 1852 1565 cor-

271 1601 412 1670 poris
435 1599 558 1654 mei.

343 1711 361 1743 (
400 1689 518 1745 Non
564 1697 870 1746 revertetur
920 1689 975 1745 in
1027 1698 1229 1746 terram
1275 1691 1513 1764 Egypti.
1544 1712 1564 1745 ι
1617 1693 1854 1766 Populus

271 1783 432 1841 Israel
462 1783 562 1839 sub
593 1783 882 1848 Manahen,
904 1797 1030 1851 rege
1061 1783 1249 1838 decem
1277 1784 1537 1850 tribuum,
1565 1778 1752 1840 voluit
1772 1786 1854 1841 fu-

272 1892 397 1953 gere
420 1877 476 1930 in
497 1874 789 1946 Egyptum
817 1889 848 1928 a
872 1873 1009 1928 facie
1032 1872 1403 1931 Sennacherib
1424 1876 1683 1931 auxilium
1707 1877 1857 1950 flagi-

1959 681 2176 737 tandum
2209 687 2352 754 quod
2377 684 2474 740 ubi
2496 694 2686 740 contra
2715 688 2848 743 duas
2874 687 3049 742 tribus
3069 683 3328 741 Dominus
3355 680 3534 751 loqui-

1954 781 2043 828 tur
2069 791 2167 844 per
2195 780 2514 849 prophetas,
2542 793 2650 834 non
2679 780 2886 836 Adama
2915 780 3134 850 ponitur
3176 787 3234 834 et
3271 774 3490 832 Seboim
3514 816 3531 841 ,
3579 792 3590 805 ·

1953 867 2050 920 sed
2081 866 2320 924 Sodoma
2366 879 2421 925 et
2460 868 2782 925 Gomorrha.
2833 871 2987 927 Unde
3017 873 3073 926 in
3104 870 3241 926 Isaia
3268 869 3532 940 legimus,

1960 977 1978 1009 ι
2011 959 2207 1016 Audite
2248 965 2472 1017 verbum
2518 962 3069 1032 Domini,vprincipes
3118 962 3476 1017 Sodomorum
3517 977 3531 1013 :

1952 1051 2214 1122 percipite
2241 1052 2413 1123 legem
2441 1051 2656 1108 Domini
2688 1052 2785 1107 Dei
2830 1053 3020 1115 nostri,
3047 1052 3275 1122 populus
3302 1049 3537 1106 Gomor-

1953 1139 2086 1194 rhae.
2120 1161 2136 1192 ι
2171 1141 2235 1196 Et
2276 1142 2535 1197 Dominus
2564 1144 2618 1198 in
2648 1142 2937 1214 Evangelia
2978 1142 3255 1211 discipulis
3278 1182 3292 1208 ,
3325 1162 3344 1194 ι
3380 1141 3538 1196 Tole-

1954 1229 2181 1285 rabilius
2228 1232 2334 1286 erit
2375 1231 2623 1287 Sodoma:
2661 1243 2717 1288 et
2767 1232 3082 1287 Gomorrha:
3120 1247 3282 1300 quam
3329 1230 3539 1285 civitati

1955 1333 2075 1388 quae
2106 1336 2211 1376 non
2241 1324 2508 1393 receperit
2534 1339 2650 1378 vos.
2679 1344 2698 1376 ι
2726 1323 2794 1378 Et
2818 1324 2886 1378 ad
2911 1323 3211 1378 Jerusalem
3244 1321 3534 1378 Ezechiel:

1963 1427 1982 1462 ι
2009 1409 2313 1466 Justiﬁcata
2343 1422 2425 1469 est
2455 1413 2690 1469 Sodoma
2729 1429 2795 1468 ex
2836 1423 2908 1470 te.
2938 1432 2956 1466 ›
2986 1412 3213 1480 Quando
3241 1420 3423 1466 autem
3451 1410 3542 1468 de—

1955 1515 2074 1557 cem
2115 1489 2364 1573 loquitur
2418 1505 2697 1572 tribubus,
2755 1520 2863 1560 non
2916 1505 3150 1561 Sodoma
3202 1511 3258 1558 et
3306 1501 3537 1558 Gomor-

1955 1597 2088 1663 rha,
2134 1598 2227 1652 sed
2269 1606 2479 1653 caetera:
2519 1606 2796 1668 ponuntur
2840 1598 3088 1653 civitates
3131 1596 3205 1651 illi
3254 1593 3539 1664 subjectae,

1954 1698 2179 1759 pr0pter
2210 1690 2313 1744 hoc
2340 1690 2622 1756 videlicet,
2660 1691 2786 1761 quia
2815 1691 2942 1746 licet
2974 1691 3159 1746 decem
3190 1687 3427 1760 majores
3456 1701 3544 1741 es.~

1956 1786 2078 1833 sent
2125 1795 2390 1847 numero,
2439 1781 2835 1850 praeminebant
2884 1790 3064 1836 tamen
3113 1781 3231 1834 duae
3275 1779 3542 1848 dignitate

1957 1870 2191 1939 quadam
2222 1871 2408 1941 templi
2439 1881 2495 1927 et
2525 1871 2833 1927 sacerdotii.
2883 1871 3116 1942 Ideoque
3159 1869 3376 1938 gravius
3419 1882 3545 1938 pec-

275 1977 412 2022 tans.
462 1965 664 2021 Contra
706 1979 868 2035 quem
921 1965 1009 2020 hic
1046 1964 1596 2034 loquitur‘Dominus,
1623 1967 1809 2024 dicens
1840 1984 1855 2024 :
1885 1957 2222 2019 Bcaverunt
2273 1977 2436 2030 quam
2487 1962 2673 2018 decem
2703 2004 2717 2028 ,
2773 1977 2891 2032 quae
2941 1963 3028 2017 his
3082 1961 3332 2016 omnibus
3391 1972 3547 2014 care-

279 2077 299 2112 ι
327 2057 443 2114 Non
467 2065 761 2112 revertetur
796 2055 1012 2129 (inquit)
1037 2057 1092 2111 in
1125 2065 1326 2112 terram
1351 2057 1589 2131 Egypti,
1625 2079 1645 2113 ι
1671 2069 1728 2115 ut
1755 2063 1856 2117 sci-

275 2153 400 2207 licet
436 2151 667 2207 habeant
712 2166 895 2223 regem
939 2151 1279 2208 Pharaonem
1317 2173 1330 2207 ε
1370 2173 1388 2206 ‹
1418 2155 1513 2210 sed
1534 2155 1707 2212 Assur
1745 2159 1859 2227 ipse

274 2259 365 2300 rex
393 2242 510 2312 ejus
537 2250 640 2310 est,
669 2263 689 2297 ι
731 2244 788 2299 id
826 2252 910 2299 est
962 2242 1354 2312 Sennacherib,
1381 2263 1446 2303 ac
1503 2249 1730 2319 posthac
1755 2252 1861 2306 erit

271 2348 366 2388 rex
391 2331 546 2403 ejus,
584 2334 712 2403 quia
745 2342 936 2406 captus
984 2335 1040 2390 in
1089 2337 1460 2407 captivitatem
1506 2339 1756 2408 ducetur,
1804 2354 1860 2400 et

271 2425 636 2481 dominabitur
666 2425 812 2481 illius
845 2424 970 2495 jure
999 2426 1242 2484 victoris.
1290 2428 1470 2497 Quare
1507 2442 1691 2489 autem
1733 2436 1859 2491 talia

269 2517 564 2587 patiantur,
594 2517 838 2588 aperitur
864 2533 989 2573 cum
1019 2519 1268 2576 subditur
1294 2540 1308 2576 :
1343 2542 1362 2575 ‹
1390 2527 1643 2594 quoniam
1668 2528 1858 2584 nolue-

270 2616 395 2662 runt
443 2609 688 2663 converti
717 2628 736 2660 ›
768 2623 865 2680 per
884 2610 1284 2679 paenitentiam,
1311 2614 1503 2672 conﬁsi
1539 2616 1596 2671 in
1641 2619 1860 2675 homine

269 2704 614 2774 potiusquam
642 2704 696 2758 in
725 2703 854 2760 Deo.

343 2816 362 2849 ι
391 2797 570 2869 Coepit
593 2796 814 2869 gladius
843 2798 899 2854 in
938 2799 1248 2857 civitatibus
1289 2801 1436 2871 ejus,
1485 2812 1539 2858 et
1578 2817 1862 2864 consumet

269 2890 476 2946 electos
501 2904 638 2960 ejus.
673 2911 691 2943 ι
718 2889 855 2946 Vide
881 2900 1141 2961 quantum
1171 2893 1381 2964 pondus
1417 2897 1779 2966 miseriarum,
1802 2909 1864 2955 ut

269 2999 372 3039 non
403 2985 546 3055 agri,
581 2983 668 3038 vel
686 2985 1086 3054 possessiones,
1127 3002 1191 3041 ac
1232 3003 1360 3043 rura
1403 2998 1720 3056 vastentur,
1768 2993 1864 3047 sed

268 3077 483 3132 medias
510 3076 760 3131 civitates
797 3077 985 3134 hostis.
1007 3077 1262 3133 introeat.
1299 3079 1477 3150 Coepit
1507 3080 1725 3152 (inquit)
1752 3083 1866 3153 gla-

268 3169 389 3224 dius
443 3169 499 3222 in
547 3168 860 3224 civitatibus
889 3168 1043 3238 ejus,
1089 3171 1346 3227 subaudis
1396 3171 1725 3237 interficere,
1763 3193 1782 3224 ‹
1810 3183 1868 3232 et

265 3267 556 3315 consumet
603 3258 804 3315 electos
847 3258 983 3328 citis,
1013 3279 1031 3312 ι
1066 3262 1340 3333 principes
1371 3264 1642 3332 videlicet,
1668 3281 1732 3321 ac
1772 3281 1865 3321 ro-

264 3350 542 3407 bustiores
561 3353 835 3408 exercitus
855 3352 995 3422 ejus,
1019 3372 1039 3405 ‹
1071 3363 1126 3409 et
1147 3356 1395 3411 comedet
1417 3358 1594 3428 capita
1614 3374 1821 3414 eorum.
1835 3379 1854 3414 ›

266 3441 426 3510 Quod
461 3443 607 3514 ipsos
638 3442 907 3514 significat
937 3444 1230 3516 principes,
1263 3447 1357 3518 qui
1379 3446 1503 3517 jure
1531 3449 1727 3519 capitis
1759 3466 1864 3507 ca-

266 3543 418 3592 teros
447 3544 664 3608 regunt.

346 3645 366 3679 ι
401 3626 471 3682 Et
509 3626 738 3697 populus
764 3643 919 3684 meus
953 3630 1209 3700 pendebit
1248 3632 1317 3687 ad
1347 3634 1578 3690 reditum
1607 3651 1807 3705 meum,
1837 3658 1857 3692 ι

265 3718 324 3774 id
364 3725 469 3780 est,
501 3734 630 3774 cum
667 3719 885 3791 tempus
919 3723 1128 3776 venerit
1170 3724 1520 3794 captivitatis,
1569 3736 1623 3783 et
1656 3728 1867 3800 gladius

265 3808 684 3884 consumpserit
720 3827 908 3869 omnes
953 3814 1244 3871 bellatores
1293 3818 1436 3874 illius
1459 3861 1473 3887 ,
1520 3836 1622 3875 nec
1668 3823 1868 3891 poterit

268 3902 495 3972 aliquod
526 3903 770 3958 invenire
795 3905 1128 3975 praesndium,
1163 3916 1288 3962 tunc
1317 3908 1468 3978 plebs
1492 3925 1611 3965 mea
1641 3912 1866 3968 misera-

266 3993 403 4048 bilis
429 4009 553 4049 sero
580 3995 960 4063 paenitentiam
982 4006 1126 4066 aget,
1157 3997 1404 4054 hostibus
1431 4008 1627 4056 cuncta
1648 4010 1866 4057 vastan-

270 4086 428 4139 tibus
463 4085 720 4154 pendebit
761 4086 828 4139 ad
860 4102 1039 4141 meum
1081 4090 1334 4156 reditum,
1369 4102 1424 4147 et
1452 4095 1765 4163 suspirabit,
1806 4113 1870 4152 ac

270 4173 528 4230 converti
568 4174 837 4243 captauit;
881 4175 974 4230 sed
1005 4190 1112 4231 non
1157 4181 1411 4248 proderit,
1443 4185 1566 4252 quia
1597 4185 1868 4254 quondam

269 4262 385 4319 fuit
408 4262 840 4335 populus«meus,
872 4280 1019 4322 nunc
1047 4275 1229 4322 autem
1257 4284 1383 4324 non.
1422 4290 1441 4323 ι
1468 4271 1661 4343 Iugum
1691 4285 1872 4332 autem

271 4358 589 4429 imponetur
647 4357 696 4412 ei
741 4357 934 4425 simul,
981 4361 1126 4429 quod
1176 4375 1285 4416 non
1335 4362 1680 4419 auferetur.»
1735 4366 1871 4434 Quia

272 4448 666 4520 usque-hodie
714 4449 891 4505 adhuc
937 4451 1081 4506 servi
1128 4463 1450 4521 permanent
1496 4455 1553 4509 in
1602 4459 1874 4514 montibus

270 4541 572 4596 Persarum
603 4547 661 4594 et
698 4538 995 4594 Medorum.
1044 4539 1234 4596 Potest
1279 4541 1381 4598 hoc
1428 4553 1482 4598 et
1516 4546 1584 4600 ad
1628 4556 1898 4618 tempora'

1963 2054 2126 2121 bant,
2156 2063 2211 2110 et
2239 2055 2459 2126 insuper
2488 2056 2556 2112 ab
2597 2054 2897 2112 Jerusalem
2937 2055 3094 2128 longe
3133 2063 3290 2110 erant
3329 2051 3544 2108 remoti.

1965 2143 2229 2202 Similiter
2257 2144 2492 2201 Sodoma
2521 2155 2578 2201 et
2604 2147 2910 2203 Gomorrha
2955 2146 3192 2216 majores
3234 2145 3454 2201 fuerunt
3493 2145 3550 2199 in

1963 2235 2195 2300 scelere,
2227 2236 2354 2305 quia
2383 2237 2622 2307 nequitia
2652 2237 2848 2292 horum
2878 2237 3088 2293 caeteris
3119 2235 3548 2306 principabatur.

1965 2326 2232 2396 Subjectae
2266 2343 2480 2399 quoque
2515 2337 2714 2384 secutae
2745 2337 2902 2395 sunt,
2936 2330 3164 2399 ideoque
3198 2328 3418 2398 gravius
3445 2327 3554 2382 erit

1962 2418 2088 2474 illis.
2134 2417 2398 2474 Similiter
2437 2420 2655 2490 gravius
2694 2419 2799 2474 erit
2863 2419 3071 2474 duabus
3125 2417 3400 2484 tribubus,
3432 2431 3552 2486 qua:

1963 2509 2127 2564 etiam
2155 2508 2213 2563 in
2242 2489 2457 2578 templo,
2471 2508 2689 2563 Domini
2719 2489 3005 2563 coluerunt
3044 2506 3184 2562 idola
3205 2547 3220 2573 ,
3251 2520 3415 2576 quam
3454 2505 3552 2560 de-

1964 2616 2103 2657 cem.
2157 2599 2359 2656 Servus
2399 2600 2546 2656 enim
2589 2601 2683 2671 qui
2724 2600 2828 2656 scit
2866 2599 3199 2655 voluntatem
3249 2597 3454 2654 domini
3498 2605 3556 2653 et

1964 2710 2073 2750 non
2101 2693 2261 2760 facit,
2294 2693 2468 2765 plagis
2508 2693 2784 2765 vapulabit
2818 2692 3024 2749 multis.
3073 2691 3228 2748 Unde
3264 2689 3551 2747 ecclesias-

1963 2786 2056 2840 tici
2086 2785 2222 2852 viri,
2254 2785 2301 2840 si
2344 2785 2538 2840 iisdem
2583 2787 2779 2856 quibus
2824 2793 2880 2840 et
2922 2784 3166 2840 haeretici
3205 2783 3556 2839 continentur

1965 2877 2279 2944 sceleribus,
2304 2892 2648 2949 nequaquam
2670 2879 2892 2933 Adama:
2918 2885 2973 2931 et
2998 2874 3246 2942 Seboim;
3271 2891 3392 2946 qua:
3420 2875 3558 2934 infe-

1966 2973 2138 3027 riores
2165 2979 2324 3037 sunt,
2357 2973 2451 3027 sed
2481 2971 2730 3027 Sodomae
2761 2980 2818 3027 et
2846 2970 3196 3036 Gomorrhat,
3229 2985 3349 3040 qua:
3377 2970 3552 3042 majoo

1968 3079 2088 3117 rum
2115 3063 2406 3119 criminum
2433 3073 2562 3118 sunt
2580 3104 2596 3130 ,
2619 3064 2952 3120 cruciatibus
2979 3064 3355 3134 subjacebunt.
3379 3083 3397 3116 ι
3417 3062 3560 3119 Con.

1967 3169 2189 3209 versum
2216 3163 2300 3210 est
2330 3155 2386 3208 in
2419 3170 2508 3209 me
2535 3170 2630 3208 cor
2652 3171 2833 3209 meum
2863 3155 3097 3224 pariter,
3124 3156 3446 3209 conturbata
3475 3163 3560 3210 est

1968 3243 2250 3314 poenitudo
2293 3257 2438 3309 mea,
2471 3262 2489 3294 ι
2522 3243 2576 3298 id
2605 3250 2689 3298 est
2717 3250 3018 3297 monstrata
3047 3249 3130 3296 est
3158 3257 3280 3296 mea
3307 3242 3560 3298 voluntas

1967 3345 2196 3409 paterno
2238 3336 2465 3401 affectu,
2496 3336 2624 3405 quia
2656 3335 2841 3390 statim
2871 3343 2930 3390 ut
2965 3334 3179 3390 locutus
3209 3349 3329 3390 sum
3369 3335 3561 3391 adver-

1967 3445 2087 3486 sum
2119 3437 2173 3484 te
2202 3429 2427 3495 malum,
2471 3435 2528 3483 et
2556 3426 2831 3482 crudelem
2859 3425 3061 3498 protuli
3088 3427 3415 3489 sententiam
3434 3436 3562 3494 ,ηιθ-

1967 3524 2092 3597 tigit
2116 3539 2204 3580 me
2231 3525 2408 3595 pietas
2449 3523 2700 3577 vincente
2735 3521 3148 3588 misericordia,
3178 3519 3347 3576 veluti
3381 3529 3561 3578 auste-

1965 3620 2187 3675 ritatem
2240 3617 2439 3689 judicis
2491 3616 2666 3685 pietas
2710 3615 2924 3686 mitigat
2984 3614 3177 3685 patris.
3234 3613 3434 3670 Statim
3500 3624 3562 3671 ut

1968 3711 2180 3767 locutus
2204 3725 2324 3765 sum
2355 3722 2444 3762 me
2471 3706 2731 3777 Ephraim
2776 3715 2833 3760 et
2874 3705 3041 3761 Israel
3081 3706 3222 3762 sicut
3257 3705 3464 3762 Adama
3505 3715 3564 3763 et

1969 3800 2189 3858 Seboim
2217 3800 2553 3872 positurum,
2590 3813 2711 3853 mea
2741 3805 3014 3852 commota
3057 3805 3186 3852 sunt
3225 3797 3466 3865 viscera,
3508 3807 3564 3854 et

1967 3893 2225 3966 paenituit
2255 3907 2342 3946 me
2371 3907 2552 3946 meum
2583 3890 2852 3960 quondam
2884 3889 3141 3959 populum
3169 3887 3351 3945 delere
3377 3905 3563 3962 perpe-

1969 3994 2083 4039 tuo.
2120 3977 2212 4038 Sic
2239 3982 2382 4037 enim
2411 3980 2653 4050 loquitur
2682 3979 2771 4033 hic
2801 3978 3096 4032 Dominus:
3122 3977 3303 4033 Veluti
3329 3980 3375 4034 si
3404 3980 3564 4050 quili-

1969 4075 2061 4130 bet
2103 4084 2342 4130 vestrum
2368 4072 2591 4140 quidam
2636 4071 2779 4125 dicat
2820 4088 2834 4122 :
2878 4069 3135 4124 Occidam
3181 4077 3265 4135 te,
3297 4079 3352 4124 et
3377 4073 3559 4126 statim

1970 4165 2292 4237 poenitentia
2316 4163 2513 4218 ductus
2539 4161 2858 4234 subiungat:
2887 4160 3002 4217 Mea
3029 4160 3208 4231 culpa,
3232 4163 3360 4234 quia
3385 4163 3566 4220 taliter

1973 4257 2187 4312 locutus
2216 4270 2337 4310 sum
2368 4254 2655 4310 adversum
2686 4261 2758 4309 te.
2863 4274 2866 4275 ν

2052 4377 2070 4410 ι
2107 4355 2223 4412 Non
2256 4355 2452 4411 faciam
2481 4357 2722 4411 furorem
2751 4356 2848 4412 ira:
2875 4372 3044 4424 meae,
3076 4377 3095 4410 ›
3123 4357 3180 4413 id
3199 4366 3286 4413 est
3303 4355 3393 4414 'de
3433 4373 3556 4416 mea

1974 4449 2258 4507 clementia
2306 4463 2414 4503 non
2455 4448 2708 4503 mutabor
2747 4458 2809 4504 ut
2851 4450 3162 4521 disperdam
3189 4451 3487 4522 Ephraim,
3521 4454 3567 4508 si

1975 4544 2029 4598 in
2082 4557 2171 4597 me
2217 4541 2596 4613 ptenitentiam
2644 4543 2836 4612 egerit.
2889 4540 3045 4597 Unde
3092 4543 3358 4613 sequitur,
3393 4563 3412 4595 ‹
3449 4542 3567 4598 Non

273 4631 654 4687 Romanorum
681 4631 894 4697 referri,
923 4633 1048 4702 quia
1078 4640 1206 4687 tunc
1229 4632 1399 4690 Judaei
1433 4636 1622 4691 ultima
1663 4645 1717 4693 et
1749 4627 1870 4708 per-'-
1894 4663 1950 4724 Β
1975 4638 2281 4698 convertar,
2319 4652 2336 4683 ι
2368 4646 2399 4684 a
2427 4645 2550 4685 mea
2592 4631 2801 4686 scilicet
2838 4631 3127 4687 clementia
3168 4632 3236 4687 ad
3274 4635 3569 4691 crudelita-

221 4767 228 4772 .
274 4733 447 4794 petua
473 4732 600 4779 sunt
631 4723 944 4794 captivitate
973 4724 1234 4779 damnati.

358 4835 379 4867 ι
413 4815 696 4883 Quomodo
749 4815 890 4870 dabo
946 4824 1028 4881 te,
1087 4815 1345 4886 Ephraim
1373 4857 1388 4884 ,
1441 4827 1720 4891 protegam
1783 4831 1868 4889 te,

277 4908 498 4966 Israel?
535 4928 554 4962 ι
590 4907 644 4963 id
681 4916 768 4964 est
803 4923 912 4964 non
946 4911 1282 4980 protectione
1344 4911 1557 4983 dignus.
1613 4912 1761 4968 More
1797 4916 1871 4984 pii

277 5002 460 5074 patris
505 5001 594 5056 hic
631 5001 893 5057 Dominus
931 5001 1168 5073 loquitur
1206 5004 1274 5058 ad
1307 5003 1494 5059 Israel.
1535 5023 1554 5056 ‹
1593 5003 1873 5072 Quomodo

280 5092 536 5166 (inquit)
587 5092 726 5148 dabo
751 5101 805 5148 te
829 5093 853 5147 ?
873 5113 892 5145 ι
921 5093 976 5147 id
1005 5101 1090 5148 est
1126 5095 1395 5163 quomodo
1432 5103 1629 5164 potero
1659 5105 1713 5151 te
1743 5097 1873 5152 dare

280 5186 342 5241 in
373 5185 746 5255 captivitatem
783 5185 902 5241 sine
936 5199 1058 5240 meo
1090 5185 1318 5241 dolore?
1355 5187 1624 5255 quomodo
1661 5196 1712 5241 te
1744 5203 1871 5257 pro-

285 5285 507 5347 tegam,
539 5284 596 5331 et
630 5275 762 5346 quid
802 5275 899 5331 tibi
939 5273 1133 5331 faciam
1154 5315 1169 5342 ,
1206 5284 1263 5331 et
1292 5291 1397 5346 qua
1427 5286 1546 5332 arte
1593 5286 1646 5332 te
1700 5280 1873 5334 corri—

284 5369 474 5441 piam,
516 5376 574 5423 et
611 5366 881 5437 quomodo
922 5375 978 5422 te
1023 5383 1144 5423 meo
1188 5368 1390 5424 auxilio
1429 5369 1714 5425 denudabo
1760 5370 1877 5426 sine

286 5458 536 5514 maximo
579 5458 759 5514 cordis
807 5457 1035 5513 dolore?
1085 5457 1182 5513 Hic
1237 5459 1380 5513 enim
1431 5459 1673 5529 loquitur
1721 5463 1876 5531 quasi

285 5563 450 5626 pater
478 5553 615 5624 pius.
653 5573 670 5605 ε
705 5553 983 5621 Quomodo
1010 5552 1150 5607 dabo
1198 5553 1292 5608 te?
1328 5562 1388 5608 ut
1422 5553 1659 5618 Adama,
1698 5574 1717 5606 ι
1753 5556 1879 5610 sub-

289 5645 486 5710 audis,
533 5645 675 5700 dabo
704 5653 796 5711 te;
833 5664 851 5697 ι
898 5660 1095 5716 ponam
1129 5655 1179 5700 te
1212 5646 1352 5700 sicut
1383 5645 1622 5713 Seboim,
1654 5667 1671 5698 ι
1703 5648 1758 5702 id
1796 5656 1879 5702 est

291 5737 426 5793 licet
453 5753 559 5792 non
593 5738 713 5792 sine
743 5736 952 5801 dolore,
987 5745 1166 5792 tamen
1195 5737 1404 5791 tradam
1436 5744 1520 5802 te,
1552 5745 1608 5791 et
1636 5737 1877 5808 redigam

296 5841 353 5888 te
373 5832 442 5885 'in
479 5831 753 5902 pulverem
789 5838 844 5883 et
879 5829 931 5883 in
960 5829 1302 5884 solitudinem
1330 5839 1537 5885 vastam
1557 5870 1572 5894 ,
1603 5837 1660 5884 et
1689 5827 1877 5884 delebo

298 5939 474 5998 usque
506 5927 576 5983 ad
609 5926 822 5982 cineres
849 5932 906 5980 et
944 5923 1152 5980 favillas
1176 5964 1190 5990 ,
1229 5925 1370 5978 sicut
1406 5923 1580 5980 delevi
1617 5922 1877 5978 Adamam

1978 4731 2086 4779 tem
2110 4763 2125 4788 ,
2163 4741 2181 4773 ι
2219 4731 2280 4775 ut
2330 4721 2638 4790 disperdam
2684 4723 2943 4792 Ephraim
2967 4763 2985 4790 ,
3025 4743 3045 4776 ι
3078 4723 3133 4778 id
3180 4733 3267 4780 est
3310 4727 3569 4797 populum

1972 4809 2165 4870 decem
2194 4811 2432 4866 tribuum
2461 4830 2472 4865 :
2507 4827 2616 4866 non
2643 4813 2788 4867 enim
2815 4814 3062 4884 percutio
3092 4822 3151 4868 ut
3180 4813 3489 4886 disperdam
3513 4818 3568 4872 in

1977 4913 2326 4977 perpetuum,
2382 4906 2480 4960 sed
2532 4913 2592 4960 ut
2645 4906 2951 4963 emendem.
3008 4906 3318 4965 Crudelitas
3369 4912 3569 4981 quippe

1985 5013 2105 5053 mea
2145 4998 2480 5069 poenitentiae
2509 5007 2565 5053 et
2615 4999 2837 5069 pietatis
2862 5000 3080 5056 occasio
3108 5011 3211 5057 est.
3244 5021 3263 5054 ε
3301 5002 3568 5069 Quoniam

1979 5092 2123 5146 Deus
2150 5106 2251 5160 ego
2278 5106 2428 5157 sum,
2459 5100 2515 5146 et
2537 5105 2645 5146 non
2673 5092 2855 5158 homo,
2884 5093 2947 5147 in
2966 5095 3145 5149 medio
3170 5095 3247 5149 tui
3270 5103 3511 5149 sanctus.
3543 5114 3562 5148 ι

1976 5183 2150 5239 Homo
2178 5184 2244 5238 ad
2275 5183 2378 5239 hoc
2418 5184 2655 5253 percutit
2693 5194 2752 5238 ut
2797 5185 3022 5254 perdat,
3063 5187 3130 5242 ad
3170 5187 3273 5242 hoc
3314 5186 3572 5247 irascitur

1978 5285 2038 5327 ut
2083 5273 2356 5340 vindicet,
2407 5271 2562 5342 cujus
2589 5272 2856 5342 judicium
2905 5275 3228 5347 supplicium
3277 5285 3379 5332 est.
3427 5278 3572 5340 Deus

1979 5376 2158 5421 autem
2191 5367 2258 5422 ad
2290 5366 2393 5422 hoc
2423 5367 2652 5437 corripit
2681 5376 2742 5423 ut
2768 5371 3052 5434 emendet,
3095 5371 3162 5423 ad
3199 5369 3302 5425 hoc
3336 5369 3571 5441 ﬂagellat

1978 5469 2038 5513 ut
2066 5459 2342 5530 corripiat.
2379 5458 2533 5526 Quod
2567 5475 2692 5517 vero
2722 5463 3005 5534 sequitur:
3033 5461 3092 5514 1n
3125 5462 3302 5517 medio
3335 5464 3412 5518 tui
3441 5480 3568 5520 san-

1983 5560 2124 5616 ctus,
2155 5551 2333 5606 taliter
2358 5563 2445 5608 est
2467 5555 2875 5626 intelligendum
2893 5569 2908 5606 :
2925 5553 2983 5608 Si
3004 5550 3382 5622 paenitentiam
3408 5571 3574 5627 agere

1984 5645 2249 5712 volueris,
2291 5647 2347 5702 in
2382 5649 2564 5704 medio
2600 5649 2679 5704 tui
2714 5663 2841 5715 ero,
2879 5654 2935 5702 et
2968 5647 3225 5704 habitabo
3253 5638 3476 5716 'tecum,
3515 5661 3573 5706 et

1985 5737 2205 5794 salvabo
2245 5748 2328 5807 te,
2361 5759 2381 5792 ί
2415 5749 2472 5795 et
2508 5755 2614 5795 non
2655 5739 2926 5810 ingrediar
2961 5739 3262 5795 civitatem.
3297 5759 3316 5793 ι
3345 5739 3428 5794 Ad
3469 5740 3573 5795 hoc

1985 5831 2194 5887 scilicet
2241 5841 2301 5887 ut
2347 5833 2598 5903 puniam,
2648 5832 2788 5885 sicut
2831 5831 3076 5903 judices,
3122 5833 3251 5904 quia
3296 5847 3406 5886 non
3447 5846 3572 5886 sum

1985 5937 2126 5978 unus
2164 5921 2229 5978 de
2265 5922 2350 5978 his
2384 5937 2505 5992 quae
2543 5922 2598 5977 in
2634 5921 2862 5980 urbibus
2897 5924 3185 5992 habitant,
3225 5930 3281 5979 et
3317 5922 3572 5983 humanis
