4022 6440
301 425 372 483 85
1343 425 1745 484 ENARBATIO
1779 425 1845 480 ΙΝ
1881 422 2058 483 OSEE
2092 421 2535 483 PROPHETAM.
3501 420 3569 480 86

301 538 372 593 sit
402 551 631 593 munera
657 536 948 599 Pharaoni.
979 537 1129 594 later
1154 554 1279 609 qua
1302 540 1466 596 etiam
1510 541 1559 596 ei
1596 540 1775 597 oleum
1805 540 1883 595 di-
1909 539 1963 599 Α
1986 552 2107 591 eam
2138 544 2211 591 te.
2245 554 2264 587 ι
2292 534 2464 605 Quam
2493 533 2565 590 ob
2590 547 2811 591 causam
2837 533 3050 590 vocavit
3072 548 3270 603 nomen
3296 534 3399 591 loci
3426 535 3571 591 illius

301 631 475 695 rexit,
506 630 655 700 quod
675 629 1041 687 clarissimum
1067 646 1133 686 ac
1159 632 1611 702 pretiosissimum
1642 633 1884 689 nascitur

300 722 357 777 in
388 719 663 788 Samaria,
696 735 864 792 porro
896 721 953 776 in
973 720 1214 795 Egypto
1233 736 1343 779 nou
1367 725 1655 795 reperitur.
1690 724 1887 781 Τειιιεο

298 830 423 871 mus
453 816 577 870 hinc
597 815 791 871 eadem
819 815 1092 871 hatreticis
1117 826 1393 887 eeaptare.
1428 817 1681 888 Ephraim
1710 819 1889 888 pascit

299 902 518 964 rennuit
538 948 554 974 ,
584 908 644 963 id
678 916 765 963 est
797 907 917 964 suis
943 909 1201 979 operibus
1229 909 1469 965 latiﬁcat
1496 911 1789 967 daemones.
1818 910 1887 967 Et

300 1003 546 1075 sequitur
564 1010 778 1068 aestum,
795 1003 888 1074 qui
913 1003 1223 1058 contrarius
1249 1011 1334 1058 est
1352 1002 1595 1070 ﬁoribus,
1611 1012 1668 1059 et
1690 1004 1887 1075 germi-

300 1095 484 1151 nantia
513 1088 715 1151 cuncti
732 1095 1010 1165 disperdit.
1035 1094 1190 1152 Unde
1208 1103 1263 1150 et
1291 1095 1643 1165 Septuaginta
1663 1103 1885 1152 ventum

302 1194 547 1241 urentem
574 1193 801 1257 ponunt.
833 1185 969 1240 Tota
997 1186 1083 1240 die
1109 1186 1480 1253 mendacium,
1523 1187 1628 1242 hoc
1662 1196 1746 1243 est
1788 1187 1887 1243 fal-

297 1293 413 1334 sam
439 1277 764 1342 doctrinam,
792 1286 849 1331 et
868 1277 1176 1332 vastitatem
1196 1317 1212 1342 ,
1235 1276 1336 1333 hoc
1356 1287 1440 1333 est
1471 1277 1754 1334 interitum
1782 1278 1885 1334 sibi

1987 627 2209 693 Bethel,
2240 627 2299 687 id.
2338 636 2421 685 est
2455 626 2648 685 domus
2683 626 2803 693 Dei,
2830 645 2850 678 ι
2886 625 2956 687 Et
2990 625 3063 681 ibi
3096 626 3307 682 locutus
3349 634 3434 683 est
3468 643 3567 684 no-

1986 724 2195 780 hiscum
2228 742 2246 775 ι
2277 724 2331 779 in
2366 731 2519 793 patre
2546 720 2752 778 scilicet
2781 728 2988 786 nostro,
3022 720 3207 777 dicens
3242 721 3346 777 illi:
3383 742 3402 775 ‹
3439 718 3572 779 Ter-

1988 832 2105 878 ram
2130 816 2187 871 in
2216 831 2321 885 qua
2349 813 2585 879 dormis,
2617 812 2717 868 tibi
2743 811 2883 869 dabo
2909 820 2965 868 et
2992 810 3187 869 semini
3217 821 3329 869 tuo.
3369 832 3390 867 ι

2064 926 2083 959 ι
2119 907 2379 965 Dominus
2432 907 2575 962 Deus
2626 905 2967 965 exercituum
2988 945 3004 970 ,
3057 904 3321 969 Dominus
3368 919 3575 963 memo-

1988 1000 2123 1056 riale
2153 1000 2302 1071 ejus,
2339 1020 2361 1053 ι
2389 1000 2444 1054 id
2471 1006 2555 1055 est
2584 998 2687 1057 hoc
2714 995 3029 1055 memoriale
3055 996 3291 1052 nominis
3314 998 3397 1052 sui
3425 997 3575 1056 dedit

1988 1091 2063 1146 illi
2110 1102 2169 1147 ut
2221 1091 2494 1151 diceretur
2530 1088 2695 1145 lsrael
2722 1129 2737 1154 ,
2773 1089 2878 1145 hoc
2911 1096 2997 1143 est
3036 1087 3119 1143 vir
3154 1087 3345 1143 videns
3380 1085 3569 1144 Deum.

1987 1185 2139 1253 Quod
2164 1200 2360 1241 nomen
2382 1199 2555 1255 usque
2577 1197 2720 1245 nuuc
2747 1182 2984 1241 retinent
3011 1181 3104 1236 ﬁlii
3129 1178 3265 1250 ejus.
3290 1181 3408 1252 ipse
3427 1182 3572 1237 enim

1987 1294 2086 1334 suo
2117 1279 2336 1335 nomine
2354 1277 2505 1349 'quod
2530 1276 2600 1331 ab
2635 1275 2828 1347 angelo
2855 1276 2905 1332 ei
2938 1273 3248 1345 impositum
3288 1281 3402 1342 est,
3433 1289 3575 1331 sem-

297 1371 517 1441 suisque
538 1368 888 1441 multiplicat,
916 1370 1043 1424 dum
1070 1368 1289 1439 proprio
1313 1385 1423 1426 non
1441 1380 1527 1426 est
1545 1385 1737 1429 errore
1756 1386 1886 1427 con-
1984 1386 2084 1443 per
2111 1372 2348 1428 nominis
2376 1370 2474 1428 Dei
2502 1356 2842 1431 recordetur,
2876 1384 2904 1422 a
2938 1377 3130 1450 quoet
3160 1367 3234 1421 ita
3262 1375 3509 1423 vocatur.

296 1472 496 1529 tentus,
525 1464 621 1519 sed
646 1462 847 1519 multos
869 1464 973 1519 sibi
1003 1464 1294 1533 discipulos
1323 1466 1580 1520 vanitatis
1604 1474 1881 1537 aggregat.
2061 1481 2080 1513 ι
2111 1464 2179 1521 Ει
2219 1473 2277 1519 ιιι
2317 1463 2383 1519 ad
2427 1462 2713 1517 Dominum
2758 1459 2925 1517 Deum
2965 1466 3120 1514 tuum
3159 1458 3513 1513 converteris.
3549 1476 3568 1509 ι

297 1553 497 1610 Foedus
540 1569 759 1626 quoque
806 1570 930 1613 cum
979 1555 1216 1627 Assyriis
1269 1557 1490 1623 ineunt,
1532 1558 1589 1613 id
1632 1568 1719 1614 est
1756 1573 1883 1615 cum
1984 1551 2384 1623 Ap’ostmpbam
2428 1550 2557 1607 facit
2596 1548 2865 1621 Propheta
2906 1549 2974 1603 ad
3014 1544 3209 1604 Iudam
3244 1566 3257 1600 :
3292 1545 3426 1602 Cum
3460 1548 3574 1602 haec

296 1644 634 1700 dmmonibus
656 1658 849 1716 pacem
880 1645 1082 1700 habent
1102 1686 1116 1710 ,
1148 1661 1381 1716 quorum
1420 1648 1686 1704 voluntati
1725 1650 1882 1705 obse-
1985 1636 2009 1712 (
2029 1642 2244 1713 inquit)
2278 1643 2351 1699 ita
2382 1657 2441 1698 se
2470 1642 2705 1697 habeant
2725 1680 2743 1707 ,
2776 1648 2848 1703 tu,
2883 1653 2919 1701 ο
2947 1634 3104 1704 Iuda,
3136 1636 3476 1693 converteris
3503 1633 3572 1689 ad

297 1744 538 1805 quuntur
564 1754 578 1790 :
608 1745 665 1792 et
701 1736 879 1792 oleum
913 1735 967 1791 in
1000 1735 1299 1809 IEgyptum
1330 1739 1545 1806 ferunt,
1585 1741 1712 1811 quia
1755 1756 1883 1797 cum
1982 1733 2269 1789 Dominum
2317 1734 2489 1795 Deum
2538 1740 2722 1799 tuum,
2766 1728 3145 1803 paenitentiam
3193 1729 3405 1801 agendo
3435 1735 3489 1782 et
3519 1726 3571 1781 in

297 1827 403 1881 sint
431 1828 485 1882 in
514 1828 753 1884 tenebris
781 1829 985 1884 erroris
1002 1870 1017 1895 ,
1048 1830 1332 1885 scientiam
1364 1831 1598 1902 Spiritus
1623 1835 1796 1890 sancti
1821 1850 1878 1890 se

1982 1842 2107 1881 eum
2159 1824 2390 1879 ﬁdeliter
2440 1822 2730 1879 credendo.
2782 1820 2938 1890 Quod
2974 1829 3103 1875 tunc
3142 1818 3421 1890 impletum
3454 1825 3571 1884 est,

298 1916 504 1973 habere
535 1920 890 1986 mentiuntur,
919 1935 1080 1989 quem
1109 1935 1218 1975 non
1247 1931 1546 1989 memon",
1586 1925 1683 1994 qui
1723 1933 1880 1981 eum
1906 1906 1956 1967 Β
1982 1916 2201 1988 quando
2226 1933 2332 1971 una
2359 1916 2446 1971 die
2468 1914 2818 1973 crediderunt
2834 1912 2940 1968 tria
2964 1912 3163 1979 millia,
3191 1912 3297 1965 alia
3329 1911 3572 1982 quinque

299 2011 597 2068 Ecclesiam
626 2022 767 2069 sunt.

1981 2011 2167 2077 millia,
2195 2019 2251 2067 et
2293 2011 2549 2080 deinceps
2583 2007 2753 2063 multa
2787 2004 2974 2062 millia.
3007 2026 3025 2058 ι
3056 2004 3484 2061 Miscricordiam
3518 2014 3575 2057 et

373 2122 395 2155 ι
424 2100 695 2160 Iudicium
721 2118 852 2176 ergo
890 2105 1103 2165 Domini
1136 2122 1261 2162 cum
1290 2106 1448 2163 Iuda.
1487 2132 1506 2161 ι
1536 2109 1879 2181 Captivitatis
1973 2101 2238 2172 judicium
2274 2102 2521 2164 custodi,
2582 2108 2636 2157 et
2682 2112 2840 2171 spera
2894 2098 2950 2153 in
3008 2097 3239 2153 Domino
3301 2095 3413 2151 Deo
3477 2104 3570 2149 tuo

299 2194 503 2250 scilicet
551 2203 608 2250 et
655 2196 1031 2263 miseriarum;
1077 2199 1203 2268 quia
1249 2199 1445 2261 decent
1483 2202 1730 2260 tribubus
1777 2219 1881 2274 pro

294 2285 531 2355 peccatis
584 2286 700 2342 suis
751 2288 1082 2358 captivatis,
1133 2305 1243 2346 non
1302 2292 1413 2364 egit
1463 2295 1876 2364 penitentiam,

294 2378 386 2433 sed
436 2377 659 2448 insuper
704 2377 859 2448 pejus
908 2390 1167 2450 operatus
1213 2392 1329 2449 est,
1381 2384 1682 2452 intantum,
1737 2370 1880 2445 sicut

293 2472 546 2529 Ezechiel
585 2475 849 2545 propheta
895 2476 1237 2542 manifestat,
1281 2487 1341 2532 ut
1381 2478 1620 2534 vinceret
1662 2494 1880 2536 sorores

292 2581 421 2623 suas
459 2568 759 2625 sceleribus
805 2570 937 2625 suis.
970 2589 988 2620 ι
1021 2570 1090 2624 Ει
1124 2571 1384 2639 visrtatio,
1418 2557 1437 2625 ί
1468 2573 1519 2627 id
1547 2581 1632 2627 est
1674 2575 1880 2646 magni-

290 2661 425 2714 tudo
449 2667 843 2715 tormentorum
870 2670 925 2715 et
950 2660 1161 2730 ﬂagella
1203 2670 1371 2733 atque
1404 2663 1702 2733 supplicia,
1738 2683 1759 2715 ι
1790 2681 1881 2720 su-

290 2766 390 2822 per
414 2749 600 2815 Iacob,
633 2769 658 2803 ›
679 2752 739 2807 id
760 2760 879 2819 est,
907 2768 1071 2824 super
1111 2754 1245 2809 duas
1284 2755 1489 2820 tribus,
1523 2772 1643 2826 qua:
1683 2772 1751 2813 ex
1791 2773 1877 2815 se-

291 2843 443 2898 mine
464 2840 585 2913 ejus
610 2853 747 2900 ortas
775 2854 920 2900 sunt.
957 2863 975 2896 ι
1005 2844 1165 2901 Juxta
1195 2847 1310 2903 vias
1337 2848 1487 2919 ejus,
1520 2856 1576 2904 et
1597 2849 1750 2918 juxta
1784 2852 1878 2906 ad-

290 2935 637 2994 inventiones
669 2940 788 3010 ejus
832 2941 1019 2997 reddet
1064 2942 1136 3008 ei,
1174 2962 1193 2994 ι
1226 2944 1279 2998 id
1306 2953 1429 3010 est,
1481 2944 1662 3014 qualia
1706 2946 1872 3013 fecit,

287 3026 422 3081 talia
469 3029 712 3100 recipiet.
761 3030 884 3085 Non
922 3032 1066 3086 enim
1104 3031 1327 3088 fortuitu
1370 3042 1578 3089 tantum
1608 3036 1877 3100 concidit,

286 3127 347 3173 et
392 3119 629 3175 humana
678 3122 915 3178 concidit
961 3123 1288 3196 fragilitate,
1330 3127 1425 3180 sed
1470 3125 1778 3196 inquisivit,
1824 3138 1881 3183 et

284 3211 568 3268 adinvenit
594 3213 653 3267 in
678 3215 877 3283 quibus
903 3227 1158 3286 peccaret

370 3323 389 3355 σ
422 3304 481 3360 ln
524 3316 678 3362 utero
719 3309 1082 3379 supplantavit
1120 3309 1345 3365 fratrem
1394 3326 1572 3367 suum.
1611 3330 1631 3363 ι
1663 3309 1876 3367 Veteris

284 3399 381 3457 hic
421 3401 738 3456 recordatur
775 3403 1050 3467 historiae,
1094 3412 1155 3457 ut
1193 3403 1288 3459 Dei
1329 3404 1703 3459 misericordia
1744 3419 1874 3476 erga

283 3490 490 3558 Iacob,
527 3500 585 3548 et
623 3492 765 3549 illius
803 3493 999 3549 duritia
1047 3501 1236 3550 contra
1282 3494 1450 3550 Deum
1496 3505 1872 3566 cognoscatur,

284 3584 569 3653 quoniam,
609 3598 731 3640 cum
754 3586 931 3642 adhuc
969 3595 1116 3642 esset
1155 3586 1210 3640 in
1230 3594 1385 3642 utero
1423 3584 1704 3653 Rebeccae,
1748 3600 1877 3656 sup-

284 3677 558 3749 plantavit
597 3676 822 3734 fratrem
865 3695 1021 3734 suum
1064 3679 1238 3744 Esau,
1286 3696 1391 3736 non
1435 3681 1622 3751 utique
1662 3680 1877 3736 fortitu-

285 3770 420 3827 dine
473 3774 723 3843 propria,
756 3774 851 3829 sed
898 3773 993 3829 Dei
1039 3774 1426 3845 dispositione,
1457 3775 1549 3844 qui
1596 3789 1721 3830 eum
1766 3774 1870 3829 sibi

286 3863 503 3919 ﬁdelem
532 3867 760 3935 putabat
786 3866 1029 3922 futurum
1059 3868 1445 3937 patriarcham.
1479 3886 1501 3919 ο
1531 3868 1598 3922 Et
1629 3868 1685 3922 in
1717 3866 1873 3922 forti-

289 3954 481 4010 tudine
507 3971 605 4011 sua
626 3957 867 4013 directus
888 3972 1010 4012 cum
1035 3958 1242 4029 angelo.
1273 3981 1293 4012 ο
1316 3959 1542 4027 Quando
1570 3959 1768 4014 missus
1794 3965 1879 4012 est

288 4060 322 4099 a
353 4054 512 4114 patre
541 4060 640 4101 suo
671 4048 724 4100 in
755 4046 1228 4117 Mesopotamiam,
1268 4050 1350 4103 vel
1391 4050 1610 4120 quando
1653 4050 1721 4104 ad
1763 4056 1874 4103 tor-

290 4145 504 4193 rentem
552 4152 675 4192 cum
717 4138 885 4193 Iacob
916 4146 1026 4194 tota
1055 4152 1211 4196 nocte
1240 4144 1466 4212 angelus
1495 4143 1727 4199 Iuctatus
1759 4152 1871 4208 est,

288 4247 321 4287 a
354 4245 463 4301 quo
491 4230 922 4288 benedictionem
965 4232 1270 4302 accipiens,
1318 4234 1643 4290 audivit:Si
1688 4242 1877 4289 contra

287 4326 463 4381 Deum
505 4324 663 4382 fbrtis
702 4325 885 4393 fuisti,
931 4334 1137 4396 quanto
1184 4327 1356 4398 magis
1398 4336 1584 4382 contra
1630 4328 1877 4383 homines

284 4417 605 4491 praevalebis
616 4418 641 4474 ?

367 4528 385 4560 ι
418 4509 485 4564 Ει
526 4510 754 4566 invaluit
797 4511 865 4566 ad
904 4508 1191 4582 angelum:
1228 4530 1253 4564 ι
1280 4510 1540 4565 Precibus
1580 4511 1875 4581 impetraris

285 4611 351 4658 ut
377 4601 485 4657 sibi
504 4602 940 4658 benedictionem
984 4603 1156 4657 daret.
1189 4621 1209 4654 ι
1246 4602 1311 4656 Et
1339 4599 1675 4657 confortatus
1703 4610 1805 4657 est.
1846 4622 1864 4655 ι
1901 4625 1951 4685 D

286 4695 463 4767 Ipsius
508 4695 883 4751 benedictione
926 4706 1086 4765 quem
1125 4696 1361 4760 vicerat,
1407 4696 1625 4765 quando
1668 4696 1869 4750 dictum

287 4796 375 4844 est
418 4788 528 4843 illi:
562 4808 581 4840 ι
611 4789 728 4845 Non
776 4788 1056 4843 vocaberis
1102 4786 1301 4853 Iacob,
1333 4786 1614 4842 sedi‘srael
1644 4787 1746 4840 erit
1776 4801 1871 4841 no-

289 4897 414 4938 men
448 4888 617 4937 tuum.
676 4900 695 4934 ι
752 4900 770 4933 ‹
801 4880 1006 4945 Flevit,
1036 4888 1091 4935 et
1118 4881 1328 4951 rogavit
1373 4893 1517 4934 eum.
1574 4899 1592 4931 ι
1645 4877 1871 4946 Quando

289 4974 448 5039 dixit,
472 4993 492 5025 ‹
522 4971 636 5029 Non
668 4974 934 5028 dimittam
959 4984 1011 5027 te
1038 4972 1139 5027 nisi
1160 4972 1499 5027 benedixeris
1525 4973 1679 5026 mihi.
1718 4992 1737 5024 ι
1766 4972 1871 5027 Ista

288 5069 435 5124 enim
468 5079 553 5124 est
580 5068 803 5122 luctatio
834 5081 994 5137 quam
1023 5066 1192 5137 gessit
1218 5081 1338 5120 cum
1366 5065 1589 5135 angelo,
1621 5065 1874 5134 precibus

292 5171 484 5217 tenens
510 5160 660 5215 illum
687 5168 745 5213 ut
771 5157 871 5213 sibi
900 5158 1277 5221 benediceret,
1305 5171 1412 5210 non
1440 5156 1647 5209 viribus
1670 5156 1870 5223 operis.

298 5281 315 5313 ι
351 5260 409 5316 ln
457 5257 642 5315 Bethel
692 5257 897 5312 invenit
943 5270 1087 5310 eum.
1122 5274 1140 5305 ι
1168 5253 1313 5309 Ordo
1360 5261 1721 5323 prmpostems
1768 5259 1869 5305 est.

291 5351 451 5407 Prius
489 5351 632 5406 enim
682 5350 852 5420 patris
883 5346 1182 5417 matrisque
1218 5346 1571 5415 acquiescens
1607 5344 1869 5411 consilio,

293 5447 420 5501 dum
453 5442 659 5515 fugeret
688 5456 718 5495 a
748 5440 886 5495 facie
916 5439 1098 5493 fratris
1129 5437 1243 5502 sui,
1269 5436 1518 5508 angelum
1561 5437 1612 5489 in
1648 5433 1835 5490 Bctbel
1855 5476 1869 5501 ,

293 5538 509 5608 quando
536 5534 857 5590 submittens
887 5531 1113 5601 lapidem
1144 5528 1305 5599 capiti
1330 5570 1343 5597 ,
1376 5528 1732 5593 obdormivit;
1766 5528 1868 5582 ibi-

293 5646 399 5702 que
437 5629 655 5701 angelos
681 5628 772 5682 Dei
802 5627 935 5681 vidit
974 5625 1327 5680 ascendentes
1362 5632 1415 5678 et
1448 5622 1868 5687 descendentes,
1907 5685 1915 5689 _

293 5734 345 5778 et
379 5723 582 5779 audivit
606 5718 889 5776 Dominum
916 5719 1200 5773 subnixum
1231 5717 1411 5783 scalae,
1440 5715 1705 5772 dicentem
1734 5714 1868 5771 sibi:

303 5834 319 5863 ι
350 5813 536 5879 Iacob,
568 5811 753 5877 Iacob,
788 5809 894 5864 noli
926 5810 1134 5873 timere,
1164 5823 1263 5879 ego
1293 5822 1411 5862 sum
1444 5807 1703 5861 Dominus
1730 5805 1871 5860 Dens

296 5914 508 5985 patrum
542 5914 754 5960 tuorum
782 5918 796 5958 :
828 5898 1114 5965 descende,
1146 5913 1348 5971 eroque
1375 5906 1586 5963 tecum,
1619 5905 1674 5951 et
1704 5895 1866 5952 redu-

1980 2209 2210 2266 semper.
2251 2215 2270 2248 ι
2300 2194 2544 2249 Primum
2577 2193 2677 2249 tibi
2704 2192 2996 2257 miserere,
3040 2187 3199 2260 juxta
3245 2187 3389 2258 quod
3434 2184 3570 2242 scri-

1978 2296 2132 2358 ptum
2160 2296 2275 2342 est:
2314 2286 2569 2343 Miserere
2594 2285 2789 2346 anima:
2814 2292 2921 2339 tuae
2948 2284 3171 2355 placens
3202 2282 3334 2339 Deo.
3367 2278 3571 2336 Deinde

1979 2379 2141 2434 etiam
2193 2379 2315 2433 aliis
2374 2376 2801 2435 miscricordiam
2836 2376 3152 2446 impendere
3186 2373 3381 2440 stude,
3407 2370 3566 2442 juxta

1980 2469 2150 2524 illud:
2186 2469 2375 2527 Facite
2420 2470 2572 2526 vobis
2625 2472 2833 2527 amicos
2890 2474 2957 2528 de
3002 2484 3310 2529 mammona
3366 2471 3566 2542 iniqui-

1981 2561 2106 2615 tatis
2131 2601 2144 2624 ,
2194 2570 2299 2616 etc.
2344 2562 2549 2617 Deinde
2587 2563 2751 2619 etiam
2781 2564 2993 2619 custodi
3023 2562 3303 2632 judicium
3357 2564 3569 2621 discre-

1981 2652 2144 2709 tionis
2194 2655 2339 2711 inter
2382 2657 2582 2711 bonum
2613 2665 2669 2712 et
2698 2657 2931 2721 malum,
2964 2656 3136 2715 Deum
3164 2665 3221 2713 et
3244 2643 3519 2714 diabolum
3549 2674 3563 2711 :

1979 2755 2033 2801 et
2062 2762 2184 2802 eum
2217 2756 2506 2817 utrumque
2534 2747 2753 2817 feceris,
2780 2765 2940 2822 spera
2973 2752 3026 2806 in
3056 2750 3285 2807 Domino
3309 2752 3423 2807 Deo
3450 2759 3564 2817 tuo,

1979 2852 2195 2907 semper
2231 2838 2388 2893 bonis
2424 2840 2680 2909 operibus
2711 2841 2775 2895 ad
2807 2839 3013 2910 majora
3042 2841 3396 2912 proﬁciendo.
3430 2840 3565 2897 Pos-

1980 2944 2167 2985 sumus
2194 2931 2311 2985 ltmc
2346 2931 2536 2986 eadem
2564 2947 2684 3001 quae
2711 2933 2777 2987 de
2815 2932 2950 2988 Iuda
2980 2934 3237 2989 dicuntur
3263 2930 3468 2989 referre
3496 2933 3565 2989 ad

1979 3024 2406 3080 ecclesiasticum
2437 3026 2733 3096 quemlibet
2763 3026 2941 3082 virum
2960 3066 2976 3091 ,
3007 3028 3100 3098 qui
3131 3042 3162 3081 a
3193 3027 3420 3083 Domino
3447 3041 3569 3082 cor-

1982 3116 2196 3185 ripitur,
2229 3117 2374 3185 quod
2400 3132 2507 3171 non
2536 3118 2608 3172 sit
2638 3117 2991 3188 pristinorum
3016 3117 3401 3175 beneﬁciorum
3448 3116 3567 3186 ejus

1985 3222 2212 3271 memor,
2265 3207 2358 3261 sed
2404 3207 2643 3277 quotidie
2693 3215 2914 3277 peccata
2965 3209 3207 3278 peccatis
3256 3209 3564 3274 consociet;

1979 3316 2099 3372 qua:
2127 3301 2237 3355 sint
2263 3299 2426 3357 etiam
2456 3299 2573 3370 ipsa
2601 3299 2865 3354 beneﬁcia
2889 3300 3147 3371 exponit:
3183 3298 3317 3355 Cum
3367 3307 3418 3355 te
3448 3299 3571 3371 (in-

1980 3394 2144 3465 quit)
2177 3401 2486 3448 nasccntem
2525 3392 2766 3447 Ecclesia
2805 3392 3138 3465 parturiret,
3197 3391 3565 3463 supplantasti

1980 3488 2152 3552 Esau,
2203 3488 2461 3542 subaudis
2509 3485 2754 3542 Iudaeum
2805 3486 2920 3542 sive
2970 3485 3225 3558 gentilem
3272 3480 3563 3557 populum,

1981 3580 2097 3649 ejus
2123 3580 2364 3651 acceptis
2393 3579 2803 3649 priinogenitis,
2832 3586 2889 3634 et
2916 3579 2970 3634 in
3013 3577 3331 3634 fortitudine
3364 3586 3456 3635 tua
3484 3577 3565 3633 di-

1982 3680 2163 3727 rectus
2211 3685 2275 3726 es
2313 3678 2505 3726 contra
2555 3669 2846 3740 angelum,
2896 3669 2980 3725 vel
3025 3670 3251 3727 vincens
3300 3669 3568 3742 malignos

1980 3765 2204 3836 spiritus
2222 3804 2237 3829 ,
2273 3763 2352 3820 vel
2384 3762 2670 3818 roboratus
2696 3762 3167 3819 benedictionibus
3196 3761 3374 3834 angeli
3401 3769 3458 3817 et
3485 3762 3569 3817 in-

1979 3858 2195 3914 valuisti
2235 3864 2428 3913 contra
2469 3854 2752 3925 angelum,
2796 3854 2849 3908 id
2891 3864 2975 3911 est
3001 3854 3253 3926 precibus
3297 3854 3393 3911 tibi
3440 3868 3565 3911 eum

1979 3964 2100 4006 esse
2131 3947 2307 4004 fecisti
2337 3947 2636 4017 adjutorent
2654 3986 2668 4009 ,
2700 3945 3021 4014 pratvaleres
3050 3946 3216 4000 etiam
3245 3953 3435 4002 contra
3465 3946 3566 4001 ho.

1978 4040 2171 4095 mines.
2220 4037 2513 4107 Postquam
2560 4044 2739 4090 autem
2770 4033 3345 4107 habuisti‘vlctoriam,
3374 4033 3569 4091 ﬁevisti

1979 4139 2035 4186 et
2073 4131 2280 4201 rogasti
2309 4103 2559 4196 angelum
2588 4124 2834 4189 Domini,
2862 4134 2919 4178 et
2943 4103 3565 4196 peccatorumg'eterum

1982 4220 2323 4283 recordatus,
2343 4216 2596 4273 invenisti
2623 4230 2751 4270 eum
2769 4214 2826 4271 in
2852 4212 3041 4269 Betbel
3058 4253 3074 4279 ,
3098 4212 3203 4267 hoc
3222 4219 3305 4267 est
3331 4212 3385 4267 in
3407 4211 3567 4268 domo

1983 4315 2079 4372 Dei
2106 4313 2249 4383 quod
2277 4321 2359 4368 est
2388 4309 2650 4373 Ecclesia,
2683 4307 2819 4372 sive,
2861 4305 3156 4362 secundum
3187 4303 3564 4376 Septuaginta,

1981 4408 2036 4462 in
2087 4406 2246 4462 domo
2274 4404 2454 4469 Oven,
2498 4401 2551 4455 id
2599 4408 2683 4455 est
2722 4398 2947 4465 doloris,
2991 4406 3048 4452 et
3087 4397 3474 4469 lacrymarum,
3503 4410 3568 4450 ac

1980 4496 2335 4570 ptenitentiae.
2377 4494 2445 4550 Et
2488 4500 2548 4548 ut
2570 4492 2835 4549 sciremus
2874 4489 2997 4559 quis
3039 4490 3112 4544 sit
3136 4489 3242 4549 iste
3268 4487 3457 4555 Iudas,
3491 4486 3567 4543 ibi

1979 4591 2186 4661 inquit,
2218 4590 2321 4646 hoc
2348 4596 2434 4641 est
2479 4586 2533 4639 in
2586 4582 2826 4657 Ecclesia
2862 4582 3073 4650 locutus
3127 4588 3212 4635 est
3251 4579 3564 4644 nobiscum,

1977 4682 2029 4736 id
2079 4690 2165 4736 est
2210 4678 2368 4733 nobis
2414 4674 2759 4731 Christianis.
2804 4672 2872 4726 Et
2898 4687 2968 4726 ex
2996 4686 3062 4726 eo
3091 4678 3335 4739 tempore
3358 4668 3562 4753 Christi

1976 4786 2261 4829 censemur
2286 4768 2508 4824 nomine
2524 4808 2541 4831 ,
2563 4774 2620 4821 et
2644 4767 2761 4836 ipso
2787 4764 3056 4836 dirigente
3079 4762 3425 4833 corrigimur.
3453 4759 3562 4815 lta-

1975 4886 2112 4941 que,
2161 4882 2197 4920 o
2244 4865 2326 4932 vir
2375 4861 2776 4923 ecclesiastica,
2824 4858 2919 4927 qui
2966 4854 3255 4927 appellaris
3297 4851 3468 4909 Iudas
3510 4860 3567 4907 et

1977 4962 2241 5019 conﬁtens
2262 4999 2276 5024 ,
2307 4964 2624 5013 convertere
2654 4951 2897 5022 quotidie
2936 4964 3035 5022 per
3074 4947 3453 5020 paenitentiam
3493 4945 3563 5002 ad

1978 5056 2145 5110 Deum
2179 5062 2363 5111 tuum;
2395 5056 2449 5102 et
2475 5047 2518 5102 si
2559 5044 2701 5100 forte
2741 5043 3087 5114 peccaveris,
3130 5047 3452 5097 convertere
3493 5037 3562 5092 ad

1979 5148 2146 5201 Deum
2190 5151 2368 5203 tuum,
2402 5136 2852 5208 quemadmodum
2900 5136 3091 5206 agebat
3139 5131 3409 5201 Propheta
3456 5128 3564 5185 cla-
3616 5133 3618 5136 ’

1978 5253 2176 5294 mans:
2215 5233 2480 5289 Laboravi
2524 5232 2576 5286 in
2620 5231 2823 5301 gemitu
2872 5243 3011 5283 meo.
3057 5227 3227 5285 Serva
3269 5224 3435 5280 etiam
3468 5222 3560 5281 Dei

1979 5330 2260 5392 mandata;
2294 5326 2380 5381 fac
2411 5325 2464 5379 in
2494 5323 2615 5377 aliis
2644 5319 3077 5377 misericordiam
3101 5359 3117 5385 ,
3150 5325 3211 5372 ut:
3236 5324 3294 5372 et
3324 5316 3439 5385 ipse
3467 5314 3563 5369 mi-

1977 5420 2323 5479 sericordiam
2368 5415 2740 5486 consequaris.
2788 5412 2958 5489 Spera
3006 5425 3221 5481 quoque
3242 5410 3305 5463 in
3336 5405 3563 5463 Domino

1980 5517 2090 5573 Deo
2121 5526 2214 5572 tuo
2243 5530 2476 5587 semper,
2509 5516 2625 5570 sive
2669 5511 3042 5583 appropinqua
3091 5508 3203 5563 Deo
3240 5504 3461 5578 jugiter,
3505 5502 3559 5558 in

1977 5612 2123 5665 omni
2157 5619 2399 5680 tempore
2428 5609 2482 5663 in
2513 5608 2713 5662 virtute
2742 5602 3034 5675 proﬁciens
3053 5641 3069 5667 ,
3100 5616 3160 5655 ac
3192 5600 3565 5671 propinquans

1982 5707 2092 5761 Deo
2123 5716 2214 5760 tuo
2243 5718 2476 5773 semper.

2061 5818 2077 5849 ι
2109 5799 2395 5861 Chanaan,
2438 5796 2492 5850 in
2533 5809 2692 5850 manu
2720 5792 2838 5862 ejus
2880 5797 3082 5845 statera
3126 5788 3332 5844 dolosa.
3360 5805 3393 5838 ι
3452 5785 3563 5840 Mo-

1981 5902 2177 5949 nuerat
2222 5888 2414 5945 Iudam
2444 5887 2691 5960 superius
2730 5894 2789 5940 ut
2831 5890 3240 5941 converteretur
3272 5879 3339 5935 ad
3381 5875 3558 5933 Domi-
