4022 6478
436 444 503 496 87
905 433 1262 492 HAYMONIS
1298 431 1777 488 HALBERSTAT.
1816 428 2030 486 EPISC.
2071 427 2220 484 OPP.
2264 427 2444 483 PARS
2481 429 2522 486 l.
2552 458 2621 470 -—
2652 421 3008 482 COMMENT.
3049 420 3217 477 BIBL.
3618 417 3691 471 88

437 574 567 615 num
594 558 762 612 Deum
797 569 982 619 suum,
1011 560 1066 607 et
1100 548 1528 605 misericordiam
1565 554 1727 615 atque
1759 543 2021 612 judicium
2050 545 2102 604 A
2127 544 2333 600 Sensus
2367 551 2450 598 est
2478 562 2490 596 :
2518 541 2594 596 Te
2643 539 2862 594 laetante
2902 537 2958 591 in
3005 533 3208 589 scelere
3251 539 3308 587 et
3341 529 3606 602 gloriante
3638 527 3695 581 in

437 654 947 719 servans,speraret
982 645 1036 699 in
1067 642 1296 697 Domino
1323 641 1433 695 Deo
1463 655 1562 695 suo
1591 652 1804 708 semper
1828 654 1841 690 :
1873 649 2014 690 nunc
2114 636 2456 693 multitudine
2479 632 2810 695 divitiarum,
2838 629 3104 683 intantum
3130 633 3190 678 ut
3209 623 3447 719 diceres:
3487 639 3504 672 ι
3532 619 3698 719 Dives

439 743 508 797 ad
535 741 817 811 Ephraim,
844 738 895 792 id
928 743 1010 789 est
1056 734 1125 788 ad
1163 733 1350 788 decem
1379 732 1553 786 tribus
1591 743 1768 784 sermo
1794 740 2018 783 conver-

439 832 596 896 titur,
643 846 762 901 qua:
794 828 1051 883 Chanaan
1083 824 1439 894 appellantur,
1471 836 1578 876 non
1624 836 1720 890 per
1744 827 2014 882 naturam,

442 922 538 977 sed
573 937 670 990 per
698 917 1074 981 imitationem,
1111 913 1265 983 juxta
1303 913 1431 967 illud
1458 912 1598 981 quod
1635 911 1872 980 loquitur
1917 910 2019 963 Da-

439 1015 552 1068 niel
586 1013 652 1067 ad
698 1010 1110 1082 presbyterum,
1141 1006 1234 1077 qui
1280 1007 1466 1073 utique
1519 1004 1586 1058 de
1633 1003 1838 1058 semine
1873 1001 2021 1057 Iudae

441 1118 560 1164 erat
591 1127 603 1162 :
645 1127 664 1159 ‹
699 1105 895 1162 Semen
923 1104 1213 1169 Chanaan,
1244 1109 1298 1156 et
1330 1115 1439 1155 non
1481 1097 1618 1154 Juda
1638 1139 1652 1165 ,
1695 1096 1903 1167 species
1931 1096 2022 1151 de-

441 1201 587 1272 cepit
611 1209 686 1255 te.
719 1219 736 1250 ι
759 1198 893 1253 Etin
917 1194 1203 1251 Ezechiele
1229 1193 1296 1247 ad
1324 1189 1660 1246 Hierusalem
1674 1186 2022 1258 dictumlegi-

440 1308 591 1350 mus:
625 1310 642 1342 ι
670 1291 835 1344 Pater
859 1298 983 1344 tuus
1003 1287 1330 1346 Amorrteus,
1348 1290 1403 1338 et
1427 1290 1604 1337 mater
1628 1289 1717 1334 tua
1739 1278 1973 1333 Cethaea.
1999 1296 2016 1328 ι

443 1385 722 1441 Stateram
753 1381 996 1437 dolosam
1040 1381 1184 1435 inter
1207 1376 1483 1447 Ephraim,
1516 1380 1704 1427 contra
1741 1369 1870 1423 illud
1898 1384 1911 1420 :
1943 1365 2025 1422 Sit

447 1481 543 1536 tibi
565 1493 751 1550 :equus
771 1476 1003 1540 modius,
1022 1474 1304 1545 iustusque
1331 1466 1619 1524 sextarius.
1650 1483 1668 1516 ι
1688 1460 2023 1518 Calumniam

445 1573 651 1633 dilexit,
679 1591 696 1624 ι
739 1569 791 1624 id
815 1577 900 1623 est
943 1581 1049 1621 non
1075 1563 1246 1619 solum
1277 1559 1466 1616 habuit
1494 1565 1753 1612 stateram
1783 1552 2023 1622 iniquam

446 1679 512 1718 ac
552 1663 823 1726 dolosam,
868 1659 963 1714 sed
1006 1657 1168 1712 etiam
1206 1653 1528 1710 calumniam
1577 1649 1796 1713 dilexit,
1845 1645 1898 1700 id
1944 1653 2028 1699 est

445 1755 850 1824 oppressionem
892 1763 1207 1822 pauperum,
1231 1759 1366 1815 quos
1390 1758 1487 1813 per
1506 1741 1802 1813 potentiam
1829 1752 2026 1808 exspo-

337 1851 344 1860 ’
447 1844 614 1900 liavit.

523 1953 542 1985 ι
576 1934 642 1988 Et
685 1933 822 1987 dixit
843 1930 1101 2000 Ephraim
1134 1947 1149 1983 :
1193 1928 1578 1983 Verumtamen
1611 1924 1760 1978 dives
1805 1919 2026 1975 effectus

447 2039 583 2078 sum.
618 2043 638 2076 ι
671 2021 824 2077 Nunc
868 2017 1206 2074 manifestius
1255 2017 1411 2086 ponit
1447 2015 1569 2086 quis
1617 2014 1689 2068 sit
1735 2013 1836 2067 iste
1883 2011 2027 2076 Cha;-

446 2130 610 2180 naan,
658 2114 709 2168 id
747 2122 830 2167 est
861 2112 1046 2167 decem
1091 2109 1264 2164 tribus
1308 2123 1428 2178 quae
1474 2106 1766 2161 dixerunt:
1817 2123 1836 2155 ‹
1867 2102 2028 2159 Dives

446 2203 672 2260 effectus
713 2218 854 2268 sum,
886 2221 904 2253 ι
959 2201 1013 2256 id
1052 2209 1134 2254 est
1168 2198 1418 2254 omnibus
1448 2195 1832 2267 temporalibus
1871 2193 2028 2249 bonis

450 2294 687 2349 abundo.
714 2293 782 2346 Et
811 2301 896 2347 est
929 2306 1118 2346 sensus
1150 2308 1162 2344 :
1202 2287 1318 2344 Non
1362 2302 1492 2342 curo
1518 2287 1870 2356 undecunque
1912 2284 2027 2338 haec

451 2387 584 2441 mihi
615 2385 1077 2456 congregaverim,
1106 2399 1229 2440 cum
1255 2391 1432 2437 tamen
1460 2381 1687 2436 habeam
1723 2379 1863 2449 quod
1900 2394 2026 2448 pos-

451 2477 675 2532 sideam.
725 2474 839 2529 Hoc
889 2473 1078 2529 morbo
1125 2473 1370 2528 laborant
1412 2471 1589 2535 multi,
1637 2470 1763 2540 quia
1812 2469 2027 2524 divitias

453 2584 590 2639 quas
635 2568 854 2632 habent,
890 2565 1215 2640 pauperibus
1257 2582 1362 2624 non
1405 2579 1652 2639 erogant,
1680 2584 1779 2623 nec
1819 2583 1918 2638 pro
1944 2561 2028 2622 his

451 2659 566 2718 Deo
598 2664 808 2732 gratias
833 2673 1031 2733 agunt,
1072 2662 1136 2716 de
1166 2661 1360 2730 quibus
1389 2661 1646 2730 scriptum
1667 2669 1785 2716 est:
1818 2659 2029 2714 Divitiae

455 2764 790 2825 congregatae
832 2754 942 2824 igni
987 2751 1386 2808 comburentur.
1417 2750 1534 2806 Non
1577 2752 1720 2806 enim
1751 2750 1887 2805 fiunt
1905 2750 2029 2806 sillis

458 2848 776 2916 redemptio,
800 2863 921 2902 cum
951 2846 1226 2916 Scriptura
1248 2845 1411 2910 dicat,
1445 2863 1462 2895 ‹
1491 2844 1810 2914 Redemptio
1837 2844 2029 2899 animae

453 2942 555 2994 viri
584 2942 810 3010 propriae
852 2941 1080 3006 divitiae,
1113 2961 1132 2992 ι
1176 2948 1231 2994 et
1277 2939 1535 2994 Dominus
1583 2940 1638 2994 in
1688 2939 1977 3010 Evangelio
2011 2959 2023 2993 :

463 3055 480 3086 ε
512 3034 697 3089 Facite
745 3033 896 3089 vobis
945 3033 1144 3088 amicos
1179 3034 1244 3087 de
1295 3047 1599 3087 mammona
1648 3031 1965 3102 iniquitatis.
2003 3049 2022 3084 ι

463 3146 480 3178 ι
511 3127 690 3180 inveni
739 3126 937 3181 idolum
979 3125 1129 3179 mihi.
1167 3144 1185 3176 ι
1219 3123 1366 3195 Ipsas
1409 3125 1643 3191 divitias,
1679 3125 1873 3194 quibus
1911 3132 2028 3179 erat

2115 726 2338 782 effectus
2384 739 2532 788 sum,
2571 721 2752 777 inveni
2801 718 3001 775 idolum
3038 716 3200 780 mihi,
3229 735 3247 768 ι
3291 714 3417 770 licet
3456 710 3699 783 graviter

2114 833 2392 889 peccares,
2425 831 2525 886 ego
2559 815 2819 870 Dominus
2850 812 2992 866 Deus
3016 819 3171 875 tuus,
3197 809 3289 879 qui
3331 807 3490 863 eduxi
3536 815 3588 862 te
3629 809 3700 862 de

2118 919 2264 967 terra
2292 909 2531 982 IEgypti,
2557 907 2771 978 quando
2800 903 3075 960 serviebas
3107 901 3396 966 Pharaoni,
3440 907 3496 954 et
3529 897 3703 952 aediﬁ-

2119 1004 2282 1060 cabas
2319 1002 2384 1057 de
2412 1001 2528 1055 luto
2569 1010 2623 1055 et
2658 998 2828 1070 paleis
2855 996 3119 1060 civitates,
3152 993 3329 1048 adhuc
3371 992 3551 1046 tribuo
3599 988 3704 1044 tibi

2119 1098 2296 1153 locum
2315 1094 2676 1167 poenitentiae;
2703 1091 2845 1147 unde
2867 1091 3113 1145 subditur
3138 1108 3151 1142 :
3177 1107 3195 1139 ε
3214 1086 3407 1143 AleIc
3434 1087 3625 1141 sedere
3649 1092 3706 1139 te

2121 1187 2314 1244 faciam
2345 1187 2399 1241 in
2431 1182 2823 1248 tabernaculis,
2848 1181 2986 1236 sicut
3015 1179 3068 1234 in
3097 1178 3288 1234 diebus
3314 1176 3645 1231 festivitatis.
3681 1193 3699 1225 ι

2123 1280 2250 1336 Dies
2283 1277 2596 1333 festivitatis
2633 1272 3005 1344 scenopegiam
3030 1276 3218 1334 vocat,
3248 1282 3367 1338 qua
3399 1267 3630 1336 septimo
3673 1280 3706 1319 a

2125 1371 2331 1427 Pascha
2349 1385 2534 1424 mense
2553 1368 2873 1430 celebratur,
2892 1373 2948 1419 et
2971 1365 3025 1418 in
3048 1362 3364 1418 memoriam
3386 1376 3496 1416 suae
3520 1375 3709 1430 egres—

2125 1463 2294 1518 sionis
2321 1463 2386 1516 de
2423 1470 2568 1515 terra
2596 1458 2834 1530 Egypti,
2871 1456 2926 1511 in
2976 1453 3339 1510 tabernaculis
3382 1452 3710 1507 habitabant

2127 1553 2223 1609 ﬁlii
2256 1552 2438 1608 lsrael.
2480 1550 2635 1606 Sicut
2676 1548 2893 1618 (inquit)
2924 1562 2990 1602 eo
3029 1556 3268 1616 tempore
3295 1545 3363 1598 de
3387 1543 3622 1614 .IEgypto
3653 1551 3710 1595 te

2126 1644 2380 1709 liberavi,
2418 1652 2473 1697 et
2510 1644 2566 1698 in
2597 1639 2956 1697 tabernaculis
3001 1654 3099 1710 per
3129 1636 3483 1708 quadraginta
3531 1649 3712 1689 annos

2129 1737 2373 1791 habitare
2417 1733 2549 1800 feci,
2600 1733 2680 1789 sic
2722 1742 2777 1788 et
2817 1747 2958 1786 nunc
3002 1729 3227 1794 faciam,
3271 1727 3504 1783 educens
3543 1735 3598 1781 te
3639 1726 3712 1779 de

2130 1827 2461 1896 captivitate,
2476 1833 2536 1880 ut
2560 1825 2614 1878 in
2638 1823 2827 1878 diebus
2846 1822 3011 1877 etiam
3024 1819 3332 1875 festivitatis
3344 1815 3707 1887 scenopegiae,

2053 1892 2104 1954 Β
2130 1892 2284 1974 more
2310 1925 2527 1988 patrum
2555 1923 2769 1970 tuorum
2795 1915 2848 1969 in
2878 1911 3241 1969 tabernaculis
3266 1911 3476 1976 sedeas,
3503 1911 3550 1965 si
3581 1919 3709 1963 tan-

2130 2019 2244 2066 tum
2272 2008 2468 2064 feceris
2498 2022 2618 2078 qua:
2641 2005 2891 2077 praecepi.

2206 2122 2224 2154 ι
2255 2102 2324 2156 Ει
2352 2101 2563 2156 locutus
2608 2113 2727 2155 sum
2771 2110 2931 2168 super
2970 2096 3284 2167 prophetas,
3313 2112 3334 2147 ›
3385 2095 3440 2149 id
3476 2101 3562 2148 est
3604 2107 3711 2162 per

2128 2195 2445 2267 prophetas,
2473 2200 2535 2247 ut
2568 2207 2665 2262 per
2679 2190 2920 2262 Moysen,
2947 2203 3044 2259 per
3059 2187 3274 2253 Isaiam,
3302 2186 3618 2247 Jeremiam,
3651 2193 3713 2238 et

2130 2296 2375 2343 eteteros.
2430 2304 2447 2336 ι
2485 2284 2551 2338 Et
2603 2299 2702 2355 ego
2746 2282 3006 2337 visionem
3068 2276 3439 2349 multiplicavi.
3477 2295 3497 2329 ι
3551 2274 3710 2330 Unde

2129 2380 2296 2435 Isaias
2339 2395 2353 2432 :
2389 2397 2407 2429 ε
2471 2377 2588 2434 Vidi
2615 2375 2897 2431 Dominum
2956 2373 3233 2428 sedentem
3287 2385 3448 2440 super
3508 2367 3705 2423 solium

2129 2472 2420 2532 excelsum.
2453 2493 2470 2528 ι
2504 2471 2572 2530 Et
2604 2468 2821 2528 Daniel:
2860 2486 2877 2519 ί
2902 2467 3243 2540 Aspicieham
3273 2465 3329 2522 in
3360 2463 3475 2520 visu
3506 2463 3704 2528 noctis,

2129 2574 2184 2621 et
2213 2581 2341 2621 ecce
2368 2565 2540 2620 Filius
2582 2564 2819 2620 hominis
2849 2562 3114 2618 veniebat.
3143 2580 3162 2612 ι
3203 2579 3220 2612 ι
3250 2559 3316 2614 Ει
3364 2559 3419 2613 in
3454 2556 3706 2612 manibus

2129 2658 2510 2729 prophetarum
2560 2655 2884 2710 assimilatus
2933 2668 3073 2709 sum.
3113 2672 3132 2705 ι
3180 2650 3253 2708 Ut
3296 2649 3467 2705 Adam
3519 2657 3703 2719 typum

2131 2749 2274 2804 illius
2297 2747 2501 2813 tenuit,
2538 2748 2629 2817 qui
2675 2747 2946 2802 dormiens
2979 2759 3046 2800 ex
3096 2758 3193 2800 suo
3239 2743 3410 2798 latere
3450 2740 3705 2794 formavit

2130 2839 2318 2905 Evam,
2349 2848 2409 2894 ut
2433 2838 2679 2893 Christus
2714 2837 3008 2892 Ecelesiam
3035 2837 3091 2891 in
3118 2849 3310 2902 cruce,
3343 2834 3481 2890 sicut
3497 2831 3701 2895 Jonas;

2129 2932 2273 2987 unde
2309 2931 2599 2986 Dominus:
2636 2948 2654 2981 ε
2685 2927 2838 2984 Sicut
2885 2929 2986 2983 fuit
3011 2927 3176 2984 Jonas
3203 2929 3257 2984 in
3285 2935 3475 2983 ventre
3502 2926 3640 2990 ceti;
3677 2945 3696 2976 ι

2131 3025 2270 3080 sicut
2298 3022 2466 3078 David
2491 3023 2582 3094 qui
2609 3022 2802 3078 stravit
2845 3020 3074 3089 Goliam,
3126 3021 3266 3076 sicut
3290 3020 3439 3076 Isaac
3468 3035 3567 3090 pro
3595 3033 3704 3088 quo

2131 3118 2272 3172 aries
2320 3117 2628 3171 immolatus
2672 3122 2773 3179 est,
2805 3115 2872 3169 ad
2897 3129 2990 3170 eos
3018 3129 3230 3184 quoque
3280 3114 3372 3183 qui
3418 3113 3705 3167 hereticos

455 3218 710 3282 refectus,
747 3218 946 3273 idolum
993 3217 1238 3288 appellat.
1287 3215 1441 3271 Sicut
1480 3218 1622 3271 enim
1663 3217 1863 3288 gulosis
1889 3216 2031 3272 Deus
2054 3245 2103 3308 ο
2133 3219 2257 3265 sunt
2287 3209 2478 3274 secuti,
2506 3208 2702 3262 dicitur
2727 3215 2786 3262 ut
2811 3214 3151 3262 revertantur
3172 3207 3239 3261 ad
3260 3205 3442 3270 Deum,
3471 3205 3562 3273 qui
3585 3219 3702 3257 ma-

455 3318 646 3363 venter
689 3317 796 3372 est,
852 3309 925 3362 ita
978 3317 1032 3362 et
1084 3309 1261 3363 avaris
1311 3323 1501 3362 aurum
1542 3307 1739 3361 idolum
1779 3317 1880 3361 est.
1930 3307 2029 3361 Vel

457 3408 603 3454 certe
635 3397 903 3452 veraciter
923 3397 1027 3453 hoc
1055 3397 1256 3462 dicunt,
1288 3399 1413 3466 quia
1445 3398 1586 3452 idola
1629 3413 1726 3467 pro
1754 3398 1867 3452 Deo
1889 3397 2030 3452 cole—

459 3491 610 3544 bant.

535 3599 554 3630 ‹
584 3578 783 3636 Omnes
809 3580 1021 3636 labores
1047 3581 1152 3636 mei
1178 3595 1284 3635 non
1321 3581 1593 3637 invenient
1617 3581 1748 3636 mihi
1777 3581 2030 3652 iniquita-

457 3681 566 3724 tem
587 3685 748 3739 quam
772 3669 1010 3740 peccavi.
1032 3689 1052 3724 ι
1074 3670 1276 3726 Sensus
1296 3680 1380 3727 est
1402 3671 1696 3743 :Quidquid
1709 3688 2027 3742 peccavero,

455 3762 582 3832 quia
612 3761 828 3816 divitias
879 3760 1071 3828 habui,
1118 3764 1186 3818 ab
1230 3763 1316 3818 his
1348 3763 1440 3833 qui
1479 3778 1597 3819 meo
1642 3765 1840 3820 auxilio
1884 3766 2028 3821 indi-

456 3862 601 3924 gent,
644 3869 752 3908 non
783 3853 914 3908 mihi
959 3854 1328 3923 imputabitur.
1353 3854 1486 3921 Quia
1515 3856 1657 3911 enim
1703 3857 1859 3912 bonis
1892 3859 2029 3914 meis

457 3945 716 4016 indigent,
739 3960 844 4001 non
875 3957 962 4000 me
986 3961 1084 4016 pro
1104 3946 1340 4014 peccatis
1365 3948 1498 4001 meis
1519 3947 1873 4008 accusabunt.
1899 3949 2029 4018 quin

455 4037 634 4106 potius
681 4036 940 4092 laudabor
967 4036 1035 4092 ab
1064 4035 1204 4101 illis,
1235 4037 1374 4091 sicut
1402 4039 1660 4107 scriptum
1690 4048 1812 4094 eSt:
1842 4038 1909 4093 Et
1936 4039 2027 4109 qui

454 4127 636 4198 iniqua
668 4129 862 4199 egerit,
907 4129 1270 4184 benedicetur.
1327 4128 1451 4185 Haec
1490 4131 1633 4185 enim
1674 4131 1796 4193 duo,
1830 4130 2030 4186 divitiae

454 4219 660 4273 scilicet
697 4228 751 4273 et
795 4218 1115 4274 famulorum
1157 4221 1398 4285 ambitio,
1435 4223 1777 4279 accusatione
1819 4231 2024 4279 carent.

455 4311 613 4363 Diviti
642 4310 782 4364 enim
804 4309 1020 4380 plurimi
1044 4319 1168 4366 sunt
1194 4313 1374 4366 amici.
1402 4313 1525 4368 Haec
1553 4315 1732 4368 omnia
1759 4316 2028 4370 haereticis

455 4407 730 4468 aptantur,
759 4401 812 4453 in
840 4415 1068 4469 quorum
1103 4415 1264 4454 manu
1289 4410 1373 4456 est
1404 4411 1605 4456 statera
1639 4403 1820 4459 dolosa
1854 4421 1868 4457 :
1903 4406 2028 4474 quia

451 4503 800 4558 quoscunque
821 4499 1066 4559 possunt,
1101 4489 1474 4545 fraudulenter
1496 4492 1787 4562 decipiunt.
1815 4495 2030 4550 Calum-

450 4580 595 4634 niam
621 4569 835 4651 quoque
857 4581 1107 4652 diligunt,
1125 4581 1250 4635 dum
1276 4583 1589 4637 innocentes
1612 4596 2024 4654 persequuntur,

2134 3300 2214 3371 gis
2240 3299 2353 3353 vult
2375 3298 2745 3370 paenitentiam
2769 3299 3069 3369 peccatoris
3088 3313 3248 3367 quam
3262 3305 3504 3353 mortem.
3519 3296 3706 3365 lpsum

2133 3390 2277 3445 enim
2321 3405 2440 3446 esse
2466 3391 2558 3460 qui
2589 3404 2682 3446 eos
2733 3391 2978 3446 eduxerit
3021 3391 3086 3447 de
3115 3390 3377 3464 Egypto,
3423 3391 3480 3444 id
3515 3398 3599 3444 est
3639 3389 3709 3443 de

2136 3480 2373 3535 tenebris
2410 3488 2465 3534 et
2497 3495 2682 3535 errore
2720 3481 3030 3550 gentilium,
3062 3481 3208 3535 credi
3257 3487 3486 3550 oportet.
3533 3479 3599 3533 Et
3639 3494 3707 3532 ne

2135 3571 2357 3628 forsitan
2376 3572 2583 3641 peccati
2602 3586 2868 3626 memores
2887 3571 3093 3627 tardius
3119 3578 3460 3626 revertantur
3486 3587 3500 3623 :
3518 3569 3708 3624 Adhuc

2135 3662 2350 3734 (inquit)
2383 3663 2570 3718 sedere
2597 3678 2694 3718 vos
2735 3661 2929 3718 faciam
2966 3663 3021 3718 in
3060 3663 3452 3728 tabernaculis,
3482 3664 3619 3717 sicut
3654 3663 3706 3716 in

2134 3754 2322 3809 diebus
2346 3754 2676 3820 festivitatis,
2698 3764 2757 3808 ut
2783 3755 2927 3824 quod
2952 3752 3079 3810 fecit
3101 3755 3387 3826 baptisma,
3418 3755 3524 3809 hoc
3548 3753 3709 3807 faciat

2132 3852 2188 3899 et
2210 3845 2550 3915 poenitentia,
2573 3853 2629 3900 et
2655 3844 2903 3900 habitent
2930 3845 2986 3899 in
3007 3843 3367 3900 tabernaculis
3388 3843 3707 3906 Salvatoris,

2134 3936 2237 3990 hoc
2263 3943 2348 3990 est
2379 3936 2434 3989 in
2463 3935 2726 4000 ecclesiis,
2758 3935 2824 3989 de
2853 3935 3046 4007 quibus
3081 3937 3311 3991 dicitur:
3341 3955 3360 3986 ι
3390 3935 3620 3990 Plantati
3655 3935 3708 3988 in

2133 4027 2294 4083 domo
2324 4027 2556 4094 Domini,
2585 4028 2638 4082 in
2669 4029 2821 4083 atriis
2847 4029 3038 4084 domus
3061 4029 3158 4084 Dei
3182 4028 3355 4084 nostri
3383 4027 3702 4083 ﬂorebunt.»

2135 4119 2204 4173 Et
2235 4135 2302 4174 ne
2329 4127 2520 4191 putent
2547 4121 2941 4177 haeresiarchas
2968 4129 3024 4176 et
3056 4121 3330 4192 principes
3365 4120 3568 4176 erroris
3623 4121 3708 4175 sui

2135 4210 2230 4265 Dei
2257 4212 2466 4268 locutos
2502 4211 2706 4283 Spiritu
2749 4232 2762 4268 :
2801 4213 2914 4285 Ego
2957 4229 3098 4279 sum,
3132 4214 3322 4284 inquit,
3353 4215 3446 4284 qui
3500 4213 3712 4270 locutus

2135 4319 2252 4357 sum
2280 4303 2348 4358 ad
2375 4304 2697 4376 prophetas,
2725 4315 2780 4359 et
2816 4321 2923 4361 non
2952 4306 3020 4360 ad
3058 4305 3341 4376 magistros
3367 4313 3580 4361 vestros
3601 4345 3616 4371 ,
3657 4313 3708 4359 et

2135 4409 2234 4465 ego
2260 4397 2492 4452 visiones
2518 4397 2898 4467 multiplicavi,
2929 4405 2986 4452 et
3030 4398 3085 4452 in
3119 4413 3277 4452 manu
3323 4399 3708 4469 prophetarum

2136 4503 2324 4543 eorum
2337 4490 2428 4559 qui
2443 4498 2568 4544 sunt
2585 4491 2636 4544 in
2653 4490 2893 4545 Ecclesia
2907 4491 3207 4558 constituti,
3225 4491 3549 4546 assimilatus
3563 4508 3702 4547 sum.

2215 4601 2232 4634 ‹
2265 4581 2322 4638 Si
2349 4581 2551 4639 Galaad
2591 4583 2811 4649 idolum,
2851 4599 2980 4656 ergo
3008 4583 3209 4640 frustra
3233 4595 3417 4641 errant
3437 4586 3489 4639 in
3520 4584 3710 4653 Galgal

450 4678 504 4724 et
533 4685 630 4740 per
654 4671 947 4740 potentiam
970 4671 1311 4740 opprimunt;
1342 4673 1434 4741 qui
1464 4635 1747 4743 postquam
1773 4635 1907 4730 alios
1936 4635 2030 4731 de:
2054 4635 2107 4694 Β
2133 4673 2308 4729 bubus
2334 4675 2694 4730 immolantes.
2724 4694 2744 4726 ›
2777 4635 2979 4730 ϐειεξᾶ
3007 4683 3062 4730 et
3106 4691 3261 4732 mons
3289 4684 3391 4741 est,
3429 4684 3484 4730 et
3515 4635 3708 4730 civiias

450 4761 711 4830 ceperint,
745 4761 917 4816 solent
944 4763 1152 4816 dicere:
1181 4760 1383 4818 Divites
1411 4762 1539 4818 facti
1576 4780 1759 4820 sumus
1788 4767 2027 4822 multitu-

449 4853 576 4906 dine
637 4852 1018 4924 discipulorum
1073 4854 1166 4923 qui
1211 4869 1311 4908 nos
1358 4865 1672 4924 sequuntur.
1720 4857 2025 4914 Invenimus

449 4944 650 4998 idolum
681 4946 837 4999 nobis
857 4986 871 5011 ,
917 4945 1116 5000 idcirco
1147 4945 1230 5001 vel
1260 4946 1495 5002 maxime
1544 4948 1777 5004 htereses
1803 4965 2024 5020 compo-

449 5044 671 5102 nuntur,
713 5044 773 5090 ut
795 5037 1053 5091 devorent
1081 5038 1267 5093 domos
1313 5039 1614 5106 viduarum,
1644 5057 1762 5112 qua:
1808 5058 2022 5113 semper

447 5124 678 5191 discunt,
709 5135 762 5181 et
794 5141 1066 5196 nunquam
1102 5127 1169 5181 ad
1213 5128 1492 5183 scientiam
1540 5132 1784 5186 veritatis
1833 5147 2025 5202 perve-

449 5218 622 5271 niunt.
650 5217 716 5271 Et
741 5217 964 5287 pulchre
985 5218 1061 5271 ait
1085 5236 1097 5271 :
1123 5237 1141 5269 ‹
1172 5218 1354 5274 Inveni
1384 5220 1586 5276 idolum
1611 5223 1798 5277 mihi.»
1831 5223 2023 5278 Omnia

444 5309 590 5364 enim
623 5309 1000 5364 haereticorum
1030 5311 1283 5381 figmenta
1315 5314 1456 5369 idola
1484 5324 1629 5382 sunt,
1655 5326 1708 5370 et
1737 5318 1805 5371 ab
1841 5317 2024 5388 impie-

444 5406 556 5453 tate
588 5399 866 5468 gentilium
908 5401 1040 5454 nihil
1069 5400 1352 5470 differunt;
1393 5405 1569 5461 solent
1595 5407 1775 5476 itaque
1803 5409 1983 5463 dicere
2011 5427 2023 5462 :

443 5487 713 5557 Quidquid
743 5488 942 5555 fecero,
989 5491 1248 5562 quidquid
1287 5509 1447 5566 egero
1494 5496 1626 5550 mihi
1669 5511 1775 5551 non
1824 5499 2022 5567 poterit

444 5580 715 5648 imputari.
749 5581 930 5638 Habeo
949 5585 1093 5639 enim
1120 5585 1336 5640 divitias
1365 5601 1536 5651 meas,
1559 5597 1874 5655 argumenta
1901 5590 2019 5659 phi-

443 5669 811 5741 losophorum,
855 5675 1028 5731 habeo
1063 5678 1460 5732 multitudinem
1503 5681 1713 5750 p0puli,
1743 5697 1900 5751 quam
1926 5689 2017 5756 qui

443 5765 711 5832 aspexerit
739 5781 843 5821 non
883 5783 969 5822 me
996 5769 1348 5824 arbitrabitur
1377 5786 1618 5840 peccare.

521 5870 540 5904 ι
570 5853 636 5908 Et
678 5871 776 5925 ego
820 5857 1077 5911 Dominus
1125 5859 1267 5914 Deus
1297 5868 1420 5916 tuus
1449 5878 1514 5917 ex
1546 5873 1687 5920 terra
1719 5866 1953 5939 Egypti.
1993 5888 2008 5920 ι

2122 4764 2278 4833 juxta
2305 4768 2552 4822 eumdem
2581 4775 2818 4821 montem
2849 4767 2952 4822 sita
2981 4773 3131 4821 trans
3157 4765 3446 4822 Jordanem
3478 4767 3532 4821 in
3563 4768 3710 4822 tribu

2124 4858 2260 4924 Gad,
2294 4859 2359 4913 de
2385 4874 2489 4928 qua
2511 4859 2757 4928 superius
2792 4858 3016 4930 legimus
3044 4877 3055 4912 :
3095 4877 3112 4909 ε
3144 4858 3346 4915 Civitas
3371 4858 3708 4929 operantium

2127 4951 2347 5016 idolum,
2381 4951 2722 5021 supplantata
2750 4951 3028 5021 sanguine.
3064 4972 3083 5004 ι
3112 4951 3300 5022 Galgal
3323 4967 3455 5006 vero
3477 4951 3532 5006 in
3562 4951 3709 5006 tribu

2122 5042 2258 5098 Juda
2288 5058 2454 5113 prope
2477 5043 2684 5110 Bethel,
2711 5045 2776 5100 de
2801 5060 2907 5114 qua
2935 5045 3300 5116 supradictum
3325 5054 3433 5101 est:
3474 5064 3493 5097 ι
3521 5045 3712 5100 Omnis

2129 5134 2368 5204 nequitia
2417 5151 2605 5190 eorum
2663 5135 2718 5190 in
2758 5134 2962 5204 Calgal.
2999 5157 3016 5188 ›
3050 5137 3188 5204 Quia
3237 5153 3366 5208 ergo
3413 5146 3467 5193 et
3520 5138 3706 5192 decem

2131 5224 2339 5289 tribus,
2406 5241 2526 5294 quae
2591 5224 2963 5296 significantur
3027 5243 3124 5298 per
3185 5227 3421 5294 Galaad,
3486 5238 3541 5282 et
3588 5229 3708 5283 dure

2129 5331 2248 5385 qua:
2281 5317 2655 5386 exprimuntur
2701 5331 2799 5386 per
2846 5316 3031 5389 Galgal
3056 5360 3071 5384 ,
3102 5320 3156 5374 in
3184 5321 3373 5376 iisdem
3403 5320 3536 5376 locis
3565 5320 3705 5374 idola

2127 5405 2416 5472 colebant,
2481 5415 2632 5461 recte
2689 5407 2890 5462 dicitur
2937 5426 2950 5462 :
3006 5429 3024 5460 ‹
3058 5408 3114 5463 Si
3165 5409 3368 5467 Galaad
3422 5411 3646 5478 idolum,
3679 5432 3698 5463 ι

2129 5505 2260 5562 etc.,
2287 5499 2340 5553 id
2363 5507 2444 5553 est
2466 5499 2512 5553 si
2534 5499 2718 5554 decem
2746 5500 2920 5555 tribus
2947 5500 3086 5556 idola
3111 5502 3310 5568 colunt,
3339 5519 3459 5573 qua:
3483 5503 3701 5574 temple,

2127 5591 2526 5658 sacerdotibus,
2555 5602 2610 5648 et
2645 5593 2740 5650 Dei
2771 5595 3029 5665 religione
3067 5605 3286 5662 carent,
3317 5605 3495 5650 tamen
3540 5604 3596 5650 tu
3619 5636 3632 5662 ,
3669 5612 3702 5651 o

2124 5680 2286 5747 Juda,
2315 5681 2515 5738 frustra
2545 5685 2712 5740 Deum
2743 5686 3102 5756 dereliquisti,
3130 5697 3185 5741 et
3233 5687 3288 5741 in
3326 5685 3514 5757 Galgal
3561 5686 3702 5742 idola

2124 5776 2401 5829 veneraris
2427 5818 2441 5841 ,
2483 5792 2606 5832 cum
2647 5778 2846 5834 habeas
2885 5780 3180 5850 templum,
3225 5779 3620 5843 sacerdotium,
3646 5787 3704 5832 et

2127 5875 2320 5923 caetera
2349 5883 2468 5939 quae
2495 5870 2561 5924 ad
2593 5885 2777 5926 verum
2810 5872 2969 5926 ritum
2995 5874 3281 5944 pertinent.
3311 5869 3481 5928 Porro
3508 5863 3696 5940 boves,
