4022 6446
243 427 313 482 89
1273 423 1677 482 ENARRATIO
1714 421 1783 477 IN
1821 421 1998 479 OSEE
2035 421 2475 479 PROPIIETAM.
3433 423 3502 478 90

245 544 443 598 vitulos
463 541 712 614 appellat.
748 561 766 595 ι
795 543 932 599 Nam
953 551 1008 599 et
1034 545 1225 600 altaria
1249 557 1434 600 eorum
1460 545 1616 614 quasi
1645 542 1824 598 acervi
1851 545 1905 603 Α
1931 555 2082 603 suus,
2123 555 2231 595 non
2257 539 2401 609 quod
2431 555 2616 595 eorum
2643 540 2903 597 Dominus
2931 539 3018 605 sit,
3048 540 3139 595 sed
3163 539 3307 610 quod
3334 554 3503 611 quou-

246 651 411 705 super
438 634 618 690 sulcos
647 636 785 706 agri,
813 623 832 687 ἱ
865 638 1204 702 subauditur,
1235 637 1613 702 remanebunt,
1651 645 1705 690 et
1740 651 1827 691 re-

248 727 564 798 linquentur
593 728 796 797 absque
828 727 1070 795 cultura,
1103 728 1210 784 illis
1255 729 1310 784 in
1340 729 1707 798 captivitatem
1733 729 1830 783 du-

247 819 388 885 etis,
431 818 592 874 sicuti
640 817 831 874 tumuli
868 820 935 876 de
981 819 1251 890 lapidibus
1296 830 1353 876 et
1389 821 1570 876 arenis
1598 834 1828 890 congre—

250 908 380 980 gati.

328 1045 348 1078 ι
385 1023 547 1096 Fugit
595 1024 764 1102 Jacﬁob
818 1028 873 1082 in
924 1029 1199 1098 regionem
1248 1029 1436 1102 Syriae.
1472 1048 1490 1078 ι
1539 1028 1831 1083 Historiam

251 1117 525 1173 Geneseos
555 1101 779 1189 tang'ere
806 1121 1068 1191 propheta
1095 1101 1327 1186 videtur,
1356 1120 1583 1190 loquens
1613 1121 1678 1173 de
1707 1118 1834 1189 fuga

252 1211 438 1277 Iacob,
464 1213 556 1282 qui
583 1211 719 1283 fugit
741 1214 805 1266 ad
830 1213 1013 1269 Laban
1041 1215 1364 1270 avunculum
1391 1229 1546 1268 suum
1574 1213 1627 1266 in
1654 1212 1833 1283 regio-

254 1321 374 1361 nem
407 1305 595 1377 Syriae,
621 1307 688 1361 de
710 1322 818 1376 quo
843 1317 900 1362 et
925 1323 1089 1378 supra
1117 1309 1326 1364 dixerat
1351 1327 1363 1362 :
1387 1329 1405 1360 ‹
1435 1307 1493 1362 In
1524 1317 1678 1362 utero
1710 1322 1836 1376 sup-

252 1398 516 1469 plantavit
551 1397 776 1454 fratrem
806 1416 961 1455 suum
983 1443 998 1468 ,
1035 1413 1090 1456 et
1119 1402 1173 1457 in
1214 1401 1529 1457 fortitudine
1572 1417 1666 1456 sua
1694 1400 1838 1455 dire-

254 1500 372 1545 ctus
398 1500 480 1546 est
507 1507 631 1546 cum
662 1493 870 1564 angelo.
906 1513 925 1545 ›
965 1513 983 1545 ι
1016 1494 1082 1548 Ει
1109 1495 1332 1550 servivit
1359 1493 1544 1559 Israel;
1575 1514 1593 1546 ι
1623 1495 1728 1548 hoc
1755 1501 1839 1548 est

254 1582 369 1651 ipse
402 1581 586 1647 Iacob,
649 1585 754 1638 «in
804 1600 994 1651 uxore,
1027 1605 1046 1638 ι
1102 1587 1157 1641 id
1197 1595 1280 1643 est
1324 1595 1544 1658 propter
1591 1601 1834 1653 uxorem,

255 1674 455 1730 Rachel
486 1676 725 1742 scilicet,
761 1687 965 1748 septem
993 1679 1149 1733 anuis
1179 1695 1405 1750 pascens
1430 1695 1560 1736 oves
1586 1680 1836 1736 avunculi

254 1766 359 1820 sui.
395 1787 414 1819 c
447 1767 515 1822 Et
539 1769 593 1824 in
625 1785 796 1826 uxore
841 1772 1115 1839 servivit,»
1149 1789 1250 1844 pro
1278 1774 1382 1830 alia
1411 1774 1668 1830 videlicet
1705 1775 1838 1830 alios

253 1869 477 1929 septem.

330 1989 349 2023 ι
389 1972 448 2025 lu
499 1975 760 2044 propheta
815 1983 994 2032 autem
1044 1978 1230 2033 eduxit
1278 1994 1401 2035 eum
1455 1980 1716 2036 Dominus
1771 1979 1838 2036 de

255 2062 513 2136 Egypto,
539 2075 594 2120 et
619 2066 673 2121 iu
694 2068 953 2139 propheta
976 2078 1222 2126 servatus
1242 2079 1342 2127 est.
1369 2092 1388 2123 ι
1419 2071 1556 2138 Quia
1584 2075 1649 2127 de
1672 2072 1838 2128 Iacob

256 2165 313 2212 et
355 2157 517 2213 Israel
553 2159 836 2215 historiam
871 2169 1053 2217 texere
1083 2172 1354 2234 coeperat,
1386 2164 1665 2236 coujungit
1698 2164 1838 2236 patri

255 2245 431 2312 ﬁlios,
465 2248 649 2304 dicens
681 2265 695 2304 :
732 2271 750 2302 ι
780 2251 836 2305 In
878 2255 1140 2324 propheta
1188 2256 1370 2311 eduxit
1414 2272 1536 2311 eum
1581 2257 1840 2313 Dominus

253 2339 322 2392 de
346 2339 606 2412 1Egypto,
638 2362 656 2395 ι
687 2346 740 2400 in
759 2345 939 2420 Moyse
954 2348 1219 2412 videlicet,
1239 2365 1344 2420 quo
1361 2361 1614 2407 monente
1635 2352 1841 2424 egressi

254 2443 381 2488 sunt
410 2436 476 2490 de
506 2445 650 2491 terra
679 2438 918 2512 Egypti.
954 2443 1051 2497 Vel
1072 2453 1238 2510 certe,
1271 2447 1316 2501 si
1346 2447 1508 2502 altius
1543 2451 1661 2504 haec
1692 2449 1840 2505 volu-

257 2539 377 2579 mus
407 2525 724 2599 intelligere,
759 2532 1038 2599 Dominus,
1064 2537 1118 2590 id
1148 2547 1231 2592 est
1262 2539 1401 2594 Deus
1429 2541 1608 2608 Pater,
1642 2542 1696 2596 in
1717 2557 1842 2614 pro-

255 2615 441 2684 pheta,
475 2618 525 2672 id
555 2630 636 2676 est
667 2624 723 2676 in
760 2622 997 2692 Christo,
1029 2629 1282 2698 populum
1319 2648 1476 2687 suum
1508 2634 1573 2689 de
1605 2635 1842 2690 tenebris

256 2707 590 2768 inﬁdelitatis
616 2714 820 2769 eduxit.
855 2716 1025 2773 Porro
1069 2719 1121 2774 in
1153 2724 1413 2792 propheta
1441 2724 1582 2779 idem
1613 2726 1843 2795 populus

255 2813 506 2859 servatus
533 2815 647 2872 est,
674 2810 891 2878 quando
921 2825 1022 2881 pro
1048 2822 1272 2882 peccato
1303 2815 1476 2882 vituli,
1509 2817 1722 2873 Domini
1763 2819 1843 2874 ira

254 2895 544 2963 saeviente,
583 2907 889 2969 prostratus
915 2918 1099 2958 coram
1130 2920 1194 2960 eo
1222 2906 1360 2961 dixit
1388 2927 1400 2960 :
1438 2928 1455 2959 ι
1485 2906 1593 2963 Aut
1636 2910 1846 2966 dimitte

253 2986 372 3052 eis,
421 2997 513 3044 aut
558 2989 678 3046 dele
723 3007 809 3047 me
857 2994 921 3049 de
972 2976 1110 3050 libro
1155 3005 1279 3065 tuo,
1313 3018 1331 3050 ι
1380 3008 1519 3066 etc.,
1569 3017 1846 3072 quousque

253 3095 576 3150 responsum
621 3092 706 3140 est
739 3085 789 3140 ei
828 3104 890 3142 ε(
920 3087 1109 3143 Dimisi
1146 3088 1301 3158 juxta
1346 3091 1572 3148 verbum
1617 3101 1784 3148 tuum.
1823 3118 1840 3145 ι

251 3171 378 3226 Non
427 3176 666 3243 errabit,
717 3179 808 3248 qui
855 3180 1314 3251 supplantatorem
1364 3184 1530 3241 Iacob
1577 3195 1633 3241 et
1681 3185 1847 3242 Israel

1935 614 2059 688 dam
2081 632 2339 688 Dominus
2369 647 2554 688 eorum
2581 632 2702 688 fuit.

2499 786 2726 844 CAPUT
2779 788 2913 844 XIII.

2010 920 2028 952 ‹
2058 901 2336 970 Loquente
2358 898 2636 969 Ephraim,
2677 899 2873 954 horror
2908 899 3107 956 invasit
3125 898 3309 955 Israel.
3349 916 3368 950 ›
3395 896 3502 953 Lo-

1935 1000 2134 1059 quente
2183 989 2460 1057 Ephraim,
2490 989 2543 1043 id
2576 996 2660 1042 est
2697 986 3001 1054 Jeroboam,
3041 989 3151 1044 ﬁlio
3178 987 3406 1050 Nabath,
3439 988 3508 1044 de

1934 1063 2077 1135 tribu
2100 1080 2377 1150 Ephraim,
2414 1088 2468 1134 et
2492 1079 2834 1150 praacipiente
2857 1091 2916 1133 ut
2937 1078 3078 1133 idola
3098 1080 3353 1146 colerent,
3381 1081 3506 1136 hor-

1935 1188 2048 1238 ror,
2077 1172 2131 1226 id
2154 1181 2238 1226 est
2265 1172 2426 1226 timor
2463 1172 2661 1226 nimius
2705 1172 2903 1226 invasit
2927 1170 3111 1236 Israel,
3144 1171 3407 1226 iutantum
3449 1181 3512 1227 ut

1936 1264 2104 1319 Deum
2133 1263 2550 1333 derelinqueret,
2580 1271 2635 1318 et
2654 1262 2809 1318 idolis
2831 1263 3181 1318 sacrificaret.
3207 1262 3360 1318 Unde
3379 1263 3508 1318 sub-

1938 1357 2084 1413 ditur
2110 1374 2122 1410 :
2149 1375 2165 1407 ι
2190 1356 2256 1411 Et
2287 1357 2511 1426 deliquit
2539 1357 2592 1410 iu
2621 1356 2774 1423 Baal,
2811 1375 2829 1409 ι
2865 1355 3007 1411 idolo
3035 1356 3240 1411 scilicet
3263 1354 3521 1428 Sidonio:

1939 1463 2080 1514 rum,
2105 1448 2195 1517 qui
2223 1458 2278 1504 et
2296 1449 2411 1518 ipse
2432 1459 2517 1504 est
2543 1447 2658 1514 Bel,
2693 1465 2712 1498 ‹
2741 1457 2796 1502 et
2827 1456 3070 1502 mortuus
3095 1454 3199 1515 est,
3242 1466 3260 1498 ι
3286 1446 3514 1501 inﬁdeli-

1941 1547 2050 1594 tate
2073 1539 2304 1609 perdens
2339 1556 2483 1607 eum,
2507 1540 2598 1610 qui
2631 1539 2790 1595 dicit:
2820 1559 2840 1591 ι
2874 1539 2988 1611 Ego
3013 1554 3132 1594 sum
3147 1539 3278 1593 vita.
3315 1558 3332 1590 ι
3368 1536 3514 1592 Scri-

1938 1639 2090 1702 ptum
2131 1640 2215 1687 est
2254 1633 2398 1688 enim
2427 1650 2439 1686 :
2495 1651 2512 1684 ‹
2546 1633 2740 1689 Anima
2767 1648 2886 1703 qua:
2907 1633 3212 1703 peccaverit
3247 1632 3360 1702 ipsa
3397 1645 3515 1685 mo-

1941 1725 2129 1779 rietur.
2169 1745 2188 1777 ›
3308 1707 3314 1714 ’

2035 1835 2053 1869 ι
2108 1818 2176 1873 Et
2226 1835 2369 1874 nunc
2427 1818 2748 1874 addiderunt
2798 1831 2864 1875 ad
2919 1820 3273 1891 peccandum.
3329 1838 3347 1871 ι
3380 1816 3514 1872 Pec-

1864 1903 1914 1964 B
1943 1919 2123 1964 catum
2171 1909 2486 1965 idololatrite
2527 1920 2750 1981 peccato
2789 1911 3121 1981 copulantes,
3174 1931 3192 1963 ‹
3247 1908 3518 1966 fecerunt-

1940 2014 2045 2070 que
2087 2000 2190 2055 sibi
2217 2001 2503 2066 conﬁatile,
2541 2022 2560 2061 ›
2589 2001 2644 2057 id
2689 2011 2771 2058 est
2819 2002 3068 2068 vitulum,
3120 2021 3139 2053 ι
3191 2001 3256 2058 de
3293 2007 3519 2071 argento

1941 2110 2059 2159 suo,
2091 2109 2113 2145 ι
2148 2103 2208 2149 ut
2233 2096 2442 2151 scilicet
2484 2096 2746 2175 haberent
2794 2097 2897 2167 ipsi
2944 2109 3158 2166 quoque
3217 2109 3344 2150 suos
3379 2093 3519 2147 vitu-

1941 2183 2085 2252 108,1
2123 2187 2279 2256 quasi
2327 2186 2732 2242 similitudinem
2792 2186 3076 2264 idolorum.
3129 2205 3148 2238 ι
3184 2183 3321 2252 Quia
3376 2181 3522 2237 enim

1944 2292 2037 2332 rex
2085 2277 2319 2334 habebat
2363 2278 2493 2333 deos
2543 2293 2755 2346 aureos,
2795 2280 2917 2350 ipsi,
2950 2279 3003 2335 id
3047 2286 3130 2335 est
3165 2277 3346 2348 populi
3395 2276 3520 2330 sub-

1936 2366 2088 2437 jecti,
2130 2369 2429 2423 secundum
2464 2383 2616 2424 suam
2665 2369 3078 2440 possibilitatem
3112 2370 3166 2424 in
3208 2366 3518 2423 similitudi-

1941 2479 2066 2519 nem
2096 2463 2308 2520 illorum
2330 2463 2575 2521 fecerunt
2598 2465 2700 2520 sibi
2733 2466 2862 2522 deos
2891 2473 3192 2537 argenteos.
3227 2483 3245 2516 ‹
3291 2462 3520 2518 Factura

1944 2557 2211 2614 artiﬁcum
2241 2567 2409 2614 totum
2431 2568 2532 2625 est,
2569 2579 2588 2611 ι
2626 2558 2678 2613 id
2705 2568 2789 2615 est
2813 2575 2950 2631 opus
2975 2559 3230 2624 hominis,
3263 2572 3374 2613 non
3401 2556 3518 2612 Dei.

1951 2670 1968 2702 ι
2000 2651 2095 2708 His
2137 2652 2236 2722 ipsi
2280 2653 2465 2708 dicunt
2508 2671 2521 2706 :
2565 2652 2842 2709 Immolate
2891 2653 3156 2718 homines,
3206 2651 3402 2708 vitulos
3430 2650 3524 2705 ad-

1945 2750 2182 2811 orauws.
2215 2761 2235 2795 ι
2264 2742 2416 2798 Sicut
2441 2743 2593 2799 verbi
2621 2744 2794 2816 gratia
2823 2743 2950 2799 fecit
2973 2743 3248 2798 Manasses
3281 2752 3336 2798 et
3369 2740 3521 2797 multi

1946 2835 2058 2900 alii,
2082 2837 2147 2891 de
2167 2835 2362 2906 quibus
2389 2837 2650 2906 scriptum
2675 2844 2786 2892 est:
2814 2831 3231 2891 Immolaverunt
3247 2835 3386 2890 ﬁlios
3399 2849 3524 2890 suos

1946 2934 2002 2981 et
2030 2927 2165 2982 tilias
2195 2943 2321 2983 suas
2356 2929 2708 2985 daemonibus.
2749 2929 2876 2984 Acsi
2914 2938 3099 3000 aperte
3129 2930 3365 2984 diceret:
3393 2929 3521 2994 Vos,

1948 3019 2185 3075 cultores
2215 3020 2504 3086 idolorum,
2525 3022 2650 3092 quia
2674 3022 2865 3077 hostiae
2890 3037 2997 3076 non
3040 3030 3353 3092 suppetunt,
3385 3021 3525 3077 ﬁlios

1948 3119 2004 3165 et
2031 3111 2170 3166 tilias
2195 3121 2406 3166 vestras
2425 3113 2565 3167 idola
2581 3114 2860 3169 vobiscum
2885 3114 3145 3178 colentes,
3164 3113 3314 3169 idest
3342 3114 3525 3169 vitulis

1953 3201 2244 3258 immolata.
2296 3201 2391 3258 Sin
2431 3212 2608 3258 autem
2657 3205 2738 3275 (ut
2768 3205 2988 3274 quidam
3022 3204 3226 3274 volunt)
3259 3204 3527 3259 daemones

251 3263 531 3319 videntem
561 3266 728 3322 Deum
758 3269 813 3324 in
843 3278 970 3342 typo
1009 3273 1221 3328 Domini
1252 3275 1450 3330 dixerit
1478 3278 1839 3347 praecessisse,

1948 3295 2240 3366 loquuntur
2266 3297 2332 3352 ad
2347 3296 2632 3366 populum:
2702 3263 2978 3352 Immolate
2996 3263 3262 3362 homines,
3288 3317 3305 3349 ι
3331 3297 3527 3354 vitulos

247 3365 303 3413 et
355 3356 558 3413 Rachel
600 3362 777 3431 primo
827 3365 1065 3422 sterilem
1113 3377 1276 3440 atque
1320 3369 1634 3439 formosam,
1682 3389 1842 3444 quam

245 3449 546 3518 plurimum
570 3444 759 3509 dilexit
779 3455 965 3525 Jacob,
991 3460 1298 3530 signiﬁcare
1324 3464 1620 3521 Ecclesiam
1649 3485 1661 3521 :
1690 3467 1843 3523 Liam

247 3551 437 3596 autem
468 3542 813 3614 lippientibus
833 3549 1007 3605 oculis
1030 3559 1192 3622 atque
1216 3552 1519 3620 fecundam,
1547 3555 1844 3630 Synagogaa

246 3643 594 3689 sacramenta
625 3647 947 3707 monstrare,
977 3650 1031 3696 et
1060 3645 1203 3714 quod
1230 3644 1344 3714 ipse
1373 3648 1707 3703 credentium
1741 3665 1842 3720 po-

244 3725 436 3795 pulum
497 3727 746 3787 eduxerit
792 3732 859 3787 de
902 3735 1140 3791 tenebris
1194 3737 1355 3809 hujus
1403 3741 1619 3805 seaculi,
1671 3750 1726 3798 et
1774 3744 1843 3798 ad

245 3813 585 3874 lucidissima
615 3819 866 3880 Iordanis
901 3824 1132 3895 Ilueuta,
1163 3829 1216 3884 id
1245 3842 1330 3886 est
1365 3831 1695 3903 baptismum
1721 3850 1843 3906 per-

244 3911 484 3965 venerit.

332 4031 450 4086 «Λᾶ
476 4033 816 4091 iracundiam
836 4053 924 4094 me
945 4044 1263 4109 provocavit
1292 4045 1548 4116 Ephraim
1570 4047 1624 4101 in
1641 4049 1842 4103 amari-

251 4121 534 4177 tudinibus
559 4125 690 4180 suis.
714 4147 733 4178 ι
756 4127 960 4184 Sensus
984 4141 1068 4186 est
1084 4151 1096 4185 :
1114 4133 1248 4188 Cum
1270 4152 1370 4207 ego
1392 4137 1669 4207 Ephraim,
1689 4139 1741 4193 id
1759 4150 1844 4195 est

247 4229 447 4270 omnes
477 4216 663 4298 decem
699 4217 872 4275 tribus
900 4221 967 4276 de
1002 4222 1258 4294 AEgyptia
1288 4228 1549 4283 servitute
1574 4229 1842 4285 liberave-

247 4305 379 4370 rim,
403 4305 678 4377 multaque
707 4309 849 4365 bona
884 4311 958 4367 illi
987 4317 1371 4382 concesserim,
1402 4320 1717 4390 provocavit
1732 4336 1838 4386 me,

247 4397 347 4467 qui
361 4412 480 4451 sum
498 4407 693 4453 natura
708 4400 1077 4470 dulcissimus,
1096 4405 1152 4460 iu
1168 4391 1284 4462 suis
1300 4409 1772 4477 amaritudinibus,
1787 4411 1841 4466 id

246 4493 336 4540 est
367 4485 494 4541 fecit
514 4502 601 4544 me
637 4505 904 4556 amarum,
936 4503 993 4549 et
1027 4497 1206 4568 coegit
1252 4498 1478 4554 reddere
1519 4499 1834 4555 vindictam.

253 4599 271 4630 ε
309 4578 379 4634 Et
404 4582 622 4651 sanguis
644 4581 760 4651 ejus
785 4600 949 4656 super
967 4602 1088 4643 eum
1118 4590 1315 4654 veniet,
1359 4611 1378 4643 ι
1404 4591 1458 4645 id
1490 4601 1576 4647 est
1597 4592 1714 4662 ipse
1734 4595 1837 4649 erit

247 4684 414 4726 causa
451 4673 644 4728 mortis
685 4674 824 4745 ejus,
867 4676 920 4732 id
963 4686 1046 4734 est
1087 4688 1312 4750 propter
1353 4690 1638 4751 peccatum
1677 4700 1833 4738 suum

249 4762 483 4816 ducetur
521 4765 785 4834 captivus,
835 4777 892 4823 et
936 4770 1294 4828 interﬁeietur
1333 4773 1403 4828 ab
1440 4776 1706 4840 hostibus,
1743 4791 1851 4834 se-‘

250 4855 488 4911 cundum
511 4857 655 4928 quod
683 4859 850 4914 David
878 4862 946 4916 ad
971 4877 1118 4929 eum,
1147 4866 1240 4934 qui
1269 4881 1326 4921 se
1359 4865 1572 4923 Saulem
1608 4868 1834 4925 interfe-

251 4947 397 5003 cisse
425 4949 730 5016 nuntiabat,
777 4951 951 5009 dicit:
989 4973 1008 5005 ‹
1045 4953 1278 5026 Sanguis
1319 4965 1445 5012 tuus
1491 4974 1653 5029 super
1675 4970 1838 5030 caput

252 5050 430 5095 tuum.
466 5061 486 5092 ι
523 5060 542 5093 ί
577 5041 646 5097 Ει
669 5045 1017 5112 opprobrium
1067 5045 1184 5115 ejus
1226 5049 1475 5104 restituet
1499 5052 1548 5105 ei
1575 5044 1837 5106 Dominus

253 5134 400 5189 Deus
429 5143 572 5201 tuus,
615 5157 634 5188 ›
669 5136 721 5192 id
751 5145 837 5192 est
860 5136 1154 5192 vindictam
1181 5137 1529 5208 blasphemia:
1555 5157 1662 5211 qua
1694 5143 1836 5196 dixi-

255 5225 355 5278 sti:
379 5243 399 5276 ‹
431 5224 519 5280 Isti
547 5226 764 5282 suntdii
786 5227 861 5282 tui
884 5226 978 5297 qu
1001 5235 1053 5280 te
1081 5226 1386 5283 eduxerunt
1413 5230 1478 5284 de
1506 5238 1651 5285 terra
1678 5231 1842 5304 Egy-

256 5316 364 5392 pti,
392 5340 411 5367 ι
432 5314 594 5373 faciet
619 5317 881 5374 Dominus
905 5333 1071 5388 super
1091 5327 1146 5374 te
1173 5319 1380 5376 venire.
1413 5319 1642 5392 Semper
1671 5324 1843 5381 haere-

259 5391 862 5468 tiei'clementissimum
885 5412 1170 5468 Dominum
1194 5414 1263 5469 ad
1290 5391 1630 5472 iracundiam
1651 5433 1842 5488 provo-

260 5509 408 5565 cant,
433 5510 490 5556 et
513 5503 606 5572 qui
627 5503 800 5574 magis
818 5503 930 5557 vult
955 5503 1330 5573 paenitentiam
1360 5509 1664 5574 peccatoris
1681 5525 1842 5581 quam

260 5604 518 5660 mortem,
572 5597 770 5651 duritia
816 5597 998 5653 cordis
1043 5597 1127 5653 sui
1169 5598 1361 5668 punire
1401 5601 1748 5670 compellunt.
1778 5603 1847 5658 Et

261 5689 484 5758 sanguis
504 5703 712 5755 eorum,
737 5704 845 5760 quo
873 5699 929 5745 et
949 5705 1108 5745 suum
1150 5701 1207 5744 et
1226 5690 1518 5746 multorum
1541 5692 1847 5750 elfuderunt

263 5782 600 5852 sanguinem,
623 5780 804 5835 veniet
830 5795 992 5850 super
1004 5795 1119 5846 eos,
1142 5787 1197 5835 et
1214 5781 1500 5851 Opprobria
1525 5784 1720 5854 quibus
1742 5784 1846 5840 Do-

267 5872 420 5930 mino
480 5872 928 5949 blasphemabant
973 5871 1222 5928 restituet
1271 5872 1350 5926 eis
1399 5872 1658 5931 Dominus
1703 5877 1845 5933 Deus

1867 4641 1916 4702 D

1946 3388 2090 3445 enim
2123 3387 2392 3444 deferunt.
2425 3384 2742 3445 Ostenditur
2774 3390 3038 3462 ingluvies
3053 3405 3239 3445 eorum
3262 3390 3356 3461 qui
3390 3404 3523 3444 sau-

1944 3480 2104 3550 guine
2131 3480 2473 3535 victimarum
2519 3480 2738 3536 aluntur
2763 3490 2820 3538 et
2860 3482 3297 3536 holocaustorum
3348 3481 3517 3545 fumo,

1944 3572 2108 3642 quod,
2136 3571 2514 3628 deﬁcientibus
2535 3571 2751 3640 hostiis,
2795 3574 3043 3629 homines
3074 3573 3301 3644 cupiunt
3337 3572 3529 3628 immo-

1943 3663 2067 3730 lari,
2118 3681 2348 3734 quorum
2375 3681 2482 3721 non
2533 3666 2704 3721 solum
2734 3666 2979 3734 interitu,
3013 3667 3108 3724 sed
3145 3674 3203 3722 et
3222 3681 3416 3722 cruore
3441 3665 3529 3720 lae-

1946 3762 2148 3810 tantur.

2021 3866 2039 3898 ι
2075 3845 2283 3902 Idcirco
2304 3855 2465 3902 erunt
2490 3847 2648 3916 quasi
2680 3848 2850 3904 nubes
2880 3851 3167 3916 matutina,
3199 3859 3254 3906 et
3280 3850 3421 3906 sicut
3443 3863 3531 3903 res

1944 3942 2242 3996 matutinus
2267 3941 2640 4012 pertransiens
2668 3957 2681 3993 :
2710 3941 2854 3996 sicut
2891 3941 3067 4011 pulvis
3105 3941 3321 3997 turbine
3347 3948 3531 4010 raptus

1943 4052 2012 4090 ex
2043 4051 2191 4100 area,
2220 4044 2276 4089 et
2306 4035 2447 4090 sicut
2477 4033 2657 4088 fumus
2687 4033 2755 4088 de
2794 4032 3048 4088 fumario.
3098 4052 3116 4084 ι
3151 4032 3287 4099 Quia
3311 4033 3530 4101 (inquit)

1944 4127 2196 4182 homines
2241 4127 2447 4191 vitulis,
2491 4125 2598 4179 imo
2642 4141 2748 4180 uuo
2780 4124 2949 4180 vitulo
2992 4124 3425 4188 immolaverunt,
3477 4136 3532 4180 et

1946 4211 2310 4274 adoraverunt
2338 4216 2554 4283 vitulos,
2586 4217 2794 4272 idcirco
2820 4225 2980 4272 erunt
2996 4217 3151 4287 quasi
3177 4217 3366 4282 nubes,
3398 4223 3524 4277 etc.,

1945 4324 2064 4380 quae
2093 4308 2274 4362 omnia
2295 4308 2546 4363 videntur
2562 4307 2629 4361 ad
2653 4315 2884 4378 tempus,
2912 4317 2967 4361 et
2985 4307 3093 4361 cito
3113 4321 3233 4361 esse
3259 4305 3528 4360 desinunt.

1923 4399 2125 4460 ,Nubes
2160 4399 2304 4454 enim
2333 4407 2388 4454 et
2420 4413 2511 4454 ros
2541 4397 2653 4454 sole
2701 4399 3023 4454 adveniente
3069 4398 3324 4469 fugantur
3357 4404 3411 4452 et
3436 4411 3528 4450 ex-

1943 4495 2248 4558 siccantur;
2280 4492 2458 4562 pulvis
2501 4506 2718 4563 quoque
2756 4491 2824 4548 de
2867 4507 2990 4546 area
3032 4501 3234 4562 raptus,
3261 4499 3317 4545 et
3349 4489 3531 4544 fumus

1944 4586 2011 4640 de
2034 4584 2271 4640 fumario
2299 4584 2354 4638 in
2383 4592 2574 4639 tenues
2598 4599 2761 4639 auras
2791 4583 3178 4639 dissolvuntur.
3223 4582 3376 4638 Unde
3405 4591 3489 4636 est
3513 4600 3526 4636 :

1943 4679 2096 4734 Sicut
2122 4677 2514 4743 deﬁcitfumus,
2540 4677 2809 4732 deﬁcient.
2833 4677 2900 4731 Et
2925 4686 3010 4732 est
3036 4676 3257 4733 sensus":
3283 4676 3425 4731 sicut
3445 4675 3530 4732 hac

1942 4779 2178 4841 quatuor
2200 4769 2379 4824 subito
2402 4768 2741 4832 dilabuntur,
2768 4769 2848 4822 sic
2877 4767 2951 4821 illi
2979 4768 3158 4822 subito
3189 4767 3452 4822 ducentur
3474 4767 3528 4821 iu

1941 4861 2215 4932 Assyrios.
2248 4859 2403 4915 Unde
2435 4873 2599 4929 supra
2629 4858 2832 4913 dictum
2859 4869 2944 4912 est
2965 4873 2979 4911 :
3001 4877 3019 4908 ι
3053 4856 3206 4914 Sicut
3232 4873 3390 4913 mane
3413 4872 3531 4928 per-

1945 4952 2160 5018 transit,
2187 4952 2260 5006 ita
2291 4950 2609 5022 pertransiit
2638 4965 2736 5005 rex
2764 4949 2946 5005 Israel.
2987 4969 3006 5002 »
3049 4948 3189 5004 Nubi
3216 4957 3396 5005 autem
3415 4963 3530 5002 ma-

1945 5047 2153 5111 tutinw,
2185 5053 2241 5100 et
2268 5044 2398 5109 rori,
2432 5052 2489 5098 et
2525 5042 2732 5113 pulveri
2754 5043 2992 5098 haeretici
3017 5050 3420 5113 comparantur,
3463 5040 3542 5095 de.

1944 5137 2140 5209 quibus
2175 5137 2229 5190 iu
2253 5134 2491 5206 Epistola
2516 5134 2783 5189 catholica
2809 5133 3038 5205 legimus
3065 5152 3078 5188 :
3103 5133 3170 5188 Ili
3211 5141 3339 5188 sunt
3361 5130 3532 5185 nubes

1946 5231 2064 5285 sine
2095 5229 2272 5299 aquis.
2313 5228 2526 5283 Habent
2561 5229 2706 5282 enim
2754 5229 2994 5298 speciem
3037 5228 3424 5298 prophetarum
3478 5234 3534 5278 et

1947 5323 2168 5378 nubium
2215 5321 2656 5392 apostolicarum,
2693 5321 2761 5376 ad
2801 5337 2936 5391 quas
2965 5322 3060 5376 Dei
3099 5318 3300 5373 veritas
3344 5332 3530 5388 perve-

1946 5418 2046 5477 nit.
2079 5418 2174 5472 sed
2205 5432 2312 5471 non
2341 5416 2546 5470 habent
2579 5430 2772 5485 aquas,
2809 5415 2864 5470 id
2894 5421 2978 5470 est
3025 5413 3256 5484 gratiam
3299 5410 3534 5482 Spiritus

1948 5509 2141 5574 sancti,
2170 5509 2236 5563 de
2274 5523 2380 5578 quo
2421 5508 2680 5563 Dominus
2701 5508 2834 5563 dicit
2865 5525 2878 5560 :
2920 5525 2939 5558 ι
2982 5505 3085 5574 Qui
3119 5505 3293 5560 credit
3340 5505 3394 5559 in
3424 5519 3529 5570 me,

1946 5598 2168 5654 ﬂumina
2195 5599 2262 5654 de
2289 5608 2479 5654 ventre
2508 5598 2626 5668 ejus
2648 5598 2816 5654 Ilueut
2839 5613 2992 5667 aqua:
3014 5597 3168 5652 vivae.
3200 5616 3220 5648 ι

2024 5715 2041 5746 ι
2079 5695 2192 5764 Ego
2212 5705 2392 5749 autem
2418 5694 2680 5749 Dominus
2708 5695 2848 5748 Deus
2874 5701 3075 5748 tuusex
3090 5703 3234 5748 terra
3252 5691 3487 5763 lEgypti.
3513 5711 3530 5740 ι

1945 5785 2043 5840 Fui
2095 5785 2435 5851 subauditur,
2488 5802 2554 5840 ex
2588 5800 2698 5854 quo
2723 5784 2882 5839 eduxi
2910 5792 2962 5839 te
2992 5784 3059 5839 de
3089 5783 3325 5855 [Ευριο
3367 5800 3379 5834 :
3431 5802 3449 5833 ς
3485 5790 3538 5836 et

1947 5878 2116 5934 Deum
2145 5877 2348 5946 absque
2388 5893 2474 5932 me
2505 5877 2739 5944 nescies,
2766 5884 2821 5930 et
2842 5885 3037 5947 praeter
3067 5891 3156 5932 me
3189 5890 3295 5931 non
3322 5881 3404 5930 est
3433 5871 3538 5926 sal:
