4022 6450
241 433 311 490 93
730 446 739 453 ο
1272 426 1672 488 ENARRATIO
1711 424 1778 481 IN
1816 426 1992 486 esse
2028 427 2472 488 merueram.
3458 441 3525 503 ει

240 552 417 624 piens,
442 549 567 622 quia
597 558 786 605 verum
836 561 940 602 non
972 547 1222 619 cognovit
1250 548 1475 616 patrem“
1505 544 1705 612 Deum,
1729 560 1829 615 pro
1860 546 1909 609 Α
1937 559 2089 602 more
2117 546 2291 603 virilis
2314 549 2536 606 seminis
2565 552 2844 624 concepit;
2889 555 3030 610 unde
3071 562 3154 610 est
3187 574 3198 608 :
3242 554 3522 624 Quomodo

239 660 348 715 quo
374 642 520 701 idola
549 638 733 697 coluit.
776 659 793 692 ι
834 637 990 697 Nunc
1012 640 1155 697 enim
1187 655 1294 695 non
1328 637 1494 695 stabit
1544 638 1598 692 in
1622 638 1827 693 contri-

240 740 388 795 tione
436 736 703 799 ﬁliorum,
741 756 758 788 ι
797 735 851 791 id
903 744 1010 801 est,
1038 750 1165 791 cum
1199 733 1573 804 parturitionis
1614 733 1730 789 dies
1776 740 1833 788 et

240 828 572 899 captivitatis
612 825 926 890 advenerit,
953 839 1065 883 non
1097 825 1298 896 poterit
1319 824 1590 881 sustinere
1630 823 1841 885 malum

239 929 295 976 et
337 919 719 976 contritionem
772 916 1006 973 filiorum
1052 914 1308 981 sufferre,
1337 917 1431 987 qui
1468 916 1828 987 praisentibus

237 1010 486 1083 patribus
514 1008 939 1074 interlicientur;
967 1007 1052 1062 vel
1072 1022 1178 1064 non
1205 1008 1443 1073 stabunt,
1468 1007 1593 1078 quia
1629 1007 1828 1077 captivi

239 1103 522 1158 ducentur.

312 1211 332 1243 ι
379 1190 455 1247 De
482 1206 646 1250 manu
700 1189 891 1247 mortis
932 1188 1175 1246 liberabo
1213 1204 1335 1257 eos,
1370 1190 1441 1249 de
1463 1197 1638 1247 morte
1685 1189 1832 1246 redi-

235 1300 381 1340 mam
405 1299 516 1342 eos.
564 1304 582 1341 ι
620 1283 711 1339 Eis
737 1283 975 1354 loquitur
995 1283 1138 1339 Deus
1166 1283 1506 1359 omnipoteris
1526 1324 1542 1349 ,
1572 1297 1707 1353 quos
1731 1298 1830 1338 sua

234 1378 410 1449 gratia
461 1377 693 1433 liberare
745 1377 1020 1447 dignatur.
1071 1376 1149 1432 De
1193 1392 1379 1443 mauu,
1408 1376 1601 1449 inquit,
1634 1377 1830 1434 mortis

233 1466 498 1532 liberabo,
531 1465 584 1522 id
612 1475 696 1521 est
743 1467 808 1523 de
840 1481 1005 1536 opere
1038 1467 1246 1536 peccati
1276 1508 1290 1532 ,
1328 1467 1475 1537 quod
1506 1468 1826 1525 att-mortem

234 1561 405 1643 trahit
434 1576 449 1615 :
491 1561 615 1632 quia
647 1561 794 1616 enim
833 1576 995 1616 manu
1026 1576 1161 1631 opus
1187 1560 1366 1633 agitur
1386 1602 1401 1626 ,
1436 1569 1582 1616 recte
1635 1577 1829 1617 manus

233 1657 445 1727 peccati
484 1656 661 1726 ipsum
708 1672 844 1727 opus
873 1655 1213 1729 intelligitur,
1254 1671 1362 1725 quo
1407 1656 1589 1715 anima
1616 1655 1827 1710 interfi—

234 1748 395 1803 citur.
416 1747 570 1805 Unde
592 1749 853 1820 scriptum
881 1756 1005 1807 est:
1036 1767 1057 1801 (
1096 1747 1243 1806 Mors
1263 1757 1325 1805 et.
1356 1749 1464 1811 vita
1494 1749 1549 1803 in
1578 1749 1827 1807 manibus

235 1842 465 1912 linguae;
509 1863 526 1895 ι
561 1842 648 1897 vel
680 1850 829 1898 certe
880 1856 1071 1896 cianus
1119 1841 1344 1912 peccati,
1387 1840 1706 1911 intelligitur
1726 1855 1824 1911 po-

1933 638 2026 696 tiet
2079 641 2222 697 istud
2245 684 2261 708 ,
2288 643 2543 714 quoniam
2593 645 2770 702 virum
2805 661 2912 702 non
2954 649 3261 720 cognosco?
3289 647 3522 705 Pulchre

1930 740 2112 789 autem
2144 739 2253 787 tam
2286 733 2338 787 in
2379 732 2519 789 Isaia
2540 750 2704 805 quam
2734 736 2788 791 in
2809 738 3063 806 prxesenti
3091 738 3232 805 loco,
3272 737 3370 795 ﬂos
3409 738 3523 799 sive

1929 834 2124 885 ventus
2171 825 2470 882 ascendens
2496 825 2717 893 dicitur,
2743 828 2870 898 quia
2895 829 2961 887 de
3002 831 3307 889 humilitate
3344 831 3526 889 carnis

1930 916 1997 971 ad
2017 916 2230 972 excelsa
2251 918 2588 987 conscendit,
2610 926 2665 973 et
2686 934 2787 974 nos
2809 934 2995 976 secum
3024 922 3091 977 ad
3109 921 3327 979 Patrem
3346 920 3523 990 duxit,

1929 1008 2118 1064 dicens
2147 1009 2200 1063 in
2238 1008 2566 1084 Evangelia:
2603 1030 2622 1064 ‹
2667 1010 2802 1068 Cum
2832 1013 3101 1069 exaltatus
3122 1013 3310 1081 fuero,
3338 1012 3522 1077 omnia

1931 1101 2145 1155 traham
2181 1103 2248 1156 ad
2278 1116 2383 1156 me.
2420 1122 2437 1153 ι
2479 1120 2498 1153 ι
2531 1101 2596 1158 Et
2641 1104 2868 1160 siccabit
2907 1119 3074 1161 venas
3112 1105 3245 1174 ejus,
3279 1127 3297 1161 ι
3338 1108 3392 1163 id
3441 1118 3528 1167 est

1929 1200 2155 1263 peccata
2214 1193 2404 1250 mortis
2443 1193 2580 1265 ejus.
2640 1194 2819 1253 Venas
2871 1197 3063 1254 mortis
3108 1208 3340 1267 peccata
3378 1209 3526 1257 recte

1931 1285 2300 1358 intelligimus,
2348 1287 2543 1356 quibus
2604 1303 2702 1359 per
2754 1288 3031 1347 Christum
3086 1289 3332 1357 siccatis,
3378 1306 3526 1355 mors

1930 1390 2147 1451 quoque
2169 1377 2285 1447 ipsa
2307 1377 2621 1433 siccabitur.
2660 1398 2677 1430 ‹
2709 1379 2775 1435 Et
2794 1380 3064 1436 desolahit
3088 1378 3295 1437 fontem
3318 1380 3455 1450 ejus,
3499 1403 3519 1434 ι

1931 1468 1985 1523 id
2019 1477 2106 1524 est
2156 1469 2427 1525 diabolum
2454 1512 2469 1538 ,
2509 1470 2575 1526 dc
2620 1486 2727 1543 quo
2774 1472 2888 1543 ipse
2928 1471 3044 1529 ait:
3075 1472 3229 1530 Nunc
3274 1473 3526 1545 princeps

1928 1559 2114 1615 mundi
2169 1560 2419 1631 ejicietur
2471 1560 2637 1618 foras.
2696 1582 2714 1613 ‹
2781 1562 2848 1618 Ει
2893 1563 3010 1634 ipse
3058 1561 3525 1633 diripietthesau-

1930 1666 2050 1705 rum
2080 1651 2256 1706 omnis
2285 1651 2431 1707 vasis
2458 1652 2853 1709 desiderabilis.
2892 1673 2911 1706 ›
2940 1652 3095 1722 Quod
3118 1652 3408 1725 dupliciter
3436 1668 3525 1709 ac-

1930 1744 2127 1815 cipitur
2169 1759 2183 1798 :
2232 1760 2361 1799 vasa
2415 1746 2560 1800 enim
2605 1745 2985 1803 desiderabilia
3036 1756 3164 1803 sunt
3212 1746 3405 1812 sancti,
3462 1745 3527 1802 de

1928 1839 2125 1910 quibus
2166 1839 2368 1895 Paulus
2396 1839 2574 1896 dicit:
2616 1860 2635 1893 ι
2679 1839 2953 1896 Habemus
2999 1840 3314 1896 thesaurum
3361 1839 3525 1896 istum

235 1942 407 1991 testas
453 1933 673 1989 diaboli.
727 1933 803 1988 De
849 1941 1026 1989 morte
1082 1932 1349 1991 redimam
1382 1946 1497 1997 eos,
1530 1931 1586 1986 id
1618 1938 1703 1985 est
1759 1931 1824 1985 de
1852 1921 1901 1985 Β
1928 1932 1985 1987 in
2029 1932 2173 1988 vasis
2222 1932 2508 1999 fictilibus;
2551 1953 2569 1983 ι
2606 1931 2691 1987 vel
2741 1941 2888 1988 certe
2923 1951 2936 1986 :
2968 1948 3105 2003 quos
3148 1932 3392 1988 diabolus
3441 1947 3529 1987 ve-

235 2025 455 2082 inferno
505 2025 742 2081 liberabo
783 2040 973 2080 omnes
999 2022 1215 2079 Judazos
1250 2031 1305 2078 et
1338 2022 1569 2095 gentiles
1602 2022 1827 2079 creden-

236 2128 357 2185 tes;
402 2120 543 2175 unde
581 2118 862 2175 subditur:
903 2138 922 2169 ι
957 2118 1240 2173 Eromors
1274 2125 1399 2180 tua,
1431 2131 1465 2171 ο
1517 2131 1692 2182 mors,
1731 2131 1829 2172 ero

236 2226 451 2267 morsus
483 2218 607 2267 tuus
631 2250 647 2275 ,
676 2209 905 2278 inferne.
958 2230 977 2263 ι
1021 2208 1165 2265 Mors
1199 2209 1346 2265 illius
1374 2208 1510 2275 fuit,
1557 2210 1682 2279 quia
1729 2224 1828 2265 sua

236 2308 415 2356 morte
443 2309 674 2356 mortem
722 2300 1024 2367 destruxit,
1066 2317 1187 2371 quze
1233 2300 1438 2356 nullum
1479 2315 1701 2355 suorum
1754 2300 1827 2355 ibi

234 2391 472 2461 reliquit.
514 2390 803 2449 Momerdit
849 2398 1030 2446 autem
1065 2392 1287 2462 quando
1329 2399 1537 2460 partem
1571 2390 1721 2462 (suos
1748 2392 1828 2446 vi-

234 2481 430 2537 delicet
457 2481 681 2553 electos)
705 2481 974 2549 liberavit,
1004 2493 1221 2554 partem
1255 2492 1443 2545 autem
1467 2484 1826 2554 reproborum

233 2572 305 2627 ibi
339 2572 564 2628 dimisit.
629 2572 768 2631 Nam
812 2590 880 2629 ex
922 2590 988 2631 eo
1032 2577 1181 2645 quod
1226 2577 1563 2642 nmdcmus,
1616 2587 1825 2648 partem

234 2666 638 2728 consumimus.
674 2675 883 2737 partem
932 2667 1321 2739 relinquimus;
1357 2670 1447 2732 vd
1472 2687 1620 2732 mors
1660 2680 1715 2731 et
1746 2672 1827 2731 in.

235 2754 425 2817 femus
451 2803 468 2829 ,
506 2758 751 2823 diaboius
785 2760 1129 2839 intelligitur,
1160 2783 1323 2838 quem
1350 2769 1641 2824 momordit
1664 2769 1823 2826 Chri-

234 2863 373 2919 stus,
427 2865 490 2910 ut
530 2866 857 2928 potestatem
904 2861 1198 2927 amitteret,
1230 2876 1340 2916 non
1390 2870 1571 2917 tamen
1610 2864 1826 2933 penitus

232 2966 357 3008 esse
385 2953 696 3011 desisteret.
725 2955 874 3012 Inter
897 2966 1131 3013 mortem
1160 2967 1340 3014 autem
1391 2968 1447 3015 et
1475 2957 1677 3016 inferos
1722 2964 1827 3017 hoc

233 3044 463 3102 interest
496 3066 509 3100 :
544 3063 693 3104 mors
713 3058 797 3104 est
821 3064 931 3119 qua
964 3051 1143 3104 anima
1193 3059 1477 3122 separatur
1502 3067 1537 3106 a
1558 3067 1783 3122 corpore
1809 3070 1823 3118 ;

232 3137 482 3194 infernus
526 3139 677 3197 locus
729 3141 894 3197 estin
937 3156 1046 3213 quo
1088 3141 1281 3197 anima:
1327 3140 1677 3198 recluduntur
1716 3144 1830 3198 sive

233 3234 300 3285 ad
337 3231 680 3303 refrigerium
705 3274 719 3299 ,
750 3234 864 3290 sive
893 3235 948 3289 in
978 3235 1155 3305 poenis
1183 3250 1282 3307 pro
1311 3235 1572 3305 qualitate
1598 3233 1823 3291 merito-

233 3339 381 3378 rum.
418 3341 437 3374 ι
476 3323 788 3381 Consolatio
816 3326 1133 3380 abscondita
1167 3335 1251 3381 est
1292 3326 1363 3381 ab
1400 3326 1573 3381 oculis
1603 3326 1755 3381 meis.
1797 3345 1817 3378 ο

231 3413 442 3471 Videns
463 3416 922 3474 cleincmissimas
950 3418 1113 3473 Pater
1140 3418 1284 3488 quod
1310 3432 1499 3479 omnes
1527 3419 1791 3474 morimur
1808 3460 1823 3484 ,

231 3508 367 3562 data
415 3509 687 3564 sententia
713 3510 771 3564 in
792 3509 962 3564 Adam
984 3550 999 3575 ,
1030 3510 1164 3565 dicit
1191 3525 1204 3563 :
1239 3510 1549 3566 Consolatio
1593 3512 1824 3567 abscon-

1928 2024 2026 2083 luti
2078 2040 2205 2080 vasa
2272 2025 2329 2080 in
2380 2033 2649 2083 aeternum
2706 2032 2892 2082 tenere
2961 2025 3345 2090 desiderabat,
3412 2026 3527 2095 ipse

1928 2118 2179 2179 Christus
2233 2119 2460 2175 veniens
2513 2120 2582 2174 ab
2636 2118 2754 2189 ejus
2817 2127 3090 2190 potestate
3147 2118 3416 2190 diripuit,
3473 2127 3529 2173 et

1928 2213 2084 2283 quasi
2133 2227 2266 2269 vasa
2314 2212 2705 2283 pretiosissima
2754 2226 2941 2275 secum
2980 2210 3235 2289 perduxit
3272 2211 3329 2266 in
3369 2224 3528 2282 para-

1930 2305 2105 2365 disum
2116 2345 2129 2359 .

2520 2373 2751 2431 CAPUT
2790 2372 2931 2429 XIV.

2004 2510 2025 2544 ι
2058 2490 2252 2547 Pereat
2279 2488 2545 2555 Samaria,
2574 2491 2830 2561 quoniam
2855 2490 2920 2545 ad
2947 2488 3365 2551 mnaritudinem
3403 2502 3528 2544 con-

1928 2584 2114 2641 citavit
2143 2583 2311 2638 Deum
2351 2598 2528 2639 suum.
2580 2602 2599 2635 ι
2644 2581 2805 2653 Saepe
2830 2582 3067 2638 diximus
3115 2582 3307 2641 decem
3354 2580 3529 2636 tribus

1928 2678 2187 2755 appellari
2245 2676 2583 2748 Samariam,
2625 2692 2657 2737 a
2689 2674 3257 2751 mtroPolLSamaria
3274 2713 3297 2743 ,
3315 2688 3436 2747 quae
3459 2688 3523 2731 ex

1927 2777 2146 2832 nomine
2174 2774 2402 2845 Augusti
2440 2789 2582 2829 nunc
2632 2783 2859 2830 vocatur
2903 2772 3167 2842 Augusta,
3199 2770 3253 2827 id
3293 2777 3377 2825 est
3425 2768 3523 2824 Se-

1927 2867 2122 2923 bastia.
2146 2864 2255 2922 Cur
2286 2872 2469 2920 autem
2510 2863 2756 2920 Samaria
2788 2862 2935 2919 dicta
2975 2863 3045 2918 sit
3092 2860 3293 2919 civitas
3336 2860 3390 2915 in
3421 2858 3527 2915 Re-

1928 2978 2063 3032 gum
2097 2960 2369 3016 volumine
2423 2959 2669 3029 legimus.
2724 2957 2991 3027 Loquitur
3039 2956 3229 3025 itaque
3261 2954 3523 3024 propheta

1926 3056 2018 3110 hic
2043 3069 2150 3109 non
2188 3056 2447 3124 optative,
2474 3053 2567 3108 sed
2593 3051 2977 3121 praedicando,
3006 3048 3196 3109 dicens
3224 3063 3240 3102 :
3278 3065 3297 3098 ι
3331 3045 3520 3102 Pereat

1931 3152 2213 3217 Samaria,
2243 3149 2371 3220 quia
2423 3149 2491 3203 ad
2548 3147 2968 3203 amaritudinem
3015 3143 3308 3200 concitavit
3360 3142 3525 3197 Deum

1930 3260 2111 3309 suum,
2157 3262 2175 3293 ι
2210 3256 2333 3297 cum
2371 3246 2517 3295 esset
2554 3237 2898 3293 dulcissimus
2921 3234 3180 3299 colendo,
3211 3242 3266 3288 et
3289 3233 3530 3303 coegerit

1927 3350 2051 3391 eum
2101 3331 2456 3405 peccantibus
2483 3328 2716 3385 reddere
2754 3322 3068 3391 vindictam,
3115 3343 3143 3377 ο
3174 3324 3458 3393 iugladio,
3503 3342 3521 3378 ι

1928 3426 2184 3483 subaudis
2210 3418 2576 3495 Assyriorum.
2616 3440 2635 3474 ι
2674 3419 2868 3475 Pereat
2903 3436 2917 3473 :
2946 3416 3158 3489 parvuli
3184 3414 3302 3485 ejus
3322 3415 3529 3470 elidan-

1931 3529 2021 3575 tur
2040 3536 2085 3584 ,ι
2113 3519 2164 3573 id
2186 3526 2273 3573 est
2308 3523 2664 3573 conterantur
2682 3513 2751 3569 ad
2774 3521 3000 3578 terram,
3033 3531 3053 3564 ε
3085 3521 3141 3568 et
3165 3510 3293 3567 fetae
3310 3510 3426 3581 ejus
3441 3509 3525 3565 di-

230 3602 351 3657 dita
379 3611 463 3658 est
487 3603 558 3657 ab
586 3603 765 3661 oculis
789 3604 948 3670 meis,
982 3619 1081 3675 pro
1129 3620 1199 3661 eo
1251 3605 1397 3674 quod
1446 3621 1609 3660 omne
1658 3620 1827 3677 genus
1930 3612 2285 3673 scindantur,
2326 3628 2345 3661 ι
2378 3608 2429 3663 id
2457 3616 2543 3664 est
2570 3614 2912 3679 praegnantes
2957 3605 3137 3677 gladio
3183 3604 3527 3674 rh'srumpaw

222 3701 536 3756 humanum
571 3698 749 3768 perire
775 3698 1068 3769 conspicio.
1101 3697 1379 3753 Veletiam
1404 3699 1667 3767 propheta
1700 3713 1829 3753 con-
1930 3710 2021 3756 tur
2072 3702 2124 3754 in
2178 3708 2436 3761 mortem,
2477 3713 2597 3769 qua:
2656 3697 2839 3753 omnia
2888 3697 2938 3753 ei
2988 3696 3252 3751 accidisse
3296 3705 3525 3750 creden-

227 3794 484 3848 sidcrans
504 3805 694 3846 omnes
712 3789 1828 3861 mori,etiuinfernumdescendere,seque
1930 3798 2058 3852 dum
2107 3802 2191 3850 est
2244 3803 2485 3864 tempore
2520 3791 2853 3862 captivitatis
2896 3798 2951 3845 et
2999 3790 3284 3858 angustiae,
3314 3786 3529 3858 quando

226 3888 299 3941 ad
326 3892 730 3939 eosventurum
751 3898 873 3939 esse
900 3884 1492 3954 prmnoseens,dicit:c
1521 3883 1830 3939 Consolatio
1930 3903 2083 3943 suam
2131 3885 2362 3957 patriam
2410 3884 2783 3955 perdiderunt,
2825 3890 2883 3937 et
2927 3883 3019 3952 qui
3066 3890 3359 3937 evaserunt
3408 3880 3528 3952 gla-

227 3975 555 4032 abscondita
592 3982 676 4029 est
697 3973 766 4028 ab
791 3973 964 4029 oculis
992 3974 1142 4028 meis.
1180 3994 1198 4026 ι
1237 3975 1303 4028 Et
1331 3982 1415 4030 est
1443 3989 1637 4029 sensus
1670 3992 1682 4026 :
1713 3974 1829 4029 Non
1930 3980 2077 4035 dium
2103 3978 2157 4032 in
2188 3978 2504 4033 servitutem
2532 3984 2849 4046 perpetuam
2876 3982 3003 4028 sunt
3023 3972 3259 4028 adducti.
3504 4036 3511 4039 _

230 4068 397 4123 valeo
445 4065 715 4120 consolari
755 4082 769 4118 :
826 4080 928 4119 nee
989 4064 1253 4135 quidquid
1297 4075 1476 4121 mente
1529 4081 1831 4136 concepere
2008 4091 2027 4123 ι
2069 4071 2419 4131 Convertere,
2466 4067 2651 4130 Israel,
2704 4067 2771 4120 ad
2804 4065 3094 4118 Dominum
3127 4062 3295 4117 Deum
3339 4071 3527 4128 tuum,

228 4158 482 4215 dolorem
513 4170 693 4211 meum
735 4170 954 4225 possum
978 4156 1250 4226 mitigare,
1278 4158 1404 4211 dum
1439 4158 1725 4213 considero
1750 4158 1832 4211 in-
1932 4160 2190 4232 quoniam
2233 4157 2487 4213 corruisti
2520 4158 2574 4210 in
2609 4155 2896 4225 iniquitate
2943 4162 3053 4209 tua.
3101 4172 3123 4205 ι
3170 4152 3297 4207 Hzcc
3339 4153 3526 4219 verba,

226 4248 547 4308 evitabilem
587 4232 971 4304 necessitatem
1006 4247 1215 4302 mortis.
1932 4260 2194 4324 quantum
2248 4250 2316 4305 ad
2367 4249 2650 4305 historiam
2696 4247 2989 4318 pertinent,
3026 4248 3093 4300 ad
3135 4246 3323 4302 decem
3355 4245 3530 4301 tribus

314 4359 334 4392 ι
372 4340 511 4408 Quia
556 4339 672 4410 ipse
724 4338 868 4393 inter
915 4334 1112 4392 fratres
1141 4337 1350 4393 dividit.
1405 4356 1425 4388 ο
1456 4337 1614 4408 Ipse,
1664 4338 1827 4393 idest

1933 4360 2055 4416 quae
2103 4343 2511 4415 appellabantur
2546 4340 2803 4412 Ephraim
2849 4340 2995 4395 dicta
3024 4347 3168 4407 sunt,
3203 4352 3327 4409 quas
3378 4339 3531 4394 derc-

229 4434 503 4500 infernus,
540 4432 730 4488 dividit
761 4432 903 4487 inter
926 4430 1147 4497 l't'atres,
1172 4431 1297 4485 dum
1320 4447 1482 4485 unum
1513 4430 1581 4487 ab
1601 4431 1702 4486 hac
1724 4432 1832 4486 vita
1934 4439 2211 4509 liquerunt
2269 4436 2556 4492 Dominum
2607 4434 2775 4489 Deum
2832 4448 3014 4499 suum,
3061 4442 3117 4488 et
3166 4434 3529 4489 adoravernnt

232 4532 579 4587 subtractum
629 4526 841 4595 recipit,
894 4524 1125 4579 alterum
1172 4524 1519 4595 superstitem
1553 4524 1826 4594 relinquit.

1933 4530 2132 4585 vitulos
2191 4543 2329 4599 quos
2377 4525 2740 4581 fabricaverat
2783 4524 3093 4580 Jeroboam.
3159 4523 3527 4595 Spiritualiter

232 4623 360 4690 Quo
379 4622 432 4675 in
460 4620 578 4675 loco
598 4633 814 4675 omnem
841 4617 1078 4688 intellige
1108 4618 1295 4672 deesse
1314 4617 1661 4679 charitatem,
1685 4617 1833 4687 quod
1854 4654 1908 4715 Β
1934 4636 2083 4686 vero,
2120 4619 2314 4675 referri
2344 4625 2570 4688 possunt
2595 4617 2661 4671 ad
2688 4629 3131 4685 unumquemque
3150 4625 3490 4685 peccatorem
3510 4660 3525 4684 ,

234 4722 291 4771 et
321 4721 500 4768 mater
536 4709 806 4766 dividatur
836 4726 865 4762 a
899 4709 1005 4763 lilia
1026 4749 1039 4770 ,
1064 4716 1119 4761 et
1152 4717 1309 4778 pater
1337 4722 1368 4761 a
1395 4707 1506 4763 filio
1531 4750 1545 4773 ,
1576 4716 1632 4763 et
1659 4707 1830 4763 frater

234 4824 264 4863 a
292 4806 485 4862 fratre.
521 4804 703 4873 Itaque
731 4802 993 4872 quidquid
1034 4799 1394 4855 fraternitatis
1442 4801 1703 4854 unitatem
1747 4799 1830 4854 di-

231 4898 375 4954 vidit
398 4907 456 4951 et
507 4893 832 4951 discordiam
860 4892 1115 4956 seminat,
1144 4890 1388 4946 infernus
1428 4891 1623 4945 merito
1648 4889 1828 4961 appel-

234 4989 403 5043 latur.
446 4984 592 5039 Duos
633 4990 815 5037 autem
870 4980 1067 5035 fratres
1101 4980 1243 5034 inter
1289 4994 1349 5034 se
1402 4986 1574 5033 morte
1604 4980 1825 5043 divisos,

229 5081 391 5152 juxta
441 5077 720 5132 historiam
772 5074 915 5129 illius
960 5072 1237 5143 temporis,
1272 5072 1489 5141 quidam
1523 5069 1827 5142 intelligunt

235 5172 435 5228 ludam
462 5177 519 5224 et
540 5168 723 5233 Israel,
754 5176 812 5221 ut
858 5165 999 5237 quod
1041 5174 1168 5220 tunc
1192 5164 1527 5235 figurabatur
1556 5162 1609 5217 in
1649 5171 1825 5232 parte,

241 5277 370 5323 tunc
395 5265 664 5322 sentiatur
706 5264 757 5318 in
795 5269 927 5318 toto.
968 5280 986 5313 ι
1020 5261 1263 5316 Adducet
1309 5268 1552 5314 urentem
1606 5264 1826 5312 ventum

238 5358 503 5413 Dominus
549 5356 616 5411 de
649 5355 865 5411 deserto
899 5353 1301 5408 ascendentem.
1347 5372 1365 5403 ι
1405 5350 1632 5405 Ventum
1659 5363 1827 5403 uren-

243 5458 354 5503 tem
382 5447 532 5502 illum
579 5446 836 5501 debemus
869 5443 1171 5513 intelligere
1214 5444 1282 5498 de
1332 5457 1440 5513 quo
1471 5440 1827 5496 Habacuedi-

242 5542 319 5597 cit
345 5559 356 5593 :
387 5540 528 5594 Deus
549 5538 618 5593 ab
641 5546 825 5594 austro
850 5538 1049 5602 veniet,
1077 5545 1127 5592 et
1150 5543 1370 5592 sanctus
1396 5535 1461 5589 de
1491 5544 1673 5588 monte
1695 5532 1835 5588 Pha-

244 5634 537 5707 ran.~Deus
556 5632 698 5686 enim
729 5630 890 5685 Pater
918 5628 1145 5683 adduxit
1169 5637 1390 5683 ventum
1420 5638 1664 5680 urentem
1686 5667 1700 5691 ,
1728 5626 1831 5681 hoc

204 5740 207 5741 '
248 5732 332 5778 est
354 5723 545 5779 Filium
562 5738 739 5788 suum,
760 5732 981 5793 peccata
1003 5721 1279 5777 tollentem
1296 5722 1363 5777 de
1381 5721 1596 5775 deserto
1618 5721 1833 5789 generis

249 5817 494 5882 humani,
521 5817 575 5871 in
598 5830 708 5886 quo
730 5815 974 5870 diabolus
1001 5829 1249 5884 qumrens
1279 5813 1520 5883 requiem
1539 5854 1554 5879 ,
1591 5813 1833 5868 invenire

251 5921 357 5971 non
395 5910 658 5983 potuerit;
695 5907 779 5964 vel
819 5907 887 5963 de
923 5917 1079 5963 utero
1109 5906 1353 5982 virginis,
1394 5920 1518 5979 quae
1564 5906 1685 5963 sine
1728 5906 1829 5962 hu-

1938 4715 2030 4786 qui
2069 4712 2330 4768 recedens
2352 4726 2381 4765 a
2405 4709 2665 4765 Creatore
2694 4723 2813 4772 suo,
2839 4708 3020 4763 subdit
3040 4723 3099 4763 se
3129 4708 3294 4774 idolo,
3320 4709 3424 4764 hoc
3446 4718 3529 4765 est

1930 4805 2077 4862 omni
2121 4802 2431 4866 mendacio,
2476 4808 2534 4855 et
2561 4807 2741 4869 sperat
2772 4798 2967 4854 salvari
2997 4799 3063 4856 ab
3110 4798 3313 4864 Assur,
3360 4800 3413 4854 id
3444 4809 3530 4855 est

1933 4895 2166 4959 diabolo,
2193 4894 2285 4964 qui
2307 4901 2395 4948 est
2417 4900 2608 4947 auctor
2636 4889 3095 4964 meodacliusicut
3118 4901 3174 4946 et
3200 4900 3357 4962 pater
3387 4890 3523 4961 ejus.

1933 4989 2185 5042 Dicamus
2221 5000 2352 5056 ergo
2380 4983 2622 5054 breviter
2650 4991 2960 5051 utrimque,
2988 4989 3043 5036 et
3069 4982 3148 5037 sic
3191 4982 3525 5039 historialem

1930 5066 2365 5147 intelligentiam,
2402 5084 2457 5129 et
2488 5075 2638 5145 juxta
2672 5074 3006 5145 spiritualem
3055 5075 3122 5128 ad
3168 5087 3527 5142 unumquem-

1935 5187 2039 5242 que
2074 5169 2374 5225 referendo.
2417 5167 2680 5239 Superius
2733 5167 2987 5237 praedixit
3032 5168 3298 5237 propheta
3338 5166 3523 5219 decem

1937 5262 2189 5317 tribubus
2242 5261 2308 5315 ad
2339 5274 2475 5329 quas
2512 5260 2836 5330 loquebatur
2864 5258 3203 5314 calamitates
3241 5265 3297 5311 et
3329 5272 3525 5312 aerum-

1934 5366 2204 5421 nas.qu:e
2270 5350 2369 5405 sibi
2420 5351 2816 5416 imminebant;
2868 5365 3015 5405 nunc
3065 5348 3359 5417 alloquitur
3407 5363 3523 5415 cas,

1936 5446 2298 5513 hortaturque
2320 5451 2371 5496 et
2412 5444 2505 5497 dat
2542 5441 2851 5507 consilium,
2903 5440 3138 5513 qualiter
3169 5440 3528 5509 deprecentur

1932 5539 2220 5593 Dominum
2246 5577 2260 5602 ,
2301 5538 2675 5617 postponOendo
2719 5536 2858 5591 idola
2884 5576 2898 5600 ,
2940 5543 2995 5589 et
3040 5535 3404 5591 convertendo
3460 5535 3527 5590 ad

1933 5629 2102 5684 Deum
2139 5646 2150 5681 :
2188 5648 2203 5679 ‹
2250 5627 2600 5691 Convertere,
2655 5626 2854 5690 Israel,
2909 5624 2979 5679 ad
3026 5625 3317 5682 Dominum
3355 5623 3526 5680 [leum

1936 5729 2104 5786 tuum,
2145 5741 2163 5774 ι
2198 5721 2266 5777 ab
2305 5722 2591 5791 iniquitate
2612 5722 2677 5776 ad
2702 5718 2971 5787 justitiam
2998 5731 3095 5788 per
3129 5718 3525 5774 confessionem

1934 5822 2373 5885 peccatorum,et
2391 5814 2760 5886 operationem
2783 5811 3051 5867 bonorum
3069 5826 3314 5883 operum,
3344 5828 3363 5861 ι
3393 5823 3529 5880 (μίαν

1935 5907 2081 5964 niam
2114 5906 2370 5963 tiorruisti
2410 5906 2465 5961 in
2510 5903 2798 5978 iniquitate
2834 5912 2946 5973 tua,
2989 5900 3528 5967 rfabrioantloidola
