4042 6338
429 481 440 494 ,
507 423 576 480 95
968 419 1322 477 HAYMONIS
1361 421 1840 479 HALBERSTAT.
1881 421 2096 478 EPISC.
2137 419 2286 478 OPP.
2325 421 2505 476 PARS
2543 422 2582 476 I.
2620 451 2691 462 —
2724 421 3077 477 COMMENT.
3115 421 3264 478 BIBL
3678 430 3751 482 96

506 542 565 591 et
615 534 887 590 adoranda
934 535 1214 589 damonia.
1245 533 1510 589 Corruisti
1557 551 1654 606 per
1695 534 2074 599 idololatriam,
2103 537 2155 596 Α
2179 541 2238 586 ut
2268 548 2366 586 nos
2392 541 2696 604 protegant,
2723 535 2815 588 sed
2844 549 2952 590 non
2988 550 3174 591 sumus
3199 537 3302 591 tuti
3326 548 3382 592 et
3405 542 3638 609 protecti
3681 543 3754 597 ab

507 641 772 696 consurge
791 641 888 696 per
913 625 1114 680 cultum
1140 634 1196 681 et
1224 625 1535 696 religionem
1564 625 1660 681 Dei
1685 626 1759 679 tui
1786 625 2078 695 adimplen-

509 717 649 773 dam.
690 717 781 772 Sic
826 716 1190 788 unusquisque
1234 725 1477 771 nostrum
1520 716 1679 771 debet
1709 731 1890 786 agere.
1923 714 2078 768 Inﬁr-

507 811 641 865 mati
673 824 875 874 sumus,
914 817 976 869 et
998 808 1303 863 corruimus
1333 807 1386 862 in
1417 816 1697 878 peccatum
1724 825 1739 862 :
1782 821 2075 876 consurga-

507 919 628 958 mus
651 903 714 957 ad
761 903 1167 972 paenitentiam,
1203 902 1461 958 facientes
1498 903 1706 958 fructus
1739 904 1926 975 dignos
1964 917 2081 974 pa:-

508 995 768 1061 uitentite,
807 1007 868 1049 ut
896 994 1130 1050 Joannes
1171 995 1409 1066 Baptista
1453 995 1730 1066 praecinit,
1763 1003 1819 1051 et
1843 1002 2078 1051 reverta-

507 1102 630 1142 mur
659 1103 690 1142 a
721 1087 926 1142 nostris
949 1087 1203 1156 operibus
1225 1088 1425 1158 pravis.

581 1197 601 1230 ‹
637 1177 830 1233 Tollite
867 1178 1143 1233 vobiscum
1173 1179 1362 1244 verba,
1398 1196 1417 1229 ι
1451 1192 1485 1232 o
1517 1177 1696 1249 papuli
1743 1179 1927 1234 decem
1979 1177 2079 1233 tri-

504 1272 692 1336 buum,
721 1288 740 1322 ι
781 1277 837 1325 et
863 1271 1238 1326 convertimini
1267 1272 1334 1325 ad
1361 1270 1668 1338 Dominum,
1696 1272 1933 1326 etdicite
1952 1271 2022 1326 ei.
2055 1289 2076 1324 ι

508 1365 624 1420 Duo
662 1365 772 1437 agit
801 1365 1063 1436 propheta
1089 1381 1102 1418 :
1141 1365 1391 1420 hortatur
1410 1379 1504 1420 eos
1529 1365 1596 1420 ad
1612 1366 2006 1435 penitentiam,
2027 1373 2084 1420 et

508 1457 574 1511 de
599 1470 707 1525 quo
737 1454 964 1510 fundant
989 1456 1261 1510 orationes
1287 1455 1355 1510 ad
1401 1454 1712 1510 Dominum.
1755 1455 1968 1521 Tollite,
2001 1455 2083 1509 in-

507 1546 653 1616 quit,
683 1545 960 1601 vobiscum
985 1546 1181 1611 verba,
1211 1545 1314 1601 hoc
1354 1555 1438 1600 est
1463 1564 1475 1600 :
1528 1531 1787 1600 Proferte°
1813 1561 2001 1615 preces
2027 1553 2084 1600 et

506 1635 827 1690 delictorum
854 1636 1275 1700 confessionem,
1307 1646 1361 1692 et
1388 1637 1767 1692 convertimini
1804 1638 1870 1691 ad
1899 1637 2080 1692 Domi-

509 1742 636 1781 num
689 1736 799 1781 tam
841 1729 1019 1783 verbis
1043 1743 1204 1799 quam
1244 1727 1517 1799 operibus.
1565 1728 1657 1783 Ille
1698 1729 1842 1783 enim
1875 1743 2002 1783 vere
2029 1736 2086 1784 et

508 1818 774 1873 veraciter
802 1819 1134 1874 convertitur
1157 1835 1187 1873 a
1215 1833 1310 1874 sua
1335 1819 1624 1889 iniquitate
1649 1818 1715 1872 ad
1748 1818 1889 1872 bona
1917 1833 2082 1888 opera

2177 623 2275 677 eis.
2305 622 2459 678 Nunc
2478 637 2608 694 ergo
2620 622 2732 692 jam
2763 638 2868 678 non
2891 625 3151 681 habemus
3181 625 3430 682 ﬁduciam
3471 629 3528 683 in
3574 631 3756 685 homi-

2177 731 2266 780 ne,
2295 716 2387 769 sed
2419 716 2474 770 in
2497 723 2576 781 te,
2611 717 2704 787 qui
2745 732 2804 772 es
2834 717 2977 771 Deus
3006 728 3189 773 noster
3211 760 3225 784 ,
3255 720 3382 789 quia
3431 722 3754 779 maledictns

2178 805 2340 861 homo
2380 806 2480 876 qui
2519 807 2744 863 conﬁdit
2783 811 2837 862 in
2871 809 3105 874 homine,
3137 818 3191 865 et
3216 827 3246 866 a
3277 812 3501 869 Domino
3544 819 3757 872 recedit

2179 911 2274 951 cor
2296 895 2438 963 ejus;
2462 907 2515 951 et
2537 899 2678 966 quod
2705 899 2850 953 addit
2878 916 2890 951 :
2925 919 2943 950 ‹
2983 899 3155 969 Super
3173 917 3338 972 equos
3364 919 3468 958 non
3496 909 3758 963 ascende-

2179 1003 2321 1052 mus,
2372 1008 2389 1040 ι
2450 988 2784 1044 demonstrat
2835 992 2986 1060 quia
3019 995 3205 1048 conﬁsi
3260 1011 3425 1065 super
3463 997 3758 1070 Egyptios

2181 1088 2325 1142 sunt,
2357 1080 2450 1148 qui
2478 1079 2848 1138 velocissimos
2874 1098 3041 1152 equos
3080 1085 3370 1142 habebant.
3405 1089 3472 1144 Et
3511 1101 3596 1146 est
3632 1108 3759 1148 sen-

2180 1183 2272 1222 sus
2297 1186 2310 1221 :
2339 1167 2514 1240 Super
2550 1182 2719 1238 equos
2745 1187 2849 1226 non
2879 1174 3252 1240 ascendemus,
3279 1179 3382 1234 hoc
3411 1189 3492 1235 est
3515 1198 3625 1237 non
3659 1185 3760 1238 ha-

2180 1256 2368 1312 bemus
2389 1257 2526 1314 ultra
2549 1275 2696 1330 spem
2715 1262 2769 1316 in
2795 1261 3084 1334 Egyptiis,
3106 1268 3198 1321 sed
3219 1269 3273 1322 in
3291 1278 3341 1324 te
3360 1272 3464 1326 erit
3487 1273 3758 1346 refugium

2182 1360 2445 1405 nostrum.
2503 1351 2805 1424 Allegorice
2847 1355 2892 1408 si
2936 1355 3184 1414 volumus
3239 1361 3378 1418 istud
3427 1365 3757 1436 intelligere,

2181 1456 2278 1511 per
2303 1443 2472 1496 Assur
2497 1459 2782 1514 possumus
2831 1447 3076 1518 accipere
3102 1451 3369 1508 diabolum
3389 1496 3402 1519 ,
3434 1472 3532 1525 per
3557 1474 3758 1528 equum

2185 1549 2312 1589 vero
2332 1537 2633 1606 superbiam
2658 1538 2826 1618 illius._
2849 1538 2907 1596 Si
2939 1542 3060 1610 quis
3085 1559 3212 1614 ergo
3232 1555 3474 1602 nostrum
3503 1550 3759 1605 ﬁduciam

2184 1624 2432 1680 habuerit
2479 1627 2534 1681 in
2560 1628 2732 1684 Assur
2756 1671 2771 1695 ,
2797 1630 3018 1700 placans
3047 1648 3170 1688 eum
3199 1640 3513 1696 muneribus
3542 1683 3556 1707 ,
3588 1644 3763 1712 pessi-

2184 1717 2288 1770 mis
2346 1718 2551 1774 scilicet
2592 1722 2882 1791 operibus,
2927 1726 3124 1794 quibus
3180 1727 3293 1798 ipse
3335 1731 3652 1798 delectatur,
3703 1745 3766 1790 ut

2183 1809 2439 1862 ascendat
2462 1824 2661 1880 equum
2681 1852 2697 1876 ,
2726 1812 2827 1868 hoc
2850 1823 2933 1869 est
2980 1831 3142 1886 super
3184 1822 3548 1889 arrogantiam
3581 1823 3761 1891 illius,

507 1909 826 1977 peragenda,
861 1909 953 1980 qui
979 1910 1084 1964 hoc
1112 1909 1256 1979 quod
1283 1909 1454 1964 credi;
1487 1915 1542 1963 ει
1567 1909 1732 1964 corde
1757 1916 1924 1973 ιεηει,
1945 1923 2083 1977 pm.
2107 1917 2158 1978 Β
2181 1899 2392 1954 eveniet
2437 1901 2490 1955 ei
2534 1902 2635 1957 hoc
2679 1904 2822 1973 quod
2870 1907 3130 1963 Dominus
3158 1910 3211 1963 in
3262 1911 3555 1984 Evangelia
3582 1915 3721 1970 dicit
3745 1933 3761 1970 :

507 2001 653 2055 dicat
687 2017 782 2056 ore
809 2011 864 2057 et
902 2002 1088 2073 implet
1111 2017 1293 2072 opere.
1330 2021 1351 2052 ι
1389 2001 1615 2058 Omnem
1645 2001 1799 2057 aufer
1830 2003 2082 2073 iniquita-

507 2102 640 2159 tem,
671 2102 726 2150 et
750 2095 933 2165 accipe
959 2095 1177 2160 bonum,
1201 2101 1256 2150 et
1280 2093 1566 2150 reddemus
1592 2093 1788 2150 vitulos
1815 2094 2084 2149 labiorum

508 2191 833 2238 nostrorum.
883 2203 902 2236 ι
947 2184 1097 2240 Talia
1144 2185 1304 2240 debet
1343 2185 1714 2255 unusquisque
1741 2185 1974 2241 ﬁdelium
2004 2185 2086 2242 di-

507 2287 670 2328 cere:
717 2291 736 2324 c
771 2272 996 2330 Omnem
1025 2274 1181 2330 aufer
1207 2275 1547 2345 iniquitatem
1568 2317 1582 2343 ,
1619 2297 1640 2329 ι
1675 2277 1728 2331 id
1751 2285 1834 2332 est
1861 2279 1930 2333 ab
1967 2293 2084 2333 om-

507 2365 667 2420 nibus
692 2380 791 2421 nos
819 2367 1048 2422 emunda
1076 2367 1334 2438 peccatis,
1358 2369 1512 2438 juxta
1534 2368 1698 2423 illud:
1737 2386 1755 2419 ι
1790 2368 1872 2423 Ab
1904 2368 2086 2424 occul-

413 2463 420 2472 ’
508 2455 580 2510 tis
604 2455 738 2511 meis
770 2456 968 2511 munda
999 2471 1106 2511 me.
1145 2476 1163 2508 ι
1199 2457 1266 2512 Ει
1307 2459 1490 2528 accipe
1520 2459 1741 2524 bonum,
1788 2459 2082 2515 confessio-

509 2559 633 2600 nem
687 2545 929 2611 scilicet,
971 2561 1269 2618 precesque
1319 2562 1426 2603 non
1473 2548 1645 2613 ﬁctas,
1688 2557 1744 2603 et
1788 2550 2084 2619 gratiarum

511 2635 799 2690 actionem.
829 2636 982 2704 Quod
1011 2636 1253 2710 adjungit
1283 2639 1578 2710 propheta:
1605 2639 1911 2696 Reddemus
1940 2642 2082 2696 vitu-

509 2723 589 2780 los
609 2723 874 2780 labiorum
887 2734 1216 2796 nostrorum,
1230 2730 1549 2785 mirabiliter
1568 2730 1822 2802 loquitur.
1839 2731 1970 2800 Quis
1981 2750 2082 2788 un-

508 2831 670 2885 quam
694 2815 890 2872 vitulos
917 2817 971 2872 in
997 2817 1170 2885 labiis,
1210 2820 1314 2875 nisi
1364 2829 1576 2890 sumpta
1629 2837 1756 2892 pars
1807 2822 1970 2878 fuerit
2015 2825 2084 2880 ad

509 2909 810 2964 edendum?
834 2908 948 2965 Non
980 2913 1225 2983 praecipit
1251 2911 1446 2968 offerre
1467 2913 1662 2970 vitulos
1691 2923 1746 2970 et
1781 2915 2046 2972 sacriﬁcia
2066 2959 2081 2982 ,

511 3001 866 3072 victimasque
887 3017 1023 3073 quas
1056 3004 1300 3060 solebant
1321 3003 1491 3061 Judaei
1519 3005 1572 3060 in
1617 3006 1818 3078 templo
1863 3006 2079 3074 offerre,

510 3088 602 3148 sed
629 3107 728 3163 per
748 3093 947 3150 vitulos
986 3095 1252 3151 labiorum
1277 3096 1536 3152 debemus
1557 3096 1856 3170 intelligere
1898 3099 2082 3155 laudes

509 3194 564 3240 et
592 3187 884 3256 gratiarum
905 3189 1166 3255 actiones,
1185 3190 1482 3260 juxtaillud
1506 3189 1835 3246 Psalmisue:
1861 3191 2082 3245 Immola

2194 2010 2213 2044 ι
2242 1992 2429 2048 Omnis
2459 1994 2549 2062 qui
2577 2010 2636 2050 se
2659 1996 2895 2063 exaltat,
2924 1998 3312 2058 humiliabitur.
3353 2024 3370 2056 ι
3428 2025 3446 2057 ι
3479 2005 3590 2062 Nec
3616 2008 3767 2064 dice—

2187 2097 2307 2137 mus
2339 2083 2501 2150 ultra,
2539 2084 2612 2139 dii
2659 2087 2832 2141 nostri
2863 2102 3029 2157 opera
3059 2105 3315 2146 manuum
3358 2105 3702 2163 nostrarum,
3740 2119 3759 2152 ι

2187 2171 2241 2227 id
2265 2182 2348 2228 est
2389 2174 2588 2230 vitulos
2627 2191 2840 2243 aureos,
2878 2193 3014 2248 quos
3059 2196 3158 2236 nos
3189 2183 3290 2252 ipsi
3320 2182 3576 2252 fecimus,
3620 2187 3766 2243 ultra

2186 2264 2315 2320 deos
2351 2281 2455 2320 non
2486 2267 2892 2335 aestimabimus,
2915 2285 3017 2326 nec
3039 2273 3297 2328 auxilium
3327 2275 3396 2330 ab
3423 2278 3504 2332 eis
3525 2280 3768 2348 postula-

2187 2355 2380 2411 bimus.
2444 2376 2460 2408 ι
2502 2357 2637 2425 Quia
2681 2359 2800 2434 ejus
2848 2361 2941 2429 qui
2984 2363 3040 2416 in
3068 2371 3122 2418 te
3163 2373 3245 2419 est
3275 2366 3623 2424 misereberis
3669 2386 3767 2440 po-

2184 2449 2313 2518 puli.
2355 2468 2374 2501 »
2410 2449 2522 2504 Hoc
2546 2458 2631 2505 est
2657 2451 2838 2522 populi
2864 2451 3065 2520 Israel,
3095 2456 3160 2512 de
3181 2472 3287 2525 quo
3307 2458 3521 2516 dixeras
3558 2477 3572 2514 :
3597 2461 3768 2518 Filius

2183 2538 2570 2608 primogenitus
2617 2555 2770 2596 meus
2818 2541 2999 2597 Israel.
3049 2543 3212 2612 Ejus,
3239 2547 3436 2616 inquit,
3465 2551 3642 2620 populi
3672 2553 3766 2620 qui

2187 2627 2240 2682 in
2270 2637 2321 2683 te
2349 2639 2432 2682 est
2452 2644 2548 2698 per
2577 2629 2738 2686 ﬁdem
2769 2642 2824 2686 et
2874 2635 3268 2704 paenitentiam,
3318 2655 3532 2710 quoque
3583 2659 3763 2713 quon-

2186 2721 2308 2776 dam
2335 2723 2606 2792 peccando
2639 2739 2670 2778 a
2702 2733 2753 2780 te
2801 2738 3131 2795 recesserat,
3177 2739 3465 2802 postquam
3514 2749 3613 2804 per
3650 2751 3767 2805 per.

2185 2811 2465 2866 nitentiam
2491 2811 2654 2868 fuerit
2682 2830 2949 2885 reversus,
2975 2819 3320 2878 misereberis
3345 2823 3482 2892 ejus.

2261 2921 2280 2953 ι
2317 2901 2532 2960 Sanabo
2557 2907 2908 2963 contritiones
2937 2925 3124 2965 eorum
3146 2953 3162 2978 ,
3192 2913 3408 2985 diligam
3459 2931 3553 2973 eos
3595 2934 3764 2989 spon-

2186 3000 2359 3048 tanee.
2402 3013 2419 3044 ι
2473 2993 2608 3062 Quia
2655 2997 2901 3053 dixerant
2929 3014 3028 3070 per
3073 3005 3445 3072 pmnitentiam
3492 3008 3560 3063 ad
3595 3011 3766 3066 Deum

2185 3084 2429 3139 conversi
2459 3103 2471 3138 :
2507 3083 2731 3164 Omnem
2786 3089 2941 3144 aufer
2967 3090 3326 3162 iniquitatem,
3354 3105 3408 3151 et
3449 3099 3635 3168 accipe
3659 3101 3765 3157 bo-

2185 3192 2312 3230 num
2336 3194 2350 3242 ;
2389 3189 2838 3250 recognoscentes
2879 3193 3086 3252 patrem
3112 3201 3269 3256 quem
3299 3189 3639 3258 reliquerant,
3668 3209 3764 3247 re-

508 3276 620 3333 Deo
646 3279 970 3335 sacriﬁcium
991 3279 1180 3344 laudis,
1215 3290 1271 3336 ει
1303 3280 1467 3336 redde
1489 3280 1765 3335 Αιιίεείωο
1805 3288 1926 3336 νοω
1957 3290 2079 3348 tua;
2111 3275 2156 3338 (ζ
2187 3266 2402 3336 spondit
2429 3268 2718 3326 Dominus;
2749 3273 2964 3331 Sanabo
2987 3278 3336 3334 contritiones
3367 3296 3568 3344 eorum,
3597 3283 3655 3338 id
3679 3294 3768 3340 est

509 3376 564 3423 et
595 3368 724 3422 illud
755 3387 767 3421 :
805 3387 824 3420 ι
859 3369 1196 3424 Sacriﬁcium
1222 3371 1332 3426 Deo
1361 3373 1584 3442 spiritus
1609 3371 2024 3427 contribulatus.
2061 3391 2080 3424 ι

511 3459 605 3514 Sic
640 3468 696 3514 et
730 3461 1096 3531 unusquisque
1124 3471 1366 3517 nostrum
1397 3463 1614 3528 vitulos,
1639 3464 1740 3519 hoc
1761 3471 1844 3518 est
1877 3463 2084 3531 laudes,

510 3549 624 3604 Deo
651 3549 1001 3618 omnipotenti
1025 3549 1220 3614 reddit,
1251 3566 1374 3606 cum
1421 3550 1710 3606 conﬁtetur
1754 3567 1814 3608 se
1865 3550 2088 3608 credere

511 3637 566 3692 in
597 3637 786 3702 Deum,
814 3637 1030 3692 Patrem
1055 3640 1369 3711 ingenitum,
1396 3641 1588 3697 Filium
1611 3643 1872 3714 genitum,
1900 3659 2085 3699 verum

514 3726 683 3781 Deum
711 3734 767 3781 et
796 3727 1069 3783 hominem
1101 3731 1351 3796 credens,
1385 3729 1646 3801 Spiritum
1667 3741 1914 3788 sanctum
1956 3749 2084 3805 pro-

510 3817 866 3874 cedentem-a
916 3818 1076 3876 Patre
1121 3829 1176 3876 et
1196 3821 1354 3886 Filio,
1385 3821 1704 3878 Trinitatem
1737 3825 1791 3878 in
1837 3825 2086 3881 distantia

513 3923 888 3978 personarum,
917 3911 1178 3967 unitatem
1222 3913 1276 3968 in
1316 3913 1541 3968 Deitatis
1591 3915 1831 3984 potentia
1869 3915 2083 3971 habere.

507 4002 576 4059 Et
603 4004 706 4059 hoc
736 4019 924 4074 agens,
964 4006 1222 4077 adimplet
1253 4007 1383 4063 illud
1409 4007 1649 4078 Apostoli
1674 4023 1688 4062 :
1719 4028 1737 4060 ‹
1775 4007 1964 4074 Corde,
2007 4011 2087 4065 in-

509 4095 644 4165 quit,
683 4097 921 4152 creditur
946 4097 1014 4152 ad
1045 4097 1335 4168 justitiam,
1367 4115 1462 4156 ore
1506 4109 1682 4155 autem
1713 4098 1982 4156 confessio
2027 4100 2089 4156 ﬁt

510 4184 578 4239 ad
599 4185 845 4240 salutem.
880 4207 900 4240 ι

498 4321 502 4326 .
588 4296 606 4328 ‹
645 4277 816 4334 Assur
839 4293 947 4334 non
977 4280 1206 4336 salvabit
1239 4298 1361 4350 nos,
1386 4298 1547 4353 super
1568 4299 1737 4354 equos
1762 4300 1869 4341 non
1894 4301 2085 4344 ascen-

509 4369 719 4423 demus.
771 4389 790 4421 ι
839 4369 980 4426 Dicit
1031 4371 1222 4428 beatus
1260 4372 1652 4446 Hieronymus,
1699 4377 1825 4444 quia
1870 4379 2088 4436 traditio

507 4455 814 4512 Judteorum
865 4467 985 4526 est,
1037 4461 1181 4530 quod
1220 4462 1553 4531 temporibus
1605 4461 1890 4531 Manahen,
1945 4467 2088 4538 regis

509 4547 702 4614 Israel,
744 4550 956 4605 miserit
982 4551 1096 4622 ipse
1123 4567 1218 4608 rex
1245 4552 1508 4608 Manahen
1555 4561 1609 4609 et
1634 4553 1863 4624 populus
1902 4555 2084 4613 decem

2189 3358 2458 3415 dimittam
2501 3361 2582 3416 eis
2616 3373 2870 3432 peccata,
2909 3368 3104 3436 quibus
3130 3371 3370 3439 graviter
3395 3373 3607 3429 fuerant
3636 3392 3769 3432 con-

2187 3449 2344 3507 fracti
2390 3461 2444 3509 et
2490 3454 2775 3511 vulnerati.
2820 3459 3045 3531 Diligam
3075 3477 3169 3518 eos
3193 3476 3504 3534 spontanee,
3531 3469 3636 3525 hoc
3657 3481 3763 3533 est.

2186 3542 2506 3600 voluntarie.
2527 3563 2546 3597 ‹
2577 3547 2709 3611 Quia
2722 3563 2944 3605 aversus
2968 3559 3052 3607 est
3064 3551 3215 3609 furor
3237 3558 3468 3612 meusab
3487 3559 3589 3624 eis,
3614 3580 3632 3612 ›
3650 3575 3769 3630 ρω-

2188 3635 2473 3690 nitentiam
2499 3636 2605 3691 illis
2629 3639 2931 3708 agentibus.

2263 3744 2281 3776 ι
2315 3725 2424 3781 Ero
2451 3728 2608 3796 quasi
2638 3744 2750 3795 ros,
2797 3739 2852 3784 et
2905 3731 3067 3788 Israel
3118 3737 3439 3805 germinabit
3492 3743 3651 3808 quasi
3703 3741 3772 3796 li-

2187 3814 2337 3870 lium.
2372 3837 2391 3870 ›
2428 3818 2528 3885 Qui
2550 3819 2693 3874 enim
2715 3829 2934 3890 propter
2953 3834 3171 3892 peccata
3199 3827 3473 3884 irascebar
3495 3832 3598 3897 eis,
3625 3849 3768 3889 nunc

2187 3916 2408 3977 propter
2457 3923 2630 3963 meam
2691 3910 3028 3969 clementiam
3074 3916 3388 3974 miserebor.
3443 3921 3509 3976 Et
3547 3937 3644 3978 ero
3689 3927 3770 3980 eis

2186 3999 2342 4067 quasi
2386 4014 2498 4065 ros,
2527 4001 2652 4069 quia
2693 3989 2880 4058 aestum
2907 4009 3189 4064 aestuantis
3229 4011 3460 4067 incendii
3505 4022 3561 4068 et
3591 4015 3772 4072 libidi-

2185 4091 2270 4146 nis
2296 4091 2665 4148 misericordia
2687 4110 2806 4150 mea
2833 4096 3076 4156 auferam
3103 4103 3173 4156 ab
3192 4105 3312 4171 eis;
3339 4107 3549 4176 ipsique
3572 4113 3770 4178 germi-

2187 4184 2391 4240 nabunt
2413 4195 2473 4240 ut
2494 4187 2682 4256 lilium,
2709 4194 2832 4261 quia
2857 4193 3206 4249 abundabunt
3225 4207 3280 4251 et
3303 4209 3549 4252 crescent
3573 4201 3772 4257 decore

2186 4276 2470 4344 virtutum,
2500 4289 2555 4334 et
2577 4281 2742 4336 odore
2771 4281 2927 4337 bonae
2966 4285 3314 4354 operationis.
3346 4286 3496 4342 Unde
3520 4289 3724 4346 Paulus
3754 4310 3766 4344 :

2191 4387 2209 4420 ι
2241 4368 2450 4426 ChriSti
2467 4372 2641 4428 bonus
2668 4374 2800 4430 odor
2831 4390 3016 4430 sumus
3038 4376 3165 4431 Deo.
3202 4397 3220 4428 ι
3250 4376 3566 4434 Germinant
3591 4363 3760 4446 enim‘,

2186 4460 2295 4517 imo
2333 4461 2527 4518 florent
2557 4465 2717 4520 electi
2747 4475 2806 4521 ut
2835 4467 3006 4523 lilium
3028 4509 3043 4535 ,
3073 4468 3357 4525 Dominum
3401 4472 3570 4527 Deum
3609 4489 3771 4529 suum

2188 4549 2491 4619 imitantes,
2522 4556 2612 4624 qui
2657 4557 2785 4613 dicit
2825 4559 2877 4614 in
2915 4559 3150 4616 Canticis
3189 4562 3564 4618 canticorum:
3599 4583 3618 4615 ε
3655 4565 3773 4635 Ego

512 4642 748 4697 tribuum
773 4643 919 4699 mille
947 4645 1146 4702 talenta
1193 4647 1401 4718 argenti
1425 4646 1561 4702 Phul
1584 4647 1696 4719 regi
1721 4647 2085 4720 Assyriorum,
2119 4632 2166 4692 Ι)
2189 4644 2289 4700 flos
2315 4648 2509 4719 campi,
2546 4657 2601 4704 et
2633 4650 2804 4706 lilium
2831 4653 3175 4708 convallium.
3212 4675 3231 4707 ι
3267 4673 3286 4705 ι
3322 4655 3390 4710 Ει
3415 4665 3662 4725 erumpet
3683 4632 3773 4711 ra-

509 4744 569 4789 ut
588 4744 729 4790 esset
756 4752 947 4793 manus
966 4737 1082 4808 ejus
1118 4754 1241 4794 cum
1279 4740 1359 4794 eis
1378 4780 1392 4806 ,
1427 4747 1482 4794 et
1503 4739 1729 4795 haberet
1749 4755 1936 4810 pacem
1966 4756 2088 4797 cum

509 4828 608 4893 eis,
638 4828 1009 4900 praheretque
1031 4830 1291 4886 auxilium
1317 4830 1386 4885 ad
1411 4829 1770 4886 resistendum
1795 4830 2086 4905 Egyptiis.

509 4919 654 4974 Inter
687 4933 807 4988 qua:
858 4936 1081 4977 munera
1109 4923 1272 4978 etiam
1301 4922 1422 4977 illos
1450 4922 1584 4978 duos
1630 4922 1826 4996 vitulos
1878 4925 2089 4981 misisse

510 5009 604 5076 illi,
653 5026 789 5082 quos
813 5013 1121 5069 sacerdotes
1147 5028 1333 5068 eorum
1362 5012 1603 5068 fecerant
1630 5029 1697 5068 ex
1743 5029 1880 5081 aere,
1912 5024 1966 5070 et
1995 5015 2088 5070 de—

507 5111 834 5159 auraverant
857 5117 956 5174 pro
983 5105 1163 5160 aureis
1189 5119 1323 5175 quos
1349 5101 1634 5160 Jeroboam
1679 5103 1903 5170 fecerat,
1948 5121 2082 5175 quo-

510 5213 627 5251 rum
665 5211 856 5253 aurum
883 5197 984 5270 ipsi
1007 5199 1314 5255 sacerdotes
1341 5197 1541 5270 populo
1568 5199 1854 5269 ignorante
1876 5199 1930 5254 in
1955 5214 2081 5254 suos

507 5304 636 5346 usus
679 5293 1098 5359 transtulerunt,
1128 5292 1454 5349 fabricantes
1479 5307 1657 5348 aeneos
1685 5293 1805 5349 loco
1829 5293 2078 5359 illorum;

509 5385 575 5440 de
611 5385 806 5454 quibus
843 5387 1024 5444 vitulis
1044 5387 1313 5458 Propheta
1355 5385 1602 5456 superius
1649 5385 1785 5441 dixit
1817 5404 1827 5438 :
1855 5386 1922 5440 Et
1968 5386 2082 5455 ipse

509 5474 850 5545 (subauditur
878 5477 1101 5549 vitulus)
1125 5479 1180 5533 in
1213 5476 1386 5532 Assur
1406 5475 1614 5532 delatus
1639 5484 1724 5531 est
1749 5491 1945 5531 munus
1967 5477 2080 5546 regi

509 5565 713 5630 ultori,
761 5580 963 5635 ponens
1005 5569 1332 5640 singularem
1379 5549 1664 5622 numerum
1712 5581 1811 5637 pro
1846 5564 2079 5638 plurali;

509 5642 736 5724 ideoque
765 5656 897 5712 dixit
919 5657 1206 5729 Propheta,
1243 5673 1310 5714 ex
1351 5672 1582 5729 persona
1612 5658 1793 5728 populi
1815 5658 2038 5728 loquens
2073 5677 2084 5712 :

513 5766 533 5800 ι
567 5747 738 5803 Assur
785 5763 893 5804 non
929 5749 1159 5805 salvabit
1182 5765 1302 5805 nos.
1336 5770 1355 5802 ο
1389 5749 1516 5804 Acsi
1559 5749 1766 5805 diceret
1794 5751 1915 5805 aliis
1966 5767 2088 5806 ver-

507 5837 592 5894 bis
615 5855 628 5892 :
654 5836 944 5898 Possumus
968 5855 1118 5898 suem
1147 5850 1389 5898 nostram
1403 5856 1568 5912 super
1587 5841 1842 5913 Assyrios
1864 5857 2084 5914 ponere,

2191 4738 2281 4792 dix
2313 4737 2427 4808 ejus
2453 4749 2513 4794 ut
2556 4741 2783 4808 Libani,
2817 4764 2834 4794 ι
2867 4745 2920 4799 id
2959 4754 3043 4800 est
3077 4747 3327 4802 voluntas
3361 4747 3501 4802 bona
3542 4749 3610 4802 ad
3640 4747 3774 4805 effc-

2193 4834 2339 4882 ctum
2364 4829 2520 4884 bona:
2551 4832 2883 4900 operationis
2918 4834 3160 4890 ducetur.
3190 4835 3428 4891 Libanus
3463 4851 3620 4892 mons
3662 4849 3769 4905 est,

2190 4920 2343 4990 cujus
2385 4921 2608 4977 arbores
2661 4923 3149 4989 excellentissima,
3181 4933 3444 4996 quantum
3491 4926 3561 4981 ad
3605 4942 3772 4984 auras

2191 5014 2485 5068 extendunt
2515 5015 2770 5070 verticem
2794 5057 2809 5081 ,
2833 5024 3042 5072 tantum
3065 5019 3301 5074 radicem
3324 5019 3380 5074 in
3407 5020 3515 5074 ima
3557 5020 3773 5076 demer-

2191 5112 2342 5174 gunt,
2363 5113 2424 5160 ut
2450 5106 2590 5160 nulla
2620 5115 2940 5178 tempestate
2959 5111 3291 5180 quatiantur,
3309 5111 3404 5166 sed
3427 5111 3606 5166 stabili
3628 5111 3772 5167 mole

2188 5199 2508 5254 consistant.

2261 5306 2278 5338 ι
2312 5289 2468 5344 Ibunt
2495 5290 2630 5343 rami
2651 5289 2796 5358 ejus,
2833 5311 2850 5342 ι
2887 5291 2940 5346 id
2972 5300 3055 5348 est
3074 5293 3368 5364 proﬁciunt
3395 5293 3462 5350 de
3485 5294 3688 5350 virtute
3715 5295 3772 5348 in

2186 5377 2476 5446 virtutem,
2519 5399 2540 5433 ι
2596 5389 2651 5435 et
2696 5383 2800 5436 erit
2826 5384 2981 5452 quasi
3022 5383 3163 5438 oliva
3208 5385 3376 5455 gloria
3405 5384 3539 5453 ejus.
3578 5405 3596 5436 ι
3632 5384 3772 5452 Quin

2186 5469 2434 5526 dixerunt
2465 5488 2477 5523 :
2509 5471 2574 5526 Et
2599 5481 2842 5543 erumpet
2865 5475 3018 5529 radix
3055 5475 3170 5545 ejus
3212 5477 3365 5544 quasi
3406 5477 3676 5541 Libanus;
3703 5492 3774 5531 ne

2192 5576 2506 5634 putaremus
2538 5568 2785 5624 eumdem
2816 5583 2939 5624 eum
2965 5569 3109 5639 loqui
3131 5584 3198 5624 ex
3225 5569 3572 5626 infructuosis
3605 5571 3771 5625 arboc

2195 5660 2344 5713 ribus
2399 5667 2642 5714 sanctum
2689 5661 2883 5724 virum,
2914 5669 2969 5715 et
3003 5676 3323 5717 conversum
3362 5665 3429 5718 ad
3459 5663 3772 5726 Dominum,

2193 5751 2348 5806 oliva:
2385 5750 2678 5806 fructifera:
2703 5762 2999 5822 comparat.
3031 5752 3219 5809 Oleum
3252 5761 3432 5808 autem
3463 5753 3774 5808 misericor-

2196 5843 2341 5899 diam
2390 5844 2694 5914 signiﬁcat,
2739 5859 2860 5915 qua:
2900 5859 2998 5914 per
3039 5847 3360 5901 charitatem
3406 5851 3688 5918 operatur,
3719 5851 3776 5899 et
