4022 6446
249 479 317 535 97
1289 474 1690 532 ENARRATIO
1728 473 1796 530 IN
1830 472 1995 532 JOEL
2033 471 2480 531 PROPHLTAM.
3447 481 3518 537 98

242 589 501 647 omnibus
555 588 714 644 bonis
773 589 1049 658 operibus.
1105 589 1198 643 Ait
1244 603 1374 660 ergo
1405 606 1418 642 :
1451 607 1468 640 ι
1525 589 1645 643 Erit
1684 587 1841 658 quasi
1866 589 1922 650 Α
1944 586 2042 652 sis,
2060 587 2184 656 quia
2199 587 2572 657 paenitentiam
2604 603 2770 660 agens
2797 605 2949 647 meus
2968 605 3089 647 esse
3121 591 3357 662 coepisti,
3387 593 3516 663 quid

241 683 380 738 oliva
435 681 606 752 gloria
663 679 799 750 ejus,
855 701 872 733 ι
929 681 984 735 id
1033 688 1118 736 est
1159 681 1415 750 operibus
1449 680 1835 737 misericordia:

241 774 699 845 impinguabitur,
732 783 792 828 ut
836 789 1066 831 accenso
1111 774 1316 830 lumine
1360 775 1416 828 in
1463 775 1704 831 tenebris
1750 774 1835 830 Iu-

241 875 383 931 ceat,
419 874 476 921 et
520 866 642 921 aliis
672 867 977 936 exemplum
1036 868 1190 923 bona:
1240 867 1569 937 operationis
1611 867 1832 922 tribuat.

264 1017 267 1020 ,
316 981 336 1012 ‹
369 959 436 1014 Et
463 961 600 1016 odor
633 959 754 1028 ejus
778 968 837 1014 ut
867 960 1080 1017 Libani.
1119 980 1138 1012 ι
1173 960 1413 1016 Libanus
1438 962 1581 1031 apud
1615 960 1836 1017 Graecos

240 1061 297 1108 et
324 1050 582 1107 Hebraeos
625 1060 680 1106 et
703 1067 860 1106 mons
885 1051 1084 1107 dicitur
1117 1061 1172 1106 et
1200 1052 1347 1108 thus.
1375 1051 1477 1108 Hic
1514 1059 1696 1107 autem
1734 1067 1835 1121 pro

243 1147 402 1202 thure
429 1146 648 1215 ponitur
672 1163 684 1198 :
714 1145 867 1201 Sicut
902 1145 1048 1201 enim
1071 1145 1238 1202 odore
1270 1146 1473 1212 thuris,
1500 1145 1582 1201 sic
1604 1145 1838 1201 delecta-

243 1254 368 1293 mur
390 1245 446 1294 et
479 1236 622 1291 fama
638 1235 773 1304 justi
797 1237 1055 1293 hominis.

319 1349 338 1382 ι
359 1330 758 1386 Convertentur
786 1331 1037 1386 sedentes
1061 1331 1117 1386 in
1138 1333 1329 1388 umbra
1358 1331 1497 1403 ejus.
1528 1350 1548 1384 ι
1580 1331 1662 1386 Illi
1686 1330 1831 1386 scili-

241 1433 348 1490 cet,
391 1425 483 1495 qui
513 1439 544 1479 a
572 1424 683 1479 Deo
713 1423 877 1478 Patre
902 1423 1180 1494 peccando
1212 1430 1576 1489 recesserant,
1607 1437 1834 1478 conver-

240 1526 424 1574 tentur
443 1517 510 1572 ad
531 1531 655 1571 eum
684 1534 696 1568 :
730 1527 785 1570 et
810 1523 1096 1586 postquam
1132 1515 1382 1570 conversi
1419 1514 1643 1580 fuerint,
1693 1512 1835 1568 acci-

238 1607 392 1678 pient
440 1607 813 1663 conversionis
854 1622 964 1662 sua:
1009 1607 1315 1676 praemium,
1356 1614 1417 1661 ut
1464 1607 1687 1662 sedeant
1733 1606 1835 1660 sub

240 1700 452 1764 umbra,
480 1699 536 1754 id
574 1711 657 1755 est
680 1700 782 1754 sub
801 1700 1137 1768 protectione
1166 1699 1310 1756 illius
1340 1700 1605 1767 habitent,
1635 1709 1690 1754 et
1711 1715 1834 1773 pos;

240 1791 351 1846 sint
368 1789 548 1846 dicere
567 1806 690 1846 cum
713 1791 953 1847 Ecclesia
979 1809 992 1844 :
1021 1790 1132 1847 Sub
1157 1792 1350 1847 umbra
1380 1791 1524 1846 illius
1549 1807 1711 1861 quam
1733 1791 1832 1846 de-

242 1882 609 1938 sideraveram
633 1883 768 1949 sedi,
796 1891 851 1939 et
874 1884 1086 1939 fructus
1114 1884 1232 1954 ejus
1257 1883 1429 1938 dulcis
1452 1883 1659 1954 gutturi
1686 1899 1828 1939 meo.

245 1993 266 2025 ι
300 1975 501 2030 Vivent
520 1974 716 2042 tritico,
744 1983 799 2030 et
826 1976 1208 2046 germinabunt
1234 1976 1388 2046 quasi
1408 1976 1585 2030 vinea.
1619 1996 1638 2029 ι
1670 1976 1824 2043 Cum,
1856 1960 1905 2021 Β

245 2065 445 2135 inquit,
470 2065 707 2121 sederint
725 2067 825 2121 sub
852 2067 1044 2122 umbra
1067 2066 1229 2131 illius,
1277 2067 1368 2136 qui
1398 2068 1598 2122 mortui
1622 2066 1836 2123 fuerant

244 2159 430 2214 vivent
459 2159 656 2224 tritico,
688 2160 743 2215 id
767 2167 852 2216 est
881 2159 1036 2215 bonis
1055 2159 1308 2230 operibus
1345 2161 1717 2226 abundabunt,
1747 2157 1834 2216 vel

241 2263 472 2321 corpore
503 2259 558 2305 et
585 2250 846 2320 sanguine
874 2250 1110 2316 Domini,
1137 2249 1224 2306 vel
1249 2257 1400 2305 certe
1423 2251 1606 2305 tritico
1627 2250 1830 2318 vivent,

239 2339 368 2410 quia
412 2355 512 2410 per
558 2339 860 2406 Christum,
903 2341 994 2410 qui
1023 2349 1107 2396 est
1143 2355 1331 2395 verum
1376 2337 1725 2403 frumentum,
1768 2340 1834 2394 de

239 2438 416 2484 morte
463 2429 534 2484 ad
579 2429 749 2484 vitam
794 2439 1099 2501 resurgent.
1127 2429 1280 2486 Unde
1313 2437 1440 2484 est:
1473 2428 1585 2485 Nisi
1603 2445 1832 2500 granum

238 2520 498 2578 frumenti
552 2523 751 2577 cadens
795 2521 850 2576 in
899 2531 1102 2576 terram
1131 2530 1407 2578 mortuum
1439 2521 1625 2588 fuerit,
1656 2523 1832 2593 ipsum

237 2617 417 2674 solum
454 2625 658 2672 manet.
685 2615 804 2686 Ipse
825 2631 1040 2686 quoque
1080 2617 1238 2671 vinea
1280 2623 1382 2680 est,
1427 2618 1520 2688 qui
1551 2617 1604 2670 in
1633 2631 1692 2671 se
1713 2631 1832 2672 cre-

171 2737 176 2742 -
238 2711 434 2767 dentes
461 2710 590 2764 vino
613 2708 884 2778 spirituali
905 2708 1136 2764 debriat.
1165 2708 1320 2766 Unde
1347 2709 1637 2766 Psalmista
1659 2727 1671 2762 :
1690 2707 1831 2764 Visi-

238 2804 369 2860 tasti
398 2812 599 2858 terram
633 2810 689 2857 et
710 2802 992 2856 inebriasti
1026 2818 1170 2856 eam.
1208 2802 1280 2858 Et
1308 2803 1420 2872 ipse
1460 2803 1720 2858 Dominus
1749 2801 1832 2856 di-

238 2896 500 2968 scipulis:
529 2895 826 2961 Comedite,
851 2896 1034 2960 amici,
1054 2895 1224 2950 bibite
1244 2905 1298 2950 et
1318 2895 1680 2960 inebriamini,
1705 2894 1831 2950 cha-

237 2990 470 3046 rissimi.
521 2988 688 3057 Quasi
729 2990 891 3043 vinea
931 3004 1061 3059 ergo
1089 2988 1247 3044 electi
1275 2988 1672 3060 germinabunt,
1704 2988 1832 3056 quia

237 3081 536 3138 Dominum
585 3095 743 3134 suum
794 3079 953 3134 bonis
988 3079 1244 3148 operibus
1279 3078 1657 3144 imitabuntur,
1681 3076 1830 3148 juxta

236 3173 388 3242 quod
413 3171 530 3242 ipse
555 3170 820 3226 Dominus
844 3171 977 3226 dicit
1010 3187 1023 3225 :
1062 3189 1080 3221 ι
1116 3169 1220 3238 Qui
1263 3170 1395 3225 mihi
1424 3169 1719 3236 ministrat,
1745 3184 1832 3224 me

235 3273 524 3335 sequatur.
561 3281 580 3313 ›
630 3279 648 3311 ι
691 3262 1000 3317 Memoriale
1028 3261 1146 3333 ejus
1189 3262 1326 3316 sicut
1348 3261 1532 3314 vinum
1553 3258 1764 3316 Libani.
1807 3278 1824 3308 ι

1938 679 2081 734 ultra
2109 680 2192 735 vis
2227 679 2409 736 colere
2443 679 2622 735 idola?
2655 702 2673 732 ι
2709 683 2821 754 Ego
2856 685 3142 741 exaudiam
3189 693 3244 740 et
3288 686 3518 757 dirigam

1936 785 2060 825 eum
2088 771 2463 840 paenitentiam
2492 781 2761 843 agentem,
2811 783 2866 830 et
2895 777 2962 831 ad
2995 793 3082 833 me
3109 777 3455 834 clamantem.
3492 797 3512 830 ›

1935 862 2175 933 Dirigam
2221 877 2368 929 eum,
2405 861 2460 916 id
2489 873 2573 918 est
2604 878 2700 933 per
2741 873 2945 919 rectam
2986 867 3128 922 viam
3156 867 3406 923 incedere
3434 866 3516 921 fa-

1937 954 2108 1021 ciam;
2137 955 2226 1010 via
2251 963 2433 1010 autem
2461 954 2734 1022 Christus,
2759 972 2857 1027 per
2894 973 3054 1026 quem
3081 960 3144 1014 ﬁt
3167 977 3419 1017 accessus
3451 961 3522 1018 ad

1935 1045 2176 1103 Patrem.
2213 1068 2232 1100 ι
2287 1049 2400 1118 Ego
2430 1041 2505 1104 ut'
2525 1050 2758 1106 abietem
2802 1051 3089 1116 virentem,
3132 1072 3150 1103 ι
3203 1053 3523 1108 subauditur

1937 1137 2059 1192 dedi
2081 1153 2227 1204 eum,
2257 1149 2317 1192 ut
2357 1139 2586 1194 haberet
2612 1139 2945 1194 viriditatem
2976 1140 3101 1194 ﬁdei
3143 1151 3197 1196 et
3241 1143 3519 1212 operatio-

1937 1226 2044 1293 nis,
2075 1237 2130 1282 et
2152 1243 2368 1299 semper
2392 1229 2636 1284 ccelestia
2667 1230 2862 1284 mentis
2897 1230 3096 1284 intuitu
3124 1239 3353 1301 peteret.
3388 1251 3406 1282 ι
3440 1232 3522 1287 Ex

1935 1332 2024 1372 me
2036 1315 2244 1374 fructus
2265 1317 2380 1387 ejus
2393 1319 2646 1375 inventus
2667 1328 2773 1386 est,
2800 1339 2820 1372 ι
2855 1320 2908 1375 id
2926 1321 3200 1376 estomnis
3227 1320 3370 1376 illius
3394 1337 3522 1392 ope-

1937 1411 2095 1477 ratio,
2123 1420 2179 1466 et
2210 1410 2422 1468 Veteris
2468 1421 2522 1468 et
2570 1412 2705 1469 Novi
2733 1413 3070 1469 Testamenti
3109 1415 3417 1470 observatio
3456 1431 3524 1471 ex

1935 1514 2056 1555 meo
2085 1502 2363 1570 praecessit
2392 1502 2554 1569 dono,
2589 1503 2708 1558 sine
2731 1519 2838 1574 quo
2877 1504 3010 1560 nihil
3058 1506 3284 1575 potestis
3319 1505 3520 1560 facere.

1937 1587 2228 1646 Sciendum
2285 1601 2468 1648 autem
2517 1594 2661 1664 quod
2707 1610 2849 1666 saape
2885 1593 3001 1664 jam
3049 1595 3305 1661 diximus,
3335 1596 3526 1651 salutis

1934 1682 2150 1739 Israelis
2172 1693 2228 1739 et
2253 1687 2580 1742 reversionis
2607 1687 2675 1742 ad
2705 1688 2875 1744 Deum
2904 1697 2960 1744 et
2987 1690 3053 1744 de
3087 1690 3400 1760 captivitate
3441 1706 3526 1746 re—

1937 1776 2324 1846 demptionem,
2367 1795 2475 1834 non
2505 1780 2798 1836 carnaliter
2827 1781 3021 1852 accipi,
3068 1790 3128 1837 ut
3166 1781 3336 1838 Judaei
3382 1798 3527 1839 som-

1936 1868 2109 1935 niant,
2140 1871 2238 1925 sed
2266 1871 2622 1941 spiritualiter
2652 1882 2707 1928 et
2735 1873 3022 1929 verissime
3049 1876 3405 1945 compleatur.

2010 1979 2027 2010 ι
2062 1961 2195 2028 Quis
2246 1963 2464 2032 sapiens
2513 1972 2568 2018 et
2617 1963 2882 2035 intelliget
2923 1965 3062 2032 ista;
3111 1966 3420 2038 intelligens
3471 1967 3529 2023 et

1937 2051 2074 2106 sciet
2103 2052 2252 2107 haec?
2286 2071 2304 2104 i
2352 2053 2412 2109 In
2452 2054 2538 2109 his
2585 2055 2787 2121 verbis,
2815 2054 3089 2126 Propheta
3121 2058 3526 2114 obscuritatem

1934 2148 2246 2214 voluminis,
2289 2157 2345 2204 et
2391 2149 2769 2205 difﬁcultatem
2820 2151 3062 2206 ostendit
3105 2151 3524 2222 explanationis.

1935 2240 2068 2309 Quis
2106 2241 2210 2296 nisi
2239 2239 2460 2297 Christo
2501 2242 2734 2312 docente
2762 2257 3112 2314 cognoscere,
3153 2243 3284 2314 quid
3312 2242 3524 2314 signiﬁ—

1933 2339 2022 2386 cet
2043 2330 2272 2396 Jezrael,
2307 2333 2435 2402 quid
2467 2348 2621 2388 soror
2654 2331 2770 2400 ejus
2798 2348 2906 2389 non
2931 2333 3364 2389 misericordiam
3392 2349 3525 2390 con-

1933 2431 2139 2490 secuta,
2172 2424 2301 2494 quid
2342 2425 2535 2480 tertius
2575 2423 2746 2480 frater
2790 2423 2908 2493 ejus
2938 2441 3045 2480 non
3093 2426 3344 2496 p0pulus,
3396 2425 3526 2495 quid

1933 2518 2192 2572 meretrix
2222 2517 2360 2574 Osee
2386 2518 2699 2588 conjuncta,
2737 2527 3002 2574 etcaetera
3023 2535 3145 2589 quae
3166 2519 3527 2573 narranturin

1933 2608 2128 2678 capite,
2143 2608 2228 2663 vel
2240 2610 2371 2679 quid
2384 2617 2577 2665 ventus
2605 2623 2788 2675 urens,
2804 2618 2935 2674 etc.,
2953 2609 3007 2663 in
3029 2609 3176 2664 line?
3199 2608 3403 2663 Harum
3425 2609 3528 2663 ita-

1933 2717 2038 2772 que
2067 2702 2457 2758 obscuritatem
2487 2717 2671 2758 rerum
2701 2702 3076 2767 considerans,
3106 2701 3184 2756 ait
3216 2718 3230 2757 :
3276 2700 3409 2768 Quis
3434 2716 3526 2756 sa-

1932 2794 2088 2865 piens
2116 2801 2172 2848 et
2208 2795 2470 2866 intelliget
2505 2795 2644 2849 ista?
2673 2793 2730 2849 Si
2774 2804 2957 2849 autem
3007 2795 3124 2864 ipse
3165 2795 3258 2864 qui
3309 2795 3532 2864 scripsit

1931 2884 2018 2939 vel
2059 2883 2280 2940 difﬁcile
2324 2886 2409 2941 vel
2445 2885 2777 2956 impossibile
2824 2884 3132 2952 conﬁtetur,
3161 2886 3291 2955 quid
3321 2900 3422 2941 nos
3451 2885 3530 2940 fa-

1932 2990 2058 3030 cere
2101 2991 2411 3045 possumus,
2445 2977 2564 3047 qui,
2602 2976 2954 3046 lippientibus
2987 2977 3159 3032 oculis
3180 2987 3236 3033 et
3275 2987 3529 3048 peccato-

1935 3081 2053 3119 rum
2104 3067 2352 3122 sordibus
2398 3069 2728 3132 obscuratis,
2773 3068 3138 3123 clarissimum
3188 3067 3352 3137 jubar
3398 3069 3529 3126 solis

1934 3172 2041 3211 non
2089 3172 2379 3227 possumus
2421 3159 2662 3213 intueri?
2704 3167 2820 3213 tum
2851 3160 2897 3212 si
2922 3160 3162 3214 dicerem
3212 3159 3343 3213 illud
3384 3161 3530 3230 quod

1937 3247 2200 3316 scriptum
2233 3257 2318 3304 est
2353 3266 2366 3301 :
2395 3245 2440 3303 Ο
2465 3247 2792 3317 profundum
2815 3247 3125 3308 divitiarum
3163 3247 3439 3316 sapientia:
3475 3255 3532 3302 et

236 3326 441 3411 “gum
473 3354 663 3410 Libani
694 3370 983 3425 possumus
1022 3326 1202 3410 dicere
1237 3353 1483 3418 misum,
1514 3361 1568 3408 οι
1603 3350 1834 3406 diversis
1862 3326 1907 3389 Ο
1938 3339 2181 3394 scientiae
2213 3340 2337 3395 Deil
2384 3355 2549 3410 quam
2592 3337 2966 3394 inscrutabilia
3009 3346 3136 3394 sunt
3165 3335 3371 3407 judicia
3414 3338 3531 3409 ejus

235 3446 535 3519 pigmentis
549 3446 849 3513 conditum,
879 3454 940 3500 ut
959 3446 1180 3501 odorem
1207 3445 1410 3500 habeat
1428 3443 1832 3498 suavissimum.

233 3537 308 3595 Et
325 3547 413 3593 est
426 3553 649 3593 sensus:
672 3538 810 3593 sicut
825 3538 1009 3592 vinum
1023 3537 1417 3609 pigmentatum
1439 3551 1605 3591 suave
1631 3535 1838 3606 fragrat

195 3700 206 3709 ο
235 3630 581 3695 hominibus,
619 3631 699 3686 sic
722 3629 1136 3706 memoriajusti
1166 3631 1402 3687 hominis
1429 3631 1642 3687 Domini
1671 3645 1834 3700 opera

237 3723 536 3787 imitantis,
568 3713 756 3780 suavis~
781 3733 863 3780 est
903 3733 958 3781 et
988 3723 1181 3780 dulcis.
1226 3724 1521 3780 Possumus
1570 3732 1625 3778 et
1651 3725 1835 3778 vinum

234 3813 438 3870 Libani
473 3814 600 3869 illud
641 3815 964 3884 intelligere,
988 3816 1131 3886 quod
1161 3815 1391 3870 Domino
1423 3811 1754 3869 offerebatur
1782 3813 1838 3868 in

239 3905 469 3975 templo,
494 3906 560 3961 de
581 3921 688 3975 quo
712 3907 788 3960 ait
805 3907 1129 3962 Zacharias:
1153 3923 1173 3958 ι
1191 3906 1379 3977 Aperi,
1403 3905 1632 3971 Libane,
1650 3913 1837 3974 portas

239 4008 393 4061 tuas,
418 4016 438 4048 ι
466 4005 574 4050 etc.
603 3995 756 4050 Sicut
779 3997 923 4050 enim
945 3997 1314 4052 delectabatur
1333 3997 1476 4052 Deus
1495 3996 1840 4066 omnipotens

243 4085 308 4138 in
341 4084 465 4138 vino
487 4085 632 4152 quod
653 4085 704 4139 ei
738 4084 1088 4152 oﬁ’erehatur,
1118 4087 1195 4142 sic
1236 4087 1434 4158 gaudet
1459 4096 1514 4142 et
1538 4087 1752 4140 lwtatur
1773 4099 1840 4138 ex

240 4174 419 4230 odore
449 4173 710 4240 ﬁdelium,
734 4174 881 4240 ﬁdei,
911 4179 968 4230 et
993 4177 1258 4233 bonorum
1276 4191 1499 4246 operum
1527 4177 1594 4233 de
1632 4191 1690 4231 se
1718 4175 1839 4229 red-

244 4267 498 4324 dentium
523 4268 744 4324 famam.

327 4379 346 4410 ‹
384 4359 665 4429 Ephraim,
711 4361 848 4444 quid
871 4363 1005 4418 mihi
1053 4363 1196 4418 ultra
1228 4363 1407 4418 idola?
1453 4381 1471 4414 ι
1507 4359 1840 4417 Subauditur

241 4453 500 4524 Opponis.
535 4453 600 4508 Et
639 4462 721 4510 est
745 4469 972 4512 sensus:
991 4455 1128 4512 Cum
1152 4464 1304 4510 tanta
1327 4457 1470 4510 bona
1484 4461 1839 4524 percepturus

1939 3439 1995 3486 et
2019 3430 2421 3502 investigabiles
2447 3433 2548 3486 viae
2576 3429 2712 3500 ejus.
2759 3450 2779 3484 ‹
2813 3431 2951 3498 Quia
2975 3440 3140 3486 rectae
3163 3430 3264 3486 viae
3292 3430 3528 3496 Domini,

1938 3534 1992 3581 et
2013 3523 2148 3594 justi
2177 3527 2533 3582 ambulabunt
2569 3526 2627 3581 in
2661 3527 2758 3582 eis.
2801 3547 2820 3578 ι
2857 3525 2970 3582 Via:
3017 3516 3232 3583 Domini
3273 3527 3530 3582 mandata

1938 3617 2314 3690 intelliguntur
2357 3619 2565 3674 Veteris
2593 3635 2658 3675 ac
2685 3618 2820 3674 Novi
2847 3618 3201 3684 Testamenti,
3233 3617 3289 3673 in
3336 3618 3531 3688 quibus

1934 3711 2068 3782 justi
2106 3712 2407 3778 ambulant,
2433 3713 2560 3767 dum
2583 3727 2647 3768 ea
2677 3727 2840 3782 opere
2869 3713 3162 3783 complent,
3196 3711 3436 3767 dicentes
3463 3711 3531 3766 ad

1941 3801 2112 3857 Deum
2143 3818 2266 3858 cum
2295 3803 2616 3859 Psalmista:
2641 3822 2659 3855 ι
2692 3802 2901 3859 Perﬁce
2932 3819 3149 3874 gressus
3176 3818 3328 3859 meos
3364 3803 3420 3858 in
3449 3819 3532 3858 se-

1941 3898 2089 3953 mitis
2116 3898 2242 3952 tuis.
2279 3917 2299 3949 »
2343 3916 2362 3948 ‹
2393 3897 2845 3953 Praevaricatores
2873 3913 3003 3954 vero
3023 3897 3349 3953 corruentin
3373 3898 3472 3952 eis.
3508 3917 3525 3946 ι

1941 3989 2414 4056 Ριδωνατίεθιονθε,
2441 3989 2612 4046 εἰυάΞί
2654 3990 3053 4060 intelliguntur,
3085 3992 3350 4056 haeretici,
3376 3990 3531 4046 falsi-

1941 4096 2047 4151 que
2087 4080 2408 4146 Christiani,
2454 4082 2546 4150 qui
2591 4083 2843 4136 mandata
2875 4082 3086 4136 Domini
3121 4082 3531 4151 transgrediun-

1945 4180 2052 4226 tur.
2083 4171 2187 4238 Qui
2217 4172 2273 4225 in
2308 4172 2388 4225 eis
2411 4179 2688 4244 corruent,
2721 4171 2977 4240 quoniam
3001 4171 3091 4242 qui
3121 4171 3176 4225 in
3205 4171 3322 4242 lege
3342 4187 3532 4242 pecca-

1944 4272 2161 4328 verunt,
2193 4277 2293 4331 per
2325 4261 2497 4334 legem
2537 4262 2944 4333 judicabuntur.
2983 4262 3052 4318 Et
3080 4278 3271 4320 servus
3301 4264 3394 4334 qui
3429 4265 3530 4319 scit

1943 4353 2278 4411 voluntatem
2321 4353 2563 4422 domini,
2612 4362 2668 4411 et
2716 4369 2826 4412 non
2871 4354 3021 4423 facit,
3052 4354 3224 4426 plagis
3257 4354 3530 4427 vapulavit

1947 4446 2150 4502 multis.

1323 4699 1430 4780 IN
1486 4697 1532 4775 J
1539 4694 1738 4773 OEL
1815 4690 2465 4772 ΡΒΟΡΗΕΤΑΜ.

329 4896 443 4956 Joel
485 4899 871 4970 interpretatur
914 4897 1196 4968 incipiens.
1240 4896 1344 4953 Iste
1395 4897 1463 4953 ad
1507 4896 1745 4952 Iudaeam
1787 4898 1917 4958 etD

251 4990 596 5048 Hierusalem
639 4989 955 5044 vaticinium
1004 4987 1308 5058 proferens,
1359 4987 1413 5041 in
1452 4987 1717 5058 principio
1753 4986 1838 5042 sui

251 5084 546 5141 voluminis
570 5091 690 5153 post
718 5082 959 5136 luctuosa
983 5080 1227 5136 convivia
1258 5079 1326 5134 ad
1350 5079 1555 5133 luctum
1585 5089 1842 5148 provocat

255 5177 617 5242 Hierusalem,
649 5174 1031 5244 excidiumque
1073 5171 1189 5241 ejus
1219 5172 1562 5243 prtenuntiat.
1597 5170 1839 5241 Prophe-

256 5281 341 5328 tat
361 5285 576 5342 quoque
602 5268 937 5325 vocationem
969 5264 1232 5336 gentium,
1261 5273 1316 5320 et
1352 5279 1515 5334 super
1549 5279 1839 5334 congrega-

258 5371 349 5420 tos
376 5365 660 5419 credentes
687 5367 1140 5431 superventurum
1171 5356 1432 5427 Spiritum
1464 5367 1729 5413 sanctum.

780 5512 1008 5572 CAPUT
1050 5512 1341 5571 PRIMUM.

343 5650 361 5682 ε
398 5629 636 5685 Verbum
675 5628 886 5684 Domini
917 5627 1058 5698 quod
1091 5628 1295 5683 factum
1327 5637 1410 5683 est
1435 5627 1502 5682 ad
1532 5627 1646 5684 Joel
1675 5627 1844 5683 ﬁlium

265 5722 514 5779 Phatuel.
551 5744 568 5776 ι
631 5720 748 5777 Joel
793 5721 1182 5790 interpretatur
1229 5719 1384 5775 fortis
1432 5719 1547 5774 Dei.
1591 5717 1842 5785 Phatuel,

269 5817 546 5888 adapertio
567 5816 651 5872 vel
665 5831 842 5871 sermo
870 5815 1105 5871 Domini.
1139 5812 1378 5870 Verbum
1401 5809 1520 5879 Dei,
1545 5814 1844 5888 quodsem-

272 5925 368 5974 per
391 5907 490 5964 fuit
531 5909 670 5982 apud
703 5909 932 5975 Patrem,
983 5907 1048 5961 ad
1076 5903 1192 5962 Joel
1230 5904 1432 5964 factum
1458 5914 1562 5962 est.

2021 4892 2246 4948 «Audite
2258 4894 2381 4960 hoc,
2396 4899 2636 4966 senes,et
2649 4891 2872 4948 auribus
2882 4891 3163 4962 percipite,
3179 4907 3368 4950 omnes
3380 4893 3527 4948 habi-

1946 4992 2148 5040 tatores
2187 4993 2364 5039 terrae.
2404 5004 2424 5037 ι
2459 4967 2631 5040 Senes
2655 4998 2762 5038 non
2782 4992 2964 5050 aetate,
2996 4984 3090 5040 sed
3121 4987 3345 5052 merito;
3377 4986 3526 5040 habi—

1943 5084 2150 5132 tatores
2177 5092 2306 5132 vero
2331 5085 2515 5142 terrae,
2542 5075 2634 5146 qui
2657 5077 2907 5132 'terrenis
2933 5076 3186 5146 operibus
3211 5078 3522 5147 deprimun-

1945 5177 2052 5225 tur.
2080 5169 2226 5226 Inter
2253 5169 2441 5225 audire
2484 5185 2632 5236 vero,
2666 5177 2722 5224 et
2749 5169 2970 5224 auribus
2996 5168 3293 5239 percipere,
3330 5184 3523 5238 magna

1945 5261 2205 5316 distantia
2233 5268 2334 5316 est.
2367 5258 2705 5330 Presbyteri,
2729 5259 2833 5314 hoc
2861 5268 2944 5313 est
2988 5257 3311 5328 spirituales,
3344 5271 3524 5312 sacra-

1946 5355 2053 5410 tius
2080 5355 2339 5420 audiunt;
2388 5353 2482 5424 qui
2524 5367 2656 5408 vero
2698 5360 2898 5407 terram
2927 5350 3253 5414 inhabitant,
3300 5349 3524 5405 auribus

1942 5445 2268 5518 percipiunt,
2318 5445 2410 5500 sed
2451 5443 2726 5499 humilius.
2762 5461 2781 5494 ‹
2822 5440 2879 5497 Si
2905 5441 3105 5496 factum
3153 5448 3238 5494 est
3283 5439 3426 5496 istud
3465 5438 3523 5494 in

1947 5540 2136 5596 diebus
2171 5539 2390 5605 vestris,
2416 5547 2510 5594 aut
2538 5539 2593 5593 iu
2615 5537 2803 5593 diebus
2826 5545 3040 5608 patrum
3069 5542 3392 5598 vestrorum,
3427 5547 3526 5588 su-

1947 5649 2043 5702 per
2058 5633 2161 5688 hoc
2183 5631 2308 5688 liliis
2331 5631 2524 5687 vestris
2554 5637 2803 5685 narrate:
2830 5638 2884 5682 et
2915 5626 3008 5680 lilii
3035 5625 3200 5682 vestri
3230 5626 3355 5681 ﬁliis
3388 5622 3523 5690 suis,

1946 5730 2000 5779 et
2052 5706 2145 5777 ﬁlii
2193 5737 2382 5778 eorum
2427 5719 2766 5793 generationi
2806 5717 3008 5773 alterae.
3052 5735 3070 5768 ι
3101 5716 3251 5785 Quod
3279 5715 3525 5770 dicturus

1945 5832 2084 5879 sum,
2114 5816 2264 5870 novit
2285 5814 2544 5869 memoria
2574 5829 2588 5865 :
2624 5827 2760 5866 nova
2782 5826 2869 5866 res
2897 5821 3064 5868 noVos
3088 5811 3362 5866 auditores
3386 5805 3526 5862 desi-

1947 5909 2117 5964 derat.
2156 5907 2353 5963 Vinum
2374 5905 2520 5961 enim
2561 5918 2759 5959 novum
2805 5902 2859 5958 in
2898 5911 3048 5959 utres
3074 5917 3238 5958 novos
3270 5897 3522 5954 mittitur.
