4022 6440
499 464 569 527 99
959 459 1312 519 HAYMONIS
1352 444 1836 514 HALBERSTAT.
1874 446 2094 511 EPISC.
2124 448 2286 512 αφ.
2323 451 2505 512 PARS
2536 455 2582 511 Ι.
2622 483 2694 497 --
2724 448 3093 513 COMMENT.
3131 450 3306 511 BIBL.

3677 450 3784 510 100

498 581 556 637 In
586 580 690 635 hac
712 576 867 636 brevi
904 576 1170 634 sententia
1214 588 1376 630 omne
1419 588 1592 647 genus
1627 574 1927 629 humanm
1952 586 2084 628 cou-
2110 569 2164 635 Α
2189 571 2364 638 dona,
2407 585 2527 642 quae
2564 572 2622 627 in
2656 572 2917 644 populum
2960 572 3298 639 Judaeum,
3342 572 3431 627 vel
3460 572 3520 629 in
3558 576 3785 630 uteris

561 674 693 729 xuit.

561 690 590 728 Χ
634 682 693 729 it.

501 682 556 729 te
576 688 926 822 iuResiduum
951 774 1129 817 eruca:
1175 758 1411 817 comedit
1450 760 1688 828 locusta,
1719 769 1775 817 et
1806 759 2083 816 residuum

497 860 720 917 locusta:
753 855 989 914 comedit
1014 854 1280 921 bruchus,
1315 864 1370 910 et
1398 855 1675 911 residuum
1700 854 1892 909 bruchi
1936 869 2084 910 eom-

496 954 608 1008 edit
636 951 844 1023 rubigo.
874 970 892 1001 ι
926 949 1068 1017 Quid
1098 948 1241 1003 enim
1270 963 1368 1019 per
1390 962 1630 1014 erucam,
1659 962 1780 1019 quae
1808 956 1921 1003 toto
1962 962 2084 1003 cor-

493 1059 625 1114 pore
654 1043 707 1097 in
734 1050 936 1098 terram
966 1040 1125 1111 repit,
1154 1040 1264 1096 nisi
1292 1038 1515 1095 luxuria
1562 1040 1914 1112 designatur?
1951 1040 2082 1111 quid

491 1149 589 1208 per
611 1134 897 1197 locustam,
924 1148 1045 1205 quae
1072 1131 1300 1188 saltibus
1329 1132 1527 1198 evolat,
1568 1133 1671 1188 nisi
1708 1131 1884 1188 inanis
1912 1131 2083 1203 gloria

491 1226 861 1297 exprimitur?
905 1224 1035 1295 quid
1078 1239 1173 1296 per
1212 1224 1499 1290 bruchum,
1551 1222 1705 1294 cujus
1740 1237 1884 1295 pene
1911 1232 2082 1278 torum

492 1332 693 1389 corpus
721 1317 790 1372 .in
839 1324 1029 1373 ventre
1058 1315 1350 1387 colligitur,
1377 1316 1479 1371 nisi
1504 1316 1700 1372 edendi
1722 1317 1991 1387 ingluvies
2016 1314 2082 1371 li-

492 1408 753 1482 guratur?
780 1409 912 1479 quid
934 1423 1031 1481 per
1053 1408 1381 1480 rubiginem,
1413 1423 1532 1479 quae
1558 1408 1686 1464 dum
1708 1409 1882 1480 tangit
1903 1409 2087 1464 incen-

494 1501 595 1570 dit,
620 1502 725 1557 nisi
751 1502 829 1556 ira
858 1501 1135 1557 innuitur?
1164 1500 1459 1556 Residuum
1488 1515 1618 1573 ergo
1661 1516 1837 1557 erucae
1876 1501 2084 1558 locusta

501 1594 756 1662 comedit,
776 1592 901 1664 quia
922 1607 1082 1662 saepe,
1109 1608 1233 1648 cum
1256 1592 1485 1649 luxuriat
1510 1594 1700 1649 vitium
1725 1608 1756 1648 a
1786 1601 1970 1650 mente
2001 1610 2085 1650 re-

493 1685 741 1751 cesserit,
776 1685 955 1741 inanis
981 1685 1151 1757 gloria
1185 1684 1447 1751 succedit,
1493 1701 1617 1742 cum
1652 1703 1710 1743 se
1754 1687 1907 1757 quasi
1953 1702 2082 1744 san-

492 1780 640 1829 ctum
667 1790 732 1831 ex
769 1777 1018 1832 castitate
1064 1776 1346 1848 gloriatur.
1385 1775 1523 1833 Dum
1573 1793 1705 1849 ergo
1752 1778 1882 1833 vitia
1933 1778 2084 1835 vitiis

491 1864 807 1931 succedunt,
857 1881 1046 1937 agrum
1100 1868 1299 1924 mentis
1334 1868 1437 1924 alia
1479 1870 1650 1940 pestis
1681 1869 1928 1937 devorat,
1953 1871 2082 1926 dum

2185 662 2469 718 animabus
2494 676 2594 734 per
2614 663 2945 734 degens-ein
2988 664 3158 719 vitam
3189 679 3221 719 a
3258 663 3475 720 diabolo
3511 664 3784 736 dissipata

2188 764 2332 810 sunt.

2261 867 2281 900 ι
2312 846 2540 905 Confusi
2564 857 2693 905 sunt
2720 850 2994 921 agricoite,
3024 850 3370 907 ululavernnt
3396 850 3661 907 vinitores
3691 869 3785 908 su-

2183 955 2282 1010 per
2308 940 2615 1007 frumento,
2646 941 2776 997 vino
2796 983 2810 1007 ,
2838 951 2895 997 et
2940 944 3173 1009 hordeo,
3205 944 3333 1015 quia
3376 944 3541 1015 periit
3584 946 3785 1001 memis

2185 1034 2321 1105 agri.
2366 1054 2385 1087 ι
2416 1030 2681 1107 Agricolae
2700 1035 2791 1091 vel
2814 1036 3082 1094 vinitores
3116 1037 3291 1110 angeli
3321 1047 3467 1105 sunt,
3498 1037 3618 1095 sive
3658 1055 3782 1093 ma-

2184 1127 2341 1198 gistri
2370 1135 2533 1197 atque
2560 1128 2834 1196 demeres,
2866 1131 2959 1199 qui
2976 1169 2992 1195 ,
3019 1130 3267 1187 videntes
3293 1132 3501 1188 animas
3528 1131 3635 1188 sibi
3654 1148 3787 1189 ere-

2184 1216 2326 1272 ditas
2353 1217 2665 1274 carnalibus
2695 1219 3037 1290 passionibus
3081 1222 3389 1289 deservire,
3425 1234 3577 1279 nunc
3618 1224 3787 1295 plan-

2184 1317 2337 1381 gunt.
2368 1309 2556 1366 Messis
2580 1312 2881 1367 nuncnum
2914 1328 3086 1385 genus
3111 1315 3401 1387 signiﬁcat.

2256 1401 2458 1458 «Vinea
2468 1402 2695 1459 confusa
2706 1412 2815 1470 est,
2830 1414 2885 1459 et
2899 1405 3034 1462 ﬁcus
3044 1406 3307 1476 elanguit;
3322 1406 3782 1480 mahgmtatem,

2185 1492 2464 1563 etpalma,
2496 1502 2559 1549 et
2589 1494 2824 1561 mnium,
2862 1504 2921 1551 et
2944 1498 3127 1553 omnia
3155 1498 3299 1570 ligna
3334 1499 3454 1570 agri
3491 1509 3784 1566 amount,

2184 1585 2308 1654 quia
2330 1585 2612 1642 confusum
2632 1589 3000 1661 estgandium
3028 1606 3057 1645 a
3078 1591 3211 1647 ﬁliis
3232 1592 3532 1648 hominum.
3552 1608 3580 1645 δ
3606 1594 3785 1651 Vinea

2182 1677 2269 1732 vel
2318 1678 2452 1734 ﬁcus
2498 1679 2552 1734 id
2596 1661 2777 1751 ipsum
2820 1684 2970 1752 quod
3017 1685 3269 1754 superius
3318 1686 3473 1756 plebs
3526 1687 3781 1745 Iudaica.

2182 1768 2613 1843 Malogranatmn
2658 1782 2713 1829 et
2766 1782 2961 1831 caetera
3018 1777 3162 1849 ligna
3210 1779 3422 1835 diversa
3467 1782 3790 1850 signiﬁcant

2183 1861 2574 1918 charismatum
2612 1864 2757 1920 dona
2779 1907 2793 1932 ,
2822 1881 2944 1936 quae
2984 1868 3226 1926 humane
3254 1872 3443 1941 generi
3473 1872 3546 1928 ab
3576 1874 3788 1930 adverb

490 1948 594 2008 alia
625 1933 918 2027 relinquit.—
933 1956 1067 2012 Item
1110 1957 1268 2014 aliter
1299 1974 1313 2013 :
1344 1933 1553 2032 Assyrii
1579 1960 1679 2017 sub
1708 1933 2075 2030 Salmanasar,
2108 1933 2159 1995 Β
2185 1953 2346 2009 Saliis
2379 1933 2858 2028 1)(ηειθιιιῑὶἱπιειφεξιἰ
2883 1959 3019 2013 Vitia
3049 1933 3389 2017 auferuntur.

487 2038 766 2117 Babylonii
793 2047 1035 2104 Judaeam
1076 2049 1178 2104 sub
1206 2049 1729 2118 Nabuchodonosor,
1780 2052 2078 2110 Antiochus

490 2135 684 2210 Syrite,
703 2150 759 2194 et
789 2139 1152 2212 Vespasianus
1175 2142 1473 2213 imperator
1494 2141 1864 2200 Romanorum
1899 2153 2079 2202 vastae

489 2238 704 2284 verunt.
732 2228 865 2285 Item
903 2231 1059 2287 aliter
1088 2249 1102 2285 :
1135 2232 1378 2300 Quatuor
1402 2234 1487 2290 hae
1513 2245 1692 2305 pestes
1717 2244 1951 2307 quatuor
2005 2236 2078 2291 si»

490 2319 750 2391 gniﬁcant
776 2337 975 2393 genera
1004 2322 1281 2391 vitiorum,
1325 2324 1523 2395 quibus
1576 2328 1827 2381 humanae
1884 2325 2078 2382 anima:

486 2418 904 2477 pervertuntur;
935 2427 1061 2467 nam
1089 2413 1141 2468 bi
1174 2420 1444 2481 metuunt,
1471 2416 1823 2486 cupiuntque,
1866 2415 2077 2471 dolent-

394 2552 399 2555 .
487 2516 615 2572 que,
640 2504 1000 2575 gaudentque.
1076 2570 1083 2577 1

565 2612 584 2647 ι
616 2595 1090 2670 Expergiscimini,
1122 2602 1278 2668 ebrii,
1306 2612 1361 2657 et
1390 2599 1532 2667 ﬁcte,
1566 2610 1620 2658 et
1645 2603 1849 2658 ululate
1885 2617 2076 2661 omnes

486 2683 579 2754 qui
606 2684 795 2743 bibitis
816 2688 1003 2743 vinum
1031 2690 1086 2745 in
1110 2691 1407 2756 dulcedine,
1435 2694 1691 2763 quoniam
1712 2694 1874 2764 periit
1892 2695 1961 2750 ab
1981 2708 2077 2751 ore

483 2786 687 2834 vestro.
722 2799 742 2832 ι
782 2776 933 2837 Ebrii
971 2783 1150 2838 vocati
1182 2793 1308 2839 sunt
1343 2785 1455 2855 qui,
1496 2787 1679 2842 mundi
1706 2787 1865 2858 hujus
1890 2801 2076 2843 amore

485 2871 697 2940 confisi,
747 2873 889 2930 mala
929 2891 1037 2933 non
1080 2878 1319 2932 sentiunt
1346 2894 1464 2949 qum
1493 2880 1791 2950 patiuntur.
1816 2879 1961 2949 Quid
1991 2890 2077 2937 est

483 2980 611 3037 ergo
630 2968 811 3023 dicere
831 2987 844 3022 :
868 2966 1340 3040 Expergiscimini,
1355 2973 1513 3039 ebrii,
1533 2983 1588 3029 et
1606 2971 1751 3039 ﬂete,
1768 2974 1870 3029 nisi
1891 2990 1905 3029 :
1925 2974 2075 3030 Som-

483 3056 631 3109 nium
663 3066 857 3113 vestrae
888 3058 1318 3116 insensibilitatis
1362 3062 1622 3129 excutite,
1656 3071 1711 3119 et
1732 3063 1787 3118 in
1825 3064 2074 3120 devasta-

482 3148 625 3203 tione
657 3151 836 3205 cordis
860 3158 939 3206 tot
961 3151 1064 3207 sibi
1088 3152 1502 3210 succedentibus
1528 3155 1784 3211 vitiorum
1806 3156 2069 3226 pestibus,

479 3238 835 3311 vigilantibus
860 3241 1114 3299 lamentis
1138 3243 1389 3301 obviate?

556 3350 574 3381 ‹
613 3330 760 3387 Gens
778 3333 925 3386 enim
951 3335 1195 3390 ascendit
1219 3352 1383 3406 super
1416 3347 1619 3394 terram
1643 3355 1819 3397 meam
1844 3341 1999 3398 fortis
2017 3351 2073 3399 et
2096 3309 2143 3374 Ο

470 3418 934 3489 innumerabilis;
970 3424 1160 3480 dentes
1189 3426 1305 3494 ejus
1328 3435 1388 3481 ut
1416 3429 1607 3484 dentes
1640 3430 1833 3499 leonis,
1874 3444 1929 3489 et
1957 3452 2073 3491 mo-

479 3509 621 3564 lares
653 3511 770 3581 ejus
799 3520 857 3566 ut
882 3512 1047 3568 catuli
1077 3514 1265 3571 leonis.
1307 3535 1325 3567 ι
1361 3516 1505 3574 Gens
1532 3521 1676 3575 enim
1708 3522 1864 3579 fortis
1894 3536 1946 3581 et
1988 3528 2072 3582 in—

479 3604 836 3659 numerabilis
866 3603 1139 3662 dmmones
1167 3607 1450 3679 signiﬁcat,
1495 3628 1614 3682 quae
1637 3630 1742 3669 non
1769 3632 1931 3687 super
1960 3634 2072 3676 cm-

475 3693 608 3760 lum,
634 3695 737 3751 hoc
762 3704 845 3751 est
873 3696 1199 3766 spiritua‘les,
1233 3700 1326 3755 sed
1363 3716 1524 3772 super
1574 3713 1796 3773 terram,
1828 3708 1931 3764 hoc
1987 3717 2069 3777 est

476 3800 641 3857 super
664 3788 912 3844 carnales
935 3789 1199 3845 ascendit.

556 3895 575 3928 ι
631 3877 824 3934 Posuit
864 3880 1079 3935 vineam
1140 3895 1317 3937 meam
1363 3882 1419 3936 in
1472 3885 1766 3953 desertum,
1814 3899 1869 3945 et
1906 3891 2067 3948 ﬁcum

473 3983 651 4025 meam
679 3972 1064 4028 decorticavit:
1117 3974 1326 4029 nudans
1369 3977 1620 4045 spoliavit
1642 3995 1763 4034 eam
1792 3990 1846 4036 et
1882 3984 2068 4055 proje-

471 4062 565 4128 cit,
595 4062 703 4118 albi
729 4062 855 4120 facti
887 4073 1016 4120 sunt
1066 4066 1203 4119 rami
1250 4065 1386 4136 ejus.
1446 4066 1670 4124 rVinea
1701 4075 1933 4144 populus
1959 4072 2066 4134 Do-

471 4153 604 4209 mini
631 4164 996 4225 nuncupatur,
1025 4155 1160 4213 ﬁcus
1184 4173 1311 4213 vero
1338 4158 1693 4217 1sraelilicam
1738 4164 1945 4235 plebem
1990 4168 2063 4224 si-

471 4247 714 4316 gniﬁcat.
748 4246 937 4302 Ficum
968 4248 1213 4305 diabolus
1253 4252 1626 4320 decorticavit,
1660 4256 1786 4325 quia
1813 4260 2061 4315 eamdem

469 4327 683 4408 plebem
713 4337 995 4396 Iudaicam
1019 4341 1087 4396 ab
1114 4343 1259 4397 omni
1290 4345 1459 4414 gloria
1482 4349 1730 4403 nudavit.
1760 4349 1918 4406 Rami
1942 4353 2061 4422 ejus

469 4430 575 4484 albi
612 4429 738 4484 facti
772 4439 918 4498 sunt,
946 4431 1073 4501 quia
1104 4435 1414 4489 sacerdotes
1438 4436 1580 4491 illius
1619 4447 1781 4507 atque
1808 4442 2059 4502 doctores

467 4519 769 4576 forinsecus
798 4522 903 4577 albi
930 4523 1182 4577 videntur
1208 4539 1303 4593 per
1328 4525 1677 4596 hypocrisim.

544 4632 563 4663 ι
597 4612 797 4684 Plange
827 4616 982 4685 quasi
1017 4616 1163 4686 vim)
1194 4618 1437 4673 accincta
1464 4634 1650 4686 sacco,
1688 4638 1851 4694 super
1878 4628 2052 4686 virtuti

468 4705 767 4775 pubertatis
818 4717 951 4772 tuae,
1002 4728 1020 4761 ι
1054 4708 1099 4765 Ο
1140 4708 1326 4764 infelix
1368 4711 1549 4780 plebs,
1580 4714 1660 4769 vel
1689 4719 1867 4774 anima
1888 4762 1903 4785 ,
1934 4736 2055 4793 quae

465 4810 665 4866 sponso
684 4838 698 4860 ,
724 4798 777 4852 id
803 4807 886 4854 est
911 4798 1151 4864 Christo,
1195 4800 1342 4855 velut
1369 4818 1567 4873 SpODSO
1597 4809 1843 4878 c0pulata
1872 4811 2054 4871 fueras

466 4886 734 4959 conjugio,
765 4899 821 4945 et
850 4898 1092 4961 stuprata
1124 4906 1155 4944 a
1188 4891 1551 4961 daemonibus,
1589 4899 1829 4956 adultera
1859 4903 2050 4962 effecta

464 4995 540 5047 es,
572 4982 764 5054 plange
786 4983 941 5053 quasi
974 4983 1145 5055 virgo,
1176 4987 1279 5040 hoc
1299 4995 1383 5041 est
1415 5004 1513 5059 age
1540 4992 1935 5059 pmnitentiam.

540 5089 557 5120 ‹
594 5069 764 5125 Periit
805 5072 1132 5128 sacriﬁcium
1175 5082 1232 5128 et
1273 5074 1460 5133 lihatio
1502 5079 1569 5136 de
1599 5082 1759 5138 domo
1802 5087 2046 5156 Demini;

462 5161 723 5218 luxerunt
761 5164 1068 5220 sacerdotes
1096 5167 1328 5223 ministri
1358 5168 1590 5227 Domini.
1633 5195 1652 5226 ι
1685 5175 1913 5233 Domum
1944 5179 2049 5235 Do-

461 5255 592 5310 mini
630 5255 838 5325 plebem
870 5257 999 5312 dicit
1020 5258 1322 5327 Iudaicam,
1348 5263 1462 5319 sive
1485 5267 1743 5335 animam,
1775 5286 1916 5340 quae,
1948 5287 2016 5327 ex

459 5348 687 5420 spoliata
722 5352 790 5407 ab
821 5353 1147 5409 adversariis
1195 5359 1570 5425 potestatibus,
1618 5356 1817 5417 nudata
1869 5364 1927 5417 ﬁt
1975 5367 2044 5421 ab

458 5441 604 5496 omni
634 5444 898 5500 sacriﬁcio
920 5445 1163 5516 justitite.
1747 5455 1750 5459 ’

534 5552 554 5585 ι
588 5535 913 5608 Depopulata
945 5549 1027 5594 est
1049 5539 1218 5612 regio,
1250 5541 1385 5597 luxit
1411 5543 1627 5610 humus,
1659 5547 1913 5615 quoniam
1947 5550 2038 5605 de-

457 5636 723 5684 vastatqu
776 5640 860 5687 est
918 5632 1186 5698 triticum,
1237 5633 1518 5688 confusum
1584 5645 1667 5690 est
1714 5638 1931 5707 vinum,
1984 5651 2038 5698 et

452 5723 688 5795 elanguit
712 5725 910 5781 oleum.
944 5746 960 5776 ι
991 5725 1103 5781 Hoc
1137 5735 1220 5781 est
1250 5727 1393 5795 quod
1421 5727 1496 5782 ait
1529 5729 1692 5785 David
1722 5749 1732 5784 :
1766 5752 1783 5785 ι
1814 5734 1930 5791 Νοη
1954 5747 2038 5794 est

451 5815 542 5884 qui
575 5814 734 5871 faciat
764 5818 963 5873 bonum
984 5857 997 5881 ,
1034 5832 1137 5872 non
1166 5826 1249 5873 est
1289 5835 1459 5890 usque
1496 5821 1564 5877 ad
1601 5840 1784 5881 unum.
1818 5849 1837 5882 ο
1871 5827 2035 5886 Triti-

452 5923 605 5974 cum,
665 5910 878 5974 vinum,
923 5918 976 5964 et
1024 5911 1232 5979 oleum,
1292 5915 1677 5975 charismatum
1728 5922 2033 5995 signiﬁcant

2078 4670 2133 4732 D

2261 2065 2280 2097 ι
2302 2046 2583 2120 Accingite
2594 2064 2713 2116 vos,
2730 2052 3055 2124 etplangite,
3071 2056 3382 2112 sacerdotes
3399 2074 3413 2124 ;
3432 2056 3660 2127 ‘uluiate,
3676 2062 3787 2117 ini-

2184 2138 2344 2193 nistri
2372 2140 2579 2197 altaris.
2604 2142 2980 2214 ingredimini,
3014 2148 3211 2204 cubate
3248 2149 3306 2204 in
3337 2165 3517 2217 sacco,
3536 2154 3782 2211 ministri

2184 2230 2279 2288 Dei
2310 2235 2438 2299 mei,
2470 2235 2729 2305 quoniam
2752 2236 2963 2292 interiit
2986 2238 3054 2293 de
3084 2239 3245 2295 domo
3270 2241 3368 2297 Dei
3394 2244 3568 2299 nostri
3592 2247 3782 2301 sacri-

2182 2321 2365 2386 ﬁcium
2390 2334 2449 2380 et
2484 2326 2692 2382 libatio.
2730 2348 2752 2381 ι
2778 2328 3103 2388 Exhortatio
3131 2332 3198 2387 ad
3233 2337 3552 2406 praepositos
3584 2337 3785 2396 Eccle-

2183 2413 2294 2479 site,
2338 2422 2403 2469 ut
2444 2430 2542 2487 per
2588 2418 2949 2476 eruditionem
2981 2423 3163 2493 populi
3213 2425 3316 2480 sibi
3355 2428 3578 2492 crediti.
3627 2431 3784 2487 velut

2180 2509 2400 2578 propria
2426 2510 2724 2580 deplorent.
2750 2511 2979 2568 Domum
3015 2515 3111 2570 Dei
3155 2516 3452 2573 Ecclesium
3494 2520 3658 2589 dicit,
3689 2524 3781 2579 vel

2182 2600 2420 2655 animam
2456 2616 2525 2657 ex
2553 2618 2659 2674 qua
2700 2619 2925 2660 munera
2953 2605 3050 2662 Dei
3088 2622 3191 2679 per
3219 2610 3344 2666 vita:
3364 2610 3639 2669 incutiam
3678 2631 3779 2686 pe-

2182 2693 2408 2749 rierunt.

2258 2802 2277 2835 ι
2308 2783 2960 2858 Sanctiﬁcatejejunium,
2984 2802 3173 2851 vocate
3198 2805 3418 2863 coetum,
3440 2809 3778 2873 congregati:

2181 2890 2357 2941 senes,
2386 2891 2576 2934 omnes
2595 2878 2927 2939 habitatores
2948 2893 3108 2940 teme
3138 2887 3191 2941 in
3214 2889 3431 2944 domum
3446 2891 3546 2946 Dei
3570 2895 3773 2962 nostri,

2179 2978 2235 3023 et
2262 2968 2491 3026 clamate
2521 2971 2587 3026 ad
2613 2972 2900 3029 Dominum
2939 2995 2951 3030 :
2979 2977 3063 3033 Ah
3089 2979 3158 3034 ah
3186 2980 3252 3034 ab
3284 2981 3420 3037 diei!
3451 2984 3777 3057 quiaprope

2179 3070 2261 3118 est
2282 3063 2398 3120 dies
2438 3065 2673 3132 Domini,
2700 3079 2755 3123 et
2782 3071 2939 3140 quasi
2959 3074 3187 3128 vastitas
3215 3090 3247 3127 a
3271 3079 3706 3145 potente'veniet.
3738 3101 3769 3134 τ

2179 3150 2293 3209 Hoc
2314 3164 2398 3210 est
2429 3174 2442 3209 :
2462 3156 2729 3227 jejunium
2754 3171 2995 3218 vestrum
3024 3167 3237 3222 caeteris
3261 3168 3545 3227 virtutibus
3563 3174 3777 3242 adjun-

2178 3253 2324 3300 ctum
2355 3249 2712 3306 sanctiﬁcate.
2739 3251 2911 3310 Senes
2937 3264 2993 3310 et
3012 3256 3344 3316 habitatores
3366 3269 3548 3332 terrae,
3575 3266 3774 3321 docto-

2174 3353 2264 3395 res
2284 3347 2341 3395 et
2361 3340 2638 3399 auditores
2665 3345 2796 3402 dicit
2818 3347 2873 3401 in
2908 3349 3209 3406 Ecclesium
3241 3357 3645 3427 congregandos
3671 3374 3773 3429 per

2172 3429 2367 3500 ﬁdem;
2407 3434 2522 3490 dies
2546 3436 2763 3494 Domini
2793 3440 2992 3497 dicitur
3021 3443 3134 3499 dies
3152 3444 3363 3514 judicii.

2249 3547 2265 3578 ς
2290 3525 2540 3600 Nunquid
2562 3545 2667 3585 non
2697 3547 2879 3589 coram
2900 3536 3075 3593 oculis
3096 3540 3292 3596 vestris
3316 3540 3569 3598 alimenta
3589 3547 3771 3614 perie-

2171 3629 2318 3688 runt,
2343 3623 2408 3678 de
2440 3624 2599 3681 domo
2624 3625 2724 3681 Dei
2751 3630 2921 3685 vestri
2947 3630 3132 3687 laetitia
3163 3643 3219 3689 et
3236 3635 3564 3692 exsultatio?
3590 3658 3608 3691 ι
3636 3639 3768 3696 στρ..

2171 3716 2447 3772 scentibus
2475 3720 2620 3773 enim
2647 3721 2795 3777 vitiis
2823 3731 2986 3793 atque
3014 3727 3282 3796 peccatis,
3314 3728 3492 3786 luctus
3523 3734 3767 3789 succedit

2168 3804 2398 3873 ltetitiae;
2425 3809 2618 3865 domus
2642 3811 2739 3867 Dei
2787 3812 3029 3871 Ecuesia
3058 3818 3398 3892 intelligitur,
3439 3823 3525 3880 vel
3555 3828 3759 3882 anima.

2243 3920 2261 3952 ι
2283 3900 2992 3975 Computrueruntjumenta
3008 3911 3061 3966 in
3077 3920 3318 3970 stercore
3337 3932 3456 3973 suo.
3469 3936 3489 3970 ι
3505 3916 3761 3976 Iumenta

2167 3992 2224 4046 in
2263 4000 2502 4050 stercore
2528 4011 2625 4051 suo
2665 4007 2978 4066 putrescere
3004 4014 3106 4071 est,
3137 4006 3388 4067 homines
3430 4017 3677 4067 carnales
3705 4014 3760 4069 in

2165 4080 2340 4139 fetore
2360 4084 2586 4141 luxuria:
2621 4088 2784 4143 vitam
2815 4089 2991 4148 ﬁnire.
3026 4113 3044 4146 ‹
3086 4095 3349 4154 Demolita
3385 4110 3513 4156 sunt
3538 4104 3758 4177 horrea,

2165 4175 2439 4247 dissipatae
2464 4183 2909 4251 suntapothecze,
2934 4189 3189 4255 quoniam
3221 4191 3507 4250 confusura
3543 4206 3628 4255 est
3663 4175 3759 4254 tri—

2164 4268 2347 4322 ticum.
2407 4289 2426 4321 ι
2480 4269 2684 4327 Horrea
2738 4275 2823 4329 vel
2888 4280 3165 4347 apotheca:
3225 4293 3433 4341 mentes
3487 4289 3758 4361 signiﬁcat

2161 4358 2429 4426 ﬁdelium,
2478 4361 2532 4417 in
2580 4365 2776 4433 quibus
2806 4364 3403 4445 frumentumjustitiae
3440 4390 3508 4453 .et
3543 4358 3755 4441 vviuum

2159 4453 2464 4522 prudentia:
2495 4458 2716 4513 recondi
2751 4460 2969 4518 solitum
2999 4475 3136 4521 erat.

2233 4566 2251 4597 ‹
2276 4547 2413 4614 Quid
2428 4549 2691 4617 ingemuit
2710 4553 2929 4623 animal,
2949 4561 3260 4630 mugierunt
3276 4580 3466 4639 greges
3486 4574 3755 4629 armenti?

2157 4637 2294 4705 Quia
2327 4656 2431 4697 non
2474 4650 2558 4698 est
2580 4659 2844 4715 pascuum
2890 4650 3004 4716 eis,
3037 4654 3131 4708 sed
3161 4664 3214 4710 et
3253 4637 3444 4731 greges
3488 4679 3792 4734 pecorum.

2159 4731 2537 4800 disperierunt.
2566 4754 2585 4787 ι
2607 4735 2758 4803 Quod
2783 4742 2984 4798 animal
3001 4754 3313 4805 etarmenta
3328 4731 3751 4821 dixin—homines

2159 4820 2343 4875 doctos
2380 4822 2680 4881 doctrinam
2719 4827 2812 4884 Dei
2856 4831 3168 4902 ignorantes
3200 4820 3515 4914 insinuavit,
3548 4866 3748 4921 peoora

2157 4930 2286 4969 vero
2316 4928 2503 4988 gentes
2531 4921 2858 4990 signiﬁcant.
2880 4925 3088 4985 Pascua
3116 4932 3450 5006 defecerunt,
3477 4945 3606 5012 quia
3631 4949 3745 5002 ari—

2155 5002 2295 5059 ditas
2317 5007 2470 5105 verbi
2496 5008 2587 5064 Dei
2631 5024 2826 5068 cuncta
2861 5020 3128 5088 possidet,
3157 5034 3211 5079 et
3256 5002 3598 5090 cessantibus
3626 5038 3748 5106 plu-

2154 5094 2254 5149 viis
2283 5093 2416 5164 ejus,
2444 5100 2623 5156 omnia
2651 5118 2929 5164 aruerunt.
2963 5110 3168 5186 Greges
3193 5119 3585 5194 disperierunt,
3615 5093 3745 5201 quia

2153 5198 2399 5255 pastores
2428 5193 2564 5248 tales
2591 5212 2695 5251 non
2726 5210 2853 5255 sunt
2881 5205 2972 5273 qui
2995 5206 3226 5267 doceant
3248 5217 3557 5277 sanitatem.

2228 5297 2247 5329 ι
2281 5280 2378 5381 ἈιΙ
2413 5293 2463 5383 te
2487 5326 2501 5351 ,
2545 5287 2797 5361 Domine,
2827 5295 3107 5368 clamabo,
3149 5306 3276 5375 quia
3323 5309 3462 5383 ignis
3502 5321 3741 5376 comedit

2150 5370 2392 5437 speciosa
2431 5375 2660 5443 deserti,
2706 5393 2762 5436 et
2801 5383 3018 5446 flamma
3063 5370 3565 5462 succendit-[omnia
3592 5408 3735 5480 ligna
3794 5458 3807 5465 -

2149 5463 2403 5558 regionis,
2434 5469 2529 5524 sed
2557 5480 2612 5525 et
2642 5472 2832 5537 bestia
2858 5482 2977 5551 agri
2996 5523 3010 5547 ,
3047 5487 3204 5554 quasi
3244 5505 3370 5548 area
3411 5495 3601 5555 sitiens

2146 5551 2331 5652 bretn,
2364 5572 2726 5629 suspexerunt
2752 5569 2819 5623 ad
2867 5579 2948 5639 te,
2996 5551 3252 5645 quoniam
3301 5585 3561 5644 exsiccati
3605 5605 3736 5652 sunt

2144 5640 2320 5743 fontes
2343 5663 2625 5720 aquarum,
2651 5666 2706 5712 et
2727 5659 2864 5731 ignis
2889 5640 3165 5723 devoravit
3186 5674 3430 5743 speciosa
3451 5640 3726 5742 deserti.

2144 5736 2321 5809 Ignis,
2354 5742 2630 5816 diabolus,
2681 5752 2989 5825 desertum,
3032 5736 3267 5821 mundus
3307 5767 3441 5837 iste,

2143 5834 2373 5904 deserti,
2405 5840 2648 5900 homines
2676 5846 2790 5903 sive
2815 5850 2986 5921 gloria
3025 5856 3182 5928 hujus
3471 5834 3611 5940 ligna
3644 5834 3731 5927 re?

2142 5928 2337 5997 gionis,
2370 5944 2557 6003 gentes
2587 5953 2705 6007 quae
2745 5956 2773 5995 a
2822 5946 3032 6003 diabolo
3061 5962 3393 6023 consumpta:
3419 5928 3589 6030 sunt;
3633 5966 3728 6023 be-
