4022 6446
216 488 314 548 101

1254 484 1654 547 ENARRATIO
1688 487 1756 545 1N
1794 484 1961 547 JOEL
1992 484 2438 545 PROPHETAII.

3388 494 3490 553 ιω

206 605 333 671 suae
360 605 475 677 agri
506 612 694 675 gentes
726 604 1004 671 dicuntur,
1034 618 1157 675 quae
1193 612 1317 676 post
1344 605 1485 660 mala
1529 618 1694 675 opera
1726 605 1799 660 ad
1825 608 1876 669 Α
1908 624 1926 654 ε
1960 602 2056 657 Vir
2096 603 2152 658 in
2196 582 2301 657 viis
2345 604 2459 658 suis
2496 606 2806 674 gradietur,
2856 614 2912 663 et
2957 620 3066 662 non
3114 606 3406 665 declinabit
3456 627 3489 666 a

210 698 383 753 Deum
447 713 757 763 conversae,
820 697 939 789 ejus
998 697 1426 754 misericordiam
1484 696 1796 768 inplorant.

209 788 412 846 Fontes
434 802 699 860 aquarum
730 788 1010 846 scientiam
1066 789 1377 861 signiﬁcant
1398 789 1554 860 legis,
1589 803 1709 859 quae
1738 788 1799 842 in

207 884 406 957 popqu
430 883 736 942 Judtcorurn
762 899 861 955 per
893 883 1268 940 inﬁdelitatem
1290 883 1563 939 exsiccata
1589 888 1689 937 est.

740 1004 757 1017 ’
831 1033 1060 1096 CAPUT
1098 1038 1163 1095 ιι.

274 1171 306 1207 οι
332 1154 534 1211 Canite
574 1154 702 1210 tuba
730 1155 789 1209 in
828 1152 961 1211 Sion
984 1194 999 1219 ,
1034 1153 1237 1210 ululate
1272 1154 1334 1208 in
1379 1161 1564 1209 monte
1606 1160 1797 1208 sancto

206 1261 351 1313 meo,
381 1245 779 1302 conturbentur
819 1259 1010 1299 omnes
1040 1244 1375 1300 habitatores
1425 1253 1617 1312 terrae;
1668 1244 1796 1314 quia

205 1338 357 1393 venit
375 1337 494 1392 dies
522 1336 765 1402 Domini,
804 1336 937 1407 quia
966 1350 1134 1407 prope
1161 1343 1248 1392 est
1286 1337 1407 1393 dies
1448 1338 1794 1393 tenebrarum

205 1440 260 1489 et
307 1430 590 1501 caliginis,
639 1430 755 1485 dies
798 1430 958 1485 nubis
1000 1438 1055 1485 et
1090 1430 1352 1485 turbinis.
1404 1453 1423 1482 υ
1478 1429 1639 1485 Clara
1687 1446 1795 1486 vox

204 1522 524 1596 Evangelica
542 1522 881 1601 praedicatio,
907 1521 1037 1578 Sion
1058 1536 1188 1578 vero
1209 1522 1451 1578 Ecclesia
1470 1522 1554 1579 vel
1578 1524 1790 1590 anima;

204 1617 539 1673 habitatores
608 1627 770 1673 ten-a2
795 1658 810 1683 ,
859 1618 1108 1673 homines
1164 1617 1300 1672 dicit
1348 1631 1469 1672 esse
1524 1616 1789 1682 carnales,

202 1722 551 1780 quoscmues
574 1718 760 1773 terret,
784 1717 841 1764 et
868 1709 938 1764 ad
959 1709 1335 1780 pmnitentiam
1358 1716 1648 1779 provocat;
1674 1709 1793 1765 dies

201 1802 388 1874 iudicii
416 1803 541 1859 talis
568 1803 672 1859 erit
712 1802 797 1857 his
824 1802 916 1871 qui
965 1801 1179 1872 passuri
1220 1809 1349 1856 sunt
1377 1816 1599 1871 prunas,
1627 1816 1791 1873 quam

199 1899 306 1955 diei
332 1899 682 1954 tenebrarum
716 1905 771 1953 et
798 1896 1045 1968 caliginis
1067 1896 1141 1952 ob
1164 1896 1569 1952 damnationem
1598 1910 1791 1967 repro—

1902 694 2112 749 semitis
2152 694 2289 749 suis.
2324 692 2704 765 Unusquisque
2736 694 2962 752 fratrem
2998 713 3153 753 suum
3194 694 3301 755 non
3324 714 3488 756 coar-

1902 788 2091 842 ctabit.
2120 785 2331 858 Singuli
2362 786 2414 841 in
2440 786 2580 841 calle
2615 802 2716 842 suo
2743 790 3113 846 ambulabunt.
3154 790 3260 847 Sed
3300 802 3357 848 et
3391 809 3490 864 per

1900 876 2171 934 fenestras
2204 878 2419 943 cadent,
2446 887 2504 934 et
2529 894 2635 933 non
2664 880 3041 937 demolientur.
3073 882 3272 942 Urbem
3310 886 3490 957 ingre-

1901 972 2137 1037 dientur,
2164 973 2220 1027 in
2250 988 2404 1028 muro
2441 981 2697 1038 current,
2724 973 2916 1029 domes
2942 979 3330 1034 conscendent.
3368 998 3392 1032 δ
3426 978 3487 1034 in

1899 1062 2095 1133 quibus
2119 1063 2264 1117 enim
2290 1062 2541 1118 diabolus
2564 1062 2715 1132 juste
2753 1067 3027 1135 acceperit
3053 1077 3397 1138 potestatem,
3430 1069 3485 1125 in

1899 1154 1986 1209 bis
2010 1169 2108 1225 per
2134 1170 2328 1210 sensus
2356 1155 2538 1211 carnis
2562 1155 2711 1211 velut
2746 1172 2844 1227 per
2868 1156 3136 1215 fenestras
3155 1159 3485 1232 ingrediens,

1899 1254 2081 1301 amota
2104 1260 2222 1315 quae
2252 1247 2578 1303 intrinsecus
2606 1248 2844 1319 reperit,
2884 1250 3241 1321 depraedatur.
3275 1252 3333 1308 Si
3364 1256 3489 1324 quis

1896 1351 2027 1392 vero
2055 1351 2181 1392 eum
2224 1336 2450 1393 introire
2493 1339 2805 1410 prohibeat,
2855 1339 2974 1412 ejus
3020 1340 3312 1398 aediﬁcium
3354 1345 3486 1401 boni

1897 1429 2076 1497 operis
2094 1428 2347 1485 demoliri
2372 1445 2482 1485 eoa
2510 1430 2871 1501 permittitur.
2908 1451 2927 1483 ι
2960 1431 3066 1487 Per
3104 1432 3371 1490 fenestras
3398 1436 3487 1492 in-

1896 1518 2119 1574 trabunt
2146 1520 2301 1589 quasi
2327 1519 2437 1585 fur,
2472 1541 2489 1572 ι
2513 1520 2566 1576 id
2584 1530 2676 1577 est
2699 1536 2797 1592 per
2824 1538 3015 1580 sensus
3041 1532 3258 1582 nostros
3277 1526 3489 1583 occulte

1896 1606 2169 1664 daemones
2195 1609 2340 1664 velut
2360 1608 2510 1666 fures
2534 1611 2926 1683 ingredientur.

1972 1718 1992 1752 ι
2022 1700 2069 1756 Α
2097 1700 2239 1757 facie
2273 1700 2391 1771 ejus
2416 1702 2744 1759 contremuit
2786 1713 2966 1770 terra,
3000 1704 3137 1760 moti
3180 1713 3307 1760 sunt
3334 1706 3485 1773 curii,

1894 1793 2055 1849 solet
2084 1794 2210 1848 luna
2243 1795 2616 1853 contenebrati
2653 1803 2802 1862 sunt,
2835 1804 2891 1851 et
2931 1795 3103 1852 stella
3143 1804 3489 1854 retraxerunt

1897 1886 2235 1957 splendorem
2281 1903 2457 1943 suum.
2487 1908 2507 1940 ι
2532 1887 2580 1942 Δ
2613 1887 2753 1945 facie
2780 1887 2958 1957 hujus
2994 1887 3175 1960 populi
3214 1888 3487 1955 diabolici,

201 1991 395 2047 borum
434 1991 784 2062 comparavit.
830 1990 901 2045 At
926 2003 1076 2056 vero,
1125 1990 1251 2060 quia
1297 1997 1490 2045 cuncta
1518 1997 1788 2046 reti-0am
1824 1973 1870 2034 Β
1896 1980 1982 2036 vel
2005 1982 2169 2036 etiam
2197 1980 2523 2036 Antichristi
2545 1981 2879 2038 contremuit
2908 1989 3075 2046 terra,
3106 1981 3211 2037 hoc
3244 1990 3330 2037 est
3358 1996 3491 2059 pec~

201 2093 334 2140 tunc
353 2085 542 2157 judici'i
564 2084 787 2154 justitiae
828 2083 1097 2154 patefacta
1127 2092 1321 2151 erunt,
1354 2084 1478 2139 ideo
1512 2099 1632 2139 eam
1658 2083 1788 2139 solis

200 2178 393 2234 lumini
434 2178 783 2250 comparavit.
808 2198 833 2228 l
862 2176 1033 2245 Quasi
1078 2192 1237 2233 mane
1261 2190 1581 2248 .expausum
1627 2191 1789 2247 super

198 2281 409 2329 montes
438 2271 665 2343 populus
690 2270 895 2326 multus
930 2279 984 2325 et
1014 2269 1208 2336 fortis,
1243 2269 1435 2324 similis
1472 2268 1523 2325 ei
1552 2282 1662 2324 non
1687 2267 1792 2324 fuit

195 2379 227 2418 a
264 2363 564 2434 principio,
600 2370 655 2418 et
694 2371 818 2432 post
852 2375 979 2415 eum
1022 2375 1129 2415 non
1158 2360 1266 2415 erit
1312 2373 1483 2429 usque
1530 2359 1584 2414 in
1617 2372 1789 2415 annos

196 2455 562 2530 generationis
607 2463 662 2508 et
711 2453 1098 2526 generationis.
1133 2472 1152 2504 ι
1183 2451 1421 2522 Populus
1478 2452 1679 2506 multus
1735 2460 1789 2508 et

197 2542 372 2609 fortis,
401 2541 703 2597 daemonum
743 2539 1147 2595 multitudinem
1176 2547 1231 2594 et
1259 2539 1550 2609 impiorum
1577 2539 1789 2609 signiﬁ-

199 2641 308 2699 cat,
358 2648 480 2705 quae
524 2647 556 2686 a
600 2632 902 2702 principio,
948 2631 1055 2686 hoc
1092 2639 1178 2686 est
1213 2630 1282 2686 ab
1314 2628 1488 2686 Adam
1531 2645 1703 2701 usque
1731 2631 1786 2686 in

196 2726 360 2784 ﬁnem
389 2727 570 2783 saeculi
600 2738 722 2783 cum
744 2727 798 2781 in
815 2726 1017 2796 judicio
1039 2723 1204 2781 fuerit
1226 2728 1517 2792 exstincta,
1542 2727 1598 2782 in
1628 2736 1789 2783 mter-

195 2834 323 2875 num
376 2835 484 2875 non
534 2820 673 2886 erit,
714 2822 849 2891 quia
894 2829 1019 2893 post
1066 2823 1316 2877 eumdem
1371 2824 1514 2878 diem
1556 2822 1785 2893 iudicii,

194 2924 453 2966 ascensus
480 2917 645 2980 atque
686 2912 979 2968 descensus
1014 2912 1199 2984 (sicut
1239 2914 1421 2970 dicere
1448 2915 1622 2971 voluit
1662 2916 1789 2974 Ori-

192 3000 381 3075 genes)
407 3016 515 3057 non
539 3003 663 3058 erit.

268 3116 287 3149 ι
326 3098 469 3153 Ante
488 3096 692 3153 ‘faciem
716 3098 843 3169 ejus
877 3096 1020 3170 ignis
1048 3110 1271 3162 vorans,
1316 3105 1372 3153 et
1399 3107 1523 3168 post
1550 3113 1673 3154 eum
1695 3113 1790 3154 ex-

192 3204 362 3245 urens
387 3187 621 3243 llamma.
651 3207 668 3241 ι
690 3188 1011 3260 Ubicunque
1024 3188 1167 3242 enim
1191 3187 1280 3242 ille
1303 3187 1579 3259 ingressus
1596 3186 1786 3255 fuerit,

191 3284 467 3341 exercitus
481 3282 784 3338 daemonum
798 3283 981 3337 statim
1004 3283 1281 3338 desertum
1303 3278 1457 3349 facit,
1471 3290 1527 3337 et
1545 3282 1786 3337 omnium

190 3376 455 3430 virtutum
478 3375 657 3429 exurit
674 3372 858 3430 ﬂores.
880 3394 899 3426 ι
921 3373 1088 3443 Quasi
1113 3376 1303 3431 hortus
1322 3375 1616 3446 voluptatis
1642 3384 1786 3431 terra

190 3482 382 3524 coram
411 3482 498 3533 eo,
526 3477 581 3523 et
621 3477 745 3537 post
784 3482 906 3523 eum
948 3468 1181 3523 solitudo
1228 3468 1467 3534 deserti,
1494 3483 1671 3539 neque
1704 3476 1791 3523 est

190 3563 282 3631 qui
313 3557 538 3630 effugiat
570 3574 716 3616 eum.
757 3579 777 3612 ›
806 3559 1131 3630 Priusquam
1177 3560 1340 3615 homo
1374 3560 1651 3630 delinquat
1690 3575 1790 3631 per

191 3650 310 3721 ejus
341 3651 679 3718 suasionem,
708 3660 765 3706 et
799 3660 883 3706 est
910 3652 1026 3707 sine
1055 3661 1295 3722 peccato,
1330 3654 1391 3707 ﬁt
1416 3654 1571 3723 quasi
1599 3654 1789 3709 hortus

189 3742 436 3812 paradisi
476 3760 489 3796 :
534 3757 657 3798 cum
680 3754 878 3799 ~autem
910 3759 1033 3800 eum
1064 3745 1234 3801 semel
1262 3747 1469 3816 ceperit
1494 3756 1549 3801 et
1574 3747 1792 3802 duxerit

190 3834 247 3890 in
272 3842 589 3905 peccatum,
614 3834 751 3891 facit
774 3850 895 3891 eum
925 3837 1266 3893 solitudinem
1297 3849 1352 3893 ct
1382 3840 1679 3905 desertum,
1713 3841 1786 3895 ita

188 3935 253 3983 ut
281 3942 394 3981 non
429 3927 501 3982 sit
518 3967 533 3994 ,
560 3936 653 3982 aut
680 3942 805 3984 raro
845 3931 948 3996 sit,
972 3930 1065 4001 qui
1089 3930 1206 4000 ejus
1229 3932 1405 4002 possit
1429 3930 1665 4004 effugere
1695 3933 1789 3989 dc-

190 4020 457 4091 cipulam.

274 4129 296 4162 ι
330 4109 497 4177 Quasi
541 4119 794 4179 aspectus
837 4126 1097 4180 equorum
1144 4124 1393 4183 aspectus
1448 4129 1637 4170 eorum
1664 4156 1678 4181 ,
1736 4123 1793 4171 et

190 4200 358 4272 quasi
389 4200 603 4270 equites
628 4200 707 4256 sic
730 4210 974 4256 currunt.
1017 4223 1033 4253 ι
1062 4204 1245 4273 Equus
1272 4205 1454 4271 homo,
1482 4221 1649 4275 eques
1677 4206 1793 4261 dia-

188 4293 375 4353 bolus.
402 4291 569 4360 Quasi
594 4302 846 4363 aspectus
872 4308 1135 4365 equorum
1155 4336 1169 4360 ,
1202 4304 1451 4365 aspectus
1479 4297 1789 4365 impiorum,

188 4399 297 4456 per
321 4399 458 4453 quos
490 4380 736 4440 diabolus
752 4387 1104 4456 persequitur
1134 4386 1329 4457 justus.
1361 4386 1634 4458 Quadriga
1670 4388 1790 4442 dia-

192 4476 308 4533 boli
356 4485 590 4546 quatuor
614 4485 763 4546 sunt.
787 4478 1085 4548 passiones,
1116 4494 1254 4548 quas
1288 4479 1391 4535 sub
1426 4480 1645 4535 nomine
1672 4494 1792 4550 pes-

195 4570 336 4626 tium
371 4569 426 4624 in
462 4569 641 4640 capite
660 4569 823 4641 hujus
845 4571 966 4625 libri
1003 4570 1279 4628 describit.

272 4682 293 4715 σ
325 4661 479 4717 Sicut
503 4663 715 4718 sonitus
737 4664 1121 4735 quadrigarum
1140 4678 1305 4734 super
1328 4663 1506 4735 capita
1526 4663 1788 4718 montium
1813 4699 1867 4763 ι)

196 4756 486 4822 exsilieut,
512 4756 657 4811 sicut
681 4757 890 4812 sonitus
917 4756 1148 4812 flammae
1177 4756 1318 4827 ignis
1344 4756 1654 4811 devoranlis
1680 4756 1786 4810 sti—

196 4850 406 4923 pulam,
428 4849 577 4906 velut
594 4848 819 4920 populus
842 4848 998 4905 fortis
1018 4858 1350 4920 praeparatus
1371 4848 1438 4903 ad
1465 4848 1728 4918 praelium.
1763 4868 1781 4901 ι

200 4940 412 5013 Stipula
433 4982 448 5007 ,
479 4941 627 4997 leves
655 4952 712 4997 et
749 4939 1068 4997 infructuosi
1108 4940 1384 5006 homines,
1418 4940 1541 5011 igne
1588 4938 1788 4994 diaboli

202 5035 531 5103 consumpti.
1766 5090 1769 5094 η

279 5145 299 5179 ι
337 5131 382 5180 Α
408 5125 547 5181 facie
583 5124 701 5194 ejus
727 5124 1114 5181 cruciabuntnr
1145 5122 1359 5194 populi,
1382 5136 1572 5178 omnes
1606 5121 1790 5178 vultus

205 5219 515 5290 redigentur
537 5218 592 5272 in
618 5216 799 5271 ollam.
832 5235 852 5269 ι
879 5216 1013 5271 Cum
1037 5214 1217 5286 populi
1235 5213 1502 5283 eruperint
1524 5227 1646 5267 cum
1676 5213 1792 5281 ipso

204 5312 259 5367 in
282 5325 501 5381 pinnam
532 5310 702 5375 trahi,
744 5317 801 5365 et
830 5324 926 5365 eos
953 5311 1180 5379 ceperit
1219 5308 1420 5364 habere
1461 5306 1705 5363 diabolus
1736 5307 1792 5362 in

204 5402 423 5475 propria
448 5409 735 5473 potestate.

282 5517 301 5549 ι
344 5494 498 5551 Sicut
528 5494 699 5551 fortes
722 5503 962 5562 current,
988 5494 1143 5565 quasi
1166 5492 1270 5548 viri
1290 5491 1581 5548 bellatores
1602 5507 1794 5547 ascen—

210 5591 339 5647 dent
363 5605 600 5647 murum.
637 5608 657 5641 ι
689 5586 880 5643 Infelix
919 5587 1006 5643 illa
1044 5586 1272 5651 civitas,
1316 5586 1420 5641 hoc
1460 5592 1543 5640 est
1586 5584 1790 5651 anima,

212 5698 329 5756 qua:
361 5699 393 5738 a
433 5682 525 5737 tali
558 5684 713 5738 hoste
742 5682 970 5751 capitur.
1018 5681 1078 5735 In
1116 5695 1222 5751 qua
1261 5694 1387 5735 cum
1426 5678 1658 5749 quisque
1706 5678 1792 5732 in-

213 5793 428 5849 gressus
452 5777 635 5844 fuerit,
663 5792 826 5848 super
846 5792 1061 5832 murum
1087 5776 1351 5832 virtutum
1374 5787 1600 5829 currens
1626 5772 1794 5827 liben-

216 5879 297 5927 ter
336 5872 595 5939 insultat;
629 5879 791 5940 atque
830 5870 1049 5925 domum
1087 5868 1435 5925 conscientia:
1461 5881 1585 5923 cum
1625 5866 1795 5920 intra-

216 5974 368 6037 verit,
400 5970 445 6027 si
472 5968 601 6037 quid
628 5965 757 6023 boni
784 5966 839 6021 in
868 5978 935 6021 ea
970 5963 1257 6031 invenerit,
1287 5970 1485 6018 cuncta
1510 5960 1790 6031 deperdat.

1890 2079 2134 2138 catores;
2170 2072 2302 2127 moti
2348 2080 2476 2129 sunt
2522 2071 2677 2137 cceli,
2726 2072 2781 2127 id
2818 2079 2909 2128 est
2940 2071 3271 2141 spiritales.
3314 2071 3408 2129 Sol
3432 2054 3491 2127 et

1888 2163 2014 2219 luna
2039 2164 2375 2220 obtcnebrati
2404 2171 2554 2230 sunt,
2581 2163 2707 2235 quia
2742 2163 2878 2219 ﬁdes
2902 2162 3107 2220 Ghriai
3126 2172 3189 2219 et
3226 2162 3485 2219 Ecclesia:

1890 2255 1944 2310 in
1971 2256 2329 2325 quorumdam
2357 2256 2521 2311 corda
2550 2256 2651 2310 sub
2678 2255 3014 2312 Antichristo
3039 2254 3256 2311 deﬁciet

1967 2368 1985 2399 ‹
2018 2349 2087 2404 Ει
2113 2349 2373 2405 Dominus
2392 2348 2544 2405 dedit
2569 2364 2757 2405 vocem
2787 2364 2939 2404 suam
2964 2357 3092 2404 ante
3121 2348 3311 2405 faciem
3337 2362 3489 2404 eler-

1889 2441 2031 2497 citus
2059 2441 2161 2506 sui,
2195 2441 2322 2511 quia
2359 2442 2534 2496 multa
2575 2450 2701 2496 sunt
2738 2441 2904 2497 nimis
2946 2452 3127 2496 castra
3170 2441 3313 2511 ejus,
3353 2441 3485 2511 quia

1889 2531 2050 2588 fortia
2070 2541 2128 2587 et
2143 2531 2398 2588 facientia
2422 2533 2649 2588 verbum
2682 2533 2820 2603 ejus.
2859 2552 2879 2585 ι
2918 2531 3057 2599 Quia
3083 2532 3264 2587 divina
3283 2532 3489 2602 praedi-

1889 2624 2033 2699 catip
2081 2624 2292 2694 prze'rbit
2342 2623 2666 2680 Antichristi
2705 2625 3021 2680 adventum.
3056 2625 3251 2681 Castra
3272 2626 3483 2681 damo-

1888 2731 2018 2771 num
2052 2715 2175 2771 ideo
2202 2724 2385 2772 castra
2422 2716 2637 2773 Domini
2672 2716 2949 2784 dicuntur,
2974 2717 3105 2788 quia
3130 2718 3186 2773 in
3212 2719 3361 2773 omni
3391 2734 3486 2773 ne-

1889 2810 2143 2865 cessitate
2192 2819 2303 2865 tam
2342 2812 2408 2866 ad
2459 2800 2835 2882 probationem
2864 2812 3162 2880 justorum,
3210 2827 3371 2882 quam
3412 2812 3483 2867 ad

1889 2902 2287 2959 damnationem
2310 2903 2664 2974 reproborum
2684 2902 2809 2973 ejus
2825 2903 2934 2974 juri
2962 2904 3294 2961 deserviunt.
3331 2922 3349 2956 ι
3371 2903 3485 2960 Ma-

1889 3011 2025 3065 gnus
2051 2995 2194 3049 enim
2226 2996 2341 3051 dies
2372 2995 2617 3062 Domini,
2649 3004 2713 3050 et
2752 2994 3015 3051 terribilis
3053 2995 3231 3060 valde,
3264 3002 3322 3050 et
3359 2994 3485 3065 quia

1890 3085 2179 3141 sustinebit
2224 3088 2398 3141 eum?
2431 3107 2449 3138 ι
2505 3086 2655 3154 Quis,
2702 3102 2919 3158 semper
2959 3087 3012 3140 in
3053 3085 3353 3158 Scripturis
3383 3086 3482 3140 du-

1888 3173 2102 3245 pliciter
2135 3175 2473 3248 intelligitur.
2504 3178 2559 3231 id
2595 3185 2679 3231 est
2703 3187 2796 3231 aut
2826 3177 3022 3243 nullus,
3054 3188 3149 3232 aut
3174 3194 3351 3232 rarus.

1968 3286 1985 3317 ι
2028 3265 2180 3321 Nunc
2208 3281 2339 3340 ergo
2367 3267 2497 3321 dicit
2520 3263 2785 3335 Dominus
2819 3283 2831 3319 :
2862 3265 3252 3321 Convertimini
3290 3266 3357 3320 ad
3399 3280 3488 3322 me

1814 3338 1861 3403 θ
1892 3357 1946 3412 in
1979 3364 2091 3411 toto
2116 3338 2289 3412 corde
2310 3364 2511 3424 vestro,
2550 3356 2604 3411 in
2636 3354 2844 3428 jejunio
2870 3364 2926 3410 et
2951 3354 3078 3411 ﬁetu
3107 3365 3162 3411 et
3191 3355 3429 3427 planctu.
3462 3377 3480 3410 ι

1889 3448 2213 3505 Exhortatio
2244 3448 2459 3504 Domini
2491 3449 2785 3503 lmmanum
2815 3462 2986 3521 genus
3012 3447 3078 3501 ad
3108 3447 3488 3518 paenitentiam

1888 3557 2212 3614 provocans,
2241 3541 2293 3595 in
2320 3540 2527 3611 jejunio
2552 3540 2749 3612 primo,
2780 3540 2906 3610 quia
2933 3538 3339 3594 fundamentum
3366 3554 3487 3610 pte-

1891 3636 2134 3690 nitentiae
2156 3633 2423 3705 jejunium
2448 3646 2550 3691 est.
2590 3632 2786 3709 Comes
2810 3643 2990 3689 autem
3009 3631 3227 3704 jejunii,
3246 3630 3405 3689 ﬂetus
3430 3642 3488 3689 et
3585 3630 3597 3642 '

1889 3726 2161 3797 planctus.

1966 3842 1985 3875 ι
2015 3822 2084 3879 Et
2109 3823 2342 3879 scindite
2365 3822 2527 3878 corda
2562 3830 2765 3887 vestra,
2805 3830 2861 3877 et
2898 3836 3005 3876 non
3047 3820 3371 3877 vestimenta
3399 3836 3491 3879 ve-

1890 3926 2026 3981 stra,
2058 3928 2113 3971 et
2140 3914 2522 3971 convertimini
2562 3914 2631 3968 ad
2672 3913 2959 3968 Dominum
3009 3913 3178 3969 Deum
3218 3922 3486 3983 vestrum,

1889 4007 2012 4079 quia
2044 4006 2311 4076 benignus
2331 4013 2386 4059 et
2408 4003 2721 4063 misericors
2748 4012 2854 4070 est,
2878 4003 3088 4074 patiens
3108 4012 3163 4058 et
3185 4004 3368 4059 multa:
3389 4005 3492 4060 mi-

1891 4098 2223 4162 sericordiae,
2254 4095 2576 4165 praestabilis
2610 4110 2772 4163 super
2800 4093 3025 4149 malitia.
3061 4112 3084 4151 ρ
3144 4091 3260 4155 Hoc
3288 4094 3486 4150 adver-

1892 4207 2011 4247 sum
2042 4206 2137 4244 eos
2174 4188 2413 4258 loquitur
2446 4188 2791 4258 puenitentes,
2834 4187 2928 4260 qui
2978 4187 3166 4243 habitu
3215 4188 3487 4258 paeniten-

1895 4287 2026 4340 tiam
2055 4282 2399 4354 pollicentur,
2429 4290 2484 4336 et
2519 4279 2681 4335 corde
2723 4294 2830 4333 non
2862 4279 3141 4334 exhibent.
3192 4277 3269 4334 Ne
3301 4282 3489 4351 despe—

1894 4387 1978 4433 ret
1995 4384 2258 4448 peccatur
2281 4374 2649 4443 magnitudine
2670 4372 2924 4426 vitiorum
2944 4414 2957 4437 ,
2983 4372 3361 4442 benignitas'et
3383 4374 3486 4427 mi-

1893 4471 2189 4527 sericordia
2218 4468 2428 4523 Domini
2458 4465 2533 4521 illi
2563 4465 2847 4536 pollicetur
2874 4506 2888 4530 ,
2917 4465 3042 4535 quia
3060 4476 3357 4535 peccantes
3381 4480 3487 4520 non

1890 4563 2048 4634 punit
2074 4562 2279 4627 statim,
2312 4562 2406 4615 sed
2430 4558 2767 4629 panitentize
2797 4559 2890 4634 dat
2918 4558 3114 4614 locum.

1970 4655 2151 4724 «Quis
2184 4655 2290 4711 scit
2324 4654 2369 4711 si
2409 4661 2778 4718 convertatur,
2816 4632 3173 4722 etignoscat,
3218 4659 3275 4706 et
3322 4651 3488 4706 relin-

1893 4759 2024 4821 quat
2053 4756 2175 4819 post
2204 4763 2263 4802 se
2286 4745 2756 4801 benedictionem?
2792 4742 3140 4798 Sacriﬁcium
3158 4750 3227 4797 et
3255 4743 3490 4800 libamen

1894 4840 2122 4895 Domino
2156 4838 2267 4893 Deo
2292 4844 2497 4892 nostro.
2531 4855 2550 4887 ι
2576 4836 2633 4891 ln
2650 4834 3487 4906 uniuscujusquepeccatunndu-

1892 4932 1979 4987 bie
2006 4932 2220 4985 veniam
2244 4928 2597 5013 repromittit,
2624 4943 2693 4982 ne
2720 4927 3161 4998 negligentiorem
3182 4925 3489 4994 iaciat-pecu

1893 5025 2179 5089 nitentem,
2212 5033 2266 5077 et
2290 5022 2564 5094 relinquat
2592 5029 2716 5093 post
2734 5035 2793 5077 se
2812 5019 3269 5075 benedictionem.
3300 5018 3487 5073 Prien

1892 5118 2340 5180 benedictionem,
2378 5129 2499 5185 quae
2541 5113 2761 5185 expellit
2795 5113 3254 5179 maledictionem,
3286 5108 3488 5165 deinde

1895 5208 2218 5266 sacriﬁcium
2243 5216 2298 5262 et
2319 5207 2554 5262 libamen
2583 5247 2599 5275 ,
2628 5208 2733 5263 hoc
2748 5215 2842 5262 est
2867 5220 3029 5277 opera
3058 5208 3201 5261 bona
3228 5216 3347 5272 quae
3370 5200 3487 5272 pla-

1896 5310 2056 5358 ceant
2083 5303 2210 5357 Deo.
2344 5302 2349 5309 ‘

1974 5415 1993 5447 ε
2024 5395 2213 5452 Canite
2247 5380 2371 5450 tuba
2404 5396 2458 5450 in
2484 5394 2625 5449 Sion
2650 5435 2665 5460 ,
2700 5391 3037 5449 sanctiﬁcate
3070 5385 3354 5456 jejunium,
3389 5397 3486 5437 ve-

1895 5501 2018 5548 cate
2040 5500 2264 5557 castum,
2286 5498 2606 5562 congregatc
2624 5486 2880 5559 pupulum
2906 5502 2919 5535 :
2945 5478 3279 5539 sanctiﬁcate
3302 5476 3487 5534 Eccle-

1904 5587 2057 5651 siam,
2082 5585 2384 5641 coadunate
2405 5597 2584 5648 senes,
2611 5586 2934 5652 congregate
2954 5571 3209 5647 parvulos
3228 5581 3281 5627 et
3295 5586 3484 5641 sugen-

1898 5688 1986 5734 tes
2007 5679 2193 5733 ubera.
2225 5696 2242 5728 ι
2286 5674 2493 5731 iterum
2522 5675 2711 5729 eadem
2753 5668 2965 5741 repetit,
3008 5675 3068 5723 ut
3107 5665 3190 5722 vel
3229 5664 3487 5721 doctrina:

1899 5769 2200 5840 frequentis
2242 5769 2426 5823 auditu
2470 5768 2859 5822 convertantur
2898 5761 2966 5815 ad
3022 5758 3211 5815 Deum.
3246 5757 3486 5827 Congre-

1905 5866 2049 5937 gatio
2080 5862 2259 5933 [)0de
2288 5930 2293 5935 ι
2318 5860 2568 5916 collectio
2610 5866 2694 5914 est
2737 5857 2791 5912 in
2836 5854 3077 5911 Ecclesia
3116 5851 3353 5907 ﬁdelium
3388 5861 3486 5918 per

1898 5958 2207 6023 Christum;
2252 5964 2471 6011 aetatum
2513 5952 2799 6010 diversitas
2852 5948 3115 6006 discretio
3150 5953 3235 6002 est
3260 5943 3486 5999 merits-
