4022 6440
427 455 431 462 ’
510 467 622 529 103‘

975 458 1843 534 ﬁAYMONISJIALBERSTAT.
1886 457 2099 514 EPISC.
2139 457 2292 515 OPP.
2334 456 2513 512 PARS
2550 457 2591 512 l.
2626 485 2698 497 —
2733 451 3086 511 COMMENT.
3128 450 3298 507 BIBL.

3670 447 3792 499 10-i-

508 605 650 645 rum.
701 605 720 638 ι
742 586 1063 658 egrediatur
1097 599 1328 654 sponsus
1357 587 1426 638 de
1455 581 1616 638 cubili
1657 595 1755 636 suo
1793 587 1850 634 et
1887 568 2084 649 sponsa
2109 579 2162 641 Α
2187 579 2422 632 rotinum
2446 618 2460 642 ,
2492 576 2772 646 utriusque
2806 573 3138 631 Testamenti
3167 569 3602 627 benedictionem
3632 569 3785 624 nivi-

506 681 574 735 de
603 677 837 734 thalamo
869 690 983 731 suo.
1038 675 1184 730 Intra
1231 673 1558 730 vestibulum
1601 684 1657 728 et
1698 672 1868 727 altare
1908 671 2086 740 plora-

506 772 642 827 bunt
669 769 976 827 sacerdotes
1001 768 1238 824 ministri
1265 768 1496 833 Domini,
1530 776 1586 822 et
1614 767 1812 822 dicent.
1845 784 1862 817 ι
1917 765 2088 836 Spon-

507 877 598 916 sus
622 859 866 916 Christus
892 859 958 914 de
983 859 1147 915 cubili
1175 875 1294 925 suo,
1319 860 1424 914 hoc
1443 867 1526 914 est
1553 857 1622 913 de
1643 858 1763 913 sinu
1788 857 1987 921 Patris,
2021 855 2086 910 ad

505 951 772 1022 publicum
796 951 1018 1006 humani
1042 952 1256 1022 generis
1274 965 1543 1022 egressus.
1570 949 1779 1020 Sponsa
1801 964 1930 1005 caro
1950 948 2091 1018 ejus-

504 1045 624 1100 dem
647 1043 852 1099 Christi
875 1059 939 1100 ex
969 1051 1124 1100 utero
1146 1043 1327 1098 Mariae
1344 1043 1570 1114 virginis
1589 1041 1735 1098 velut
1760 1041 1827 1096 de
1853 1040 2089 1095 thalamo

503 1150 602 1190 suo
630 1135 902 1204 prodiens.
955 1135 1196 1204 Sponsus
1225 1150 1404 1190 sermo
1424 1135 1657 1200 divinus,
1683 1148 1882 1203 sponsa
1907 1132 2088 1187 anima

504 1225 698 1282 ﬁdelis.
746 1224 1070 1281 Sacerdotes
1113 1225 1349 1281 ministri
1388 1225 1632 1290 Domini,
1674 1223 1902 1294 apostoli
1938 1231 2086 1287 sunt,

502 1332 602 1388 pro
623 1317 835 1372 delictis
854 1317 1034 1388 populi
1057 1317 1498 1374 intervenientes.
1556 1337 1574 1369 ι
1602 1316 1804 1382 Parce,
1841 1316 2086 1382 Domine,

501 1423 667 1479 parce
689 1408 924 1480 populo.
946 1417 1056 1473 tuo,
1097 1417 1152 1464 et
1187 1424 1254 1464 ne
1289 1409 1386 1464 des
1418 1408 1790 1463 haereditatem
1835 1415 1982 1462 tuam
2033 1407 2089 1461 in

504 1501 878 1574 Opprobrium,
903 1512 965 1556 ut
990 1501 1346 1556 dominentur
1363 1501 1442 1557 eis
1465 1500 1733 1555 nationes.
1765 1519 1782 1550 ι
1820 1498 1934 1553 Hoc
1961 1507 2044 1553 est
2072 1513 2088 1553 :

506 1600 566 1646 ut
590 1591 832 1647 mitteret
860 1591 950 1661 qui
976 1606 1096 1645 eam
1130 1591 1416 1657 liberaret,
1465 1599 1522 1646 et
1558 1590 1707 1644 misit
1755 1599 1809 1644 et
1851 1589 2092 1659 pepercit

504 1683 701 1754 populo
722 1698 850 1749 suo;
879 1683 933 1737 id
959 1692 1063 1748 est,
1094 1683 1150 1736 in
1180 1683 1415 1738 adventu
1446 1681 1668 1747 Christi,
1715 1682 2091 1737 remissionem

503 1773 733 1848 largitus
760 1781 843 1830 est
872 1784 1240 1846 peccatorum,
1280 1782 1340 1829 ut
1372 1791 1480 1831 non
1518 1775 1866 1830 dominentur
1888 1774 1970 1828 eis
1995 1789 2091 1828 na-

508 1866 699 1931 tiones,
729 1865 782 1921 id
811 1873 896 1921 est
922 1866 1211 1921 daemones.
1250 1884 1269 1916 ‹
1299 1866 1479 1932 Quare
1519 1867 1707 1921 dicunt
1744 1866 1798 1920 in
1839 1865 2084 1936 populis:

2186 668 2332 723 nitus
2353 669 2408 722 in
2430 667 2646 723 Christo
2675 667 2928 723 collatam
2955 665 3102 721 dicit.

2263 759 2369 813 «Et
2406 758 2767 828 implebantur
2803 771 2943 812 areae
2981 755 3276 820 frumento,
3305 762 3361 808 et
3397 753 3784 810 redundabunt

2187 851 2477 907 toreularia
2520 851 2646 906 vino
2687 859 2744 906 et
2786 850 2928 915 oleo,
2959 869 2978 902 ›
3031 849 3084 903 id
3119 857 3204 903 est
3238 847 3290 900 in
3329 845 3569 910 Christo,
3602 846 3691 899 vel
3725 846 3782 900 in

2188 945 2449 1017 principio
2490 944 2643 1015 regni
2685 943 3002 1014 spiritualis,
3044 957 3186 997 areae
3211 940 3467 996 Ecclesiae
3493 955 3522 993 a
3550 939 3785 995 creden-

2191 1039 2332 1095 tibus
2376 1038 2587 1109 populis
2638 1037 2872 1107 repletae,
2920 1036 3035 1091 sive
3066 1035 3230 1090 corda
3264 1033 3560 1088 electorum
3604 1033 3782 1086 variis

2187 1130 2479 1185 virtutibus
2510 1145 2607 1200 per
2629 1129 2859 1184 imbrem
2887 1128 3076 1198 gratiae
3110 1126 3343 1197 Spiritus
3373 1125 3546 1180 sancti
3578 1125 3783 1179 redun-

2189 1224 2394 1279 dantia.

2266 1335 2284 1366 ι
2314 1315 2382 1368 Ει
2411 1315 2632 1370 reddam
2660 1315 2814 1370 vobis
2839 1329 3010 1369 annos
3045 1328 3181 1382 quos
3201 1312 3435 1367 comedit
3459 1311 3695 1376 locusta,
3726 1320 3785 1366 et

2189 1405 2446 1470 bruchus,
2477 1414 2533 1458 et
2562 1405 2771 1474 rubigo,
2811 1412 2867 1458 et
2893 1419 3076 1459 eruca.
3105 1403 3389 1458 Fortitudo
3410 1417 3530 1456 mea
3555 1417 3781 1472 magna,

2190 1510 2350 1566 quam
2375 1495 2497 1550 misi
2522 1495 2575 1549 in
2605 1509 2718 1550 vos.
2749 1514 2768 1547 ι
2803 1494 3045 1561 Quatuor
3071 1495 3154 1549 ha:
3195 1502 3375 1565 pestes
3404 1500 3640 1562 quatuor
3660 1507 3786 1561 per-

2194 1587 2526 1643 turbationes
2546 1625 2562 1652 ,
2591 1601 2687 1656 per
2723 1601 2858 1656 quas
2895 1585 3142 1642 diabolus
3162 1577 3456 1638 humanum
3487 1598 3661 1655 genus
3687 1582 3786 1637 de-

2191 1685 2361 1742 vorat,
2385 1675 2713 1748 significant,
2730 1676 2833 1731 hoc
2852 1684 2963 1732 est:
2988 1675 3338 1745 cupiditatem
3359 1682 3414 1730 et
3436 1683 3665 1739 metum,
3692 1671 3785 1726 lae-

2193 1771 2367 1825 titiam
2397 1779 2560 1841 atque
2590 1769 2886 1825 tristitiam.

2267 1878 2286 1913 ε
2315 1859 2384 1914 Ει
2413 1860 2707 1914 comedetis
2734 1868 3033 1927 vescentes,
3067 1868 3124 1916 et
3149 1859 3548 1923 saturabimini,
3580 1867 3639 1912 et
3665 1857 3786 1911 lau-

507 1955 609 2012 Ubi
637 1963 720 2012 est
747 1956 888 2012 Deus
915 1957 1140 2012 eorum?
1197 1956 1416 2012 Zelatus
1465 1966 1548 2013 est
1588 1958 1848 2013 Dominus
1889 1966 2093 2014 terram
2119 1939 2168 1998 Β
2195 1951 2395 2008 dabitis
2416 1967 2610 2008 nomen
2635 1953 2848 2008 Domini
2874 1953 2969 2007 Dei
2994 1954 3191 2017 vestri,
3220 1954 3312 2022 qui
3348 1953 3475 2006 fecit
3499 1951 3784 2006 vobiscum

505 2063 680 2114 suam,
712 2056 766 2103 et
791 2048 1030 2118 pepercit
1055 2047 1252 2118 p0pulo
1282 2064 1400 2104 suo.
1432 2068 1452 2101 ι
1506 2049 1694 2104 Zelare
1724 2049 1846 2105 ideo
1872 2050 2089 2117 dicitur,

505 2138 629 2207 quia
655 2138 962 2208 ubicunque
989 2137 1137 2192 zelus
1165 2147 1248 2192 est
1277 2179 1291 2203 ,
1323 2139 1526 2193 amoris
1554 2138 1814 2194 indicium
1840 2148 1942 2195 est.
1983 2139 2091 2195 Re-

503 2231 722 2301 sponsio
751 2229 986 2296 Domini,
1013 2229 1330 2300 pollicitatio
1350 2229 1464 2300 ejus
1484 2246 1581 2301 per
1616 2230 1784 2286 libros
1812 2231 1944 2302 legis
1970 2246 2096 2301 pro-

505 2319 811 2390 phetarum.
862 2339 880 2372 ‹
905 2321 1045 2376 Ecce
1080 2337 1182 2393 ego
1218 2321 1432 2376 mittam
1473 2323 1628 2378 vobis
1651 2321 2003 2388 frumentum,
2042 2331 2097 2378 et

503 2413 714 2478 vinum,
737 2420 793 2468 et
823 2411 1021 2478 oleum,
1057 2420 1113 2466 et
1151 2412 1490 2482 replebimini
1519 2413 1576 2467 in
1601 2414 1708 2478 eis,
1737 2423 1792 2469 et
1819 2430 1927 2469 non
1959 2415 2097 2470 dabo

506 2519 606 2560 vos
648 2505 793 2558 ultra
836 2504 1186 2575 opprobrium
1236 2505 1293 2560 in
1339 2506 1608 2577 gentibus.
1644 2527 1662 2559 ι
1719 2508 2093 2574 Frumentum,

504 2585 789 2661 Clu'istus,
818 2598 908 2668 qui
937 2598 992 2652 in
1019 2598 1282 2653 Zacharia
1312 2598 1645 2655 frumentum
1672 2601 1872 2656 dicitur
1894 2602 2094 2658 electo-

508 2705 660 2754 rum;
704 2689 911 2755 vinum,
942 2691 1116 2758 gratia
1143 2689 1381 2762 Spiritus
1401 2693 1609 2760 sancti;
1663 2694 1864 2760 oleum,
1915 2695 2096 2749 chari-

508 2787 704 2844 smata,
740 2794 862 2848 quae
897 2794 928 2832 a
960 2778 1178 2834 Christo
1203 2797 1301 2851 per
1327 2781 1527 2836 donum
1559 2781 1795 2854 Spiritus
1828 2783 2002 2839 sancti
2043 2783 2098 2838 in

505 2875 672 2930 corda
698 2873 997 2929 electorum
1026 2875 1417 2943 diffunduntur,
1446 2879 1550 2934 hoc
1572 2887 1656 2934 est
1682 2897 1696 2933 :
1721 2877 2108 2935 benedictione

505 2981 628 3023 mea
661 2974 898 3021 veterem
937 2965 1375 3024 maledictionem
1421 2969 1750 3041 abstergam.

583 3119 602 3152 ‹
630 3100 697 3156 Ει
735 3115 860 3156 eum
903 3101 995 3170 qui
1032 3101 1100 3156 ab
1140 3102 1393 3172 aquilone
1431 3113 1534 3170 est,
1569 3091 2036 3177 procul'abjiciam
2065 3122 2099 3161 a

503 3195 676 3261 vobis,
711 3201 766 3249 et
792 3193 1057 3264 expellam
1086 3209 1210 3249 eum
1249 3195 1304 3250 in
1342 3205 1543 3252 terram
1575 3198 1775 3254 inviam
1811 3208 1866 3254 et
1908 3200 2096 3256 deser-

2195 2043 2485 2098 mirabilia.
2520 2065 2536 2093 ο
2585 2042 2785 2098 Omnes
2813 2044 2956 2098 enim
2984 2043 3074 2113 qui
3102 2044 3286 2114 legunt
3319 2043 3634 2113 Scripturas
3663 2058 3786 2097 car-

2197 2136 2410 2202 naliter,
2439 2136 2578 2190 sicut
2603 2119 2792 2199 Judaei,
2825 2143 2880 2190 et
2903 2135 2970 2190 ad
3000 2134 3410 2205 intelligentiam
3447 2149 3557 2188 non
3593 2147 3789 2203 perve-

2196 2228 2354 2282 niunt
2384 2227 2736 2298 spiritualem,
2769 2227 2862 2280 isti
2895 2235 3020 2282 sunt
3047 2236 3352 2292 vescentes,
3398 2234 3454 2280 et
3502 2241 3786 2294 nunquam

2200 2317 2269 2371 ad
2314 2316 2654 2372 saturitatem
2696 2316 3091 2385 pervenientes.
3139 2315 3208 2369 Et
3252 2315 3539 2370 laudabitis
3586 2331 3788 2370 nomen

2200 2408 2415 2464 Domini
2445 2407 2541 2462 Dei
2570 2407 2754 2470 vestri,
2780 2407 2883 2461 hoc
2906 2415 3018 2462 est:
3050 2406 3096 2461 si
3115 2406 3546 2462 misericordiam
3568 2405 3664 2460 Dei
3687 2420 3791 2476 per

2199 2501 2609 2572 intelligentiam
2662 2498 2999 2569 spiritualem
3054 2495 3268 2552 fueritis
3313 2496 3609 2552 consecuti.
3671 2516 3690 2546 ‹
3719 2495 3793 2550 Et

2199 2608 2306 2650 non
2349 2591 2706 2646 confundetur
2740 2589 2969 2660 populus
3008 2603 3161 2644 meus
3188 2589 3244 2642 in
3273 2589 3663 2658 sempiternum
3685 2628 3701 2653 ,
3733 2596 3794 2641 et

2202 2684 2404 2748 scietis,
2421 2683 2546 2752 quia
2574 2683 2626 2736 in
2652 2681 2831 2736 medio
2858 2679 3025 2736 Israel
3052 2695 3152 2752 ego
3177 2695 3318 2744 sum,
3350 2699 3368 2732 ι
3404 2678 3458 2733 id
3485 2687 3568 2733 est
3591 2678 3644 2731 in
3675 2693 3794 2732 me-

2202 2781 2292 2836 dio
2313 2779 2608 2835 videntium
2637 2777 2806 2832 Deum
2828 2792 2894 2831 ex
2922 2775 3046 2831 ﬁde.
3098 2795 3116 2826 «
3143 2774 3212 2828 Et
3239 2790 3338 2846 ego
3358 2772 3618 2828 Dominus
3645 2772 3794 2826 Deus

2201 2883 2401 2937 vester,
2427 2882 2481 2926 et
2508 2886 2614 2925 non
2637 2879 2723 2924 est
2744 2868 2994 2938 amplius,
3021 2877 3079 2923 et
3104 2883 3211 2922 non
3237 2865 3596 2922 confundetur
3615 2879 3790 2935 popu—

2201 2968 2286 3022 lus
2326 2980 2478 3020 meus
2517 2964 2571 3018 in
2609 2971 2887 3017 aeternum.
2922 2980 2940 3012 ι
2988 2961 3101 3030 Ego
3138 2976 3259 3015 sum
3293 2958 3578 3022 Christus,
3605 2967 3662 3011 et
3687 2971 3796 3027 ego

2201 3058 2462 3114 Dominus
2489 3063 2692 3121 vester,
2720 3053 2862 3108 idem
2883 3053 2998 3123 ipse
3018 3051 3292 3118 Christus,
3316 3059 3371 3106 et
3397 3050 3628 3120 amplius
3652 3063 3796 3118 pra:-

2201 3159 2286 3207 ter
2315 3149 2612 3206 Christum.

2281 3259 2299 3291 ‹
2335 3241 2400 3294 Ει
2435 3239 2539 3293 erit
2576 3245 2700 3308 post
2739 3237 2874 3304 haec,
2915 3245 2969 3292 et
3004 3234 3279 3291 effundam
3317 3233 3563 3305 spiritum
3602 3249 3800 3290 meum

504 3284 2104 3402 ET)“iquﬂf'fﬂhd'f‘fﬂ‘f“f‘f‘_ﬂfﬁ'[§‘{‘_{‘f“ﬁ"}f‘
2130 3324 2176 3387 C
2208 3347 2370 3402 super
2400 3284 2613 3386 omnem
2642 3345 2860 3385 carnem
2881 3370 2895 3395 ,
2922 3337 2978 3383 et
3004 3284 3404 3400 prophetaburrit
3425 3325 3520 3380 filii
3543 3325 3711 3381 vestri
3740 3335 3801 3381 et

504 3379 798 3441 desertam,
830 3378 1094 3446 reprobos
1126 3393 1317 3432 omnes
1362 3379 1419 3434 in
1450 3381 1647 3450 quibus
1682 3389 1874 3452 regnat
1917 3383 2102 3454 appel-

504 3471 602 3526 lat.
667 3489 685 3521 ι
714 3469 931 3524 Faciem
967 3467 1085 3537 ejus
1111 3479 1305 3524 contra
1327 3486 1480 3526 mare
1530 3473 1812 3538 orientale,
1845 3481 1901 3528 et
1926 3484 2106 3532 extre-

507 3578 658 3618 mum
684 3561 800 3629 ejus
832 3561 900 3615 ad
927 3576 1080 3615 mare
1107 3561 1480 3618 novissimum.
1514 3583 1531 3615 ι
1587 3564 1843 3622 Diabolus
1869 3583 1976 3623 non
2008 3570 2106 3624 ha-

506 3653 643 3710 bens
679 3652 873 3708 faciem
904 3652 972 3707 ad
1019 3651 1186 3706 solem
1226 3651 1484 3720 justitiae,
1531 3656 1625 3711 sed
1672 3671 1996 3728 quocunque
2022 3675 2107 3715 re-

509 3743 768 3814 ttpexerit,
787 3756 1002 3811 semper
1016 3757 1164 3796 mare
1184 3742 1344 3798 istius
1365 3744 1547 3799 saaculi
1568 3747 1811 3816 respicit.
1829 3747 2107 3804 Orientale

509 3841 691 3887 autem
725 3840 780 3887 et
824 3831 1198 3898 novissimum,
1227 3833 1550 3905 principium
1592 3836 1765 3892 ruina:
1798 3839 1914 3909 ejus
1945 3841 2104 3894 intel-

509 3923 715 3995 ligitur.
774 3941 792 3975 ‹
822 3922 889 3978 Ει
920 3924 1177 3978 ascendet
1223 3923 1366 3980 fetor
1413 3927 1549 3995 ejus,
1600 3938 1656 3983 et
1701 3931 1959 3987 ascendet
2006 3949 2106 4003 pu-

511 4015 663 4072 tredo
695 4015 844 4086 ejus,
876 4015 1006 4085 quia
1038 4015 1269 4085 superbe
1291 4017 1421 4088 egit.
1451 4037 1470 4071 ›
1519 4009 1660 4074 Cum
1693 4021 1834 4077 idem
1860 4025 2106 4082 diabolus

503 4104 781 4177 jugulalus
825 4105 882 4160 in
925 4104 1034 4161 ﬁne
1070 4106 1258 4161 mundi
1289 4107 1473 4174 fuerit,
1511 4118 1640 4166 tunc
1667 4111 1810 4169 fetor
1834 4111 1974 4182 ejus,
2003 4117 2107 4173 hoc

509 4207 596 4256 est
640 4198 817 4270 qualis
863 4197 956 4265 sit,
1007 4199 1262 4254 omnibus
1287 4201 1588 4271 apparebit.

587 4355 607 4388 ι
629 4336 747 4392 Noli
777 4335 991 4400 timere,
1016 4342 1184 4401 terra,
1203 4337 1415 4392 exsulta
1435 4347 1494 4392 et
1515 4338 1722 4408 laetare,
1751 4343 1879 4412 quia
1897 4346 2106 4417 magni-

511 4428 697 4483 ﬁcavit
728 4426 990 4482 Dominus
1023 4435 1084 4481 ut
1121 4427 1328 4484 faceret
1359 4448 1370 4482 :
1408 4430 1578 4486 nolite
1618 4434 1811 4490 timere
1851 4438 2108 4495 animalia

513 4518 770 4590 regionis,
798 4518 923 4587 quia
945 4519 1388 4590 germinaverunt
1408 4524 1653 4593 speciosa
1680 4527 1898 4582 deserti.
1930 4548 1949 4580 ›
1993 4529 2106 4587 Hoc

511 4618 598 4667 est
645 4611 1030 4682 cogitationem
1073 4627 1256 4686 suam,
1302 4629 1467 4684 quam
1517 4632 1616 4685 pro
1659 4618 1832 4675 salute
1883 4621 2102 4678 humani

2206 3427 2329 3483 ﬁlia:
2352 3435 2564 3482 vestrm.
2619 3423 2788 3481 Senes
2804 3424 2971 3479 vestri
2999 3424 3206 3480 somnia
3233 3421 3598 3488 somniabunt,
3630 3432 3684 3477 et
3700 3421 3797 3490 ju-

2205 3535 2369 3576 venes
2400 3519 2635 3574 visiones
2665 3517 2943 3572 videbunt.
2973 3537 2990 3569 ›
3038 3517 3228 3582 Senes,
3275 3517 3590 3588 prophetas,
3633 3516 3796 3586 juve—

2205 3628 2322 3678 nes,
2351 3612 2624 3683 apostolos
2649 3611 2904 3682 appellat.
3623 3661 3628 3664 .

2283 3724 2299 3756 t
2330 3705 2437 3760 Sed
2481 3712 2538 3760 et
2582 3719 2744 3774 super
2783 3717 2972 3758 servos
3019 3718 3169 3757 meos
3204 3710 3260 3757 et
3296 3701 3521 3758 ancillas
3556 3715 3708 3756 meas
3737 3701 3798 3755 in

2206 3799 2396 3855 diebus
2429 3797 2534 3852 illis
2569 3795 2837 3852 effundam
2865 3796 3114 3866 spiritum
3141 3811 3341 3850 meum.
3374 3814 3392 3846 ι
3447 3795 3582 3850 Hoc-
3604 3810 3800 3850 secun-

2205 3889 2332 3944 dum
2377 3887 2656 3942 historiam
2707 3886 3148 3942 manifestissime
3187 3887 3388 3942 dictum
3421 3895 3477 3941 et
3513 3887 3798 3957 impletum

2205 3986 2309 4032 est.
2366 3976 2564 4032 Servos
2597 3991 2768 4042 meos,
2812 3977 2960 4031 viros
2987 3976 3296 4047 spirituales
3321 3987 3483 4046 atque
3507 3977 3794 4032 doctores:

2207 4069 2432 4124 ancillas
2492 4083 2620 4123 vero
2648 4109 2664 4134 ,
2718 4066 3000 4134 ecclesias,
3043 4068 3126 4123 vel
3191 4068 3401 4124 animas
3460 4068 3798 4124 credentium

2207 4161 2359 4217 dicit.

2285 4274 2304 4306 ι
2332 4255 2400 4310 Et
2426 4255 2566 4311 dabo
2589 4253 2835 4326 prodigia
2861 4253 2917 4308 in
2947 4254 3086 4310 etelo
3114 4262 3168 4310 et
3195 4255 3250 4309 in
3269 4261 3437 4321 terra,
3453 4255 3796 4326 sanguinem,

2205 4359 2261 4408 et
2302 4352 2506 4424 ignem,
2529 4360 2584 4406 et
2621 4366 2878 4421 vaporem
2916 4350 3065 4407 fumi.
3090 4371 3106 4403 ι
3146 4352 3398 4423 Prodigia
3422 4352 3477 4407 in
3508 4353 3668 4418 coelo,
3696 4355 3800 4409 hoc

2207 4453 2291 4500 est
2342 4445 2394 4499 in
2423 4444 2624 4500 sanctis
2652 4460 2666 4509 ;
2697 4452 2754 4498 et
2789 4445 2844 4498 in
2878 4453 3022 4500 terra
3050 4486 3063 4510 ,
3098 4447 3198 4501 hoc
3223 4455 3309 4501 est
3339 4447 3393 4500 in
3419 4448 3800 4516 peccatoribus

2207 4549 2265 4589 se
2306 4534 2564 4590 Dominus
2600 4533 2732 4588 dare
2770 4534 3070 4603 pollicetur.
3111 4537 3180 4591 Et
3215 4526 3344 4607 quid
3386 4538 3654 4609 prodigia,
3695 4539 3801 4594 nisi

2209 4629 2359 4698 signa
2402 4637 2457 4684 et
2506 4627 2868 4698 perditionem
2909 4639 3276 4699 peccatorum,
3321 4647 3440 4701 quae
3470 4632 3523 4685 in
3563 4633 3802 4688 adventu

513 4703 726 4777 generis
761 4703 1046 4774 ᾱίεροειιίι,
1071 4712 1131 4758 ιιι
1158 4705 1228 4759 de
1261 4719 1449 4761 80mm
1478 4709 1782 4765 SUbSlanlia
1806 4710 1974 4768 Filius
2006 4713 2101 4770 Dei
2129 4693 2182 4754 D
2209 4693 2442 4791 Spiritus
2481 4693 2656 4774 sancti
2694 4693 2976 4790 patefactae
3002 4723 3168 4775 sunt?
3205 4693 3271 4777 ln-
3294 4693 3554 4793 sanguine
3576 4722 3804 4778 interfe-

513 4811 734 4853 carnem
768 4805 1088 4852 assumeret.
1145 4797 1279 4851 Eam
1305 4813 1468 4868 quam
1497 4817 1659 4873 supra
1687 4804 1898 4860 dixerat
1927 4807 2100 4863 male-

513 4887 737 4953 dictam,
766 4902 908 4942 nunc
935 4886 1065 4941 dicit
1090 4885 1463 4946 benedictione
1492 4891 1587 4947 Dei
1615 4898 1930 4952 restaurari.
1976 4898 2102 4954 Ani-

512 4980 678 5037 malia
705 4979 962 5050 regionis,
1002 4988 1190 5050 gentes
1227 4962 1618 5052 quibus'verha
1638 4987 1914 5055 virtutem,
1942 4991 1993 5044 id
2019 5000 2104 5047 est

512 5073 783 5139 Christus,
819 5087 916 5142 per
944 5071 1220 5143 Virginem
1260 5076 1600 5146 germinavit.
1660 5097 1677 5130 ‹
1715 5080 1849 5147 Quia
1896 5081 2102 5154 lignum

515 5165 696 5221 attulit
727 5165 960 5221 fructum
988 5181 1146 5220 suum
1172 5207 1188 5232 ,
1221 5165 1354 5224 ﬁcus
1379 5177 1433 5224 et
1457 5171 1610 5226 vinea
1639 5172 1904 5228 dederunt
1928 5174 2101 5230 virtu-

517 5265 625 5312 tem
651 5270 825 5311 suam.
853 5254 922 5310 Et
953 5254 1048 5310 ﬁlii
1079 5254 1232 5325 Sion,
1257 5261 1524 5318 exsultate
1553 5271 1608 5318 et
1633 5263 1888 5320 lmtamini
1919 5267 1972 5320 in
1999 5266 2105 5321 Do-

519 5348 668 5404 mino
698 5348 808 5404 Deo
838 5356 1037 5413 vestro,
1070 5359 1164 5419 qui
1188 5349 1337 5406 dedit
1365 5355 1518 5409 vobis
1547 5354 1823 5412 docto'rem
1857 5358 2100 5428 justitire,

516 5443 576 5496 et
598 5439 922 5495 descendere
943 5439 1105 5496 faciet
1125 5443 1193 5498 ad
1221 5459 1318 5500 vos
1339 5445 1566 5500 imbrem
1591 5449 1934 5505 matutinum.
1963 5471 1981 5502 ι
2016 5452 2103 5506 Li-

517 5545 705 5604 gnum,
744 5531 1010 5600 Christus,
1043 5530 1175 5589 ﬁcus
1197 5551 1326 5590 vero
1358 5537 1411 5591 in
1440 5552 1670 5608 persona
1697 5541 1959 5611 accipitur
1983 5543 2104 5615 Spi-

519 5631 657 5680 ritus
678 5624 884 5690 sancti;
933 5625 1090 5680 vinea
1111 5625 1253 5682 idem
1279 5627 1528 5684 Christus
1559 5631 1612 5684 in
1643 5632 1797 5702 plebe
1824 5634 2097 5705 ﬁdelium;

521 5712 615 5770 ﬁlii
650 5713 812 5782 Sion,
852 5716 947 5773 ﬁlii
979 5717 1234 5772 dicuntur
1261 5719 1515 5775 Ecclesiae
1543 5722 1596 5776 in
1627 5725 1994 5794 speculatione
2033 5728 2099 5784 ﬁ-

517 5806 605 5863 dei
648 5809 959 5876 constituti;
1019 5810 1207 5866 doctor
1243 5813 1489 5883 justitiaa,
1538 5815 1803 5888 Christus,
1845 5822 2104 5882 Ecclesiae

516 5915 630 5960 suae
657 5917 689 5958 a
713 5903 826 5960 Deo
855 5903 1018 5958 Patre
1041 5903 1274 5973 electus;
1315 5907 1542 5966 imbrem
1575 5916 1901 5974 matutinum
1943 5928 1998 5976 et
2020 5937 2105 5978 se-

2209 4814 2316 4868 ctio
2346 4813 2678 4879 animarum;
2710 4812 2764 4867 in
2794 4814 2917 4883 igne
2944 4813 3177 4869 calorem
3206 4815 3482 4885 corporis,
3528 4817 3645 4872 sive
3691 4818 3802 4872 ira-

2210 4906 2458 4961 cundiam
2488 4903 2698 4971 cordis;
2723 4905 2777 4959 in
2808 4921 3007 4976 vapore
3037 4906 3189 4973 fumi,
3215 4909 3572 4980 cogitationes
3599 4912 3801 4978 noxia,

2208 5013 2328 5067 qua:
2351 4997 2409 5050 in
2433 4995 2597 5050 corde
2636 4997 2914 5051 hominum
2946 5007 3212 5065 aestuant,
3248 4999 3645 5072 signiﬁcantur.
3699 5002 3803 5059 Se-

2209 5089 2444 5146 cundum
2475 5089 2756 5145 historiam
2785 5100 2840 5144 ct
2865 5093 3224 5162 prophetiam,
3251 5094 3304 5148 in
3323 5103 3567 5165 tempore
3588 5099 3802 5167 passio-

2210 5182 2296 5238 nis
2323 5183 2523 5238 Christi
2551 5185 2732 5237 omnia
2760 5185 2876 5240 hacc
2903 5186 3167 5255 completa
3194 5198 3340 5243 sunt.

2286 5296 2303 5327 ι
2337 5275 2427 5331 Sol
2465 5286 2812 5332 convertetur
2840 5279 2893 5332 in
2930 5281 3200 5346 tenebras,
3233 5291 3289 5336 et
3320 5281 3445 5338 luna
3490 5284 3543 5338 in
3582 5288 3807 5357 sangui-

2209 5387 2354 5437 nem,
2393 5380 2682 5441 antequam
2718 5374 2899 5428 veniat
2932 5375 3048 5431 dies
3076 5375 3291 5431 Domini
3317 5393 3546 5450 magnus
3581 5389 3636 5434 et
3677 5382 3806 5436 hor-

2210 5465 2403 5521 ribilis.
2431 5485 2450 5517 ι
2482 5465 2595 5521 Hoc
2611 5476 2732 5522 est:
2763 5468 3019 5538 splendor
3044 5471 3402 5540 quorumdam
3433 5470 3694 5539 ﬁdelium,
3727 5475 3806 5528 ul-

2209 5559 2340 5614 tima
2367 5559 2714 5616 tribulatione
2743 5561 3003 5619 deﬁciens
3028 5565 3412 5621 obscurabitur
3434 5605 3450 5632 ,
3478 5575 3535 5622 et
3556 5567 3805 5626 Ecclesia

2206 5659 2504 5721 martyrum
2535 5653 2795 5724 sanguine
2819 5655 3212 5712 cruentabitur.

2282 5760 2300 5792 ι
2333 5741 2400 5796 Et
2422 5744 2543 5809 erit,
2571 5746 2748 5802 omnis
2774 5748 3084 5820 quicunque
3109 5751 3444 5811 invocaverit
3472 5772 3671 5812 nomen
3700 5758 3797 5815 Do-

2207 5832 2339 5888 mini
2368 5833 2549 5890 salvus
2582 5837 2704 5892 erit.
2730 5857 2748 5888 ›
2791 5838 3045 5898 lnvocare
3069 5853 3125 5898 et
3154 5845 3334 5903 dicere
3356 5848 3667 5917 Dominum,
3696 5868 3805 5908 non

2208 5934 2422 6008 tantum
2460 5943 2612 5998 voce,
2657 5931 2750 5987 sed
2785 5947 2949 6003 opere
2993 5940 3454 6009 comprobandum
3486 5953 3649 6002 estet
3676 5946 3801 6002 elle-
