4022 6446
213 413 309 471 105

1226 406 1622 464 ENARRATIO
1659 406 1726 462 IN
1759 406 1922 462 JOEL
1961 407 2401 463 PROPHETAM.

3359 413 3458 465 106

210 536 312 582 ctu.
361 540 384 576 ι
410 521 547 592 Quia
576 524 628 577 in
654 529 835 577 monte
864 520 991 576 Sion
1016 531 1071 576 et
1100 522 1152 576 in
1178 521 1513 576 Hierusalem
1540 520 1643 576 erit
1672 521 1778 576 sal-
1810 527 1856 582 Α
1884 519 2245 590 possidebitis,
2280 523 2330 574 in
2370 525 2668 578 contrarios
2705 526 2858 581 vobis
2895 524 3186 588 suscitabo,
3226 532 3281 579 et
3322 526 3460 580 ﬁlios

209 617 366 682 vatio,
399 617 540 672 sicut
560 617 695 670 dixit
718 617 993 680 Dominus,
1021 625 1076 670 et
1101 617 1154 670 in
1184 617 1414 670 residuis
1439 632 1574 685 quos
1596 616 1780 671 Domi-

210 725 304 764 nus
342 709 635 763 vocaverit.
669 727 688 760 ι
734 707 965 762 Montem
1012 706 1142 762 Sion
1187 717 1242 761 et
1273 707 1639 774 Hierusalem,
1681 708 1782 762 Ec-

211 799 421 855 clesiam
471 799 857 868 intelligimus,
910 799 963 853 in
1011 813 1118 868 qua
1169 799 1273 854 erit
1326 799 1592 865 salvatio,
1642 799 1783 853 sicut

211 889 357 944 dixit.

818 1019 1046 1075 CAPUT
1084 1018 1170 1073 Ill.

285 1173 304 1206 ι
333 1155 470 1223 Quia
498 1168 624 1209 ecce
653 1155 708 1208 in
737 1153 928 1209 diebus
953 1153 1058 1208 illis
1085 1162 1141 1207 et
1172 1153 1225 1207 in
1260 1161 1501 1223 tempore
1531 1152 1621 1207 illo
1661 1168 1782 1207 cum

216 1257 525 1304 convertere
552 1248 918 1316 captivitatem
952 1246 1084 1301 Juda
1127 1255 1182 1300 et
1218 1247 1626 1313 Hierusalem,»
1665 1263 1785 1317 qua:

217 1349 362 1393 antea
405 1355 510 1392 non
547 1347 683 1392 erat.
732 1337 897 1391 Primi
926 1347 1050 1391 sunt
1079 1339 1250 1393 sancti
1283 1340 1528 1408 apostoli,
1568 1340 1652 1394 vel
1685 1355 1786 1396 cre—

215 1426 308 1484 teri
347 1443 414 1482 ex
457 1425 865 1482 circumcisione
909 1428 1210 1490 credentes,
1263 1427 1463 1482 residui
1511 1443 1670 1492 vero,
1719 1444 1784 1483 ex

215 1521 454 1592 gentibus
492 1521 792 1574 venientes.

285 1611 672 1682 «Congregabo
707 1626 895 1665 omnes
928 1618 1134 1681 gentes,
1177 1621 1232 1666 et
1284 1612 1542 1666 deducam
1589 1627 1682 1667 eas
1729 1612 1783 1665 in

212 1703 343 1758 valle
363 1703 638 1772 Josaphat,
667 1711 721 1756 et
751 1702 1060 1772 disceptabo
1085 1717 1208 1757 cum
1235 1704 1313 1756 eis
1342 1704 1431 1757 ibi.
1470 1721 1488 1754 ι
1529 1702 1787 1772 Josaphat

213 1793 592 1863 interpretatur
619 1793 830 1845 Domini
852 1793 1134 1862 judicium.
1186 1793 1299 1848 Hoc
1342 1809 1472 1864 ergo
1512 1803 1594 1849 est
1642 1796 1784 1863 quod

213 1884 340 1939 dicit
371 1902 384 1938 :
411 1884 635 1950 Quando
659 1884 912 1938 misertus
935 1883 1086 1938 fuero
1114 1899 1299 1938 eorum
1328 1886 1419 1953 qui
1452 1900 1548 1955 per
1577 1884 1786 1939 confes-
1816 1905 1860 1964 Β

213 1973 416 2028 sionem
443 1975 673 2027 nominis
695 1974 799 2027 mei
821 1983 1108 2028 censentur
1126 2016 1140 2040 ,
1168 1985 1292 2030 tunc
1315 1991 1502 2030 omnes
1529 1977 1783 2031 adversa-

215 2066 324 2119 rios
343 2080 492 2120 meos
515 2065 771 2119 deducam
798 2065 853 2118 in
883 2065 1076 2119 vallem
1094 2064 1300 2133 judicii.
1343 2065 1543 2122 Omnes
1573 2075 1782 2137 gentes,

217 2163 308 2208 aut
332 2169 517 2208 omnes
541 2155 786 2224 designat
813 2155 1059 2209 nationes
1097 2156 1426 2218 incredulas,
1471 2166 1564 2209 aut
1599 2171 1787 2211 omnes

214 2245 477 2300 daemones
499 2245 649 2298 dicit.
694 2264 712 2294 ι
737 2244 911 2313 Super
925 2245 1118 2314 populo
1133 2261 1250 2299 meo
1264 2254 1317 2299 et
1334 2247 1644 2301 haereditate
1669 2262 1787 2302 mea

211 2334 390 2395 Israel,
419 2349 554 2403 quos
581 2335 958 2404 disperserunt
1007 2337 1060 2389 in
1106 2337 1442 2404 nationibus,
1491 2347 1546 2393 et
1587 2347 1786 2393 terram

213 2439 382 2479 meam
418 2425 737 2480 diviserunt.
772 2445 790 2478 ι
836 2426 949 2480 Hoc
983 2435 1085 2491 est,
1127 2443 1233 2481 non
1271 2442 1364 2483 eos
1400 2430 1700 2500 opprimam
1734 2431 1788 2484 in

213 2517 294 2571 die
312 2515 528 2584 judicii,
566 2525 660 2570 aut
695 2518 1069 2572 auctoritatem
1097 2521 1348 2588 potentiae
1373 2535 1505 2575 meae
1531 2522 1786 2586 sentiant,

212 2611 300 2664 sed
332 2610 544 2664 ratione
565 2610 818 2678 iustitiae,
860 2619 951 2664 aut
989 2611 1150 2665 etiam
1194 2627 1290 2666 sua
1339 2611 1679 2669 confessione
1710 2614 1792 2668 di-

211 2716 339 2771 gnos
373 2716 434 2755 se
471 2701 747 2772 suppliciis
779 2717 899 2758 esse
935 2712 1280 2772 cognoscant.

282 2811 299 2842 ε
321 2791 393 2845 Et
416 2806 578 2861 super
601 2792 853 2860 populum
883 2808 1060 2846 meum
1091 2794 1354 2848 miserunt
1377 2804 1596 2851 sortem.
1620 2815 1638 2847 ι
1678 2795 1790 2852 Hoc

207 2894 306 2950 est,
325 2887 476 2955 quod
497 2885 744 2939 certatim
767 2885 819 2938 in
842 2885 1068 2955 singulis
1090 2901 1316 2956 regnare
1343 2887 1644 2943 voluerunt.
1679 2908 1696 2938 ‹
1727 2889 1792 2942 Ει

205 2985 503 3044 posuerunt
527 2989 752 3044 puerum
775 2975 830 3028 in
856 2975 1176 3044 prostibulo,
1202 2984 1258 3030 et
1283 2977 1510 3046 puellam
1535 2978 1790 3034 vendide-

208 3076 328 3124 runt
369 3082 472 3137 pro
512 3068 640 3122 vino
670 3068 1027 3122 utbiberent.
1069 3087 1086 3118 ι
1129 3066 1241 3122 Hoc
1275 3068 1392 3122 loco
1439 3069 1684 3138 queritur
1728 3070 1794 3124 de

207 3160 448 3213 sortibus
481 3172 693 3220 eorum,
735 3156 878 3225 quod
913 3157 1076 3210 etiam
1106 3155 1540 3211 robustissimum
1582 3172 1792 3223 sexum,

1886 626 1950 665 ae
1995 612 2165 676 ﬁlias,
2206 613 2309 667 hoc
2355 623 2440 668 est
2485 617 2774 685 discipulos
2821 627 3030 674 vestros
3067 635 3166 689 per
3206 618 3462 675 Ecclesia:

1881 703 2262 772 praedicatores
2302 704 2354 756 in
2389 717 2572 759 eorum
2609 708 2993 775 subjectionem
3032 711 3302 766 reducam.
3347 729 3365 761 ‹
3397 712 3465 765 Et

1884 792 2267 846 venundabunt
2292 809 2387 848 eos
2416 794 2618 848 Saharis
2645 799 2788 866 genti
2820 798 3156 870 longinqua,
3197 801 3321 871 quia
3359 803 3464 856 Do-

1885 883 2064 938 minus
2098 883 2308 938 locutus
2344 893 2447 939 est.
2494 903 2512 936 ι
2567 885 2708 940 Saba
2755 888 3136 958 interpretatur
3173 895 3459 956 conversio,

1883 971 2017 1027 Juda
2043 989 2173 1029 vero
2211 975 2484 1043 confessio.
2535 975 2708 1031 Sabaei
2747 978 2867 1032 ideo
2907 995 3038 1049 gens
3066 983 3353 1053 longinqua
3385 985 3465 1038 di-

1887 1065 2049 1129 citur,
2075 1067 2199 1134 quia
2232 1067 2404 1122 sancti
2433 1066 2522 1136 qui
2549 1067 2816 1122 haereticis
2835 1069 3201 1137 dominantur,
3236 1075 3288 1128 in
3313 1083 3466 1130 aeter-

1887 1169 2014 1208 num
2043 1157 2242 1211 vivent.

1963 1262 1982 1294 ι
2010 1243 2249 1301 Clamate
2297 1248 2398 1302 hoc
2445 1248 2498 1302 in
2550 1250 2818 1319 gentibus.
2865 1253 3198 1308 sanctiﬁcate
3241 1254 3462 1321 bellum,

1887 1335 2145 1390 suscitate
2171 1338 2437 1392 robustos.
2470 1359 2488 1390 ι
2521 1340 2564 1394 0
2586 1355 2679 1395 vos
2703 1342 2996 1412 principes,
3023 1345 3072 1400 id
3095 1354 3178 1400 est
3198 1347 3464 1412 doctores,

1888 1424 2142 1492 clamate,
2183 1429 2273 1496 qui
2316 1431 2465 1483 vobis
2511 1428 2732 1498 subjecti
2769 1441 2914 1498 sunt,
2965 1439 3091 1504 quia
3133 1438 3314 1492 veniet
3352 1439 3468 1493 dies

1880 1513 2087 1582 judicii.
2140 1535 2159 1567 ι
2187 1517 2456 1574 Accedant
2483 1531 2536 1573 et
2572 1523 2865 1576 ascendant
2898 1540 3086 1579 omnes
3116 1526 3218 1580 viri
3247 1527 3470 1583 bellato-

1888 1621 1994 1661 res.
2047 1627 2064 1658 ι
2110 1608 2382 1663 Accedant
2417 1610 2654 1678 pedites,
2704 1615 2995 1669 ascendant
3049 1617 3274 1685 equites.
3332 1617 3465 1686 Equi

1887 1695 2031 1748 enim
2061 1696 2304 1752 homines
2334 1699 2517 1767 impii,
2559 1701 2767 1769 equites
2797 1717 2924 1756 vero
2962 1704 3206 1760 diabolus
3236 1706 3318 1760 vel
3361 1708 3470 1762 da!-

1889 1800 2098 1841 mones.
2153 1787 2214 1842 Hi
2244 1789 2387 1843 enim
2412 1791 2664 1844 dicuntur
2691 1793 2789 1846 viri
2826 1792 3136 1861 bellatores,
3166 1798 3254 1866 qui
3281 1797 3471 1852 huma-

1889 1893 2016 1931 num
2043 1894 2211 1948 genus
2242 1880 2414 1936 solent
2434 1896 2531 1950 per
2551 1883 2684 1936 vitia
2712 1884 3000 1940 debellare.

1967 1987 1984 2018 ι
2013 1968 2288 2025 Concidite
2316 1981 2491 2026 aratra
2519 1983 2696 2028 vestra
2729 1975 2781 2028 in
2805 1975 3031 2045 gladios,
3059 1986 3114 2031 et
3137 1979 3343 2050 ligones
3377 1996 3470 2035 ve-

1889 2065 2034 2113 stros
2073 2059 2128 2113 in
2170 2060 2420 2126 lanceas,
2463 2061 2708 2118 inﬁrmus
2754 2065 2936 2129 dicat,
2979 2066 3116 2133 Quia
3169 2069 3323 2123 fortis
3372 2085 3472 2141 ego

1891 2164 2029 2204 sum.
2055 2170 2072 2201 ι
2117 2150 2376 2207 Amovete
2406 2152 2602 2224 (inquit
2633 2155 2935 2226 Dominus).
2973 2173 3006 2212 ο
3046 2174 3141 2214 vos
3177 2160 3469 2222 dmmones,

1889 2240 2196 2296 universam
2227 2257 2412 2312 pacem
2449 2245 2502 2298 in
2539 2245 2880 2312 seditionem,
2909 2256 2964 2302 et
2987 2248 3044 2305 in
3073 2249 3270 2304 bellum
3293 2252 3470 2306 cuncti

1891 2331 2218 2401 consurgite.
2279 2350 2298 2382 ι
2323 2332 2570 2388 inﬁrmus
2606 2334 2750 2389 dicat
2782 2336 2907 2404 quia
2946 2336 3102 2393 fortis
3141 2355 3240 2410 ego
3275 2356 3412 2394 sum.
3449 2361 3468 2393 ι

1891 2419 2079 2475 Dicere
2105 2422 2158 2476 in
2189 2422 2508 2493 Scripturis,
2545 2424 2688 2479 facto
2730 2441 2892 2495 opere
2938 2442 3316 2484 consummare
3365 2440 3468 2485 est.

1891 2509 2104 2564 Etcum
2135 2514 2314 2566 omnia
2342 2513 2480 2567 mala
2521 2514 2636 2568 hare
2677 2513 2936 2581 feceritis,
2976 2527 3032 2572 et
3075 2519 3224 2573 omni
3276 2520 3477 2574 virtute

1893 2599 1961 2654 ad
1999 2603 2339 2672 pugnandum
2389 2612 2576 2659 contra
2613 2605 2816 2660 electos
2857 2622 3008 2662 meos
3031 2610 3312 2674 veneritis,
3346 2618 3523 2666 tunc.

1893 2691 1946 2744 in
1969 2692 2054 2745 die
2078 2692 2263 2760 judicii
2302 2710 2514 2749 omnem
2545 2697 2797 2750 virtutem
2837 2710 3070 2753 vestram
3108 2710 3469 2770 prosternam.

1967 2801 1988 2833 ι
2020 2784 2297 2854 Erumpite
2322 2797 2376 2842 et
2416 2788 2614 2852 venite,
2663 2803 2850 2846 omnes
2893 2800 3108 2860 gentes;
3140 2794 3207 2848 de
3244 2795 3474 2849 circuitu

1892 2877 2312 2945 congregamini.
2365 2877 2440 2931 lbi
2481 2879 2801 2933 occumbere
2828 2879 2990 2936 faciet
3015 2882 3274 2939 Dominus
3307 2887 3472 2940 robu-

1894 2975 2006 3020 stos
2034 2975 2172 3020 tuos.
2201 2986 2219 3017 ι
2266 2967 2380 3022 Hoc
2405 2969 2643 3023 declarat
2671 2971 2813 3039 quod
2843 2987 2964 3026 cum
2995 2974 3109 3028 dies
3135 2975 3347 3030 Domini
3375 2978 3470 3031 ad—

1894 3059 2096 3123 veniat,
2133 3069 2186 3113 et
2224 3060 2347 3113 ﬁnis
2385 3061 2568 3114 mundi
2603 3064 3010 3133 appropinquet,
3054 3065 3218 3120 Satan
3257 3083 3470 3123 onmem

1895 3151 2148 3204 virtutem
2173 3167 2323 3204 suam
2349 3151 2664 3206 Antichristi
2693 3157 3022 3222 temporibus
3047 3157 3306 3218 effundat.
3328 3169 3384 3214 et
3405 3163 3470 3214 ad

205 3259 420 3306 amem
455 3265 576 3319 qua;
614 3257 824 3318 poterat
858 3249 925 3302 ad
957 3249 1186 3304 virtutes
1219 3265 1487 3315 crescere,
1516 3253 1627 3306 suis
1655 3253 1790 3320 inju-
1819 3251 1863 3312 ρ
1897 3241 2181 3295 tentandas
2205 3249 2260 3295 et
2288 3240 2676 3295 subvertendas
2716 3243 2944 3303 animas,
2970 3246 3340 3302 vehementius
3376 3265 3474 3318 pu-

205 3345 368 3400 stitiis
391 3341 840 3398 eﬂeminaverunt
856 3381 872 3404 ,
898 3347 954 3394 et
979 3341 1159 3394 anima
1184 3355 1304 3410 quae
1335 3351 1452 3396 erat
1475 3341 1786 3409 fortissima,

205 3434 417 3492 libidini
440 3444 495 3489 et
521 3434 886 3504 voluptatibus
912 3434 1193 3504 subjugata
1225 3443 1328 3490 est.
1740 3511 1741 3514 η

279 3546 300 3579 ‹
330 3525 534 3581 Verum
581 3525 881 3595 quid‘mihi
923 3533 979 3579 et
1017 3526 1190 3589 vobis,
1223 3526 1397 3595 Tyrus
1426 3536 1480 3580 et
1517 3527 1706 3591 Sidon,
1737 3537 1792 3582 et

204 3629 398 3670 omnes
445 3615 702 3670 terminos
746 3614 1200 3669 Palaestinorum?
1239 3616 1481 3685 nunquid
1530 3617 1790 3672 ultionem

203 3709 435 3764 redditis
465 3709 638 3762 mihi?
665 3727 683 3759 ι
742 3707 918 3778 Tyrus
944 3707 1221 3762 tribulatio
1251 3709 1364 3763 sive
1389 3711 1634 3778 angustia
1655 3751 1670 3774 ,
1703 3709 1790 3764 Si-

201 3801 312 3856 don
339 3814 470 3853 vero
496 3798 730 3863 venatio,
771 3799 874 3853 hoc
901 3806 986 3852 est
1027 3799 1296 3854 daemones
1332 3818 1344 3852 :
1375 3798 1661 3858 Palaestini.
1695 3816 1789 3854 ca-

200 3890 398 3944 dentes
427 3889 664 3958 potione.
719 3888 848 3955 Quae
871 3889 1053 3942 omnia
1085 3889 1152 3942 de
1182 3890 1451 3944 haereticis
1487 3899 1632 3946 recte
1663 3905 1790 3945 sen-

201 3982 393 4038 tienda
421 3989 570 4038 sunt.
607 3995 700 4047 per
730 3995 865 4048 quos
899 3979 1146 4034 diabolus
1183 3981 1436 4049 populum
1467 3981 1558 4036 Dei
1593 3982 1659 4036 de
1687 3982 1791 4037 Ec-

199 4071 381 4128 clesia
409 4069 715 4137 separavit,
751 4077 910 4135 atque
941 4083 1038 4136 per
1071 4069 1432 4137 eloquentiam
1458 4087 1608 4126 suam
1637 4073 1793 4141 quasi

201 4175 407 4216 aurum
437 4167 491 4212 et
518 4165 820 4226 argentum,
855 4157 1128 4226 simplices
1156 4174 1398 4227 quosque
1440 4161 1506 4215 de
1553 4162 1794 4217 Ecclesia

201 4253 522 4313 educentes,
565 4247 689 4302 ﬁliis
725 4246 1056 4308 Graacorum,
1089 4247 1191 4302 hoc
1227 4257 1310 4302 est
1344 4251 1618 4317 gentilium
1643 4292 1657 4316 ,
1697 4253 1796 4306 sub

200 4351 438 4417 peccato
473 4340 801 4395 venundant.
865 4358 883 4388 ‹
916 4339 1056 4392 Etsi
1107 4339 1427 4394 ulciscimini
1468 4357 1564 4396 vos
1607 4352 1794 4398 contra

202 4449 316 4498 me,
343 4433 452 4487 cito
477 4429 734 4485 velociter
760 4428 976 4483 reddam
1003 4429 1429 4484 vicissitudinem
1455 4432 1606 4486 vobis
1635 4449 1797 4502 super

203 4530 374 4592 caput
402 4528 657 4575 vestrum.
695 4518 988 4588 Argentum
1018 4519 1163 4573 enim
1190 4534 1366 4573 meum
1397 4530 1452 4574 et
1487 4537 1677 4576 aurum
1713 4532 1795 4577 tu—

1891 3339 2036 3402 gnet.
2714 3374 2722 3382 .
2796 3371 2849 3397 ν.

1968 3445 1988 3477 ‹
2016 3424 2354 3499 Consurgant
2375 3436 2430 3482 et
2455 3429 2750 3484 ascendant
2781 3438 2967 3500 gentes
2996 3431 3049 3486 in
3082 3431 3276 3487 vallem
3317 3431 3470 3488 Josa-

1890 3519 2042 3590 phat.
2073 3538 2092 3571 »
2137 3519 2226 3574 lsti
2257 3528 2437 3575 autem
2475 3536 2580 3574 non
2611 3521 2923 3591 judicantur
2951 3524 3005 3577 in
3039 3523 3332 3588 montibus,
3365 3539 3470 3578 non

1892 3612 1946 3664 in
1990 3611 2403 3680 campestribus,
2439 3613 2534 3666 sed
2572 3613 2624 3666 in
2659 3613 2986 3683 profundum
3023 3625 3078 3670 et
3115 3616 3386 3681 deorsum,
3413 3626 3472 3669 ut

1892 3699 2073 3754 statim
2096 3698 2282 3767 judicii
2311 3700 2460 3756 locus
2486 3702 2600 3772 ipse
2621 3715 2720 3771 pro
2747 3718 2904 3771 pmna
2927 3705 3013 3758 sit.
3071 3724 3090 3756 ι
3123 3704 3258 3772 Quia
3290 3706 3360 3760 ibi
3387 3721 3472 3761 se-

1893 3789 2030 3843 debo
2055 3796 2113 3842 ut
2129 3787 2366 3857 judicem
2395 3805 2584 3845 omnes
2618 3800 2806 3860 gentes
2841 3793 2894 3846 in
2920 3795 3167 3848 circuitu.
3204 3815 3222 3845 ι
3269 3793 3470 3849 Sedere

1892 3876 1986 3932 Dei
2010 3887 2107 3939 est
2147 3879 2391 3934 habitum
2416 3890 2470 3935 et
2496 3889 2816 3949 potestatem
2845 3883 3120 3952 judicandi
3159 3887 3465 3940 ostendere.

1968 3986 1986 4017 ι
2020 3967 2212 4023 Mittite
2246 3969 2429 4034 falces,
2461 3971 2714 4040 quoniam
2744 3973 3033 4027 maturavit
3068 3976 3275 4030 messis.
3309 3995 3326 4026 ι
3356 3977 3472 4032 lloc

1892 4056 2130 4125 loquitur
2177 4061 2243 4113 ad
2291 4060 2509 4129 angelos
2549 4079 2560 4113 :
2599 4075 2866 4115 messores
2905 4063 3050 4116 enim
3097 4065 3270 4132 angeli
3323 4077 3472 4130 sunt,

1895 4149 2088 4202 messis
2114 4164 2242 4204 vero
2271 4151 2452 4219 populi
2473 4160 2616 4205 sunt.
2645 4151 3051 4219 Quodammodo
3075 4155 3248 4225 angeli
3279 4157 3345 4211 de
3371 4173 3468 4212 sua

1895 4237 2226 4292 sublimitate
2265 4241 2636 4306 descendunt,
2685 4243 2899 4312 quando
2946 4245 3242 4314 suscipiunt
3294 4247 3467 4303 ofﬁcia

1898 4334 2180 4382 tortorum.
2231 4348 2250 4380 ‹
2279 4328 2470 4385 Venite
2513 4340 2568 4386 et
2607 4332 2932 4397 descendite,
2970 4335 3094 4403 quia
3134 4335 3348 4404 plenum
3385 4348 3471 4394 est

1896 4423 2166 4478 torcular:
2194 4425 2490 4480 exuberant
2519 4427 2829 4489 toreularia,
2856 4428 2979 4496 quia
3009 4429 3357 4498 multiplicata
3386 4443 3473 4489 est

1893 4515 2097 4568 malitia
2120 4531 2326 4570 eorum.
2360 4537 2377 4568 ι
2413 4517 2531 4571 Jam
2560 4519 2822 4573 redundat
2850 4522 3080 4577 mundus
3115 4524 3199 4578 vel
3234 4526 3467 4580 torcular

204 4612 373 4674 listis,
417 4619 474 4664 et
502 4607 876 4664 desiderabilia
915 4622 1034 4662 mea
1069 4616 1126 4662 et
1165 4607 1528 4677 pulcherrima
1560 4625 1679 4666 mea
1711 4612 1791 4666 in~
1821 4598 1867 4656 Π
1895 4603 2299 4674 iniquitatibus.
2323 4607 2436 4676 iam
2471 4609 2612 4664 ultra
2642 4624 2834 4680 capere
2864 4627 2970 4667 non
2995 4621 3172 4684 potest
3208 4615 3466 4670 malitiam

207 4700 413 4755 tulistis
443 4699 495 4751 in
528 4697 750 4751 delubra
777 4705 976 4758 vestra,
1005 4704 1061 4748 et
1090 4694 1228 4749 ﬁlios
1255 4693 1388 4749 Juda
1417 4704 1472 4749 et
1502 4696 1640 4752 ﬁlios
1660 4698 1787 4752 Hic-

207 4792 447 4848 rusalem
472 4788 827 4843 vendiderunt
856 4787 980 4840 ﬁliis
1002 4785 1244 4851 Gr:eci:ze,
1273 4794 1332 4839 ut
1353 4785 1508 4856 longe
1540 4786 1790 4843 faceretis

206 4897 306 4938 eos
334 4881 404 4936 de
433 4879 630 4934 ﬁnibus
658 4878 788 4938 suis,
824 4897 842 4929 ι
877 4877 931 4930 id
969 4886 1051 4931 est
1090 4877 1190 4930 sub
1228 4886 1470 4946 peccato,
1505 4894 1525 4927 ‹
1553 4885 1610 4930 ut
1636 4877 1792 4948 longe

209 4989 304 5029 eos
333 4972 576 5026 facerent
604 4969 672 5024 ab
698 4968 950 5023 Ecclesiae
981 4967 1102 5022 ﬁde.
1137 4987 1156 5018 ι

289 5086 309 5120 ι
336 5067 478 5121 Ecce
503 5079 602 5136 ego
624 5064 897 5136 suscitabo
927 5062 1043 5116 illos
1072 5063 1138 5116 de
1169 5061 1286 5116 loco
1329 5063 1381 5116 in
1418 5078 1524 5132 quo
1561 5064 1794 5118 vendidi-

211 5161 313 5215 stis
336 5175 455 5222 eos,
481 5132 878 5212 etvc‘onv‘ertani
913 5153 1322 5209 retributionem
1347 5163 1583 5208 vestram
1618 5155 1671 5208 in
1703 5170 1792 5208 ca-

210 5264 308 5324 put
334 5259 593 5306 vestrum.
626 5269 644 5301 )
688 5247 971 5303 Suscitabo
996 5245 1150 5316 quasi
1173 5246 1433 5316 jacentes,
1461 5248 1551 5316 qui
1579 5246 1645 5300 de
1674 5245 1793 5300 fun-

214 5346 472 5399 damento
497 5340 753 5396 Ecclesiae
781 5339 950 5394 evulsi
985 5346 1132 5402 sunt,
1168 5338 1220 5390 in
1260 5337 1547 5406 pristinum
1589 5346 1790 5392 statum

215 5433 339 5488 ﬁdei
393 5429 732 5493 restaurabo,
767 5437 926 5498 atque
965 5427 1019 5481 in
1063 5434 1224 5495 caput
1258 5435 1520 5492 vestrum,
1561 5427 1662 5482 hoc
1710 5438 1793 5483 est

216 5523 593 5579 haereticorum
640 5521 732 5590 qui
776 5535 869 5576 eos
923 5517 1210 5574 seduxistis
1242 5558 1256 5583 ,
1311 5517 1572 5574 ultionem
1627 5523 1788 5574 resti-

215 5620 389 5667 tuam.

291 5723 310 5754 ‹
342 5705 411 5758 Et
454 5705 680 5760 vendam
710 5703 850 5758 ﬁlios
882 5712 1092 5759 vestros
1113 5711 1170 5759 et
1197 5701 1334 5758 ﬁlias
1362 5712 1570 5758 vestras
1597 5703 1650 5757 in
1680 5717 1790 5757 ma-

217 5797 379 5851 nibus
415 5796 640 5850 ﬁliorum
667 5795 824 5858 Juda,
854 5814 872 5846 ι
911 5796 960 5849 id
995 5803 1079 5849 est
1117 5809 1210 5850 eos
1257 5810 1394 5865 quos
1438 5795 1504 5850 de
1549 5794 1786 5851 Ecclesia

584 5888 847 5947 PATROL.
893 5886 1142 5947 CXVII.

1894 4696 2113 4750 humani
2142 4697 2376 4766 generis.

1970 4803 1988 4836 ι
2022 4784 2230 4854 Populi,
2272 4787 2450 4856 populi
2496 4789 2551 4842 in
2590 4789 2726 4844 valle
2768 4777 3114 4861 concisionis,
3151 4797 3275 4867 quia
3314 4800 3468 4869 juxta

1893 4885 1978 4931 est
2003 4877 2118 4931 dies
2155 4877 2366 4931 Domini
2405 4879 2460 4932 in
2496 4878 2633 4933 valle
2673 4882 3016 4937 con-cisionis.
3049 4904 3068 4937 ι
3118 4885 3468 4958 Nequaquam

1895 4970 2031 5025 dixit
2050 4969 2312 5037 judicium
2338 5011 2352 5033 ,
2379 4986 2445 5025 ne
2472 4971 2798 5027 veﬁdubiam
2832 4978 3154 5032 sententiam
3187 4979 3364 5036 facere
3395 4983 3470 5033 vi-

1894 5061 2136 5127 deretur,
2167 5063 2261 5117 sed
2285 5062 2645 5118 concisionem
2674 5065 2874 5133 posuit,
2911 5069 2997 5124 cui
3028 5085 3311 5126 remanere
3337 5069 3467 5124 nihil

1892 5153 2083 5220 possit.

1969 5263 1988 5295 ‹
2019 5243 2110 5298 Sol
2146 5252 2200 5299 et
2231 5245 2354 5300 luna
2388 5247 2724 5304 obtenebrati
2762 5257 2908 5316 sunt,
2939 5259 2995 5305 et
3021 5250 3188 5306 stellae
3229 5257 3470 5305 retraxe-

1894 5342 2021 5389 runt
2064 5335 2402 5406 splendorem
2444 5351 2669 5392 suumn
2723 5337 2836 5405 Sol,
2875 5340 3151 5405 Christus;
3195 5339 3342 5405 luna,
3373 5339 3469 5394 Ec-
3536 5317 3544 5339 ’

1895 5427 2078 5483 clesia.
2131 5428 2312 5483 Stellae
2347 5446 2474 5484 vero
2503 5431 2704 5486 Christi
2742 5438 3087 5486 retraxerunt
3127 5429 3468 5502 splendorem

1894 5533 2050 5573 suum
2080 5519 2164 5572 his
2187 5519 2279 5588 qui
2325 5519 2728 5574 cruciabuntur.
2780 5520 2964 5590 Neque
3001 5520 3144 5576 enim
3181 5521 3468 5577 merebun-

1895 5617 2000 5673 tur,
2034 5609 2124 5677 qui
2158 5609 2210 5663 in
2239 5624 2398 5679 paena
2422 5620 2600 5672 erunt,
2635 5611 2815 5664 lumen
2845 5608 3070 5676 iustitiae
3095 5610 3297 5668 videre.

1971 5719 1989 5751 ι
2021 5700 2088 5754 Et
2109 5700 2369 5756 Dominus
2391 5702 2458 5756 de
2477 5701 2604 5757 Sion
2627 5703 2824 5770 rugiet,
2845 5711 2900 5757 et
2926 5703 2991 5758 de
3018 5703 3347 5759 Hierusalem
3373 5704 3469 5757 da-

1893 5794 1974 5850 bit
2009 5808 2194 5849 vocem
2237 5809 2387 5856 suam
2408 5834 2421 5858 ,
2461 5807 2513 5848 et
2552 5795 2908 5847 movebuntur
2940 5793 3135 5848 ctelum
3165 5803 3220 5848 et
3248 5802 3410 5854 terra,
3443 5811 3462 5844 ι

2961 5883 2997 5946 4
