4022 6470
545 398 648 451 107

1003 396 1361 452 HAYMONIS
1402 396 1880 452 HALBERSTA'F.
1925 397 2138 451 EPISC.
2182 397 2331 451 Ol‘P.
2376 397 2556 454 PARS
2595 400 2632 453 l.
2674 430 2742 439 —
2777 399 3134 456 COMMENT.
3173 400 3346 456 BIBL.

3714 400 3822 456 108

541 512 593 566 id
634 518 718 567 est
753 512 820 567 de
856 510 1093 567 Ecclesia
1143 518 1482 575 sanctorum,
1526 510 1640 564 sive
1680 510 1746 564 de
1791 508 2122 564 Hierusalem
2155 515 2204 570 Α
2306 527 2324 558 ι
2354 508 2615 580 Ᾱὲεγριιιε
2645 511 2697 565 in
2723 511 3048 566 desolatione
3074 512 3195 576 erit,
3222 520 3277 568 et
3299 511 3530 580 idumaea
3553 511 3608 566 in
3632 503 3822 567 deser'

541 604 770 660 ccclesti.
825 601 960 670 Quia
1008 601 1152 656 enim
1193 602 1370 671 rugitu
1411 600 1583 654 leonis
1623 601 1877 655 animalia
1933 609 2124 655 cuncta

542 703 837 758 terrentur,
869 692 948 747 sic
974 701 1027 746 et
1061 706 1248 746 vocem
1287 691 1403 761 ejus
1441 706 1632 746 omnes
1671 692 1959 760 pavebunt.
2017 710 2034 742 ι
2062 691 2126 745 Et

543 783 799 838 Dominus
822 797 943 851 spes
965 781 1146 851 populi
1168 781 1249 834 sui
1273 823 1286 846 ,
1313 790 1366 835 et
1393 780 1652 836 fortitudo
1682 781 1909 835 ﬁliorum
1938 781 2120 836 Israel.

539 875 607 928 Et
632 874 813 928 scietis
841 872 965 940 quia
994 887 1094 942 ego
1123 871 1383 933 Dominus
1414 871 1794 935 Deus.vester,
1846 889 1864 921 ›
1903 871 2007 925 hoc
2042 879 2126 926 est

539 962 873 1017 credentium
914 970 969 1017 et
1005 961 1108 1015 ﬁde
1138 959 1306 1014 Deum
1341 959 1656 1014 videntium.
1718 978 1735 1009 ε
1768 958 2030 1014 Habitans
2073 959 2124 1012 in

541 1051 669 1106 Sion
702 1051 756 1104 in
790 1059 971 1106 monte
999 1059 1187 1106 saneto
1218 1064 1356 1103 meo.
1388 1068 1405 1100 ι
1445 1048 1595 1104 Mons
1627 1057 1849 1104 sanctus
1882 1057 1975 1102 aut
2002 1049 2125 1103 Hie-

540 1141 773 1195 rusalem
799 1141 1037 1196 caelestis
1065 1137 1412 1210 intelligitur,
1453 1148 1546 1193 aut
1593 1148 1739 1194 certe
1776 1140 1889 1208 ipse
1935 1139 2121 1194 Filius.

543 1253 561 1283 ι
588 1234 660 1288 Ει
683 1233 792 1288 erit
815 1232 1148 1288 Hierusalem
1175 1239 1381 1296 sancta,
1415 1239 1469 1284 et
1497 1230 1655 1284 alieni
1682 1245 1788 1284 non
1822 1230 2125 1285 transibunt

537 1343 636 1398 per
662 1343 781 1382 eam
819 1327 1067 1397 amplius.
1100 1345 1117 1378 ι
1164 1324 1290 1380 Sive
1333 1324 1662 1378 Hierusalem
1705 1324 1964 1389 caelestis,
2013 1325 2125 1379 sive

537 1421 813 1486 Ecclesia,
839 1420 953 1490 jam
987 1419 1040 1472 in
1067 1432 1130 1473 ea
1152 1433 1257 1472 non
1288 1417 1490 1471 habent
1513 1417 1742 1487 amplius
1780 1425 2120 1487 potestatem.

537 1512 810 1597 lpsi.enim
836 1510 1206 1582 intelliguntur
1231 1507 1413 1562 alieni.

615 1622 632 1652 ε
658 1603 723 1656 Et
753 1603 859 1658 erit
887 1603 940 1656 in
963 1602 1049 1656 die
1076 1601 1184 1666 illa,
1217 1598 1494 1654 stillabunt
1521 1607 1729 1654 montes
1759 1600 2121 1667 dulcedinem,

536 1703 591 1748 et
620 1694 785 1748 colles
813 1693 980 1747 ﬂuent
1011 1693 1168 1756 lacte,
1207 1698 1259 1746 et
1294 1705 1394 1760 per
1427 1704 1614 1745 omnes
1642 1691 1784 1746 rivos
1808 1690 1940 1746 Juda
1972 1692 2124 1746 ibunt

539 1799 710 1853 aquae.
745 1802 764 1835 ι
809 1782 1016 1838 Montes
1047 1789 1101 1836 et
1133 1780 1298 1835 colles
1321 1795 1422 1849 pro
1453 1779 1767 1834 diversitate
1809 1781 2122 1834 meritorum

2229 607 2339 653 tum
2379 601 2692 670 perditionis
2711 642 2726 666 ,
2755 617 2853 671 pro
2880 617 2944 658 eo
2970 604 3112 672 quod
3139 603 3319 672 inique
3352 603 3560 672 egerint
3593 601 3649 656 in
3678 601 3819 657 ﬁlios

2226 686 2384 755 Juda,
2430 699 2485 744 et
2524 689 2807 746 effuderint
2851 695 3163 762 sanguinem
3195 689 3538 748 innocentem
3578 693 3635 747 in
3669 703 3815 748 terra

2227 792 2342 830 sua.
2371 797 2388 828 ›
2437 778 2698 848 ιΕεγβιιιε
2734 780 3118 849 interpretatur
3163 783 3413 845 tenebrae,
3441 783 3544 836 hoc
3595 791 3680 837 est
3711 783 3819 837 die.

2226 882 2412 922 mones
2437 870 2519 922 vel
2547 881 2788 938 peccata.
2837 871 3064 926 ldumaea
3091 873 3376 942 sanguinea
3397 914 3412 938 ,
3440 874 3553 929 sive
3580 884 3814 939 terrena,

2226 957 2279 1012 id
2309 967 2393 1013 est
2429 960 2605 1014 omnia
2650 969 2861 1016 terrena
2901 961 2966 1014 ad
3008 961 3334 1032 voluptatem
3376 964 3554 1018 carnis
3594 972 3650 1018 et
3692 979 3816 1018 san-

2225 1047 2402 1117 guinis
2436 1049 2776 1118 pertinentia,
2813 1066 2933 1119 qua:
2971 1051 3025 1104 in
3057 1051 3143 1104 die
3170 1050 3360 1120 judicii
3397 1053 3813 1118 desolabuntur,

2225 1149 2289 1190 eo
2315 1136 2457 1206 quod
2486 1153 2582 1207 per
2621 1139 2886 1194 inﬁnitam
2937 1140 3199 1194 malitiam
3250 1156 3403 1196 suam
3441 1141 3581 1198 ﬁlios
3622 1143 3813 1198 Eccle-

2225 1224 2318 1280 siae
2351 1226 2403 1280 in
2440 1228 2542 1282 hoc
2577 1229 2771 1283 saeculo
2805 1230 3149 1300 deceperunt.

2301 1419 2318 1450 ι
2348 1401 2414 1454 Et
2433 1399 2615 1456 Judzea
2644 1402 2697 1456 in
2722 1411 2982 1457 aeternum
3006 1404 3339 1459 habitabitur
3358 1445 3374 1470 ,
3397 1414 3450 1460 et
3473 1405 3814 1462 Hierusalem

2225 1494 2278 1548 in
2309 1495 2712 1565 generationem
2747 1504 2800 1550 et
2826 1497 3249 1565 generationem.
3275 1497 3341 1551 Et
3372 1497 3644 1552 mandabo
3683 1513 3812 1551 san-

2225 1587 2439 1656 guinem
2468 1600 2676 1652 eorum,
2708 1600 2867 1655 quem
2897 1601 3003 1641 non
3030 1587 3438 1653 mundaveram,
3467 1595 3525 1642 et
3549 1586 3816 1641 Dominus

2224 1675 2649 1732 commorabitur
2674 1676 2726 1730 in
2757 1677 2905 1731 Sion.
2938 1697 2957 1729 ι
2999 1675 3181 1731 Judaza
3201 1717 3216 1743 ,
3241 1678 3343 1733 hoc
3364 1687 3446 1732 est
3467 1678 3660 1732 domus
3683 1693 3814 1732 con—

2201 1763 2499 1831 fessionis,
2533 1767 2864 1822 habitabitur
2903 1768 2957 1822 in
2999 1777 3336 1838 perpetuum.
3381 1767 3485 1824 Sed
3533 1768 3662 1838 quia
3709 1783 3814 1821 non

535 1883 756 1928 sanctos
785 1873 1038 1942 appellat,
1065 1870 1402 1926 dulcedinem
1427 1884 1553 1923 vero
1580 1869 1788 1937 eloquia
1816 1868 2122 1938 Scriptura-
2153 1857 2198 1916 B
2226 1867 2311 1913 est
2335 1858 2552 1912 innoxia
2579 1859 2631 1912 iu
2656 1859 2758 1913 hac
2786 1859 2894 1913 vita
2914 1899 2928 1924 ,
2959 1861 3052 1915 sed
3080 1860 3390 1930 aliquantis,
3421 1860 3546 1915 licet
3579 1859 3813 1923 levibus,

537 1978 656 2017 rum
686 2003 700 2026 ,
730 1962 876 2016 rivos
904 1961 1068 2015 corda
1099 1959 1416 2014 electorum.
1463 1958 1618 2026 Aqua
1645 1973 1772 2012 vero
1798 1959 2025 2028 gratiam
2053 1957 2124 2012 si-

533 2051 758 2121 gnificat
789 2050 1022 2121 Spiritus
1051 2049 1247 2104 sancti.
1308 2068 1325 2098 ι
1356 2049 1422 2102 Et
1453 2047 1575 2102 fons
1613 2047 1679 2101 de
1720 2048 1879 2102 domo
1908 2047 2122 2101 Domini

534 2139 863 2210 egredietur,
887 2148 941 2193 et
968 2138 1211 2208 irrigabit
1241 2144 1533 2191 torrentem
1561 2135 1857 2214 spinarum.
1895 2154 1912 2186 ι
1958 2135 2120 2200 Fons,

536 2231 794 2286 divinitas
821 2229 942 2285 Filii
973 2229 1067 2284 Dei
1089 2236 1294 2298 patens,
1325 2227 1439 2282 sive
1463 2226 1700 2296 Spiritus
1726 2236 1944 2281 sanctus
1976 2245 1989 2280 ς
2022 2233 2122 2279 tor-

535 2336 664 2377 rens
687 2322 983 2392 spinarum,
1000 2329 1221 2391 peccata
1240 2319 1461 2374 humani
1483 2317 1717 2388 generis,
1743 2332 1860 2388 quae
1885 2331 1982 2386 per
2000 2330 2122 2384 gra-

539 2412 668 2465 tiam
695 2425 884 2466 eorum
915 2410 1232 2474 aduruntur,
1258 2408 1313 2462 in
1339 2406 1578 2462 futurum
1602 2413 1849 2477 purgata.

2229 1951 2463 2019 peccatis
2504 1952 2870 2006 contaminata
2909 1961 3010 2015 est,
3055 1967 3155 2023 ego
3198 1960 3389 2008 cuncta
3418 1953 3691 2006 mandabo
3720 1967 3818 2020 per

2230 2040 2625 2096 multitudinem
2670 2041 3052 2096 misericordia:
3096 2057 3259 2106 meae,-
3294 2057 3411 2110 qua:
3449 2041 3548 2109 ipsi
3578 2041 3814 2110 propriis

2229 2132 2517 2186 virtutibus
2545 2148 2652 2187 non
2681 2132 3093 2187 mundaverunt.
3138 2132 3266 2187 Sion
3290 2132 3675 2201 interpretatur
3701 2144 3816 2198 spc-

2227 2222 2367 2277 cula.
2426 2221 2567 2292 Ergo
2598 2222 2648 2276 in
2680 2222 2906 2277 sublime
2932 2222 3356 2277 commorabitur
3383 2220 3644 2276 Dominus
3668 2259 3684 2283 ,
3713 2219 3816 2273 hoc

2227 2322 2310 2368 est
2334 2313 2388 2368 in
2423 2313 2679 2376 Ecclesia,
2713 2313 2768 2368 in
2797 2328 2902 2382 qua
2932 2321 2986 2367 et
3015 2321 3205 2384 regnat
3231 2313 3284 2367 in
3312 2311 3525 2366 saecula.

547 2517 3786 2546 _________________________________________.____._______

1575 2645 1709 2725 ‘IN
1769 2643 2038 2720 AMOS
2096 2638 2750 2719 PBOPHETAM.

520 2914 525 2923 '
603 2904 800 2966 ‘Amos,
854 2895 946 2968 qui
1003 2896 1390 2963 interpretatur
1445 2891 1640 2958 bonus,
1703 2891 2013 2947 vaticinavit
2064 2890 2118 2944 in

514 2989 786 3050 "Samaria
814 2995 872 3043 et
897 2982 1256 3047 Hierusalem,
1283 2980 1384 3036 tria
1417 2988 1472 3035 et
1496 2992 1729 3051 quatuor
1753 2981 1960 3036 scelera
1991 2993 2120 3049 gen-

535 3089 672 3142 tium
727 3082 828 3137 sub
889 3078 1051 3136 totius
1093 3074 1281 3130 mundi
1346 3073 1578 3144 imagine
1630 3073 1958 3128 describens.
2021 3070 2120 3125 Hic

2221 2887 2346 2956 quia
2374 2900 2563 2940 omnes
2610 2885 2662 2938 in
2704 2883 2877 2937 Adam
2925 2882 3246 2937 moriuntur.
3277 2879 3580 2938 Secundum
3603 2900 3701 2955 pro
3737 2899 3805 2942 eo

2221 2975 2363 3044 quod
2404 2974 2564 3028 insita
2610 2980 2819 3026 natura
2862 2970 2980 3042 lege
3035 2969 3381 3025 immemores
3426 2971 3650 3027 rationis
3695 2990 3807 3035 non

2222 3066 2618 3121 intellexerunt.
2653 3062 2892 3116 Tertium
2929 3075 3141 3130 quoque
3169 3075 3357 3116 eorum
3376 3102 3391 3127 ,
3417 3062 3508 3132 qui
3538 3062 3675 3119 datae
3698 3063 3808 3136 'o‘gi

530 3174 818 3228 adventum
853 3165 1053 3223 Christi
1087 3165 1188 3221 sub
1231 3163 1512 3219 Dominiea
1551 3177 1682 3218 voce
1715 3163 1789 3217 ita
1828 3161 2113 3232 przedicat:
2147 3205 2189 3267 C
2226 3175 2332 3213 non
2377 3157 2653 3213 obediunt.
2704 3154 2967 3221 Quartum
3020 3154 3436 3224 inexpugnabile
3477 3169 3662 3210 eorum
3710 3159 3808 3226 qui

583 3262 623 3267 .-
729 3260 752 3267 .ι
978 3265 985 3267 _
1072 3256 1104 3267 ο-
1356 3261 1368 3267 ι
1621 3251 1653 3267 η
1699 3253 1711 3265 ο
1748 3252 1783 3267 ο-
1947 3259 1982 3267 γ.
2023 3266 2028 3267 ,
2225 3249 2267 3267 9,
2305 3248 2572 3267 na,..!_.____
2602 3260 2705 3267 κ-..
2744 3245 3076 3267 Α--.ΙΞΔΑ-..-ι
3128 3243 3250 3267 In--.
3284 3244 3472 3267 ...Ι.-Α
3507 3260 3629 3267 _._-
3675 3263 3732 3267 ..μ
3763 3265 3772 3267 -

532 3284 550 3314 ι
583 3262 694 3333 Ego
725 3260 947 3313 ﬁrmans
974 3256 1294 3319 tonitruum,
1320 3261 1376 3309 et
1400 3267 1593 3308 creans
1621 3251 1898 3321 Spiritum,
1935 3259 1988 3306 et
2012 3266 2108 3304 ano

528 3351 780 3406 nuntians
794 3350 848 3403 in
865 3347 1172 3402 hominibus
1187 3344 1480 3399 Christum.
1504 3363 1522 3396 ›
1542 3342 1770 3411 Reliqua
1794 3350 1971 3395 autem
1992 3356 2111 3411 qua:

528 3443 595 3496 de
619 3439 838 3494 Amasia
867 3446 922 3492 et
943 3425 1286 3499 Hieroboam,
1314 3423 1426 3487 sive
1447 3433 1608 3486 lsrael
1636 3431 1894 3500 loquitur,
1924 3438 2108 3500 tropo.-

508 3531 700 3601 .logice
723 3530 789 3584 ad
820 3527 1102 3582 haereticos
1130 3522 1410 3579 referenda
1437 3531 1581 3577 sunt.

1040 3683 1267 3741 CAPUT
1307 3680 1574 3737 PRIMUM

603 3823 620 3854 ι
651 3800 826 3857 Verba
856 3800 1043 3863 Amos,
1073 3798 1166 3867 qui
1195 3796 1292 3852 fuit
1316 3796 1368 3850 in
1392 3793 1756 3865 pastoralibus
1777 3790 1846 3847 de
1867 3791 2101 3853 Thecua,

524 3908 646 3964 qua:
673 3891 807 3945 vidit
835 3905 996 3960 super
1021 3887 1191 3943 lsrael
1218 3888 1272 3941 in
1310 3886 1501 3940 diebus
1531 3883 1675 3940 Ozize
1707 3883 1850 3954 regis
1872 3880 2028 3945 Iuda,
2053 3887 2108 3933 et

521 3983 582 4040 in
625 3980 813 4037 diebus
859 3978 1211 4043 Hieroboam,
1261 3975 1351 4030 ﬁlii
1403 3973 1530 4030 Joas
1569 3974 1711 4044 regis
1742 3971 1940 4036 Israel,
1982 3977 2108 4024 ante

520 4071 656 4126 duos
682 4083 854 4123 annos
882 4073 1234 4122 terraemotus.
1260 4084 1276 4117 ι
1297 4064 1461 4119 Amos
1484 4064 1868 4132 interpretatur
1884 4059 2106 4129 populus

521 4159 754 4224 avulsus,
787 4158 948 4214 Ozias
990 4172 1117 4212 vero
1154 4157 1448 4226 imperium,
1480 4154 1563 4209 vel
1593 4153 1848 4223 fortitudo
1871 4150 2102 4217 Domini,

519 4241 848 4302 Hieroboam
877 4254 1054 4300 autem
1093 4244 1373 4309 iudicatio,
1421 4241 1505 4298 vel
1553 4257 1714 4295 causa
1744 4237 1956 4311 populi,
1992 4237 2104 4294 sive

521 4338 708 4391 divisio
747 4333 944 4406 populi,
969 4335 1095 4391 Joas
1144 4334 1352 4388 Domini
1384 4333 1666 4398 memoria,
1704 4331 1817 4386 sive
1846 4338 2106 4398 tempora-

521 4428 663 4481 titas.
692 4427 911 4482 Thecue
931 4440 1083 4491 vero,
1114 4441 1232 4496 quae
1261 4425 1648 4494 interpretatur
1669 4421 1824 4486 tuba,
1851 4418 2102 4474 vaticinia

520 4517 790 4587 signiﬁcat
815 4516 1217 4586 prophetarum.

598 4625 616 4658 ‹
645 4606 713 4660 Et
744 4607 901 4673 dixit,
931 4606 1192 4662 Dominus
1219 4606 1285 4660 de
1316 4602 1445 4658 Sion
1483 4601 1688 4672 rugiet,
1713 4609 1768 4656 et
1809 4601 1874 4656 de
1912 4599 2103 4654 Hieru-

519 4699 686 4754 salem
721 4701 871 4756 dabit
914 4713 1100 4754 vocem
1144 4713 1316 4752 suam.
1347 4697 1413 4751 Et
1452 4697 1698 4750 luxerunt
1737 4695 1976 4766 speciosa
2008 4710 2103 4765 pa-

517 4801 744 4856 storum,
781 4797 837 4846 et
865 4790 1170 4845 exsiccatus
1197 4795 1279 4843 est
1310 4796 1493 4842 vertex
1525 4787 1777 4844 Carmeli.
1819 4808 1838 4840 ι
1867 4788 1942 4843 De
1969 4788 2097 4844 Hie-

515 4880 781 4948 rusalem,
836 4881 928 4935 ubi
973 4888 1089 4933 erat
1138 4879 1392 4948 templum
1437 4887 1491 4933 et
1541 4879 1635 4933 Dei
1683 4878 1902 4949 religio,
1952 4879 2094 4935 unde

515 4970 762 5026 Christus
785 4979 938 5025 ortus
981 4969 1126 5024 velut
1161 4968 1245 5022 leo
1291 4983 1388 5037 per
1411 4962 1787 5038 Evangelicam
1828 4969 2090 5038 praedica-

515 5060 715 5116 tionem
759 5061 908 5116 dedit
946 5074 1154 5114 vocem.
1209 5057 1460 5128 Speciosa
1503 5068 1811 5128 pastorum,
1863 5059 2089 5129 populus

511 5149 847 5210 Judaeorum,
877 5156 1065 5203 vertex
1110 5146 1368 5213 Carmeli,
1403 5148 1658 5217 templum
1699 5163 1792 5204 seu
1838 5165 2085 5218 regnum,

515 5239 598 5294 vel
617 5239 980 5295 sacerdotium
1004 5236 1330 5292 Judworum.
1757 5258 1760 5262 ι

583 5349 605 5380 ι
641 5329 768 5385 Haec
789 5329 920 5384 dicit
944 5328 1234 5383 Dominus:
1265 5329 1438 5399 Super
1467 5329 1639 5385 tribus
1663 5330 1957 5385 sceleribus
1981 5330 2086 5384 Da-

509 5421 698 5486 masci,
730 5427 785 5474 et
828 5433 989 5490 super
1029 5429 1257 5489 quatuor
1302 5435 1407 5474 non
1458 5429 1768 5475 convertam
1812 5436 1972 5486 eum,
2021 5436 2086 5476 eo

508 5511 653 5580 quod
681 5512 995 5568 contriverit
1029 5512 1084 5568 in
1124 5511 1377 5582 plaustris
1406 5510 1598 5568 ferreis
1623 5512 1844 5568 Galaad.
1871 5512 1939 5567 Et
1964 5511 2087 5566 mit-

507 5607 620 5652 tam
649 5599 826 5670 ignem
858 5601 912 5656 in
953 5602 1112 5658 domo
1149 5601 1378 5657 Chazael
1399 5641 1413 5666 ,
1445 5610 1499 5656 et
1526 5601 1804 5656 devorabit
1832 5600 2088 5656 Dominus

507 5687 777 5746 Benadab.
809 5711 828 5743 ι
857 5692 983 5746 Tria
1027 5700 1083 5748 et
1128 5698 1361 5761 quatuor
1406 5690 1610 5746 scelera
1655 5690 1926 5760 gentium,
1968 5707 2087 5760 quae

506 5779 678 5838 series
703 5782 942 5856 replicat,
971 5783 1084 5840 huic
1111 5791 1236 5841 sunt
1267 5799 1281 5837 :
1313 5781 1553 5838 Primum
1577 5782 1756 5853 itaque
1776 5783 1953 5840 scelus
1982 5793 2084 5852 est,

2223 3249 2277 3302 in
2303 3248 2577 3304 Christum
2602 3260 2708 3301 non
2739 3245 3102 3299 crediderunt.
3128 3243 3255 3299 Post
3282 3244 3478 3301 scelera
3507 3260 3634 3301 vero
3670 3263 3809 3318 gen-

2215 3342 2365 3406 tium,
2397 3340 2626 3410 septimo
2658 3339 2712 3392 in
2741 3336 2860 3392 loco
2886 3336 3022 3391 Juda
3060 3335 3128 3392 de
3159 3336 3604 3406 praevaricatione
3634 3337 3799 3410 legis,

2211 3439 2265 3486 et
2289 3438 2478 3486 octavo
2506 3428 2670 3484 Israel
2699 3427 2765 3482 de
2792 3428 3092 3496 impietate,
3119 3442 3281 3496 quam
3309 3428 3362 3482 in
3394 3427 3612 3484 Christo
3641 3445 3799 3485 exer-

2210 3529 2455 3585 cuerunt,
2488 3518 2783 3589 redarguit.
2815 3517 2912 3571 Vel
2941 3528 3089 3571 certe
3114 3517 3214 3571 tria
3248 3525 3303 3572 et
3329 3527 3562 3588 quatuor
3587 3520 3794 3576 scelera

2197 3622 2333 3668 sunt
2360 3612 2620 3682 cogitare,
2651 3608 2981 3673 consentire,
3015 3607 3213 3674 facere,
3259 3618 3314 3663 et
3341 3625 3447 3664 non
3485 3611 3748 3679 poenitere
3776 3628 3790 3664 :

2209 3711 2302 3758 aut
2335 3710 2479 3758 certe
2506 3701 2763 3770 cogitare,
2805 3698 2968 3768 loqui,
3003 3715 3196 3769 agere,
3229 3707 3285 3754 et
3324 3708 3605 3769 peccatum
3635 3717 3790 3756 suum

2208 3794 2517 3851 defendere.
2545 3793 2784 3847 Primum
2815 3801 3094 3861 peccatum
3119 3802 3201 3848 est
3226 3794 3493 3864 cogitasse
3516 3794 3660 3864 quod
3683 3810 3792 3849 ma-

2206 3885 2317 3940 lum
2347 3894 2449 3952 est,
2495 3883 2732 3940 secundo
2771 3883 3187 3954 cogitationibus
3235 3886 3593 3956 acquievisse,
3633 3889 3796 3942 tertio

2205 3990 2369 4046 Opere
2410 3982 2749 4045 perpetrasse
2781 3987 2795 4026 2
2824 3983 3105 4042 quartum,
3150 3983 3273 4042 post
3315 3983 3599 4043 peccatum
3631 3991 3787 4031 suum

2205 4065 2576 4135 paenitentiam
2625 4079 2732 4119 non
2772 4063 2968 4134 egisse.
3000 4062 3234 4119 Chazael
3277 4066 3669 4136 interpretatur
3717 4067 3778 4136 fa

2205 4162 2358 4208 ctum
2387 4153 2502 4208 Dei.

2282 4265 2302 4298 ι
2338 4246 2405 4300 Ει
2425 4254 2702 4301 conteram
2732 4254 2942 4301 vectem
2972 4245 3242 4312 Damasci,
3275 4255 3330 4302 et
3355 4247 3661 4317 disperdam
3701 4247 3796 4302 ha-

2204 4336 2490 4392 bitatorem
2515 4337 2582 4391 de
2621 4351 2811 4406 campo
2853 4335 3014 4401 idoli,
3039 4345 3094 4390 et
3123 4344 3392 4393 tenentem
3421 4347 3699 4408 sceptrum
3725 4339 3792 4394 de

2203 4425 2362 4482 domo
2407 4426 2729 4496 voluptatis,
2778 4435 2831 4480 et
2877 4425 3234 4482 transferetur
3261 4429 3489 4499 populus
3532 4429 3706 4501 Syria:
3739 4431 3793 4484 in

2128 4547 2182 4607 Β
2207 4515 2482 4582 Cirenem,
2512 4517 2643 4572 dicit
2692 4516 2972 4570 Dominus.
3007 4536 3026 4569 ι
3061 4519 3356 4573 Damascus
3404 4519 3797 4589 interpretatur

2205 4609 2511 4678 sanguinem
2553 4607 2758 4670 bibens,
2808 4607 2920 4661 sive
2969 4609 3276 4677 sanguinem
3318 4611 3578 4681 probans,
3619 4611 3794 4681 ﬁgura

2202 4697 2362 4767 hujus
2391 4697 2596 4751 mundi.

2282 4807 2300 4840 ‹
2363 4787 2485 4843 Ηωο
2539 4787 2668 4843 dicit
2714 4787 3014 4844 Dominus:
3045 4789 3222 4860 Super
3277 4791 3447 4846 tribus
3498 4791 3794 4849 sceleribus

2195 4876 2373 4940 Gazm,
2399 4885 2452 4930 et
2478 4890 2640 4944 super
2665 4883 2896 4945 quatuor
2919 4891 3023 4931 non
3049 4885 3358 4933 convertam
3379 4894 3528 4944 eum,
3559 4895 3626 4934 eo
3645 4881 3792 4950 quod

2193 4966 2569 5022 transtulerint
2587 4967 2950 5036 captivitatem
2974 4968 3290 5036 perfectam,
3314 4978 3375 5024 ut
3394 4964 3797 5027 concluderent

2196 5073 2315 5114 eam
2343 5058 2393 5110 iu
2419 5057 2728 5120 ldummam,
2754 5063 2809 5109 et
2834 5057 3041 5110 mittam
3070 5059 3248 5128 ignem
3273 5063 3326 5114 in
3351 5075 3566 5114 murum
3594 5060 3792 5135 Gazae,

2193 5159 2247 5204 et
2274 5149 2714 5204 devorahitaades
2743 5146 2876 5216 ejus,
2911 5157 2963 5203 et
2988 5149 3290 5220 disperdam
3315 5152 3681 5208 habitatorem
3714 5154 3789 5209 de

2193 5241 2397 5305 Azoto,
2423 5248 2476 5294 et
2505 5248 2775 5294 tenentem
2826 5247 3100 5308 sceptrum
3131 5241 3198 5296 de
3239 5240 3524 5296 Ascalone.
3565 5242 3632 5296 Et
3663 5253 3798 5298 eon'

2192 5340 2399 5385 vertam
2448 5345 2666 5384 manum
2719 5344 2895 5383 meam
2925 5343 3086 5400 super
3130 5330 3408 5394 Accaron,
3439 5340 3494 5386 et
3532 5333 3794 5401 peribunt

2195 5421 2386 5490 reliqui
2439 5420 2883 5488 Philistinorum,
2924 5422 3053 5477 dicit
3083 5423 3342 5479 Dominus
3384 5425 3544 5479 Deus.
3588 5445 3606 5475 ι
3639 5425 3792 5480 Gaza

2195 5513 2579 5583 interpretatur
2621 5513 2878 5582 fortitudo
2927 5517 3060 5586 ejus.
3098 5517 3279 5572 «Haec
3309 5518 3440 5573 dicit
3472 5518 3734 5572 Dominus
3776 5537 3788 5572 :

2195 5603 2369 5675 Super
2395 5605 2566 5660 tribus
2615 5605 2912 5660 sceleribus
2941 5606 3067 5677 Tyri
3115 5616 3169 5663 et
3213 5623 3374 5678 super
3411 5617 3643 5680 quatuor
3679 5624 3794 5663 non

2193 5705 2504 5751 convertam
2539 5710 2694 5762 eum,
2725 5711 2790 5752 eo
2829 5698 2972 5766 quod
3002 5700 3372 5756 concluseriut
3413 5701 3792 5771 captivitatem

2191 5785 2484 5856 perfectam
2518 5787 2571 5841 in
2610 5788 2872 5856 Idumzea,
2903 5800 2954 5845 et
2984 5806 3088 5847 non
3121 5793 3229 5847 sint
3266 5794 3532 5849 recordati
3561 5792 3792 5848 fcetleris
