4022 6430
269 392 367 449 109

1285 385 1683 444 ENARRATIO
1716 386 1783 442 IN
1817 387 2004 444 AMOS
2045 387 2485 444 PROPHETAM.

3426 389 3528 442 110

268 485 519 559 fratrum.
555 521 575 555 ι
606 501 782 573 Tyrus
807 500 1196 571 interpretatur
1227 502 1495 554 tribulatio
1527 501 1640 554 sive
1680 517 1842 554 coan-
1870 503 1920 560 Α
1947 508 2028 556 est
2053 500 2251 556 Christi
2283 503 2516 566 electos,
2545 504 2660 561 sive
2695 519 2886 560 sensus
2920 503 3228 574 spirituales
3252 505 3303 558 in
3331 504 3529 560 divinis

267 603 504 664 gustaris.
541 589 820 663 Signiﬁcat
853 605 1121 660 perversae
1161 590 1421 646 doctrina:
1468 590 1842 643 haereticorum

267 686 520 754 degmata
540 723 555 747 ,
598 694 718 751 quae
744 696 940 749 capere
972 681 1164 734 nititur
1189 678 1506 743 veritatem,
1539 687 1594 734 et
1624 678 1842 734 conclu-

268 777 395 830 dere
420 789 539 828 eam
567 774 620 827 in
647 773 873 827 terrenis
896 771 1164 829 sensibus.

342 887 364 918 ι
406 865 478 921 Et
508 866 718 920 mittam
751 865 928 934 ignem
959 864 1011 918 in
1049 878 1260 918 murum
1290 862 1456 933 Tyri,
1486 871 1541 917 et
1571 861 1845 917 devorabit

269 959 414 1014 ades
439 959 574 1028 ejus.
605 977 628 1008 ι
659 956 840 1028 Ignem
873 955 1250 1009 bzereticorum
1280 955 1606 1024 impietatem
1638 953 1844 1023 signiﬁ-

270 1065 394 1105 care
421 1049 657 1113 videtur,
697 1062 820 1117 qua:
854 1061 1044 1101 eorum
1077 1046 1344 1116 signiﬁcat
1376 1046 1842 1116 congregationes,

267 1143 416 1198 velut
461 1157 676 1196 murum
721 1141 833 1195 sive
859 1141 1035 1204 aedes,
1069 1139 1124 1194 id
1151 1149 1237 1195 est
1275 1139 1632 1195 conscientias
1656 1153 1843 1192 eorum

269 1233 510 1287 devorat.
542 1231 729 1285 Potest
751 1237 808 1284 et
834 1229 1069 1284 futuram
1092 1229 1403 1300 signiﬁcare
1425 1228 1841 1284 damnationem.

344 1337 381 1370 «-
424 1319 550 1373 Haec
591 1319 724 1373 dicit
767 1317 1067 1372 Dominus:
1102 1315 1278 1386 Super
1328 1318 1502 1371 tribus
1552 1316 1845 1372 sceleribus

270 1412 460 1473 Edom,
508 1418 565 1464 et
615 1424 776 1480 super
815 1418 1051 1478 quatuor
1095 1423 1199 1462 non
1245 1417 1555 1462 convertam
1597 1422 1754 1472 eum,
1780 1421 1847 1461 eo

270 1484 412 1571 quod
440 1509 753 1571 persecutus
777 1500 849 1553 sit
878 1500 931 1552 in
955 1499 1132 1569 gladio
1169 1498 1388 1553 fratrem
1427 1514 1606 1562 suum,
1637 1508 1692 1552 et
1733 1499 1848 1553 vio-

271 1591 461 1647 laverit
481 1591 908 1645 misericordiam
935 1589 1073 1659 ejus,
1101 1597 1157 1642 et
1186 1589 1419 1643 tenuerit
1442 1589 1578 1642 ultra
1609 1587 1844 1642 furorem

270 1696 460 1744 suum,
491 1689 545 1735 et
583 1679 1004 1749 indignationem
1052 1693 1204 1733 suam
1248 1681 1545 1734 servaverit
1577 1695 1746 1748 usque
1789 1679 1844 1732 in

271 1770 451 1824 ﬁnem.
493 1789 511 1820 i
552 1769 750 1832 Edoni,
793 1768 884 1838 qui
935 1768 1321 1838 interpretatur
1374 1770 1691 1838 sanguineus
1733 1769 1846 1823 sive

1945 592 2098 646 libris
2125 608 2222 661 per
2246 594 2520 648 carnalem
2559 595 2888 651 intellectum
2929 596 3332 660 comminuunt,
3365 605 3529 666 atque

1947 680 2000 733 in
2038 679 2269 735 favillam
2302 683 2571 751 redigunt.

2021 790 2040 821 ‹
2090 771 2216 826 Hinc
2263 772 2398 826 dicit
2447 773 2746 828 Dominus:
2784 774 2961 844 Super
3016 759 3527 830 tribus'sceleribns

1945 861 2106 926 Juda,
2145 870 2200 917 et
2224 878 2387 931 super
2408 871 2640 931 quatuor
2663 878 2767 916 non
2791 874 3101 919 convertam
3129 882 3275 930 eum,
3298 882 3362 920 eo
3382 868 3524 936 quod

1946 949 2244 1018 abjecerint
2273 953 2442 1022 legem
2466 953 2699 1017 Domini,
2728 962 2783 1008 et
2806 955 3058 1008 mandata
3079 958 3194 1026 ejus
3216 974 3320 1012 non
3347 967 3526 1013 custo-

1946 1042 2163 1097 dierint.
2197 1043 2532 1111 Deceperunt
2569 1043 2712 1096 enim
2763 1057 2856 1098 eos
2902 1044 3040 1098 idola
3085 1061 3213 1111 sua,
3242 1059 3524 1117 postquam

1945 1133 2198 1186 abierunt
2225 1142 2409 1201 patres
2440 1146 2649 1188 eorum.
2680 1132 2749 1186 Et
2783 1133 2992 1186 mittam
3020 1134 3194 1204 ignem
3225 1137 3276 1190 in
3311 1136 3522 1202 Judam,

1941 1230 2002 1276 et
2028 1221 2308 1276 devorabit
2339 1224 2482 1276 :edes
2517 1222 2869 1278 Hierusalem.
2912 1244 2929 1274 ι
2961 1225 3112 1291 Quod
3138 1228 3203 1280 de
3227 1227 3363 1282 Iuda
3387 1231 3523 1285 dici-

1946 1320 2054 1373 tur,
2084 1311 2316 1367 refertur
2356 1313 2422 1366 ad
2465 1313 2758 1367 Ecclesium
2780 1356 2794 1379 ,
2818 1330 2938 1384 quae
2964 1325 3048 1374 est
3089 1331 3212 1370 vera
3239 1319 3518 1375 confessio.

1947 1401 2014 1456 Et
2041 1402 2094 1456 in
2129 1417 2194 1457 eo
2221 1403 2467 1472 arguitur
2498 1405 2639 1472 quod
2679 1405 2846 1475 legem
2878 1407 3086 1460 Domini
3116 1412 3522 1480 contempserit.

1919 1501 1922 1504 ’
1946 1500 2002 1546 et
2026 1492 2142 1562 ejus
2174 1491 2423 1545 mandata
2450 1508 2554 1546 non
2584 1491 2792 1547 fecerit.

2022 1601 2042 1632 ε
2086 1580 2212 1636 Huic
2255 1581 2385 1636 dicit
2430 1582 2688 1638 Dominus
2729 1602 2743 1639 :
2787 1584 2959 1655 Super
3008 1586 3182 1640 tribus
3232 1587 3526 1642 sceleribus

1946 1672 2131 1736 Israel,
2181 1680 2236 1727 et
2286 1687 2448 1743 super
2495 1684 2726 1741 quatuor
2768 1691 2873 1730 non
2921 1688 3230 1732 convertam
3276 1693 3430 1741 cum,
3461 1695 3527 1734 eo

1948 1762 2091 1830 quod
2138 1761 2446 1817 vendiderit
2479 1778 2579 1833 pro
2621 1774 2846 1832 argento
2881 1768 3087 1834 justum
3107 1808 3122 1831 ,
3153 1777 3207 1822 et
3236 1783 3526 1840 pauperem

271 1869 536 1924 terrens,
560 1860 827 1930 signiﬁcat
849 1859 1102 1929 populum
1133 1857 1440 1914 Judaaorum
1473 1868 1528 1914 et
1565 1860 1846 1914 haereticos
1875 1875 1920 1933 Β
1948 1869 2046 1924 pro
2095 1854 2506 1922 calceamentis;
2558 1859 2650 1926 qui
2707 1869 2995 1915 conterunt
3043 1878 3202 1932 super
3249 1864 3524 1932 pulverem

265 1959 654 2021 persequentes
700 1950 923 2005 fratrem
969 1965 1159 2016 suum,
1194 1951 1297 2006 hoc
1338 1960 1423 2006 est
1465 1951 1738 2006 Christum
1788 1953 1842 2006 in

278 2043 537 2098 membris
561 2045 688 2099 suis.

353 2153 371 2185 ι
407 2134 607 2188 Mittam
654 2135 832 2206 ignem
885 2133 938 2188 in
975 2132 1247 2198 Theman,
1277 2143 1334 2189 et
1377 2135 1654 2190 devorabit
1701 2136 1844 2190 aedes

276 2223 476 2277 Bosrze.
514 2242 532 2274 ι
560 2222 734 2278 Mittet
762 2223 1021 2278 Dominus
1043 2225 1220 2293 ignem
1253 2225 1304 2278 in
1327 2225 1590 2290 Theman,
1639 2228 1738 2281 hoc
1761 2235 1846 2281 cst

276 2314 327 2367 in
367 2313 580 2368 deserta
612 2315 866 2385 siccaque
888 2313 1108 2378 Judaia,
1152 2324 1211 2370 ut
1253 2317 1400 2370 omni
1445 2332 1604 2372 sensu
1654 2319 1846 2372 litterae

273 2407 610 2472 concidente,
635 2409 1088 2478 supersedilicetur
1115 2409 1354 2466 Ecclesia
1388 2411 1588 2467 Christi
1635 2412 1843 2468 Domini

271 2497 662 2554 fundamentis.

347 2606 368 2638 ι
398 2587 525 2642 Haec
548 2587 678 2642 dicit
699 2587 987 2642 Dominus:
1008 2586 1182 2658 Super
1202 2590 1374 2645 tribus
1395 2590 1688 2647 sceleribus
1715 2591 1847 2646 ﬁlio-
1885 2640 1900 2658 ,

274 2693 394 2732 rum
425 2678 674 2739 Ammon,
700 2685 755 2732 ει
780 2693 941 2748 super
966 2688 1198 2748 quatuor
1228 2696 1332 2735 11011
1359 2694 1668 2736 convertam
1698 2699 1844 2747 eum,

270 2783 335 2822 eo
373 2768 517 2836 quod
545 2768 861 2824 dissecucrit
885 2780 1224 2840 praegnantes
1256 2771 1490 2836 Galaad,
1523 2774 1589 2826 ad
1619 2773 1847 2828 dilatan-

270 2859 402 2911 dum
427 2859 712 2912 terminum
735 2873 911 2913 suum.
928 2860 997 2914 Et
1017 2863 1333 2915 succendam
1360 2862 1532 2932 ignem
1559 2863 1610 2915 in
1635 2879 1845 2918 murum

271 2947 487 3013 Rabah,
514 2958 568 3004 et
594 2951 875 3004 devorabit
906 2952 1046 3005 aedes
1066 2950 1182 3018 ejus
1211 2953 1264 3006 in
1289 2953 1492 3006 ululatu
1521 2955 1575 3007 in
1596 2955 1681 3008 die
1702 2955 1845 3017 belli,

269 3050 324 3095 et
348 3042 406 3094 in
438 3041 649 3096 turbine
675 3042 727 3096 in
754 3042 840 3095 die
867 3043 1258 3096 commotionis.
1292 3044 1356 3096 Et
1384 3044 1479 3097 ibit
1506 3044 1764 3100 Melchom
1793 3046 1847 3098 in

269 3131 666 3200 captivitatem,
695 3131 809 3200 ipse
832 3140 888 3186 et
915 3133 1185 3202 principes
1213 3134 1329 3203 ejus
1363 3134 1542 3196 simul,
1580 3135 1710 3188 dicit
1749 3135 1850 3188 Do-

243 3224 476 3276 .minns.
501 3241 518 3272 ι
546 3221 747 3276 Galaad
771 3237 1003 3291 namque
1038 3240 1250 3277 acervus
1285 3225 1566 3278 testimonii
1590 3225 1852 3292 interpre-
1882 3221 1927 3281 C

273 3322 444 3366 tatur.
492 3312 558 3366 Et
597 3313 721 3380 quia
757 3321 949 3367 cuncta
995 3313 1155 3368 simul
1205 3318 1550 3385 congregatio
1599 3314 1851 3370 Ecclesiae

269 3419 370 3474 per
420 3401 810 3458 confessionem
861 3403 1025 3457 servit
1075 3404 1383 3458 testimonio
1435 3398 1706 3469 veritatis,
1744 3420 1849 3458 non

273 3495 574 3563 incongrue
593 3509 688 3563 per
707 3494 907 3548 Calaad
931 3493 1170 3549 Ecclesia
1192 3498 1531 3565 exprimitur,
1556 3511 1673 3564 qua:
1692 3511 1853 3564 opere

271 3597 596 3642 cunctorum
625 3585 857 3640 ﬁdelium
885 3587 950 3641 de
991 3587 1100 3642 Deo
1127 3602 1246 3656 qua:
1269 3596 1392 3642 sunt
1415 3604 1540 3642 vera
1569 3597 1850 3644 testantur.

273 3681 627 3750 Praegnantes
650 3689 826 3735 autem
863 3689 1124 3734 vocantur
1147 3681 1340 3734 anima:
1364 3695 1484 3750 quae
1525 3680 1853 3734 intellectum

274 3773 443 3828 Verbi
481 3788 544 3827 ex
570 3773 750 3828 divino
777 3787 960 3826 amore
1005 3772 1336 3842 concipiunt,
1364 3773 1408 3827 si
1452 3774 1520 3826 ad
1559 3772 1854 3842 perfectum

277 3875 495 3934 tempus
549 3865 802 3930 veniant,
857 3873 1168 3934 conceptam
1221 3865 1629 3935 intelligentiam
1677 3865 1857 3934 operis

272 3955 591 4010 ostensione
613 3957 885 4024 pariturae.
917 3954 1215 4009 Secuerunt
1233 3971 1363 4025 ergo
1383 3948 1718 4026 praegnantes
1747 3955 1855 4010 Ga-

261 4043 670 4098 laad-haeretici
713 4045 779 4096 ad
809 4043 1138 4098 dilatandum
1185 4048 1472 4100 terminum
1506 4061 1664 4100 suum
1685 4086 1700 4111 ,
1734 4046 1859 4114 quia

282 4135 541 4188 nimirum
572 4141 779 4187 mentes
808 4131 1074 4194 fidelium,
1101 4149 1220 4201 quae
1244 4135 1356 4203 jam
1380 4135 1580 4203 aliquid
1611 4136 1674 4188 de
1719 4135 1861 4190 veri-

283 4225 414 4279 tatis
459 4223 730 4278 intellectu
784 4223 1129 4292 percipiunt,
1176 4239 1429 4292 perversa
1482 4226 1861 4294 praedicatione

277 4317 592 4387 perimunt,
618 4323 673 4368 et
713 4315 952 4369 scientia:
981 4315 1082 4371 sibi
1123 4330 1319 4369 nomen
1366 4316 1689 4380 extendunt,
1736 4316 1861 4369 dum

279 4407 630 4479 parvulorum
655 4407 818 4462 corda
840 4406 954 4475 jam
976 4408 1041 4462 de
1065 4408 1222 4462 Verbi
1249 4408 1601 4477 conceptione
1617 4408 1859 4478 gravida,

280 4500 490 4558 erroris
519 4499 696 4570 gladio
725 4500 1004 4562 scindunt,
1035 4513 1090 4554 et
1133 4500 1287 4569 quasi
1317 4499 1576 4553 doctrinae
1617 4500 1720 4553 sibi
1749 4501 1864 4568 opi-

279 4591 503 4646 nionem
531 4589 756 4644 faciunt.

907 4717 1132 4774 CAPUT
1171 4718 1234 4772 Il.

363 4873 382 4906 ι
431 4853 556 4908 Ηαιο
601 4855 732 4908 dicit
783 4853 1080 4908 Dominus:
1133 4852 1306 4922 Super
1351 4852 1522 4907 tribus
1572 4851 1862 4907 sceleribus

283 4946 467 5010 Moab,
495 4954 548 5001 et
569 4961 732 5014 super
756 4955 985 5014 quatuor
1008 4961 1112 5000 non
1133 4955 1441 5000 convertam
1467 4961 1610 5010 eum,
1634 4961 1699 5001 eo
1723 4947 1862 5015 quod

287 5037 591 5091 incenderit
617 5051 740 5091 ossa
784 5037 924 5104 regis
952 5036 1194 5090 ldumaate
1229 5051 1399 5106 usque
1428 5038 1510 5097 ad.
1539 5037 1780 5101 cineres,
1809 5045 1864 5092 et

287 5127 504 5181 mittam
534 5127 707 5196 ignem
751 5127 803 5180 in
851 5126 1023 5191 Moab,
1064 5135 1118 5181 et
1144 5127 1422 5182 devorabit
1451 5129 1593 5182 :edes
1622 5128 1865 5191 Carioth,

288 5225 346 5271 et
395 5217 655 5271 morietur
698 5218 752 5271 in
799 5217 978 5271 sonitu
1024 5217 1176 5271 Moab
1223 5218 1278 5271 in
1318 5218 1569 5287 clangore
1616 5219 1784 5282 tuba},
1813 5227 1867 5272 et

291 5309 600 5378 disperdam
620 5307 856 5377 judicem
885 5310 952 5363 de
999 5309 1175 5365 medio
1210 5310 1356 5379 ejus,
1390 5320 1446 5365 et
1490 5325 1678 5365 omnes
1720 5310 1868 5379 prin-

291 5402 445 5471 cipes
491 5401 607 5470 ejus
661 5402 980 5458 interﬁciam
1026 5418 1147 5457 cum
1194 5418 1297 5464 eo,
1341 5403 1470 5457 dicit
1522 5403 1797 5456 Dominus.
1842 5422 1859 5452 ι

293 5494 482 5559 Moab,
511 5497 600 5566 qui
641 5497 1024 5566 interpretatur
1059 5512 1124 5550 ea:
1151 5507 1329 5565 patre,
1355 5496 1456 5550 hoc
1483 5504 1598 5559 est,
1631 5494 1884 5549 diabolo:

294 5583 509 5637 Corinth
549 5585 631 5637 vel
662 5581 1033 5638 Corinthian-im
1053 5625 1067 5647 ,
1098 5584 1326 5640 vertitur
1355 5586 1408 5640 in
1444 5585 1621 5654 lingua
1660 5591 1862 5647 nostra,

294 5673 421 5725 villa
467 5673 766 5744 sylvarum,
810 5676 936 5744 quia
985 5674 1150 5730 Judtei
1195 5675 1279 5730 vel
1320 5676 1592 5736 haeretici,
1635 5689 1862 5744 quorum

300 5763 526 5833 ﬁguram
566 5765 718 5819 Moab
745 5767 843 5820 iste
872 5767 1118 5837 gestavit,
1146 5781 1269 5821 ossa
1296 5768 1436 5838 regis
1464 5767 1726 5830 ldumaaze,
1763 5767 1862 5822 hoc

1455 6033 1504 6042 ρ-

1949 1953 2107 1999 terrae
2147 1946 2324 2014 capita
2373 1961 2702 2017 pauperum,
2749 1959 2802 2005 et
2850 1951 2991 2006 viam
3030 1953 3309 2008 humilium
3356 1955 3526 2010 decli-

1943 2043 2092 2090 nant.
2141 2055 2158 2086 i
2205 2036 2318 2091 Hoc
2361 2039 2426 2091 de
2469 2038 2715 2103 Christo,
2749 2055 2909 2110 quem
2947 2027 3116 2098 .lurltei
3165 2046 3527 2101 vendiderunt

1943 2134 2190 2194 argento,
2223 2136 2372 2182 recte
2420 2128 2828 2198 intelligendum
2860 2139 2962 2186 est.
3008 2132 3194 2202 Capita
3228 2151 3522 2204 pauperum

1944 2217 2110 2274 Judaei
2147 2231 2201 2276 et
2232 2222 2470 2276 lizcretici
2509 2239 2671 2292 super
2697 2224 2972 2293 pulverem
3005 2235 3160 2282 terrae
3180 2239 3521 2293 convertunt,

1945 2312 2072 2379 quia
2102 2327 2296 2367 sensus
2329 2312 2612 2368 humilium
2648 2313 2883 2368 ﬁdelium
2918 2316 2971 2370 in
3003 2325 3218 2372 terreno
3247 2319 3522 2375 intellectu

1945 2404 2350 2467 comminuunt,
2382 2413 2437 2458 et
2464 2405 2606 2458 viam
2631 2405 2915 2459 humilium
2947 2406 3090 2461 illam
3111 2448 3124 2470 ,
3150 2424 3310 2476 quam
3337 2411 3473 2466 dixit
3500 2432 3513 2465 :

1951 2512 1970 2542 ‹
2004 2493 2116 2563 Ego
2153 2509 2271 2548 sum
2302 2494 2390 2547 via
2421 2503 2476 2548 et
2511 2496 2712 2548 veritas
2757 2504 2814 2548 et
2839 2497 2968 2559 vita,
3014 2515 3034 2548 ›
3063 2497 3361 2564 declinant,
3395 2517 3521 2570 quia

1944 2597 2043 2652 per
2075 2598 2193 2636 eam
2223 2583 2501 2637 ambulare
2527 2593 2899 2638 contemnunt.
2937 2605 2954 2635 ι
2995 2586 3058 2642 Et
3087 2586 3230 2643 ﬁlius
3254 2603 3318 2642 ac
3368 2600 3520 2658 pater

1947 2673 2063 2742 ejus
2087 2675 2265 2728 ierunt
2294 2675 2360 2729 ad
2389 2676 2643 2744 puellam,
2673 2684 2732 2729 ut
2753 2675 3019 2730 violarent
3046 2693 3242 2734 nomen
3270 2691 3519 2736 sanctum

1947 2779 2146 2818 meum.
2183 2785 2202 2816 ι
2234 2764 2417 2827 Pater,
2458 2765 2686 2835 populus
2730 2764 3077 2830 .ludteorum;
3119 2768 3259 2825 ﬁlius
3285 2786 3412 2828 vero
3436 2788 3526 2841 po-

1946 2853 2104 2921 pulus
2162 2863 2248 2908 est
2301 2854 2657 2909 Christianus.
2716 2855 2808 2911 Ille
2855 2865 3036 2910 autem
3083 2872 3203 2912 cum
3254 2870 3406 2930 patre
3455 2865 3522 2920 ad

1948 2946 2176 3014 puellam
2207 2947 2526 3017 ingreditur,
2550 2949 2641 3016 qui
2665 2949 2883 3004 veniens
2913 2949 2978 3003 ad
3006 2950 3322 3019 Ecclesiam,
3351 2957 3524 3027 legem

1950 3049 2070 3088 cum
2111 3035 2400 3105 Evangelio
2444 3053 2662 3091 servare
2708 3039 2849 3102 vult,
2891 3055 2953 3093 ac
2981 3055 3076 3108 per
3103 3041 3206 3096 hoc
3235 3049 3526 3104 committit

1952 3132 2222 3193 stuprum,
2252 3134 2307 3178 et
2335 3126 2500 3180 violat
2527 3143 2720 3181 nomen
2758 3131 2873 3183 Dei.

2033 3233 2051 3264 ι
2113 3213 2179 3268 Ει
2219 3230 2380 3284 super
2427 3217 2760 3272 vestimentis
2810 3221 3109 3290 pignoratis
3159 3228 3526 3288 accubuerunt

1946 3302 2100 3370 juxta
2129 3319 2288 3359 omne
2329 3305 2518 3370 altare,
2556 3315 2610 3360 et
2643 3306 2826 3363 vinum
2856 3311 3112 3369 bibebant
3149 3317 3525 3376 damnatorum

1953 3395 2006 3450 in
2031 3396 2190 3450 domo
2217 3395 2308 3450 Dei
2339 3397 2443 3450 sui.
2479 3415 2496 3446 ι
2518 3395 2724 3453 Tantus
2746 3402 2888 3455 enim
2915 3406 3054 3473 apud
3086 3410 3394 3465 sacerdotes
3425 3411 3525 3466 .lu-

1953 3485 2190 3539 decorum
2229 3495 2346 3540 erat
2372 3495 2712 3556 contemptus
2761 3490 2814 3545 in
2861 3492 3060 3559 Deum,
3104 3507 3164 3550 ut
3210 3499 3528 3556 vestimenta

1954 3591 2074 3640 sua,
2099 3577 2150 3630 in
2177 3577 2373 3646 quibus
2399 3577 2744 3642 dormierant,
2769 3582 2850 3637 vel
2885 3584 2935 3638 in
2967 3587 3161 3655 quibus
3190 3588 3528 3656 fornicaban-

1956 3677 2060 3733 tur,
2088 3668 2241 3738 juxta
2270 3670 2440 3724 altare
2469 3669 2686 3726 funibus
2711 3681 2869 3730 terra:
2891 3678 3173 3734 tenderent
3205 3690 3259 3736 et
3287 3682 3530 3739 facerent

1954 3761 2251 3826 velamina,
2282 3771 2404 3830 post
2449 3777 2569 3831 qua:
2619 3762 2950 3822 fornicantes
3000 3770 3054 3824 in
3103 3773 3302 3843 templo
3351 3776 3530 3834 nullus

1953 3861 2138 3921 posset
2167 3853 2433 3921 aspicere.

2031 3961 2048 3994 ‹
2099 3943 2210 4014 Ego
2257 3954 2438 4000 autem
2497 3948 2853 4002 cxterminavi
2903 3950 3275 4009 Amorrhaeum
3317 3973 3349 4012 a
3394 3959 3534 4015 facie

1957 4047 2172 4095 eorum,
2205 4031 2361 4100 cujus
2409 4033 2638 4088 altitudo
2667 4036 2986 4101 cedrorum,
3019 4040 3244 4097 altitudo
3279 4045 3428 4114 ejus,
3478 4058 3536 4103 et

1959 4120 2114 4174 fortis
2146 4120 2260 4191 ipse
2297 4122 2471 4191 quasi.
2493 4137 2746 4190 quercus,
2778 4137 2832 4179 et
2860 4128 3095 4183 contrivi
3136 4128 3371 4187 fructum
3413 4137 3530 4206 ejus

1959 4213 2207 4282 desuper,
2237 4221 2290 4267 et
2329 4213 2540 4270 radices
2561 4216 2676 4284 ejus
2701 4219 2904 4273 subter.
2935 4219 3046 4290 Ego
3072 4237 3190 4278 sum
3215 4225 3306 4294 qui
3340 4243 3532 4286 ascen-

1961 4305 2088 4360 dere
2119 4320 2213 4359 vos
2237 4303 2337 4359 feci
2375 4305 2440 4359 de
2477 4313 2620 4360 terra
2647 4305 2894 4378 Egypti,
2924 4318 2980 4364 et
3009 4311 3169 4366 eduxi
3200 4329 3296 4369 vos
3337 4316 3390 4371 in
3437 4307 3548 4374 de?

1960 4402 2107 4449 serto
2125 4394 2475 4465 quadraginta
2497 4397 2672 4460 annis,
2686 4406 2747 4452 ut
2765 4399 3110 4466 possideretis
3131 4413 3326 4458 terram
3346 4405 3538 4463 Amor-

1963 4486 2115 4549 rhaei,
2142 4494 2198 4541 et
2228 4487 2480 4541 suscitavn
2516 4487 2584 4542 de
2608 4487 2731 4542 ﬁliis
2760 4491 2953 4546 vestris
2979 4493 3032 4546 in
3061 4495 3371 4564 prophetas,
3394 4507 3449 4553 et
3469 4501 3536 4556 de

1841 4576 1844 4577 ⁷
1886 4576 2244 4647 Djuvenibus
2281 4579 2478 4634 vestris
2523 4578 2849 4635 Nazareuos.
2895 4581 3145 4653 Nunquid
3176 4601 3282 4642 non
3330 4589 3405 4644 ita
3450 4603 3538 4647 est

1961 4671 2055 4726 ﬁlii
2087 4669 2267 4732 Israel,
2296 4671 2427 4726 dicit
2456 4671 2752 4727 Dominus?
2775 4674 2841 4728 Et
2871 4677 3237 4745 prepinabatis
3268 4680 3538 4739 Nazaraeis

1959 4762 2167 4824 vinum,
2199 4770 2254 4816 et
2285 4763 2564 4832 prephctis
2595 4763 2932 4820 niandabatis
2970 4767 3208 4826 dicentes
3243 4790 3256 4824 :
3309 4774 3384 4829 Ne
3414 4791 3538 4844 pro-

1961 4853 2214 4922 phetetis.
2234 4872 2252 4904 ι
2287 4851 2401 4908 Hoc
2421 4852 2716 4908 secundum
2743 4855 3024 4912 historiam
3054 4868 3292 4930 tempore
3316 4865 3408 4919 illo
3432 4867 3534 4920 im-

1963 4945 2166 5015 pletum
2214 4954 2330 5009 est,
2373 4947 2587 5014 quando
2613 4948 2895 5018 extirpatis
2935 4961 3138 5019 septem
3180 4957 3428 5024 gentibus
3470 4960 3537 5013 de

1969 5045 2114 5090 terra
2141 5035 2586 5101 Chananaeorum,
2603 5039 2830 5108 populus
2855 5038 3160 5097 Judazorum
3189 5046 3406 5101 sedibus
3439 5063 3538 5117 po-

1969 5128 2053 5182 titi
2082 5136 2228 5182 sunt.

2043 5239 2061 5269 (
2092 5220 2231 5274 Ecce
2263 5234 2362 5288 ego
2390 5219 2629 5274 stridebo
2656 5236 2818 5290 super
2841 5238 2954 5288 vos,
2985 5224 3124 5279 sicut
3165 5226 3358 5280 stridet
3395 5227 3541 5296 plau-

1963 5320 2135 5362 strum
2179 5318 2429 5362 onustum
2476 5308 2618 5364 feno.
2654 5331 2674 5362 ι
2711 5312 2844 5378 Quia
2895 5315 3037 5368 enim
3085 5315 3389 5372 fenum-est
3430 5319 3536 5373 vita

1969 5401 2286 5464 carnalium,
2304 5402 2442 5455 sicut
2465 5401 2723 5471 scriptum
2751 5414 2861 5459 est:
2887 5425 2904 5456 ‹
2926 5404 3112 5460 Omnis
3131 5420 3260 5460 caro
3286 5406 3488 5474 fenum,
3516 5430 3534 5460 ι

1971 5493 2026 5546 in
2050 5509 2116 5547 eo
2143 5495 2284 5563 quod
2312 5495 2568 5549 Dominus
2597 5498 2759 5551 vitam
2793 5500 3089 5554 carnalium
3129 5481 3343 5567 tolerat,
3387 5519 3542 5558 more

1969 5584 2193 5652 plaustri
2244 5585 2422 5640 fenum
2473 5603 2532 5643 se
2580 5600 2798 5657 portare
2846 5599 3092 5646 testatur.
3142 5594 3238 5648 Cui
3282 5595 3384 5649 sub
3432 5595 3539 5657 feni

1969 5693 2133 5732 onere
2157 5679 2404 5743 stridere,
2429 5689 2510 5734 cst
2530 5682 2762 5750 pondera
2789 5690 2842 5735 et
2865 5683 3172 5752 iniquitates
3200 5687 3538 5755 peccantium

1969 5785 2246 5839 conqueri.
