4022 6454
495 392 595 446 ill

983 381 1336 440 IIAYMONIS
1377 378 1852 439 HALBEBSTAT.
1895 377 2108 434 EPISC.
2149 375 2299 432 OPP.
2341 376 2520 430 PARS
2559 376 2600 430 I.
2627 406 2687 417 -
2723 375 3077 433 COMMENT.
3119 377 3289 433 BIBL.

3663 381 3767 435 Hi

576 526 595 559 ι
637 505 705 559 Et
746 502 943 574 peribit
974 498 1098 568 fuga
1127 512 1156 550 a
1182 495 1382 559 veloce,
1405 501 1461 550 et
1500 493 1656 548 fortis
1680 508 1786 548 non
1813 492 2078 547 obtinebit
2102 496 2152 554 Α
2180 487 2466 554 Samaria},
2501 500 2558 548 et
2581 491 2754 547 videte
2780 492 3018 548 insanias
3042 493 3238 548 multas
3268 495 3322 550 in
3353 497 3533 552 medio
3550 496 3693 568 ejus,
3715 507 3770 553 et

492 601 756 653 virtutem
809 608 983 654 suam,
1027 598 1080 643 et
1125 587 1378 640 robustus
1426 600 1532 638 non
1579 583 1810 639 salvabit
1845 583 2079 637 animam

500 703 688 750 suam,
729 694 781 740 et
811 694 998 738 tenens
1023 693 1208 732 arcum
1243 691 1350 730 non
1377 674 1560 739 stabit,
1591 681 1646 728 et
1672 674 1825 728 velox
1856 673 2083 742 pedibus

496 798 610 838 non
663 753 972 835 salvabitur,
999 780 1057 826 et
1089 785 1348 825 ascensor
1377 769 1501 838 equi
1537 784 1644 822 non
1691 767 1922 822 salvabit
1966 765 2083 820 ani-

500 889 646 930 mam
692 885 866 933 suam,
891 875 946 921 et
996 867 1252 920 robustus
1302 863 1466 916 corde
1508 861 1650 916 inter
1691 861 1859 916 fortes
1907 859 2082 914 nudus

503 967 672 1036 fugiet
709 963 761 1016 in
806 961 893 1015 die
935 958 1048 1022 illa,
1079 957 1212 1011 dicit
1246 955 1527 1009 Dominus.
1577 974 1595 1006 ›
1640 953 1752 1008 Hoc
1788 952 2082 1007 secundum

502 1054 743 1112 historia:
770 1051 929 1105 ﬁdem
958 1058 1088 1103 tunc
1123 1046 1401 1116 impletum
1433 1054 1539 1110 est,
1566 1045 1781 1113 quando
1813 1044 1884 1098 ob
1921 1041 2084 1097 meri-

502 1155 618 1199 tum
644 1150 990 1214 peccatorum
1025 1137 1259 1208 Assyriis
1287 1135 1371 1190 vel
1399 1135 1610 1188 caeteris
1635 1132 1884 1204 gentibus
1913 1132 1968 1185 in
1997 1131 2080 1185 di—

502 1235 806 1304 reptionem
830 1238 954 1285 sunt
977 1228 1179 1282 traditi.
1209 1224 1542 1280 Generaliter
1567 1237 1695 1277 vero
1717 1237 1879 1291 super
1895 1235 2084 1275 omnes

503 1324 879 1391 delinquentes
912 1320 1016 1374 hoc
1044 1317 1187 1388 quod
1216 1315 1472 1378 minatur,
1499 1314 1552 1366 in
1581 1312 1666 1366 die
1681 1311 1867 1380 judicii
1895 1317 2082 1365 ventu-

503 1429 624 1470 m"
651 1420 734 1468 ⁸³⁸
1125 1439 1354 1533 CAPUT
1389 1474 1474 1530 Ill.

583 1615 602 1647 ε
645 1594 840 1650 Audite
863 1593 1087 1647 verbum
1119 1587 1260 1658 quod
1290 1588 1503 1642 locutus
1531 1595 1613 1640 est
1639 1585 1900 1639 Dominus
1924 1597 2086 1652 super

504 1703 624 1751 vos,
650 1686 745 1741 ﬁlii
767 1684 954 1748 Israel,
976 1696 1140 1752 super
1166 1678 1312 1734 omni
1344 1675 1686 1746 cognatione,
1710 1689 1872 1743 quam
1903 1672 2086 1727 eduxit

507 1779 575 1834 de
603 1785 748 1832 terra
792 1772 1040 1844 Egypti,
1067 1770 1280 1829 dicens,
1313 1764 1684 1821 tantummodo
1728 1777 1824 1817 vos
1859 1759 2084 1830 cognovi

506 1883 575 1923 ex
627 1866 876 1922 omnibus
923 1859 1334 1933 cognationibus
1379 1866 1575 1920 terrae,
1620 1855 1822 1909 idcirco
1856 1850 2084 1905 visitabo
2115 1849 2161 1909 Β

507 1973 672 2029 super
695 1971 791 2012 vos
819 1970 1007 2011 omnes
1043 1951 1359 2022 iniquitates
1382 1955 1610 2002 vestras.
1649 1965 1667 1996 ι
1701 1943 1814 1998 Hoc
1842 1957 1948 1996 non
1993 1955 2083 1994 so-

505 2049 617 2102 lum
650 2049 718 2103 de
744 2045 970 2108 Iudaeis,
999 2043 1094 2098 sed
1135 2043 1202 2097 de
1246 2038 1498 2095 omnibus
1540 2035 1750 2096 electis,
1779 2046 1914 2102 quos
1946 2032 2088 2085 Deus

507 2135 877 2204 omnipotens,
911 2130 1059 2186 velut
1091 2135 1246 2200 pater
1279 2125 1438 2191 ﬁlios,
1471 2123 1526 2178 in
1562 2123 1666 2178 hac
1692 2121 1801 2175 vita
1828 2118 2084 2190 ﬂagellat,

507 2224 848 2280 sentiendum
873 2229 976 2276 est.

595 2334 614 2366 ι
669 2313 923 2382 Nunquid
969 2307 1321 2365 ambulabunt
1363 2306 1470 2361 duo
1512 2305 1752 2376 pariter,
1799 2303 1905 2358 nisi
1956 2317 2087 2358 con-

505 2404 718 2460 venerit
751 2400 939 2456 illis?i
979 2400 1072 2455 Isti
1113 2399 1276 2466 igitur
1303 2397 1410 2451 duo
1438 2395 1530 2465 qui
1574 2393 1677 2448 sibi
1718 2391 2081 2454 consentiunt,

506 2506 563 2550 et
587 2496 639 2549 in
669 2493 756 2547 via
783 2490 988 2547 Christi
1026 2488 1228 2560 pariter
1252 2485 1549 2549 ambulant,
1579 2492 1809 2551 uterque
1837 2479 2084 2550 p0pulus,

507 2588 613 2641 hoc
646 2592 764 2650 est,
790 2596 856 2637 ex
905 2579 1319 2637 circumcisione
1354 2584 1410 2632 et
1448 2573 1712 2646 praeputio
1757 2569 2086 2641 intelligendi

508 2687 656 2734 sunt.

584 2789 606 2824 α
638 2769 889 2840 Nunquid
917 2767 1092 2837 rugiet
1133 2765 1216 2819 leo
1261 2763 1314 2817 in
1345 2761 1517 2826 saltu,
1543 2759 1646 2814 nisi
1679 2755 1927 2814 habuerit
1949 2768 2084 2823 pra:-

506 2864 670 2920 dam?
702 2861 954 2930 Nunquid
987 2859 1137 2914 dabit
1167 2855 1376 2910 catulus
1414 2853 1585 2908 leonis
1620 2866 1808 2906 vocem
1836 2849 1900 2904 de
1922 2846 2084 2903 cubili

505 2973 628 3022 suo,
663 2956 766 3010 nisi
794 2953 996 3023 aliquid
1017 2947 1525 3020 comprehenderit?
1561 2965 1580 2998 ι
1615 2945 1758 3010 Leo,
1802 2941 2080 3006 diabolus;

497 3048 720 3104 catulus
770 3045 982 3109 leonis,
1033 3041 1319 3098 multitudo
1368 3037 1766 3092 immundorum
1799 3034 2083 3104 spirituum

509 3140 784 3210 capie'ntes
837 3135 1072 3206 praedam
1100 3175 1114 3200 ,
1159 3131 1367 3186 animas
1413 3128 1662 3183 videlicet
1710 3125 2080 3197 reproborum.

491 3191 904 3303 tquzeunitate'm
924 3227 1043 3282 ﬁdei
1061 3242 1155 3297 per
1175 3221 1498 3279 discordiam
1520 3220 1793 3284 amittunt,
1817 3232 1880 3272 ac
1901 3229 2083 3270 secum
2109 3191 2154 3251 Ο

503 3339 602 3378 eas
628 3323 682 3376 In
702 3320 1018 3376 barathrum
1045 3312 1403 3370 damnationis
1432 3312 1673 3365 trahunt.

585 3431 604 3462 ‹
641 3408 893 3477 Nunquid
941 3406 1097 3460 cadet
1138 3403 1254 3456 avis
1296 3403 1348 3455 in
1391 3401 1640 3468 laqueum
1680 3407 1836 3452 terra:
1883 3395 2086 3464 absque

509 3501 754 3572 aucupe?
769 3496 1008 3567 nunquid
1029 3493 1271 3548 aufertur
1290 3491 1514 3560 laqueus
1535 3489 1602 3544 de
1627 3497 1768 3542 terra
1796 3495 2083 3555 antequam

511 3594 640 3665 quid
667 3590 906 3661 ceperit?
941 3607 958 3639 ι
984 3586 1233 3654 Laqueus
1263 3592 1422 3638 terrae
1451 3597 1543 3636 seu
1572 3579 1816 3650 aucupis,
1844 3576 2086 3632 diabolus

491 3681 888 3752 intelligendus
942 3688 1062 3741 est,
1105 3674 1198 3744 qui
1239 3674 1291 3728 in
1333 3671 1560 3727 terrenis
1607 3669 1816 3724 actibus
1859 3683 1954 3722 seu
1987 3681 2086 3736 per

511 3772 834 3829 discordiam
865 3765 1106 3828 unitatis,
1137 3763 1338 3818 electos
1364 3761 1510 3816 velut
1531 3773 1658 3813 aves
1685 3757 1847 3827 capit.

589 3880 606 3912 ι
645 3860 702 3914 Si
733 3858 946 3928 clanget
978 3853 1104 3908 tuba
1149 3853 1200 3906 in
1247 3851 1484 3912 civitate,
1513 3858 1566 3902 ct
1605 3846 1832 3916 populus
1859 3860 1963 3898 non
1991 3858 2085 3898 ex-

508 3949 796 4022 pavescet?
827 3943 883 4002 Si
909 3947 1014 4002 erit
1041 3945 1240 4000 malum
1272 3942 1326 3996 in
1370 3941 1607 4001 civitate,
1645 3937 1786 4008 quod
1825 3935 2084 3990 Dominus

510 4059 616 4098 non
661 4039 822 4096 fecit?
862 4059 880 4090 ι
924 4037 1192 4107 Quidquid
1228 4033 1378 4088 enim
1427 4031 1479 4084 in
1529 4027 1822 4097 Scripturis
1859 4025 2080 4090 sanctis,

511 4129 1003 4196 tuba‘comminans
1029 4142 1044 4181 :
1074 4125 1273 4180 malum
1291 4131 1474 4177 autem
1498 4119 1642 4189 quod
1673 4117 1929 4172 Dominus
1955 4113 2084 4168 facit

506 4225 565 4278 in
610 4223 862 4284 civitate,
895 4235 999 4274 non
1035 4216 1366 4272 contrarium
1395 4221 1479 4268 est
1508 4210 1712 4275 virtuti,
1742 4207 2079 4263 aﬁlictionem

511 4322 692 4369 autem
716 4318 771 4366 et
808 4309 1082 4364 cruciatus
1104 4307 1382 4361 hominum
1409 4301 1695 4371 signiﬁcat.

584 4422 606 4455 ‹
638 4402 774 4469 Quia
812 4415 918 4454 non
958 4398 1118 4452 faciet
1141 4395 1397 4450 Dominus
1419 4393 1558 4446 Deus
1578 4391 1824 4454 verbum,
1852 4388 1955 4443 nisi
1998 4403 2082 4442 re-

490 4493 769 4550 --velaverit
792 4499 1056 4546 secretum
1082 4503 1257 4551 suum,
1283 4486 1348 4540 ad
1371 4499 1556 4539 servos
1577 4497 1705 4536 suos
1725 4479 2031 4550 prophetas.
2057 4498 2074 4529 ι

2108 4537 2160 4596 D

2184 583 2508 638 calumniam
2530 584 2794 653 patientes
2829 584 2881 638 in
2903 585 3268 654 penetralibus
3299 587 3432 656 ejus,
3469 599 3524 642 et
3561 587 3770 644 nescie-

2183 683 2310 730 runt
2349 674 2528 729 facere
2574 683 2812 739 rectum,
2841 675 2974 729 dicit
3012 676 3269 731 Dominus
3300 677 3466 741 Deus,
3495 678 3769 734 thesauri-

2184 774 2372 820 zantes
2415 766 2756 834 iniquitatem
2804 773 2860 820 et
2909 766 3127 834 rapinas
3181 767 3236 821 in
3297 768 3503 823 aedibus
3555 770 3693 824 suis.
3745 789 3762 820 ι

2181 854 2384 908 Azotus
2407 853 2797 923 interpretatur
2824 854 2982 922 ignis,
3014 854 3264 922 populum
3289 857 3529 924 gentium
3560 860 3767 912 exhor-

2184 954 2331 1000 tatur
2359 953 2420 1000 ut
2465 954 2826 1017 congregetur
2855 961 3014 1014 super
3051 946 3302 1015 populum
3335 946 3681 1014 Judzeorum,
3709 960 3768 1004 ut

2182 1039 2362 1094 videat
2390 1037 2529 1092 mala
2556 1053 2677 1108 quae
2721 1039 2836 1106 ipse
2887 1038 3034 1101 fecit,
3060 1046 3119 1090 ut
3150 1038 3262 1108 ipse
3294 1039 3521 1108 populus
3555 1040 3769 1095 Judzeo-

2183 1144 2302 1182 rum
2345 1128 2518 1199 justas
2561 1129 2931 1197 querimonias
2973 1129 3234 1184 adversus
3262 1131 3432 1184 Deum
3464 1146 3522 1186 se
3562 1132 3768 1188 habere

2183 1231 2289 1270 non
2314 1226 2483 1287 putet,
2516 1232 2614 1286 pro
2639 1232 2704 1272 eo
2729 1217 2874 1286 quod
2908 1217 3028 1271 illos
3057 1219 3276 1273 tradidit
3305 1219 3357 1273 in
3382 1221 3761 1290 direptionem.

2182 1306 2516 1362 Calumniam
2547 1324 2762 1378 quoque
2805 1309 3084 1378 patiuntur
3123 1311 3175 1363 in
3219 1312 3587 1380 penetralibus
3626 1315 3764 1384 ejus,

2183 1398 2297 1453 sive
2320 1399 2698 1469 opprimuntur
2724 1399 2997 1468 simplices
3021 1400 3220 1468 quique
3245 1402 3602 1468 credentium,
3637 1405 3765 1458 dum

2183 1492 2398 1546 nomine
2444 1491 2688 1546 veritatis
2747 1491 2985 1546 hatretici
3041 1492 3226 1545 volunt
3274 1493 3659 1559 mendacium,
3713 1503 3768 1548 et

2182 1583 2403 1638 omnino
2431 1591 2637 1637 rectum
2690 1580 2869 1636 facere
2919 1580 3196 1643 nesciunt,
3245 1581 3369 1649 quia
3413 1583 3767 1650 perdiderunt

2185 1676 2456 1728 tramitem
2510 1673 2791 1737 veritatis,
2834 1687 2934 1726 nec
2960 1670 3183 1726 credent
3215 1670 3270 1725 in
3298 1685 3420 1726 eum
3458 1672 3550 1741 qui
3591 1673 3761 1728 dicit:

2192 1783 2210 1816 ι
2241 1765 2353 1835 Ego
2383 1779 2501 1819 sum
2532 1763 2755 1818 veritas.
2789 1783 2808 1816 ι

2263 1875 2280 1908 ι
2315 1856 2601 1926 Pr0pterea
2627 1856 2742 1910 haec
2781 1854 2914 1909 dicit
2944 1853 3202 1908 Dominus
3244 1854 3386 1908 Deus
3413 1871 3428 1907 :
3459 1853 3766 1911 Tribulahi-

2190 1957 2278 2002 tur
2315 1955 2370 2001 et
2406 1946 2698 2001 circuietur
2725 1953 2890 2009 terra,
2919 1951 2975 1998 et
2997 1943 3314 1999 detrahetur
3331 1960 3397 1999 cx
3418 1952 3472 1999 te
3501 1944 3767 2002 fortitudo

2189 2049 2303 2105 tua,
2335 2047 2390 2094 et
2415 2039 2736 2108 diripientur
2754 2037 2898 2094 aedes
2921 2045 3045 2091 tum.
3081 2056 3100 2088 ι
3132 2037 3380 2092 Haeretici
3410 2053 3625 2108 quoque
3653 2048 3767 2094 ter-

2189 2145 2315 2185 rena
2363 2129 2650 2198 sapientes,
2688 2137 2782 2182 aut
2827 2128 3225 2182 tribulabuntur
3252 2129 3305 2182 in
3338 2129 3424 2183 die
3445 2129 3664 2198 judicii,
3712 2140 3766 2186 et

2186 2223 2364 2278 omnis
2387 2238 2573 2278 eorum
2597 2221 2854 2276 fortitudo
2875 2223 3204 2286 tenuabitur,
3231 2231 3286 2277 et
3307 2223 3627 2292 diripientur
3642 2238 3767 2292 qua:

2188 2315 2486 2368 habuerant
2517 2313 2581 2368 de
2615 2312 2840 2381 rapinis,
2871 2320 2931 2366 ut
2953 2311 3252 2366 liberentur
3276 2312 3457 2381 populi
3497 2328 3634 2382 quos
3669 2314 3768 2367 de-

2187 2413 2460 2472 ceperant.
2490 2403 2597 2460 Aut
2622 2414 2770 2460 certe
2801 2420 2898 2474 per
2923 2405 3069 2460 viros
3093 2405 3489 2461 ecclesiasticos
3523 2406 3767 2475 quotidie

2187 2495 2586 2551 tribulabuntur
2615 2496 2937 2551 testimoniis
2979 2495 3406 2565 Scripturarum,
3435 2506 3490 2551 et
3518 2497 3766 2551 detrahe-

2187 2593 2276 2638 tur
2304 2600 2369 2639 ex
2393 2585 2473 2640 eis
2501 2584 2759 2640 fortitudo
2784 2584 3216 2656 syllogismorum
3242 2595 3298 2640 et
3329 2586 3614 2642 verborum
3641 2602 3766 2640 acu-

2187 2675 2597 2746 torum,quibus
2615 2692 2772 2731 suum
2799 2677 2992 2747 dogma
3015 2675 3386 2741 ﬁrmaverant,
3411 2686 3472 2731 ut
3497 2679 3589 2750 qui
3621 2676 3761 2747 rapti

2186 2766 2400 2823 fuerant
2430 2767 2496 2822 de
2523 2767 2785 2833 Ecclesia,
2812 2769 2879 2822 ad
2907 2767 3200 2822 Ecclesiam
3227 2777 3588 2824 revertantur.

2262 2874 2279 2907 r
2317 2855 2443 2912 H330
2465 2855 2596 2912 dicit
2623 2857 2902 2922 Dominus,
2926 2858 3197 2927 quomodo
3226 2859 3270 2912 si
3299 2867 3456 2913 eruat
3483 2869 3668 2929 pastor
3695 2859 3764 2916 de

2187 2963 2282 3004 ore
2326 2947 2494 3003 leonis
2531 2948 2636 3002 duo
2675 2964 2833 3003 crura
2856 2989 2869 3012 ,
2903 2958 2996 3004 aut
3019 2959 3322 3005 extremum
3355 2951 3640 3015 auriculae,
3683 2952 3765 3007 sic

2184 3046 2444 3094 eruentur
2465 3039 2560 3093 ﬁlii
2587 3039 2748 3094 Israel
2775 3041 2866 3109 qui
2899 3041 3144 3094 habitant
3165 3041 3218 3094 in
3251 3040 3496 3096 Samaria
3527 3043 3578 3096 in
3603 3043 3764 3112 plaga

2185 3128 2396 3194 lectuli,
2423 3138 2478 3184 et
2507 3129 2561 3182 in
2602 3129 2847 3184 Damasci
2883 3132 3124 3201 grabato.
3165 3151 3183 3182 ›
3219 3131 3331 3186 Iloc
3359 3133 3648 3188 secundum
3676 3134 3768 3188 hi-

2186 3220 2408 3274 storiam
2440 3219 2492 3273 in
2522 3218 2721 3274 Iudaeis
2753 3220 3083 3290 temporibus
3111 3222 3424 3276 vastationis
3446 3236 3631 3276 eorum
3661 3222 3767 3276 im~

2185 3311 2384 3381 pletum
2425 3312 2590 3367 fuisse
2623 3327 2728 3366 non
2756 3312 2974 3366 dubium
3009 3321 3131 3367 est:
3159 3315 3454 3368 secundum
3482 3327 3611 3368 vero
3639 3323 3762 3369 tro-

2184 3400 2473 3470 pologiam,
2520 3401 2588 3456 de
2639 3403 2919 3456 vocatione
2974 3403 3211 3471 gentium
3259 3404 3594 3458 sentiendum
3641 3414 3761 3468 est,

2185 3505 2322 3560 quas
2343 3509 2360 3541 ι
2389 3501 2571 3560 pastor
2588 3493 2784 3555 bonus,
2801 3492 2890 3562 qui
2915 3491 3148 3546 animam
3167 3509 3316 3548 suam
3331 3509 3430 3562 pro
3443 3495 3633 3548 ovibus
3649 3495 3765 3550 suis

2185 3581 2355 3652 ponit,
2395 3602 2414 3634 ι
2446 3583 2510 3636 de
2538 3597 2634 3637 ore
2678 3582 2847 3636 leonis
2889 3584 3024 3652 (hoc
3071 3593 3153 3638 est
3184 3584 3417 3654 diaboli)
3463 3586 3603 3639 eruit
3646 3603 3660 3637 :
3703 3587 3759 3640 in

2185 3687 2367 3737 crura,
2394 3672 2645 3726 doctores
2672 3689 2686 3726 :
2711 3672 2764 3726 in
2791 3681 3090 3726 extremum
3119 3688 3246 3728 vero
3289 3673 3569 3739 auriculae,
3609 3674 3763 3728 audi-

2188 3772 2332 3816 tores
2361 3762 2647 3831 signillcat.

2260 3873 2278 3905 ι
2315 3853 2508 3908 Audite
2533 3863 2588 3909 et
2615 3855 2992 3910 eontestamini
3022 3857 3074 3910 in
3097 3858 3260 3911 domo
3280 3856 3468 3922 Jacob,
3496 3857 3628 3911 dicit
3649 3857 3759 3912 Do-

2187 3945 2365 4000 minus
2386 3946 2742 4013 exercituum,
2772 3947 2899 4016 quia
2926 3948 2977 4001 in
3011 3947 3097 4002 die
3126 3963 3247 4001 cum
3284 3948 3503 4002 visitare
3543 3964 3763 4017 cmpero

2186 4039 2658 4108 prmv'aricationes
2693 4038 2855 4092 Israel
2887 4053 3048 4106 super
3065 4053 3210 4102 eum,
3246 4038 3478 4092 visitabo
3517 4048 3571 4092 et
3601 4055 3762 4108 super

2187 4131 2375 4185 altaria
2409 4131 2617 4194 Bethel,
2649 4139 2704 4184 et
2734 4130 3156 4200 amputabuntur
3189 4145 3388 4184 cornua
3437 4129 3658 4190 altaris,
3705 4139 3763 4183 et

2185 4221 2381 4276 cadent
2411 4221 2463 4275 in
2495 4230 2727 4284 terram,
2776 4230 2831 4273 et
2872 4221 3171 4289 percutiam
3212 4223 3426 4275 domum
3470 4221 3761 4275 hiemalem

2187 4329 2309 4368 cum
2352 4312 2512 4367 domo
2537 4313 2743 4377 testiva,
2784 4320 2839 4366 et
2882 4311 3133 4380 peribunt
3160 4312 3350 4367 domus
3375 4313 3657 4375 eburnezc,
3705 4323 3766 4366 et

2186 4403 2589 4473 dissipabuntur
2620 4402 2767 4457 mdes
2793 4403 2996 4467 multae,
3024 4404 3155 4458 dicit
3184 4403 3463 4458 Dominus.
3493 4423 3510 4453 ι
3553 4403 3763 4458 Secun-

2189 4495 2315 4549 dum
2351 4495 2629 4550 historiam
2669 4495 2722 4548 in
2764 4493 2962 4549 Iudaeis
2997 4494 3272 4563 impletum
3301 4508 3422 4549 esse
3459 4494 3760 4556 credimus,

509 4585 629 4640 Non
650 4583 790 4653 quod
815 4581 994 4637 omnia
1021 4579 1221 4634 revelet
1245 4577 1385 4632 Deus
1412 4575 1706 4646 prophetis,
1735 4588 1853 4643 quae
1873 4572 1926 4626 in
1948 4571 2084 4626 coelo

2185 4586 2479 4640 secundum
2507 4598 2780 4654 anagogen
2824 4599 2953 4638 vero
2993 4583 3059 4637 de
3105 4583 3371 4638 hazreticis
3415 4582 3760 4637 sentiendum

491 4675 754 4728 facturus
775 4681 876 4738 est,
906 4670 990 4726 vel
1019 4677 1142 4724 ante
1163 4669 1276 4738 jam
1306 4666 1461 4730 fecit,
1503 4665 1596 4720 sed
1635 4679 1696 4718 ea
1737 4671 1942 4716 tantum
1966 4677 2085 4732 quae

495 4766 757 4820 'facturus
780 4764 849 4818 sit
873 4763 928 4816 in
959 4761 1120 4817 terris
1145 4759 1420 4815 revelavit.

590 4855 745 4909 c-Leo
779 4854 973 4923 rugiet,
999 4851 1120 4921 quis
1149 4865 1255 4904 non
1285 4848 1527 4903 timebit?
1556 4845 1811 4900 Dominus
1841 4844 1983 4899 Deus
2009 4843 2084 4898 lo-

496 4955 668 5003 »cutus
708 4954 808 5008 est,
855 4944 976 5013 quis
1020 4957 1126 4996 non
1166 4939 1544 5011 prophetabit?
1580 4957 1596 4988 ι
1633 4936 1757 4991 Scio
1792 4936 2078 5005 quemdam

502 5042 566 5096 in
602 5038 726 5094 suis
758 5037 1016 5105 scriptum
1061 5033 1463 5089 commentariis
1512 5029 1825 5098 reliquisse,
1857 5027 2077 5081 leonem

509 5131 814 5201 rugientem
840 5126 1108 5180 diabolum
1142 5123 1565 5194 intelligendum,
1587 5131 1642 5176 et
1672 5122 1969 5192 rugientem
1995 5120 2078 5174 his

499 5223 599 5292 qui
631 5219 851 5289 perituri
883 5225 1024 5272 sunt.
1050 5215 1214 5270 Deum
1245 5223 1420 5270 autem
1448 5214 1538 5283 qui
1563 5213 1798 5282 loquitur
1832 5227 1927 5281 per
1955 5227 2078 5280 pro-

503 5313 717 5380 phetas,-
769 5307 1109 5364 referendum
1159 5320 1280 5361 esse
1331 5307 1398 5360 ad
1446 5306 1609 5359 Deum
1645 5303 1987 5366 salvatorem,
2018 5310 2078 5355 ut

508 5400 776 5468 quomodo
807 5399 877 5452 illi
923 5398 974 5451 in
1014 5397 1206 5451 malam
1235 5403 1441 5464 partem
1475 5394 1698 5447 audiunt
1729 5393 1899 5446 leonis
1929 5391 2072 5465 rugi-

508 5499 652 5550 tum,
683 5498 736 5541 et
764 5489 1046 5558 capiuntur
1081 5488 1133 5541 in
1165 5495 1394 5541 mortem
1415 5525 1428 5548 ,
1472 5486 1551 5539 sic
1593 5484 1762 5538 sancti
1797 5484 1847 5536 in
1879 5484 2074 5537 bonam

508 5591 714 5650 partem
740 5581 901 5636 Deum
919 5580 1328 5650 praecipientem
1359 5579 1579 5632 audiant
1603 5586 1656 5630 ct
1687 5577 1978 5631 salventur.

586 5689 603 5720 ι
635 5672 886 5726 Auditum
929 5672 1087 5728 facite
1111 5672 1176 5726 in
1223 5670 1427 5724 aedibus
1459 5669 1646 5731 Azoti,
1677 5678 1732 5722 et
1771 5669 1822 5722 in
1873 5667 2074 5722 :edibus

507 5772 665 5819 terra:
688 5763 995 5840 Egypti,et
1018 5763 1178 5818 dicite
1212 5780 1224 5816 :
1259 5761 1668 5832 Congrcgamini
1686 5775 1846 5830 super
1861 5768 2070 5814 montes

2185 4687 2284 4742 est,
2320 4678 2410 4748 qui
2449 4678 2815 4746 praetermisso
2847 4677 3004 4732 altari
3039 4677 3270 4738 Domini,
3301 4678 3440 4747 quod
3467 4687 3551 4732 est
3576 4678 3760 4733 unitas

2185 4771 2328 4838 ﬁdei,
2359 4772 2588 4842 plurima
2625 4771 2813 4824 altaria
2847 4769 2969 4836 sibi,
3002 4785 3107 4824 non
3141 4771 3249 4824 Deo
3279 4779 3614 4826 construunt.
3653 4771 3763 4824 Do-

2181 4881 2326 4919 mum
2364 4880 2496 4920 vero
2524 4863 2806 4918 hiemalem
2853 4872 2948 4917 aut
2985 4864 3226 4918 :estivam
3249 4905 3264 4927 ,
3297 4875 3458 4934 atque
3488 4862 3652 4917 Israel
3701 4871 3758 4918 et

2179 4955 2406 5018 Iudam,
2437 4961 2530 5008 aut
2553 4961 2702 5008 certe
2729 4953 2979 5024 populum
3020 4953 3325 5010 Iudaeorum
3371 4963 3422 5010 et
3470 4955 3760 5010 hzereticos

2179 5048 2506 5116 praefigunt.

2788 5173 3015 5230 CAPUT
3050 5172 3136 5228 IV.

2252 5325 2270 5358 ‹
2301 5307 2495 5362 Audite
2517 5305 2881 5371 verbumhoc,
2905 5321 3084 5362 vacem
3119 5305 3365 5377 pingues,
3393 5322 3512 5376 qua:
3541 5307 3676 5362 estis
3697 5308 3755 5363 in

2183 5407 2362 5450 monte
2407 5397 2681 5460 Samarite,
2727 5411 2846 5466 qua:
2872 5396 3194 5451 calumniam
3240 5398 3415 5452 facitis
3461 5399 3668 5467 egenis,
3699 5409 3756 5453 et

2149 5532 2153 5536 .
2181 5487 2517 5557 confringitis
2552 5499 2836 5558 pauperes,
2877 5503 2997 5558 qua:
3022 5489 3203 5543 dicitis
3248 5489 3480 5544 dominis
3510 5491 3706 5544 vestris
3736 5510 3749 5544 :

2179 5578 2397 5640 Aﬁ'ertc,
2427 5588 2481 5633 et
2506 5579 2768 5635 bibemus.
2795 5578 3004 5634 Iuravit
3031 5579 3289 5634 Dominus
3314 5580 3454 5634 Deus
3487 5580 3538 5634 in
3560 5591 3756 5634 sancto

2180 5686 2296 5734 suo,
2333 5670 2457 5740 quia
2486 5685 2612 5726 ecce
2653 5670 2769 5725 dics
2794 5671 3007 5725 venient
3049 5686 3210 5740 super
3242 5688 3357 5736 vos,
3403 5682 3457 5727 et
3496 5673 3752 5727 levabunt

2180 5775 2276 5816 vos
2311 5761 2365 5815 in
2393 5761 2593 5826 contis,
2639 5770 2695 5816 et
2728 5761 2980 5830 reliquias
3009 5772 3217 5820 vestras
3247 5765 3300 5818 in
3345 5765 3466 5820 ollis
3496 5764 3750 5820 ferventi-
