4022 6436
274 481 376 538 115

1291 473 1692 529 ΕΝΑΙιὶζΑιιυ
1729 473 1796 527 us
1836 471 2022 528 AMOS
2060 443 2497 530 rnotamran.

3415 480 3518 533 Illi

267 591 387 644 bus.
440 607 456 638 ι
504 585 705 640 Vaccus
757 586 1002 656 pingues,
1052 585 1323 654 principes
1370 582 1675 638 Iudaeorum
1725 584 1838 638 sive
1868 590 1912 647 Α
1942 600 2122 649 eruca,
2152 594 2206 640 et
2251 601 2355 640 non
2399 588 2610 643 redistis
2634 592 2699 643 ad
2747 605 2851 654 me,
2881 590 3009 644 dicit
3039 590 3309 644 Dominus.
3346 611 3363 642 ι
3404 591 3511 645 Ila-

267 684 466 738 diviles
496 678 656 748 hujus
698 680 881 732 mundi
912 679 1060 733 dicit.
1095 675 1458 748 Spiritualiter
1484 691 1612 730 vero
1657 677 1846 730 Sama-

270 771 373 833 ria,
413 783 532 838 qua:
574 767 958 837 interpretatur
995 769 1250 831 custodia,
1301 766 1605 835 superbiam
1643 766 1848 836 signiﬁ-

269 870 361 918 cat
391 861 789 924 haereticorum,
817 861 909 929 qui
949 876 1006 915 se
1035 861 1288 915 custodes
1328 868 1718 929 przeceptorum
1753 860 1846 914 Dei

268 969 392 1010 esse
416 953 769 1007 mentiuntur.
801 951 955 1017 Quod
997 967 1124 1007 vero
1166 952 1263 1016 ait,
1303 971 1322 1002 ‹
1367 951 1645 1005 Levabunt
1669 965 1762 1005 vos
1791 951 1846 1005 iu

269 1045 463 1107 contis,
503 1043 857 1098 historialiter
899 1044 1231 1114 principibus
1281 1041 1588 1098 Iudaeorum
1628 1043 1840 1097 accidit.

269 1134 502 1204 Tropice
530 1150 672 1197 vero,
704 1134 988 1189 haereticos
1015 1135 1331 1204 conjunctos
1354 1133 1484 1187 viris
1513 1135 1843 1188 ecclesiasti-

267 1226 350 1280 cis
374 1241 472 1296 per
489 1225 701 1279 divinas
729 1225 1024 1280 sententias
1064 1225 1277 1296 ﬁgurat,
1308 1231 1402 1278 aut
1424 1234 1572 1279 certe
1608 1223 1844 1280 futuram

267 1316 673 1371 damnationem
701 1317 958 1371 insinuat.
1303 1311 1312 1320 ’

343 1424 364 1457 ‹
404 1406 466 1459 Ει
495 1421 591 1475 per
619 1415 902 1475 aperturas
926 1405 1162 1471 exibitis,
1187 1405 1354 1460 altera
1385 1413 1570 1460 contra
1596 1404 1842 1472 alteram,

265 1507 321 1550 et
349 1496 705 1566 projiciemini
748 1497 800 1550 in
846 1496 1068 1561 Armon,
1111 1497 1243 1550 dicit
1272 1496 1550 1550 Dominus.
1590 1517 1607 1547 »
1641 1496 1846 1551 Secun-

263 1588 393 1642 dum
414 1587 690 1641 historiam
709 1588 760 1641 in
775 1587 973 1642 Judreis
995 1598 1119 1642 tunc
1141 1587 1486 1656 adimpletum
1501 1597 1602 1651 est,
1629 1589 1842 1657 quando

266 1678 321 1730 in
372 1677 743 1746 captivitatem
799 1677 955 1731 divisi
1013 1677 1230 1732 abducti
1283 1685 1428 1731 sunt.
1482 1676 1844 1747 Spiritualiter

265 1783 417 1831 vero,
464 1767 704 1822 hmretici
746 1769 813 1822 ab
837 1770 1042 1823 unitate
1071 1769 1192 1824 fidei
1224 1771 1558 1835 recedentes,
1598 1779 1759 1840 atque
1788 1771 1842 1826 in

266 1857 444 1912 varias
475 1868 651 1912 sectas
685 1857 967 1913 adversum
996 1875 1054 1915 se
1092 1859 1266 1925 divisi,
1314 1876 1411 1930 per
1454 1863 1758 1931 superbiam
1787 1865 1840 1918 in

263 1947 622 2014 perditionem
651 1947 898 2016 projecti.

341 2054 358 2086 ε
403 2034 593 2091 Venite
633 2041 698 2093 ad
727 2039 934 2106 Bethel,
963 2049 1018 2096 et
1065 2041 1227 2111 impie
1258 2042 1400 2112 agite
1445 2044 1512 2099 ad
1539 2043 1834 2115 Galgalam,

267 2137 322 2184 et
368 2130 716 2200 multiplicate
771 2135 1305 2203 praevaricationem:
1337 2146 1392 2191 et
1436 2138 1626 2193 offerte
1682 2155 1838 2194 mane

263 2220 510 2275 victimas
539 2233 778 2286 vestras,
840 2226 1010 2281 tribus
1049 2227 1237 2282 diebus
1291 2229 1523 2284 decimas
1590 2240 1836 2297 vestras,

261 2320 317 2365 et
345 2312 648 2367 sacrificate
681 2315 746 2369 de
782 2315 1107 2373 fermentata
1152 2319 1382 2384 laudem,
1422 2329 1475 2375 et
1515 2332 1701 2377 vocate
1745 2338 1829 2378 vo-

259 2401 523 2457 luntarias
549 2405 868 2472 oblationes,
913 2419 968 2463 et
1005 2411 1340 2464 annuntiate.
1376 2412 1466 2467 Sic
1491 2413 1633 2467 enim
1661 2413 1835 2468 volui-

258 2492 380 2555 stis,
407 2492 498 2546 lilii
515 2493 696 2558 Israel,
720 2497 850 2552 dicit
873 2499 1150 2555 Dominus.
1183 2520 1202 2552 ο
1230 2502 1533 2557 Secundum
1560 2504 1835 2559 historiam

257 2577 463 2634 ironice
485 2581 710 2650 loquens
753 2595 943 2640 contra
982 2586 1214 2655 Iudaeos,
1246 2605 1312 2644 ne
1341 2591 1440 2660 ipsi
1482 2592 1684 2647 scelera
1710 2607 1834 2661 per-

252 2679 514 2737 petrent,
570 2675 662 2728 sed
734 2679 1028 2734 secundum
1097 2695 1283 2735 eorum
1337 2684 1832 2750 praevaricationem

252 2762 495 2848 peccatis
522 2773 742 2832 peccata
772 2769 1064 2832 cumulent,
1109 2787 1207 2841 pro
1249 2771 1443 2840 quibus
1472 2774 1708 2827 atrocius
1738 2789 1834 2843 pu-

256 2850 500 2904 niantur.
536 2853 781 2909 Haeretici
811 2873 940 2912 vero
969 2859 1034 2912 ad
1084 2860 1288 2925 Bethel,
1341 2863 1442 2916 hoc
1486 2872 1568 2916 est
1613 2864 1681 2918 ad
1733 2864 1832 2919 do-

251 2955 406 2996 mum
451 2941 544 3004 Dei
582 2947 874 3013 venientes,
909 2950 1070 3020 impie
1112 2961 1294 3022 agunt,
1347 2953 1473 3006 dum
1511 2957 1834 3012 sacriﬁcium

249 3034 401 3102 quod
449 3036 545 3089 soli
586 3037 695 3092 Deo
749 3041 996 3107 debetur,
1058 3043 1269 3098 diabolo
1318 3045 1619 3111 immolant,
1673 3057 1835 3116 atque

248 3133 482 3180 cteteros
529 3127 595 3180 ad
648 3128 975 3199 impietatem
1020 3148 1172 3186 suam
1229 3135 1594 3190 annuntiando
1643 3152 1836 3206 provo-

247 3225 402 3280 cant,
434 3216 558 3270 dum
600 3218 663 3272 de
697 3217 964 3276 fermento
991 3219 1251 3277 falsorum
1280 3223 1585 3293 dogmatum
1616 3227 1832 3283 favores

245 3307 528 3362 hominem
556 3319 817 3377 quaerunt.

330 3415 352 3445 ο
389 3397 540 3453 Unde
583 3409 636 3453 et
665 3416 764 3469 ego
793 3402 913 3457 dedi
962 3405 1114 3458 vobis
1158 3415 1430 3476 stuporem
1479 3406 1720 3464 dentium
1773 3409 1827 3464 in

243 3489 465 3544 cunctis
513 3490 732 3546 urbibus
780 3495 994 3559 vestris,
1043 3503 1097 3548 et
1150 3497 1496 3567 indigentiam
1543 3514 1741 3568 panum
1775 3500 1830 3554 in

241 3581 506 3635 omnibus
532 3579 664 3636 locis
695 3585 908 3649 vestris,
942 3595 994 3640 et
1037 3601 1141 3640 non
1186 3587 1317 3642 estis
1359 3590 1560 3644 reversi
1607 3590 1674 3644 ad
1721 3605 1828 3656 me,

240 3670 383 3724 dicit
411 3670 695 3726 Dominus:
725 3693 742 3724 ι
775 3674 831 3727 Si
861 3675 981 3743 quis
1006 3675 1148 3730 enim
1179 3677 1474 3731 comederit
1498 3693 1655 3732 uvam
1678 3694 1832 3734 acer-

241 3763 398 3826 bam,
442 3764 584 3832 quod
625 3765 889 3834 signiﬁcat
919 3766 1282 3836 iniquitatem,
1313 3770 1602 3838 stupebunt
1643 3771 1830 3827 dentes

240 3852 386 3922 ejus,
423 3863 482 3906 ut
518 3868 621 3907 non
653 3855 787 3909 bene
819 3854 1219 3924 Scripturarum
1245 3866 1555 3913 sanctarum
1581 3861 1828 3916 testimo-

242 3944 359 4003 niis
389 3943 659 4008 abutatur,
692 3947 980 4001 comedens
1013 3963 1132 4003 eam
1163 3948 1506 4004 immaturam
1536 3958 1589 4005 et
1627 3951 1830 4021 absque

241 4032 562 4090 dulcedine.

331 4137 350 4168 ι
386 4119 498 4189 Ego
523 4135 733 4189 quoque
759 4123 1006 4192 prohibui
1033 4141 1063 4179 a
1092 4128 1243 4182 vobis
1290 4128 1536 4195 imbrem,
1570 4145 1692 4185 eum
1735 4132 1830 4185 ad-

242 4214 360 4268 huc
389 4219 498 4265 tres
524 4227 736 4267 menses
776 4225 1118 4283 superessent
1163 4233 1332 4287 usque
1380 4219 1446 4273 ad
1494 4235 1742 4283 messem,
1775 4230 1831 4276 et

240 4303 359 4374 plui
390 4317 549 4370 super
587 4303 861 4359 civitatem
899 4321 1059 4360 unam
1082 4348 1098 4373 ,
1132 4317 1186 4362 et
1218 4323 1378 4377 super
1403 4310 1674 4364 civitatem
1701 4311 1829 4366 alte-

242 4413 367 4453 ram
400 4413 505 4451 non
536 4397 666 4466 plui.
723 4398 856 4453 Pars
915 4415 1020 4454 una
1052 4401 1320 4471 compluta
1349 4412 1450 4468 est,
1491 4412 1546 4458 et
1585 4419 1708 4474 pars
1741 4420 1830 4458 su-

240 4504 346 4560 pra
384 4503 544 4557 quam
591 4503 693 4541 non
725 4488 851 4565 plui,
892 4490 1054 4544 aruit.
1100 4491 1168 4546 Et
1195 4501 1458 4547 venerunt
1487 4495 1604 4550 duae
1631 4503 1686 4548 et
1717 4503 1828 4550 tres

240 4579 495 4634 civitates
529 4579 595 4632 ad
637 4579 911 4633 civitatem
948 4595 1106 4633 unam
1149 4589 1206 4634 ut
1232 4581 1479 4636 biberent
1516 4598 1732 4652 aquam,
1773 4592 1828 4638 et

241 4685 357 4725 non
388 4677 511 4722 sunt
535 4670 761 4735 satiatae,
801 4679 856 4724 et
887 4686 990 4724 non
1016 4672 1228 4727 redistis
1261 4673 1327 4726 ad
1358 4690 1463 4738 me,
1494 4675 1623 4730 dicit
1647 4676 1824 4732 Domi-

241 4774 373 4815 nus.
406 4778 423 4809 ι
459 4756 711 4812 Prohibet
735 4776 948 4829 quoque
972 4761 1228 4817 Dominus
1253 4779 1282 4816 a
1309 4761 1509 4819 Judazis
1531 4774 1587 4820 et
1621 4768 1688 4820 ab
1714 4767 1824 4822 ha:-

241 4847 434 4903 reticis
463 4847 672 4917 pluvias
715 4851 1038 4918 spirituales,
1069 4861 1124 4906 et
1162 4868 1378 4907 omnem
1423 4871 1600 4910 rorem
1631 4857 1826 4913 divina:

239 4940 512 5003 scientiae,
557 4948 611 4993 et
660 4940 1018 5011 cognitionem
1075 4951 1274 4998 sancta:
1331 4943 1632 5000 Trinitatis.
1684 4947 1826 5002 Pluit

242 5040 428 5084 autem
448 5029 703 5084 Dominus
728 5045 892 5099 super
905 5032 1175 5087 civitatem
1191 5049 1351 5087 unam
1376 5050 1514 5090 vera:
1530 5037 1824 5092 confessio-

243 5125 332 5179 nis
361 5123 680 5187 Ecclesiam,
726 5134 780 5178 et
823 5139 987 5194 super
1023 5125 1246 5180 alteram
1277 5143 1380 5181 non
1411 5128 1563 5197 pluit,
1597 5146 1715 5198 quae
1741 5138 1823 5185 est

245 5217 299 5270 iu
348 5215 723 5269 haereticorum
752 5215 1140 5271 conciliabulis.
1187 5217 1314 5272 Dum
1357 5226 1412 5273 et
1443 5227 1552 5273 tres
1575 5220 1822 5278 civitates

242 5309 312 5362 ad
357 5322 517 5361 unam
545 5316 771 5376 pergunt
791 5307 1090 5372 civitatem,
1122 5308 1172 5362 in
1195 5324 1300 5378 qua
1325 5325 1478 5379 aquze
1501 5319 1625 5364 sunt
1653 5311 1822 5364 abun-

243 5403 440 5456 danter
469 5400 604 5468 spei,
638 5400 756 5454 ﬁdei
782 5408 836 5453 et
861 5400 1143 5456 charitatis
1170 5418 1182 5453 :
1214 5401 1306 5454 sed
1337 5402 1456 5455 ideo
1486 5417 1588 5455 non
1620 5403 1821 5456 satian-

245 5504 358 5556 tur,
408 5493 531 5561 quia
587 5492 654 5547 ad
710 5492 944 5545 divinam
1000 5492 1226 5562 gratiam
1286 5493 1663 5562 requirendam
1713 5511 1817 5549 non

244 5585 542 5647 voluntate,
574 5583 666 5638 sed
703 5585 1026 5637 necessitate
1050 5585 1288 5646 veniunt.

330 5695 348 5726 ι
383 5675 627 5730 Percussi
659 5691 752 5729 vos
789 5675 842 5728 in
893 5684 1052 5730 vento
1097 5687 1306 5742 urente,
1354 5684 1409 5730 et
1457 5677 1510 5731 in
1560 5677 1820 5749 aurugine

247 5768 642 5823 multitudinem
675 5767 953 5821 hortorum
989 5777 1291 5823 vestrorum
1324 5776 1379 5823 et
1420 5769 1698 5824 vinearum
1725 5784 1816 5826 ve-

246 5870 499 5922 strarum.
550 5859 756 5924 Oliveta
807 5867 982 5916 vestra
1040 5869 1090 5916 ct
1141 5861 1295 5918 ﬁccta
1346 5869 1520 5917 vestra
1578 5861 1821 5916 comedet

1945 675 2072 728 bent
2102 676 2337 729 haeretici
2368 677 2554 732 hortos
2578 687 2632 732 et
2661 681 2868 744 vineas,
2911 680 2993 734 vel
3029 679 3222 734 oliveta
3258 696 3350 735 seu
3389 680 3515 736 ﬁce-

1946 773 2029 828 ta,
2063 766 2163 819 hoc
2199 765 2484 820 est'falsas
2527 767 2772 831 virtutes,
2819 784 2954 837 quas
3003 779 3177 823 tamen
3221 783 3380 822 eruca
3431 766 3519 824 vel

1945 867 2152 912 caetera:
2175 866 2356 928 pestes
2381 857 2580 912 diaboli
2622 859 2827 928 absque
2863 859 3024 915 dubio
3053 861 3316 915 abrodunt
3354 870 3516 931 atque

1945 958 2290 1004 consumunt.

2019 1061 2037 1092 ι
2078 1039 2190 1095 Nisi
2219 1041 2272 1094 in
2301 1055 2396 1095 vos
2419 1049 2647 1097 mortem
2679 1042 2731 1094 in
2761 1050 2903 1095 terra
2930 1040 3168 1112 Egypti,
3195 1044 3430 1112 percussi
3460 1043 3513 1098 in

1945 1131 2118 1201 gladio
2139 1132 2363 1201 juvenes
2389 1139 2617 1196 vestros,
2648 1146 2818 1201 usque
2854 1131 2918 1186 ad
2957 1132 3317 1201 captivitttem
3349 1149 3515 1203 equo-

1944 1241 2064 1280 rum
2095 1235 2421 1292 vestrorum,
2465 1235 2519 1282 et
2559 1227 2849 1282 ascendere
2889 1225 2989 1281 feci
3039 1229 3376 1296 putredinem
3423 1246 3514 1285 ca-

1944 1325 2178 1371 strorum
2206 1325 2512 1372 vestrorum
2547 1317 2601 1371 in
2632 1332 2792 1371 nares
2838 1324 3064 1379 vestras,
3119 1325 3172 1371 et
3218 1334 3324 1372 non
3366 1320 3512 1374 redi-

1945 1409 2044 1464 stis
2071 1408 2136 1462 ad
2185 1423 2293 1473 me,
2329 1409 2460 1463 dicit
2509 1409 2783 1462 Dominus.
2829 1426 2846 1458 ο
2878 1405 3039 1460 Mittit
3085 1421 3212 1476 ergo
3256 1407 3513 1463 Dominus

1945 1507 2170 1553 mortem
2216 1499 2269 1552 in
2319 1497 2485 1552 Iacob
2532 1506 2589 1551 ut
2616 1494 3002 1552 mortiﬁcemus
3042 1496 3282 1550 membra
3330 1506 3516 1551 nostra

1944 1607 2105 1660 super
2135 1599 2354 1645 terram.
2396 1591 2573 1660 Equos
2616 1604 2829 1660 quoque
2875 1589 3096 1643 tradidit
3131 1589 3185 1643 itt
3229 1589 3510 1658 captivita-

1945 1693 2072 1750 tem,
2106 1699 2173 1738 ne
2214 1684 2266 1737 in
2297 1683 2590 1753 prtecipitia
2635 1681 2886 1736 labantur
2912 1679 3131 1744 inferni,
3161 1689 3222 1734 ut
3251 1695 3344 1735 sua
3382 1695 3513 1751 pec-

1941 1781 2059 1829 cata
2087 1780 2431 1845 cognoscant,
2465 1784 2520 1828 et
2556 1781 2744 1842 putere
2797 1771 3034 1826 sentiant
3079 1781 3239 1840 atque
3285 1785 3516 1842 peccare

1944 1869 2220 1923 desistant.

2017 1979 2036 2011 ‹
2071 1959 2324 2013 Subverti
2351 1973 2444 2012 vos
2471 1959 2610 2012 sicut
2647 1956 2907 2012 subvertit
2933 1956 3191 2011 Dominus
3219 1954 3516 2010 Sodomam

1941 2049 2394 2114 etGomorrham,
2421 2057 2475 2102 et
2515 2047 2639 2100 facti
2666 2047 2798 2102 estis
2838 2045 2990 2121 quasi
3035 2045 3196 2100 torris
3233 2053 3416 2115 raptus
3446 2045 3513 2099 de

1941 2140 2206 2204 incendio,
2234 2148 2286 2192 et
2318 2153 2422 2192 non
2467 2137 2684 2192 redistis
2721 2136 2788 2190 ad
2827 2150 2936 2200 me,
2990 2133 3121 2189 dicit
3167 2133 3443 2187 Dominus.
3485 2155 3502 2186 ι

1938 2233 2104 2303 Igitur
2127 2232 2290 2286 Israel
2333 2239 2387 2286 et
2435 2232 2614 2285 cuncti
2666 2229 2928 2294 ha:retici,
2980 2228 3072 2298 qui
3115 2228 3318 2284 habent
3345 2241 3510 2297 opera

1941 2325 2186 2380 Sodoma:
2209 2333 2266 2378 et
2288 2322 2622 2384 Gomorrhaa,
2649 2322 3052 2382 subvertuntur,
3085 2327 3138 2374 et
3163 2319 3317 2388 quasi
3349 2318 3511 2372 torris

1939 2423 2124 2486 raptus
2147 2415 2211 2469 de
2237 2412 2486 2468 incendio
2511 2411 2811 2465 liberantur
2836 2426 2931 2480 per
2954 2410 3180 2478 gratiam
3214 2408 3329 2463 Dei.

2011 2527 2029 2559 ι
2075 2506 2411 2575 Quapropter
2442 2505 2554 2558 haec
2594 2503 2787 2557 faciam
2836 2502 2950 2564 tibi,
2989 2499 3174 2555 Israel.
3218 2499 3509 2570 Postquam

1936 2610 2115 2656 autem
2141 2601 2255 2654 haec
2284 2597 2462 2652 fecero
2505 2597 2622 2659 tibi,
2653 2611 2957 2666 praeparare
2997 2595 3048 2648 in
3079 2609 3361 2649 occursum
3405 2593 3510 2649 Do-

1935 2692 2064 2747 mini
2094 2691 2187 2745 Dei
2218 2690 2290 2745 tui
2316 2689 2504 2754 Israel,
2553 2690 2678 2760 quia
2719 2702 2844 2743 ecce
2879 2702 2978 2758 ego
3007 2685 3250 2742 formans
3275 2696 3507 2750 montes,

1935 2793 1987 2840 et
2014 2799 2206 2838 creans
2235 2791 2471 2844 ventum,
2522 2791 2575 2835 et
2619 2781 2944 2834 annuntians
2983 2777 3185 2832 homini
3239 2777 3508 2846 eloquium

1935 2889 2112 2938 suum,
2140 2873 2338 2927 faciens
2360 2873 2676 2929 matutiuam
2699 2870 2969 2934 nebulam,
2996 2879 3049 2922 et
3070 2869 3322 2939 gradiens
3346 2882 3510 2937 super

1934 2965 2144 3022 excelsa
2177 2973 2352 3030 terrae,
2403 2963 2662 3017 Dominus
2706 2962 3040 3016 exercituum
3088 2974 3281 3014 nomen
3309 2957 3446 3030 ejus.
3483 2977 3502 3009 ι

1934 3056 2225 3124 Postquam
2254 3064 2431 3109 autem
2473 3054 2590 3124 (ait)
2622 3053 2800 3108 fecero
2836 3053 2932 3106 tibi
2977 3065 3095 3120 quae
3122 3066 3206 3105 me
3239 3049 3508 3104 facturum

1935 3162 2054 3203 esse
2079 3154 2371 3209 contestor,
2407 3158 2712 3214 prmparare
2739 3143 2806 3196 ad
2835 3141 3188 3196 invocandum
3224 3141 3507 3193 Dominum

1938 3242 2107 3296 Deum
2147 3249 2314 3303 tuum,
2365 3252 2458 3292 seu
2512 3249 2821 3306 praeparare
2867 3233 2922 3287 in
2968 3246 3250 3286 occursum
3284 3230 3376 3282 Dei
3407 3231 3505 3283 tui.

1857 3292 1902 3356 Ο
1936 3323 2193 3402 Spiritum
2223 3292 2349 3384 vero
2376 3292 2532 3398 quem
2564 3292 2665 3380 hoc
2695 3325 2747 3378 in
2773 3323 2891 3377 loco
2913 3321 3066 3386 dicit,
3110 3335 3213 3374 non
3246 3317 3507 3390 Spiritum

1933 3434 2200 3488 sanctum,
2233 3431 2292 3476 ut
2318 3421 2554 3477 hmretici
2590 3421 2950 3490 suspicantur,
2985 3417 3078 3473 sed
3107 3427 3322 3472 ventum
3356 3415 3511 3469 intel-

1932 3518 2146 3588 ligimus
2174 3531 2269 3570 seu
2316 3514 2563 3584 spiritum
2619 3511 2871 3566 hominis.
2925 3509 3213 3578 Postquam
3261 3506 3510 3560 Christus

1932 3605 2094 3661 fuerit
2134 3604 2430 3667 nuntiatus,
2470 3611 2598 3657 tunc
2638 3602 2794 3656 nobis
2838 3600 3018 3654 lumen
3049 3597 3293 3652 veritatis
3331 3596 3508 3666 aperi-

1932 3706 2037 3761 tur,
2071 3711 2174 3750 non
2217 3703 2394 3749 tamen
2439 3693 2505 3747 ad
2537 3691 2856 3764 perfectum,
2903 3691 3026 3760 quia
3073 3705 3215 3744 nunc
3255 3704 3320 3743 ex
3353 3698 3508 3758 parte

1930 3788 2192 3852 videmus,
2223 3797 2276 3840 et
2301 3801 2366 3841 ex
2393 3793 2544 3854 parte
2568 3783 2960 3854 cognoscimus.
3000 3780 3205 3836 Montes
3231 3794 3358 3833 vero
3391 3780 3508 3834 sive

1930 3879 2142 3935 excelsa
2186 3885 2344 3931 terra:
2374 3874 2644 3946 apostolos
2673 3873 2822 3935 dicit,
2873 3870 2952 3925 vel
2995 3885 3182 3926 omnes
3220 3871 3365 3923 viros
3394 3870 3506 3938 spi-

1930 3967 2174 4031 rituales,
2213 3965 2312 4019 sub
2355 3965 2554 4034 quibus
2583 3963 2841 4017 Dominus
2880 3960 3138 4030 graditur.
3187 3959 3507 4012 Matutinam

1930 4074 2060 4112 vero
2086 4055 2360 4117 nebulam,
2400 4063 2492 4106 aut
2540 4051 2966 4106 incarnationem
3020 4062 3172 4102 suam
3221 4046 3370 4110 dicit,
3414 4055 3508 4100 aut

1927 4155 2075 4202 certe
2106 4144 2479 4211 Evangelicam
2501 4139 2954 4212 praedicationem,
2981 4151 3100 4206 qua:
3113 4136 3179 4191 ab
3201 4134 3512 4194 inﬁdelibus

1929 4237 2054 4291 dum
2085 4249 2190 4288 non
2230 4233 2483 4297 creditur,
2526 4231 2745 4286 minime
2767 4229 2991 4284 videtur.

2550 4384 2774 4441 CAPUT
2816 4383 2878 4436 V.

2003 4520 2019 4552 ι
2057 4497 2248 4553 Audite
2279 4498 2500 4552 verbum
2528 4495 2690 4560 istud,
2739 4495 2884 4563 quod
2921 4507 3020 4564 ego
3059 4492 3175 4548 levo
3217 4507 3379 4562 super
3407 4507 3505 4550 vos

1853 4640 1904 4701 υ
1929 4592 2199 4662 planctum
2225 4608 2238 4644 :
2283 4591 2472 4644 domus
2502 4587 2665 4643 Israel
2686 4586 2911 4650 cecidit,
2945 4601 3049 4640 non
3091 4583 3307 4654 adjiciet
3333 4592 3391 4638 ut
3420 4599 3508 4639 rc-

2095 4693 2108 4701 .
2165 4682 2320 4701 ιτιη-
2373 4679 2533 4701 .___-.
2583 4677 2812 4701 “4--.-
2865 4687 2937 4701 --.
2990 4677 3040 4701 ε..
3086 4685 3284 4701 .-___...
3325 4690 3474 4701 -....._

1929 4693 2131 4755 surgat.
2165 4682 2328 4752 Virgo
2372 4679 2536 4736 Israel
2582 4677 2818 4750 proiecta
2861 4687 2942 4732 est
2990 4677 3042 4731 in
3086 4685 3286 4732 terram
3325 4690 3501 4742 suam,

1928 4793 2033 4831 non
2090 4784 2173 4830 est
2241 4773 2333 4844 qui
2393 4772 2618 4827 suscitet
2669 4784 2808 4824 eam.
2872 4789 2890 4820 »
2951 4767 3219 4834 Quantum
3279 4767 3347 4820 ad
3408 4781 3507 4820 or-.

1928 4867 2107 4922 dinem
2149 4864 2342 4918 litterae
2387 4861 2641 4932 pertinet,
2670 4860 2854 4914 decem
2907 4857 3078 4912 tribus
3113 4872 3233 4926 qua:
3260 4855 3501 4926 appella-

1926 4956 2126 5010 bantur
2152 4953 2340 5016 Israel,
2373 4952 2548 5006 ductte
2570 4951 2621 5004 in
2648 4949 3036 5018 captivitatem,
3069 4962 3408 5018 nequaquam
3432 4946 3503 5002 ad

1928 5057 2128 5101 terram
2157 5059 2308 5099 suam
2339 5050 2522 5113 postea
2569 5050 2696 5096 sunt
2733 5054 2980 5095 reversae.
3022 5039 3347 5111 Figuraliter
3377 5053 3505 5092 vero

1928 5143 2036 5188 tam
2066 5135 2210 5204 ipsos
2244 5130 2478 5196 Iudaeos,
2508 5147 2669 5202 quam
2697 5131 2857 5186 etiam
2888 5130 3160 5200 quosdam
3191 5134 3502 5198 peccatores

1926 5225 2181 5280 Ecclesiae
2211 5223 2501 5294 redarguit,
2542 5223 2644 5300 qui
2671 5233 2791 5291 post
2838 5229 3200 5292 perpetratam
3239 5217 3502 5274 malitiam

1925 5318 1989 5372 ad
2017 5315 2388 5387 ptenitentiam
2419 5313 2597 5369 redire
2621 5313 2828 5367 nolunt.

1997 5428 2016 5459 ‹
2060 5408 2194 5473 Quia
2219 5407 2333 5460 inec
2367 5405 2493 5460 dicit
2556 5404 2843 5459 Dominus:
2876 5403 3015 5458 Urbs
3035 5402 3100 5456 de
3127 5415 3233 5469 qua
3260 5398 3500 5470 egredie-

1925 5501 2122 5555 bantur
2146 5497 2309 5560 tnille,
2334 5495 2706 5565 relinquentur
2736 5496 2789 5548 in
2815 5509 2877 5548 ea
2917 5500 3131 5546 centum
3161 5504 3175 5544 :
3213 5503 3266 5546 et
3293 5489 3359 5545 de
3392 5505 3500 5560 qua

1923 5589 2340 5662 egrediebantur
2375 5596 2611 5650 centum,
2657 5585 3028 5652 relinquentur
3057 5582 3109 5636 in
3137 5596 3198 5636 ea
3224 5581 3410 5637 decem
3442 5581 3499 5636 in

1921 5681 2082 5736 domo
2127 5679 2312 5734 Israel.
2353 5697 2370 5729 ι
2420 5677 2532 5733 Hoc
2588 5687 2672 5734 est
2724 5677 2865 5746 quod
2906 5675 2976 5729 ait
3011 5672 3300 5729 Isaias:Si
3336 5673 3502 5732 fuerit

1924 5785 2180 5826 numerus
2209 5769 2442 5824 filiorum
2473 5768 2638 5823 Israel
2663 5767 2804 5823 sicut
2845 5780 3006 5822 saeua
3033 5765 3221 5831 maris,
3258 5763 3504 5832 reliquia:

1923 5868 2300 5919 convertentur
2324 5875 2390 5917 ex
2417 5859 2516 5916 eis.

2519 5941 2539 5962 Ν
