4022 6462
495 417 607 477 “In

962 420 1319 480 HAYMONIS
1355 423 1840 480 HALBERSTAT.
1878 423 2096 483 EPISC.
2133 424 2284 482 OPP.
2321 429 2504 488 PARS
2542 434 2581 488 ἰ.
2618 464 2689 476 -
2724 433 3081 492 COMMENT.
3120 435 3292 491 BIBL.

3671 437 3780 493 116

522 604 525 607 _
567 554 586 586 ι
623 533 762 602 Quia
798 534 913 590 haec
946 534 1078 592 dicit
1109 536 1373 592 Dominus
1401 537 1584 593 domui
1611 537 1809 593 lsrael:
1839 537 2075 605 Quaerite
2102 543 2149 601 Α
2178 541 2297 596 stis.
2324 542 2482 600 Odite
2523 548 2747 615 malum,
2780 560 2837 605 et
2872 549 3079 621 diligite
3105 550 3330 614 bonum,
3366 556 3423 605 et
3454 552 3780 610 constituite

493 638 602 690 me,
634 632 692 679 et
717 625 931 689 vivetis,
954 634 1009 680 et
1037 626 1206 682 nolite
1245 642 1493 698 quaerere
1533 628 1741 691 Bethel,
1776 638 1831 683 et
1860 629 1913 684 in
1948 628 2079 685 Gal-

493 714 611 791 gala
644 714 812 770 nolite
856 715 1085 780 intrare,
1114 726 1171 771 et
1218 717 1273 771 in
1312 718 1583 773 Bersabee
1610 734 1719 773 non
1757 720 2078 785 transibitis,

492 806 617 875 quia
646 807 864 876 Galgala
887 808 1100 879 captiva
1126 810 1374 876 ducetur,
1402 810 1659 866 etBetbel
1680 811 1886 867 inutilis
1906 813 2074 866 erit.»

492 897 671 953 Nolite
705 915 950 968 quaerere
981 900 1201 973 (inquit)
1249 901 1460 967 Bethel,
1509 903 1564 957 in
1595 919 1700 972 qua
1731 914 1848 959 erat
1877 903 2079 960 vitulus

494 1005 714 1056 aureus,
746 1000 802 1045 et
843 991 896 1046 in
946 991 1167 1065 Galgala
1215 994 1533 1051 idololatriae
1561 996 1741 1051 dedita
1786 996 1953 1051 nolite
2000 998 2080 1051 in-

493 1092 664 1147 trare,
690 1091 745 1137 et
789 1082 845 1137 in
877 1083 1166 1151 Bersabee,
1192 1087 1295 1142 hoc
1322 1095 1404 1141 est
1434 1090 1501 1142 ad
1529 1098 1749 1157 puteum
1781 1084 2077 1155 juramenti

491 1188 603 1228 non
633 1174 941 1230 transibitis
971 1193 983 1226 :
1030 1177 1120 1232 ubi
1151 1176 1197 1231 si
1225 1178 1442 1246 quando
1468 1178 1683 1233 errabat
1715 1178 1887 1234 tribus
1915 1177 2077 1245 Iuda,

491 1265 639 1321 idola
667 1267 896 1323 adorare
927 1276 1303 1325 consueverat.

566 1376 585 1408 ι
619 1358 854 1425 Quazrite
892 1361 1198 1425 Dominum,
1230 1370 1286 1416 et
1318 1361 1503 1427 vivite,
1537 1378 1606 1417 ne
1632 1361 1771 1418 forte
1792 1364 2080 1419 combura-

492 1460 581 1507 tur
611 1461 671 1507 ut
696 1454 837 1524 ignis
861 1456 1053 1527 domus
1100 1454 1328 1526 Ioseph,
1378 1466 1433 1511 et
1463 1457 1831 1523 dcvorabitur,
1862 1466 1919 1512 et
1969 1474 2079 1513 non

489 1541 596 1596 erit
620 1544 711 1612 qui
736 1544 1062 1616 exstinguat.
1092 1543 1304 1611 Bethel,
1333 1545 1425 1614 qui
1455 1546 1774 1601 convertitis
1804 1547 1859 1606 in
1882 1547 2080 1617 absyn-

491 1635 665 1689 thium
687 1635 976 1704 judicium,
1007 1648 1062 1693 et
1101 1636 1373 1706 justitiam
1420 1638 1474 1692 in
1508 1646 1655 1692 terra
1685 1637 2015 1708 relinquitis.
2053 1659 2073 1692 ι

489 1725 597 1781 lste
635 1736 721 1782 est
751 1728 911 1798 ignis,
958 1728 1050 1798 qui
1096 1729 1443 1784 succenditur
1486 1745 1593 1784 non
1642 1730 1711 1783 ab
1739 1730 1846 1784 alio
1874 1730 2076 1801 aliquo,

490 1817 584 1872 sed
618 1818 687 1874 ab
723 1819 855 1888 ipsis
880 1820 1279 1888 peccatoribus,
1318 1818 1387 1876 dc
1409 1835 1519 1889 quo
1551 1819 1681 1875 alibi
1713 1820 1975 1874 Dominus
2003 1819 2080 1874 di-

2181 632 2235 687 in
2261 644 2415 705 porta
2438 635 2724 705 judicium,
2756 640 2800 696 si
2829 639 2969 695 forte
2998 641 3323 697 misereatur
3344 641 3607 697 Dominus
3629 640 3779 698 Deus

2179 726 2516 781 exercituum
2556 729 2801 800 reliquiis
2828 729 3051 800 Ioseph.
3087 748 3106 782 ι
3156 729 3213 786 Si
3264 731 3410 786 enim
3441 732 3779 801 quaesieritis

2181 813 2399 877 bonum,
2448 818 2632 872 statim
2696 820 2956 891 repellitis
3001 820 3226 875 malum.
3256 819 3464 875 Bonum
3494 837 3629 876 vero
3658 822 3780 893 ipse

2182 905 2440 963 Dominus
2469 918 2570 963 est.
2602 908 2872 965 Iudicium
2898 925 3029 966 vero
3058 911 3109 965 in
3132 919 3290 981 porta
3320 911 3659 966 constituere
3690 924 3778 968 est

2179 994 2464 1066 iniquitate
2491 998 2704 1068 repulsa
2740 1001 3031 1055 veritatem
3080 1000 3341 1071 recipere.
3388 999 3486 1056 Vel
3523 1009 3677 1056 certe
3720 1001 3778 1057 in

2178 1090 2351 1158 portis
2370 1089 2633 1160 judicium
2657 1094 2986 1147 constituere
3009 1100 3091 1147 est
3113 1092 3375 1163 praesules
3405 1091 3777 1147 ecclesiarum

2180 1181 2321 1236 intra
2349 1192 2595 1239 sanctam
2629 1185 2958 1252 Ecclesiam,
2984 1202 3106 1256 qure
3147 1194 3230 1240 est
3262 1194 3417 1255 porta
3462 1185 3618 1256 regni
3665 1198 3781 1239 cte-

2181 1274 2377 1341 lorum,
2396 1291 2524 1331 vera
2551 1277 2878 1334 discretione
2891 1279 3016 1332 boni
3042 1294 3108 1334 ac
3121 1278 3246 1333 mali
3274 1277 3527 1349 populum
3550 1277 3775 1333 docere.

2256 1386 2273 1417 ι
2309 1366 2598 1438 Propterea
2625 1370 2744 1425 hzec
2772 1370 2904 1426 dicit
2940 1370 3201 1425 Dominus
3244 1369 3390 1424 Deus
3432 1368 3780 1424 exercituum

2179 1457 2487 1514 dominator
2513 1478 2525 1513 :
2551 1460 2607 1513 In
2635 1462 2890 1516 omnibus
2918 1461 3114 1531 plateis
3158 1460 3427 1531 planctus,
3462 1468 3519 1515 et
3564 1460 3621 1514 in
3649 1474 3780 1514 cun-

2180 1548 2284 1603 ctis
2309 1565 2429 1618 qua;
2461 1549 2593 1605 foris
2638 1559 2783 1614 sunt,
2819 1551 3055 1616 dicetur,
3085 1550 3199 1616 ναι,
3245 1567 3362 1606 vze:
3408 1559 3464 1606 et
3504 1550 3783 1605 vocabunt

2180 1639 2473 1709 agricolam
2506 1640 2573 1695 ad
2615 1640 2843 1706 luctum,
2878 1652 2932 1697 et
2962 1641 3029 1695 ad
3055 1641 3328 1712 planctum
3357 1655 3451 1695 eos
3480 1639 3571 1708 qui
3598 1639 3782 1694 sciunt

2181 1732 2451 1803 plangere.
2486 1742 2541 1788 et
2598 1734 2655 1789 in
2710 1734 2962 1790 omnibus
3003 1734 3109 1788 viis
3163 1734 3269 1788 erit
3318 1732 3589 1802 planctus,
3648 1731 3783 1801 quia

2180 1823 2519 1891 pertransibo
2555 1824 2608 1878 in
2640 1824 2815 1878 medio
2845 1823 2943 1888 tui,
2967 1823 3101 1879 dicit
3127 1822 3405 1878 Dominus.
3444 1842 3464 1875 ι
3498 1822 3782 1877 Vastatio-

490 1909 564 1964 cit
594 1927 608 1964 :
644 1928 663 1961 ι
697 1911 982 1966 Ambulate
1010 1912 1064 1965 in
1085 1911 1288 1967 lumine
1317 1913 1456 1984 ignis
1480 1912 1665 1979 vestri,
1693 1921 1749 1967 et
1782 1913 1836 1967 in
1864 1911 2083 1968 flamina
2115 1896 2160 1956 Β
2189 1928 2311 1967 nem
2341 1912 2647 1968 Iudaaorum
2679 1928 2784 1969 non
2817 1913 2993 1968 solum
3030 1914 3084 1968 in
3113 1914 3541 1968 habitationibus
3564 1928 3779 1978 eorum,

489 2016 653 2071 quam
685 2004 1061 2059 succendistis.
1107 2024 1126 2056 ι

566 2114 582 2143 ι
630 2094 942 2150 Facientem
971 2095 1261 2150 Arcturum
1289 2104 1343 2150 et
1372 2094 1652 2161 Orionem,
1682 2106 1738 2150 et
1762 2103 2084 2151 converten-

492 2197 598 2242 tem
630 2187 685 2241 in
720 2202 880 2242 mane
915 2188 1187 2253 tenebras,
1236 2196 1292 2244 et
1333 2190 1476 2243 diem
1517 2189 1570 2243 in
1604 2199 1815 2243 noctem
1863 2198 2080 2244 mutan-

494 2288 626 2344 tem,
669 2281 760 2349 qui
794 2288 946 2335 vocat
981 2289 1151 2350 atjuas
1182 2264 1371 2346 maris,
1421 2290 1477 2337 et
1513 2279 1739 2336 effundit
1780 2296 1873 2337 cas
1917 2297 2083 2352 super

488 2371 687 2426 faciem
729 2384 908 2438 terrae,
951 2373 1210 2428 Dominus
1261 2389 1458 2429 nomen
1507 2382 1594 2430 est
1640 2375 1777 2444 ejus.
1818 2393 1837 2426 ι
1870 2374 2078 2430 Secun-

490 2463 620 2521 dum
658 2463 898 2519 historia:
938 2463 1223 2517 veritatem
1255 2462 1552 2528 Dominus,
1585 2463 1678 2532 qui
1723 2462 1949 2518 Creator
1995 2472 2080 2518 est

489 2552 759 2617 omnium,
809 2553 1185 2608 comminatur
1217 2553 1590 2623 captivitatem
1637 2552 1874 2608 futuram
1914 2568 2082 2623 super

490 2641 821 2707 Samariam,
854 2652 910 2697 et
934 2643 1403 2714 depopulationem
1433 2660 1596 2715 super
1638 2654 1831 2715 potens
1854 2660 2079 2714 regnum

493 2733 670 2790 affert.
699 2734 993 2788 Arcturum
1026 2749 1157 2788 vero
1185 2742 1241 2789 et
1277 2732 1555 2797 Orionem,
1588 2734 1884 2788 Ecclesiam
1918 2733 2077 2788 intel-

488 2824 618 2894 ligc,
644 2824 758 2879 sive
783 2838 974 2879 omnes
1003 2832 1243 2879 sanctos.
1266 2822 1326 2877 In
1355 2838 1515 2877 mane
1543 2823 1800 2878 Dominus
1827 2824 2079 2880 tenebras

491 2916 785 2981 convertit,
842 2931 964 2970 eum
1020 2915 1279 2986 populum
1324 2914 1564 2983 gentium
1623 2914 1690 2969 de
1742 2913 2077 2970 infidelitatis

487 3022 676 3064 errore
702 3008 770 3062 ad
800 3007 924 3062 ﬁdei
949 3006 1126 3062 lucem
1160 3006 1429 3077 perduxit.
1459 3005 1611 3060 Diem
1637 3020 1852 3075 quoque
1882 3008 1936 3060 in
1980 3020 2079 3060 no-

489 3108 630 3154 ctem
675 3099 925 3165 mutavit,
954 3098 1079 3167 quia
1118 3096 1378 3168 populum
1404 3095 1713 3151 Iudaeorum
1759 3096 1827 3151 de
1854 3096 2075 3168 propria

480 3191 693 3262 justitia
729 3200 1172 3261 praesumentem,
1217 3189 1271 3244 in
1304 3189 1545 3246 caecitate
1582 3189 1762 3245 cordis
1807 3190 1892 3244 sui
1923 3190 2075 3246 derc-

489 3283 668 3354 liquit.

568 3391 587 3423 ι
625 3373 729 3439 Qui
766 3372 1011 3428 subridet
1041 3372 1352 3426 vastitatem
1380 3388 1543 3442 super
1570 3371 1874 3437 robustum,
1901 3376 1958 3424 et
1982 3368 2080 3424 de-

486 3463 890 3534 populationem
927 3478 1092 3532 super
1121 3470 1394 3531 potentem
1423 3461 1599 3517 affert.
1636 3481 1654 3513 ›
1688 3460 2079 3516 Subridentem

492 3557 683 3622 Deum,
734 3556 1061 3610 irascentem
1116 3554 1404 3623 significat,
1450 3554 1577 3625 quia
1618 3562 1674 3609 et
1712 3567 1811 3608 nos
1861 3551 2080 3624 quando

487 3646 797 3711 irascimur,
830 3644 1103 3700 interdum
1141 3643 1507 3700 subridemus.

566 3761 585 3794 ι
618 3741 753 3797 Odio
783 3741 1092 3795 habuerunt
1134 3738 1189 3792 in
1246 3747 1402 3808 porta
1440 3737 1849 3807 corripientem,
1895 3744 1950 3790 et
1995 3735 2078 3790 lo-

489 3840 746 3904 quentem
792 3829 1031 3901 perfecte
1057 3830 1355 3885 abominati
1385 3838 1530 3884 sunt.
1559 3849 1577 3880 ι
1615 3829 1747 3894 Qua:
1774 3837 1859 3884 est
1898 3837 2077 3898 porta,

490 3925 557 3982 in
584 3940 690 3995 qua
731 3924 993 3994 propheta
1021 3922 1300 3992 redarguit
1341 3921 1742 3991 delinquentes,
1774 3918 1877 3974 nisi
1910 3919 2081 3989 janua

486 4016 767 4072 vitiorum.
800 4014 904 4073 Aut
951 4022 1101 4069 certe
1132 4014 1250 4084 ipse
1285 4013 1549 4084 propheta
1591 4019 1698 4067 stat
1726 4010 1779 4064 in
1812 4019 1990 4079 porta,
2022 4010 2079 4064 in

488 4112 772 4182 initiisque
829 4112 1128 4176 virtutum,
1178 4117 1235 4166 et
1282 4110 1408 4166 odio
1450 4108 1681 4164 habetur
1709 4108 1779 4163 ab
1824 4107 1911 4161 his
1940 4121 2079 4179 quos

486 4202 731 4270 corripit.
762 4199 863 4267 Qui
890 4201 1035 4257 enim
1066 4214 1173 4254 non
1201 4198 1397 4267 recipit
1420 4198 1763 4268 prophetam,
1793 4209 1902 4249 non
1938 4195 2079 4251 reci-

484 4291 567 4362 pit
589 4291 681 4360 qui
715 4290 865 4343 misit
890 4289 1061 4343 illum.
1090 4288 1423 4357 Loquentem
1458 4302 1586 4342 vero
1624 4284 1883 4356 perfecte,
1919 4284 2079 4341 Chri-

486 4392 630 4438 stum
659 4381 944 4437 Dominum
971 4380 1142 4451 accipi
1171 4394 1277 4433 non
1308 4379 1528 4433 dubium
1559 4388 1663 4433 est.

416 4460 421 4465 ”
498 4510 499 4513 η
565 4494 585 4527 ι
614 4473 936 4542 idcircopro
960 4471 1181 4541 eoquod
1205 4470 1841 4541 diripiebatispauperem
1862 4480 1918 4527 et
1939 4488 2080 4543 prae-

487 4567 615 4621 dam
642 4565 873 4623 electam
918 4563 1191 4624 tollebatis
1220 4563 1290 4617 ab
1332 4576 1419 4627 eo,
1452 4561 1642 4617 domos
1663 4562 1873 4632 quadro
1898 4562 2075 4632 lapide

2188 2004 2282 2058 sed
2317 2012 2372 2058 et
2402 2004 2455 2058 in
2491 2004 2704 2060 cunctis
2731 2020 2851 2074 qum
2899 2002 3034 2061 foris
3066 2012 3226 2059 erant
3268 2013 3514 2070 ventura,
3545 2005 3785 2075 prophe-

2188 2096 2338 2151 tavit.
2369 2096 2470 2163 Qui
2494 2098 2639 2152 enim
2669 2098 2722 2152 in
2754 2096 2996 2153 Ecclesia
3023 2096 3247 2160 fuerint,
3279 2112 3386 2152 non
3413 2097 3639 2181 audient
3666 2110 3775 2163 ve,

2185 2188 2279 2242 sed
2309 2203 2589 2257 pmnarum
2614 2196 2698 2243 est
2728 2189 2999 2253 ultimum,
3032 2188 3128 2243 sed
3167 2188 3212 2243 si
3242 2187 3382 2243 forte
3407 2187 3783 2257 peccaverint,

2186 2287 2492 2333 assumetur
2535 2294 2700 2347 super
2734 2294 2829 2333 eos
2873 2278 3189 2332 Iamentum.
3239 2276 3525 2349 Agricolze,
3574 2284 3632 2331 et
3685 2277 3782 2346 qui

2186 2379 2385 2423 norunt
2430 2368 2705 2439 plangere,
2751 2368 3107 2424 ecclesiastici
3157 2370 3260 2423 viri
3311 2376 3457 2430 sunt,
3508 2367 3602 2436 qui
3652 2376 3785 2423 ante

2185 2468 2470 2514 venturum
2496 2458 2759 2530 judicium
2801 2468 3118 2530 peccatores
3160 2459 3228 2514 ad
3272 2459 3653 2531 paenitentiam
3680 2474 3782 2514 vo-

2186 2565 2283 2605 can
2292 2560 2328 2605 ι.

2263 2660 2282 2694 t
2326 2641 2414 2697 Vze
2453 2642 2891 2699 desiderantibus
2931 2645 3071 2698 diem
3103 2641 3335 2696 Domini.
3378 2639 3460 2695 Ad
3497 2639 3628 2709 quid
3657 2654 3785 2694 eam

2183 2734 2373 2790 vobis?
2403 2734 2527 2789 Dies
2558 2734 2769 2790 Domini
2800 2736 2925 2801 ista,
2959 2736 3196 2790 tenebrre
3212 2743 3265 2788 et
3290 2748 3396 2787 non
3418 2732 3531 2786 lux.
3559 2752 3578 2784 ›
3605 2730 3784 2785 Iudaei

2183 2834 2243 2893 ut
2289 2826 2551 2892 haeretici,
2604 2828 2719 2882 sive
2761 2827 3003 2898 plerique
3045 2827 3110 2881 de
3159 2825 3419 2889 Ecclesia,
3456 2823 3523 2878 de
3561 2822 3783 2892 justitia

2185 2918 2430 2982 fidentes,
2458 2918 2601 2972 diem
2642 2917 2880 2983 Domini,
2931 2919 3035 2973 hoc
3065 2926 3150 2972 est
3182 2916 3324 2970 diem
3364 2914 3576 2984 judicii,
3619 2913 3786 2983 quasi

2182 3011 2361 3067 securi
2411 3009 2735 3075 facinorum,
2782 3010 3095 3067 desiderare
3139 3010 3461 3081 profitentur
3506 3021 3671 3077 quem
3702 3005 3784 3061 ti-

2181 3116 2329 3157 mere
2357 3102 2672 3157 debuerant.
3238 3126 3241 3127 ν

2262 3212 2282 3246 ι
2320 3195 2599 3262 Quomodo
2628 3195 2671 3250 si
2700 3194 2872 3267 fugiat
2910 3195 3074 3250 homo
3101 3211 3132 3249 a
3163 3194 3304 3249 facie
3337 3192 3526 3256 leonis,
3574 3200 3636 3245 et
3684 3206 3796 3245 oc-

2108 3271 2155 3334 C
2186 3294 2372 3341 currat
2407 3285 2457 3340 ei
2484 3300 2663 3350 ursus,
2699 3293 2753 3341 et
2776 3285 3109 3356 ingrediatur
3141 3285 3382 3346 domum,
3427 3289 3483 3335 et
3507 3279 3791 3334 innitatur

2182 3389 2345 3429 manu
2374 3387 2471 3426 sua
2495 3387 2658 3441 super
2679 3373 2966 3442 parietem,
2992 3379 3047 3427 et
3069 3371 3318 3425 mordeat
3341 3384 3463 3423 eum
3494 3364 3739 3421 coluber.
3755 3382 3780 3416 ι

2181 3463 2307 3528 Leo,
2339 3462 2424 3518 vel
2452 3478 2633 3529 ursus,
2665 3478 2761 3518 seu
2792 3463 3035 3527 coluber,
3077 3461 3177 3516 hoc
3198 3460 3251 3514 in
3282 3459 3400 3514 loco
3426 3456 3671 3512 diabolus
3696 3455 3787 3510 in-

2184 3554 2501 3625 telligendus
2550 3564 2655 3609 est.
2719 3555 2919 3610 Domus
2980 3568 3197 3623 quoque
3255 3550 3547 3618 unicuique
3599 3547 3783 3602 delin-

2183 3647 2373 3718 quenti
2414 3646 2637 3718 propria
2675 3646 3010 3702 conscientia
3040 3653 3145 3713 est,
3192 3645 3249 3700 in
3292 3658 3399 3715 qua
3446 3642 3523 3697 illi
3552 3655 3663 3695 non
3691 3648 3785 3695 est

2180 3740 2339 3796 bene.

2257 3848 2276 3882 ι
2319 3828 2571 3900 Nunquid
2596 3846 2704 3885 non
2733 3831 2971 3885 tenebrae
2996 3831 3114 3886 dies
3142 3830 3386 3894 Domini,
3413 3835 3469 3886 et
3496 3842 3604 3883 non
3641 3825 3733 3880 lux
3756 3842 3775 3881 :

2130 3966 2141 3973 .
2178 3930 2238 3979 et
2260 3922 2459 3995 caligo,
2486 3932 2544 3980 et
2570 3939 2676 3980 non
2722 3923 2975 3994 splendor
3005 3925 3060 3980 in
3105 3924 3209 3979 ea?
3237 3922 3338 3978 Odi
3378 3931 3430 3977 et
3464 3919 3668 3992 projeci
3695 3916 3779 3974 fe-

2181 4015 2446 4069 stivitates
2498 4008 2734 4079 vestras,
2777 4022 2969 4068 etnon
3015 4015 3227 4084 capiam
3265 4014 3489 4068 odorem
3534 4021 3779 4067 coetuum

2180 4113 2483 4160 vestrorum
2511 4122 2523 4157 :
2549 4103 2691 4173 quod
2706 4103 2752 4157 si
2766 4103 2996 4159 obtuleri
3004 4104 3071 4159 tis
3092 4104 3226 4160 mihi
3243 4102 3705 4158 holocaustomata
3718 4109 3778 4156 et

2180 4210 2431 4261 munera,
2458 4209 2567 4248 non
2595 4193 2903 4264 suscipiam,
2928 4203 2983 4249 et
3008 4203 3132 4249 vota
3154 4194 3433 4265 pinguium
3466 4202 3776 4251 chtrorum

2178 4301 2287 4341 non
2336 4283 2646 4355 suscipiam.
2696 4282 2865 4339 Aufer
2915 4300 2944 4337 a
2990 4299 3079 4338 me
3120 4283 3413 4345 tumultum
3462 4281 3775 4337 carminum

2176 4391 2418 4444 tuorum,
2449 4386 2506 4434 et
2534 4379 2747 4434 cantica
2773 4378 2903 4450 lyrae
2929 4388 3036 4432 tuae
3076 4393 3185 4432 non
3214 4377 3453 4440 audiam,
3482 4385 3537 4430 et
3568 4373 3777 4430 revela-

2176 4471 2324 4529 bitur
2353 4469 2509 4539 quasi
2544 4485 2681 4538 aqua
2705 4466 2992 4537 judicium,
3024 4477 3080 4523 et
3110 4466 3322 4536 justitia
3364 4467 3520 4537 quasi
3556 4474 3775 4521 torrens

2179 4559 2355 4616 fortis.
2393 4580 2411 4611 ι
2448 4560 2522 4614 De
2547 4558 2852 4614 Iudaeorum
2883 4559 3117 4614 victimis
3159 4570 3214 4613 et
3261 4558 3642 4614 luereticorum
3683 4571 3776 4611 sa-

488 4656 827 4713 :ediilcabitis
847 4663 903 4711 et
933 4671 1036 4713 non
1064 4654 1376 4709 habitabilis
1396 4654 1449 4706 in
1470 4654 1580 4708 cis:
1604 4653 1793 4708 vineas
1818 4654 2083 4710 amantis-
2107 4637 2162 4703 Ι)
2187 4649 2428 4715 crificiis,
2459 4666 2579 4720 qua:
2607 4667 2638 4704 a
2666 4651 2775 4705 Deo
2803 4667 2910 4706 non
2941 4652 3330 4721 approbantur,
3356 4650 3505 4705 dicit.
3545 4648 3773 4703 Necnon

487 4747 657 4802 simas
696 4744 1026 4815 plantabitis,
1057 4752 1240 4799 etnon
1270 4743 1469 4799 bibetis
1492 4742 1678 4798 vinum
1702 4758 1910 4807 earum,
1948 4743 2078 4812 quia

485 4835 715 4905 cognovi
731 4834 899 4890 multa
915 4834 1119 4890 scelera
1134 4842 1336 4897 vestra,
1350 4841 1402 4888 et
1418 4832 1578 4889 fortia
1593 4842 1809 4904 peccata
1824 4841 2027 4889 vestra.
2052 4853 2072 4885 ι

485 4924 811 4996 Pauperem,
846 4924 1124 4983 Christum
1172 4924 1399 4994 intelligi
1440 4924 1494 4979 in
1535 4925 1793 4980 membris
1825 4924 1940 4979 suis
1968 4940 2075 4978 non

485 5016 784 5075 absurdum
811 5029 930 5073 est:
958 5017 1103 5073 hunc
1143 5016 1381 5072 hazretici
1409 5032 1509 5087 per
1548 5015 1794 5071 occultas
1848 5017 2075 5072 insidias

486 5108 789 5181 deprtedari
827 5118 1112 5164 conantur.
1152 5126 1172 5161 ί
1208 5107 1404 5164 Hostes
1432 5105 1565 5175 justi
1602 5108 1934 5178 accipientes
1957 5123 2073 5161 mu-

487 5220 615 5266 nus.
643 5212 699 5260 et
743 5218 1016 5274 pauperes
1063 5204 1117 5256 in
1162 5209 1319 5272 porta
1366 5201 1753 5271 deprimentes.
1788 5199 1915 5257 Ideo
1955 5216 2081 5269 pru-

486 5296 624 5352 dens
653 5296 707 5350 in
747 5304 994 5367 tempore
1051 5293 1142 5351 illo
1173 5292 1393 5356 tacebit,
1441 5293 1568 5361 quia
1623 5301 1834 5361 tempus
1874 5289 2077 5347 malum

486 5396 590 5443 est.
628 5407 647 5439 ι
683 5386 877 5444 Hostes
915 5387 1070 5459 justi,
1112 5400 1304 5465 omnes
1358 5384 1566 5439 inimici
1615 5382 1825 5441 Christi
1875 5383 2076 5439 intelli-

486 5484 704 5547 guntur.
739 5476 1044 5532 Deteriores
1074 5489 1204 5531 vero
1246 5474 1489 5529 omnium
1536 5471 1774 5527 hteretici
1825 5488 2075 5544 compro-

486 5567 704 5631 bantur,
731 5566 824 5636 qui
855 5566 909 5619 in
953 5566 1123 5635 portis
1167 5562 1293 5620 fidei
1321 5562 1556 5621 humiles
1599 5560 1857 5618 Ecclesize
1897 5563 2075 5633 depri-

485 5672 635 5713 mere
686 5664 972 5712 conantur.

559 5767 577 5799 ι
615 5746 854 5813 Quaerite
902 5746 1123 5810 bonum,
1154 5753 1211 5799 et
1253 5759 1360 5801 non
1394 5744 1621 5811 malum,
1664 5753 1726 5801 ut
1751 5746 1973 5811 vivatis,
2015 5757 2072 5802 et

482 5843 588 5903 crit
612 5840 871 5899 Dominus
893 5838 1035 5896 Deus
1065 5840 1399 5897 exercituum
1424 5840 1728 5911 vobiscum,
1757 5843 1903 5901 sicut
1926 5843 2069 5900 dixi-

2186 4752 2243 4799 et
2270 4743 2482 4797 cantica
2519 4742 2850 4808 Levitarum,
2896 4744 3093 4813 quibus
3128 4739 3420 4812 laudabant
3458 4742 3654 4806 Deum,
3685 4751 3775 4796 tu-

2186 4833 2416 4887 multum
2457 4842 2637 4899 vocat,
2688 4834 3032 4904 sonitumque
3072 4832 3377 4900 confusum,
3423 4833 3675 4889 similiter
3714 4840 3775 4888 et

2182 4922 2581 4979 hatreticorum.
2603 4922 2874 4980 Iudicium
2890 4926 2985 4980 Dei
3016 4924 3469 4995 atquejustitiam,
3508 4939 3671 4995 quam
3702 4927 3774 4979 de

2181 5015 2378 5085 populo
2406 5032 2506 5071 suo
2526 5014 2809 5084 judicabit,
2837 5019 3042 5088 patebit
3065 5018 3344 5082 omnibus,
3376 5027 3432 5073 et
3455 5019 3627 5074 instar
3657 5026 3774 5072 tor-

2182 5111 2355 5166 rentis
2385 5109 2686 5178 fortissimi,
2724 5113 2983 5182 quidquid
3010 5113 3325 5184 arripuerit,
3358 5127 3543 5169 secum
3570 5111 3769 5178 trahit,

2180 5208 2236 5257 et
2265 5202 2309 5257 si
2341 5202 2633 5267 obstiterit,
2658 5219 2767 5258 non
2794 5205 3017 5273 patitur.
3051 5234 3061 5246 ι

2254 5313 2274 5344 ι
2305 5292 2556 5363 Nunquid
2585 5294 2791 5349 hostias
2816 5303 2871 5348 et
2893 5294 3221 5350 sacrificium
3248 5294 3520 5351 obtulistis
3540 5294 3677 5349 mihi
3710 5294 3768 5349 in

2172 5385 2393 5441 deserto
2412 5386 2768 5454 quadraginta
2789 5387 2948 5442 annis
2974 5388 3168 5444 domus
3189 5387 3392 5443 Israel?
3415 5395 3471 5442 et
3499 5388 3767 5457 portastis

2181 5475 2530 5531 tabernacula
2577 5474 2782 5532 Moloch
2812 5476 2953 5533 idolo
2981 5488 3185 5543 vestro,
3228 5488 3283 5534 et
3323 5477 3612 5548 imaginem
3641 5476 3765 5532 ido-

2176 5573 2352 5626 lorum
2378 5579 2686 5626 v’estrorum
2708 5613 2733 5638 ,
2753 5572 2904 5628 sidus
2945 5572 3042 5628 Dei
3074 5571 3259 5635 vestri,
3292 5585 3411 5639 qua:
3435 5567 3643 5623 fecistis
3668 5584 3767 5622 vo-

2175 5662 2282 5718 bis.
2312 5662 2379 5716 Et
2404 5661 2637 5731 migrare
2667 5676 2764 5718 vos
2803 5661 3001 5725 faciam
3039 5671 3195 5717 trans
3232 5661 3580 5723 Damascum,
3625 5658 3765 5712 dixit

2172 5751 2437 5807 Dominus
2468 5750 2612 5806 Deus
2634 5752 2973 5809 exercituum
3030 5767 3226 5807 nomen
3278 5752 3413 5822 ejus.
3450 5769 3470 5802 ο
3524 5747 3763 5805 Psoulus

2177 5842 2505 5899 Israeliticus
2538 5842 2855 5900 idololatriae
2900 5842 3526 5915 culturaillcccbratus,
3573 5837 3763 5896 ethoc
