4022 6440
244 394 346 450 Il?

1271 386 1668 446 ENARBA'FIO
1704 386 1773 442 IN
1806 385 1993 442 AMOS
2030 384 2467 443 PROPHE'I‘AM.

3389 391 3491 444 IIS

242 504 393 580 quod
413 500 865 566 Deooﬂ‘erebant,
894 499 1021 571 quia
1049 514 1155 555 non
1183 506 1389 569 sponte,
1422 498 1516 554 sed
1538 512 1819 567 poenarum
1847 496 1895 557 Α
1922 493 2443 563 sepeliantmortuos
2473 510 2619 549 suos.
2649 495 2715 549 Et
2758 495 2844 549 ille
2873 494 2962 563 qui
3006 493 3137 548 foris
3167 500 3267 556 est,
3302 504 3357 550 et
3389 496 3488 550 do-

246 603 397 653 metu
421 592 596 651 coacti
623 590 912 655 faciebant,
940 603 1040 658 pro
1074 604 1181 644 non
1213 586 1367 643 factis
1411 587 1818 656 reputabantur.
1844 630 1847 631 ν

248 688 414 743 Sidus
436 700 569 740 vero
598 682 810 739 stellam
835 681 988 748 dicit,
1012 695 1132 751 quae
1155 695 1186 734 a
1212 678 1497 735 Saracenis
1518 677 1822 733 inﬁdelibus

246 776 376 833 olim
407 775 711 832 colebatur.

851 898 1077 957 CAPUT
1137 898 1223 955 Vl.

324 1058 343 1092 ι
390 1037 483 1093 Vae
507 1036 599 1106 qui
627 1032 867 1105 opulenti
911 1031 1044 1088 estis
1084 1032 1139 1086 in
1182 1028 1335 1096 Sion,
1381 1037 1437 1084 et
1471 1027 1738 1084 conﬁditis
1767 1027 1823 1082 in

248 1137 430 1186 monte
461 1125 738 1188 Samariae,
768 1123 1057 1193 optimates
1084 1120 1259 1192 capita
1284 1118 1623 1190 populorum,
1646 1119 1825 1188 ingre-

248 1217 458 1272 dientes
504 1213 810 1285 pompatice
853 1212 1072 1267 domum
1121 1208 1304 1265 Israel.
1357 1228 1376 1262 ι
1434 1206 1725 1278 Opulentos
1767 1207 1822 1261 in

248 1304 402 1370 Sion,
435 1303 707 1374 principes
732 1301 1041 1357 Iudaeorum
1086 1301 1238 1367 dicit,
1289 1299 1404 1355 sive
1444 1298 1822 1353 haereticon

246 1392 554 1463 magistros,
583 1390 650 1446 de
671 1390 890 1461 pr0pria
916 1387 1125 1457 justitia
1150 1396 1555 1459 praesumentes,
1583 1385 1737 1455 quasi
1768 1385 1822 1439 in

245 1494 430 1541 monte
477 1483 740 1540 Samaria:
770 1484 1017 1540 ﬁdentes.
1053 1483 1121 1537 Hi
1159 1492 1286 1538 sunt
1327 1482 1472 1538 enim
1529 1479 1820 1535 secundum

245 1573 404 1628 aiiam
428 1572 743 1638 editionem,
785 1572 878 1642 qui
921 1580 1182 1642 spernunt
1210 1570 1363 1637 Sion,
1390 1571 1491 1625 hoc
1520 1576 1605 1624 est
1631 1567 1820 1623 Eccle—

244 1663 382 1718 siam
409 1663 523 1727 Dei,
553 1662 683 1718 dicit
708 1663 987 1719 Dominus.
1704 1718 1709 1723 ,

319 1773 337 1806 ι
376 1753 628 1809 Transite
656 1754 711 1808 in
737 1753 996 1820 Chalaue,
1045 1761 1102 1832 et
1138 1752 1336 1819 videte,
1379 1760 1435 1808 et
1478 1753 1553 1808 ite
1598 1752 1723 1808 inde
1764 1753 1821 1809 in

1922 598 2069 636 mum
2098 598 2204 637 non
2231 582 2543 655 ingreditur,
2573 584 2667 639 sed
2705 583 2876 652 magis
2897 591 3136 638 mortuos
3157 581 3301 638 foras
3323 583 3488 654 ejicit,

1922 672 2155 741 imperat
2178 672 2227 727 ei
2263 672 2354 741 qui
2388 673 2657 728 comburit
2689 681 2950 737 mortuos,
2980 680 3035 725 et
3056 670 3299 727 dissolvit
3323 672 3377 725 in
3409 672 3490 726 ci-

1920 777 2099 827 neres,
2126 770 2182 817 et
2210 778 2394 817 eorum
2429 778 2552 818 ossa
2593 762 2928 827 comminuit,
2971 769 3032 815 ut
3074 769 3269 827 taceat,
3298 768 3354 817 et
3389 775 3489 831 pu~

1921 851 2195 909 rissimum
2239 854 2333 910 Dei
2359 870 2555 910 nomen
2593 862 2806 909 mortuo
2839 868 2934 909 ore
2959 868 3064 908 non
3103 852 3350 917 maculet,
3382 869 3401 902 σ
3439 856 3494 905 et

1922 942 2064 998 dicet
2104 944 2194 998 ei:
2234 943 2393 1007 Tace,
2423 953 2480 999 et
2523 960 2628 998 non
2657 943 2955 999 recorderis
2982 942 3215 996 nominis
3258 940 3489 1005 Domini,

1922 1033 2045 1102 quia
2075 1047 2201 1089 ecce
2244 1034 2500 1089 Dominus
2544 1034 2838 1099 mandavit,
2881 1042 2935 1089 et
2982 1033 3248 1102 percutiet
3276 1033 3493 1088 domum

1921 1121 2181 1191 majorem
2234 1125 2288 1179 in
2340 1124 2532 1189 ruinis,
2586 1135 2641 1179 et
2692 1124 2908 1177 domum
2943 1123 3205 1177 minorem
3261 1122 3315 1175 in
3361 1122 3495 1176 scis‘

1922 1213 2180 1269 sionibus.
2219 1234 2236 1267 ι
2266 1213 2492 1269 Domum
2533 1199 2803 1284 magnam,
2847 1222 2902 1267 et
2945 1213 3160 1267 domum
3207 1213 3491 1275 minorem,

1920 1301 2199 1358 Judaicum
2228 1303 2480 1375 populum
2513 1303 2815 1374 signiﬁcare
2855 1310 3066 1373 putant,
3107 1311 3163 1356 et
3198 1300 3495 1355 Ecclesium

1919 1406 1987 1447 ex
2018 1393 2266 1463 gentibus
2308 1404 2704 1465 congregatam.
2735 1395 2863 1461 Quae
2907 1393 3147 1448 Ecclesia
3192 1393 3236 1447 si
3280 1392 3496 1462 quando

1919 1483 2266 1552 peccaverit,
2333 1492 2390 1538 et
2443 1486 2744 1554 percutitur
2809 1483 3156 1539 scissionibus
3214 1483 3495 1537 haeretico-

1919 1589 2063 1640 rum,
2092 1573 2232 1629 sicut
2259 1573 2484 1645 p0pulus
2509 1573 2812 1630 Iudaeorum
2841 1574 3127 1630 convulsus
3165 1582 3250 1628 est
3298 1574 3350 1626 in
3388 1571 3499 1626 rui-

1919 1678 2062 1719 nam.

1994 1771 2012 1803 ε
2049 1752 2304 1824 Nunquid
2349 1771 2573 1812 currere
2620 1768 2826 1828 queunt
2870 1757 2924 1812 in
2972 1758 3141 1827 petris
3185 1756 3345 1826 equi,
3404 1763 3501 1809 aut

244 1843 438 1899 Emath
469 1859 740 1915 magnam,
769 1852 826 1900 et
865 1844 1173 1899 descendite
1220 1844 1276 1899 in
1320 1841 1461 1899 Geth
1506 1842 1822 1899 Palaestino-
1849 1831 1895 1890 Β
1924 1834 2069 1897 arari
2116 1851 2293 1913 potest
2338 1847 2391 1902 in
2439 1846 2686 1901 bubalis?
2737 1845 2999 1913 Quoniam
3052 1845 3396 1901 convertistis
3440 1846 3495 1899 in

246 1951 391 2001 rum,
415 1944 470 1989 et
495 1935 564 1990 ad
588 1935 790 2006 optima
819 1949 1047 2005 quaeque
1075 1949 1238 2005 regna
1263 1935 1478 1989 horum.
1515 1953 1534 1985 ι
1562 1933 1827 1989 Historia-

246 2026 372 2081 liter
394 2026 663 2097 principes
701 2024 1033 2092 Iudaeorum,
1062 2027 1181 2082 sive
1201 2025 1459 2081 Ecclesia:
1502 2022 1697 2079 divites
1741 2024 1827 2081 in-

249 2124 457 2185 crepat,
503 2115 594 2185 qui
643 2113 902 2170 dissolute
940 2116 1202 2179 viventes,
1251 2114 1472 2169 latiores
1498 2114 1616 2169 vias
1665 2112 1825 2182 hujus

248 2205 473 2269 mundi,
536 2211 647 2274 per'
688 2219 824 2274 quas
897 2204 1139 2259 inﬁdeles
1214 2202 1522 2269 ambulant,
1585 2202 1677 2273 qui
1722 2203 1826 2259 hoc

246 2296 389 2367 quod
415 2296 582 2351 David
612 2296 667 2351 in
696 2296 841 2352 cultu
871 2296 968 2351 Dei
1008 2296 1158 2364 fecit,
1190 2296 1293 2367 ipsi
1318 2296 1384 2350 ad
1413 2296 1743 2352 voluntatem
1770 2304 1825 2352 et

246 2389 517 2443 luxuriam
561 2388 785 2444 faciunt.
827 2388 934 2460 Ipsi
973 2389 1118 2444 enim
1167 2388 1403 2459 separati
1449 2397 1575 2444 sunt
1619 2388 1675 2442 in
1722 2388 1825 2444 diis

244 2479 476 2546 Molocli,
510 2481 613 2536 hoc
636 2488 718 2536 est
747 2481 801 2534 in
842 2480 929 2536 die
968 2480 1176 2550 judicii,
1223 2496 1253 2534 a
1301 2480 1563 2535 societate
1612 2489 1826 2535 sancto-

244 2588 382 2627 rum.
425 2590 446 2624 ι
485 2572 541 2628 Si
566 2573 727 2629 latior
750 2582 835 2628 est
863 2574 1125 2629 terminus
1145 2588 1333 2628 eorum
1363 2573 1593 2628 termino
1619 2580 1822 2638 vestro,

243 2663 333 2731 qui
372 2664 610 2733 separati
646 2665 778 2719 estis
816 2664 869 2718 in
904 2665 1044 2720 diem
1088 2664 1312 2729 malum,
1347 2672 1402 2718 et
1430 2664 1825 2736 appropinqua-

242 2755 339 2810 stis
364 2754 503 2810 solio
533 2756 858 2825 iniquitatis,
885 2757 978 2827 qui
1005 2755 1254 2812 dormitis
1285 2756 1339 2810 in
1368 2755 1522 2811 lectis
1547 2756 1822 2823 eburneis,

239 2854 293 2899 et
318 2846 586 2901 lascivitis
616 2846 667 2901 in
710 2848 898 2902 stratis
923 2848 1142 2912 vestris,
1184 2847 1275 2916 qui
1301 2845 1584 2901 comeditis
1624 2834 1823 2917 agnum

240 2935 304 2991 de
332 2951 524 3007 grege,
554 2944 608 2990 et
637 2936 833 2991 vitulos
860 2937 925 2991 de
970 2936 1149 2992 medio
1192 2935 1444 2999 armenti,
1490 2938 1581 3005 qui
1628 2936 1824 2991 canitis

240 3026 306 3081 ad
337 3041 530 3082 vocem
568 3027 833 3097 psalterii.
872 3026 1026 3082 Sicut
1052 3028 1225 3081 David
1262 3034 1587 3096 putaverunt
1633 3040 1692 3082 se
1726 3028 1824 3082 "na—

236 3116 365 3173 bere
396 3134 528 3174 vasa
553 3119 771 3185 cantici,
796 3118 1040 3175 bibentes
1074 3120 1126 3175 in
1150 3120 1341 3189 phialis
1362 3119 1567 3185 vinum,
1599 3127 1655 3174 et
1679 3120 1818 3190 opti-

237 3223 326 3262 mo
353 3218 635 3277 unguento
683 3210 928 3275 delibuti,
973 3218 1027 3265 et
1087 3210 1220 3264 nihil
1270 3210 1612 3280 patiebantur
1663 3224 1823 3280 super

238 3299 565 3353 contritione
594 3293 811 3371 Jo'seph.
851 3320 870 3352 ι
901 3300 1207 3356 Secundum
1237 3300 1590 3373 tropOIOgiam
1629 3308 1824 3357 contra

228 3388 530 3445 haereticos
558 3405 736 3446 sermo
762 3393 1111 3463 propheticus
1151 3393 1423 3464 dirigitur,
1468 3394 1558 3463 qui
1585 3395 1822 3464 separati

228 3491 365 3545 sunt
398 3481 455 3535 in
479 3482 563 3537 die
595 3482 754 3547 malo,
780 3483 883 3538 hoc
932 3492 1016 3539 est
1045 3485 1293 3555 praesenti
1319 3485 1375 3539 in
1416 3493 1681 3555 tempore,
1707 3485 1823 3541 sive

241 3570 292 3625 in
320 3571 411 3626 die
428 3570 641 3640 judicii,
671 3588 702 3625 a
727 3574 1001 3628 consortio
1034 3573 1309 3639 Ecclesiae,
1343 3573 1435 3644 qui
1465 3574 1674 3628 cantica
1700 3589 1819 3639 sua,

239 3662 343 3716 hoc
370 3673 457 3717 est
500 3660 631 3717 falsa
663 3664 1078 3733 praedicamenta
1125 3663 1333 3719 Christi
1379 3664 1820 3734 praedicationem

237 3752 549 3820 Opinantur.
581 3752 689 3807 Hos
718 3753 862 3807 enim
904 3754 1224 3809 exhortatur
1267 3768 1447 3808 sermo
1485 3752 1720 3819 divinus,
1762 3763 1825 3810 ut

239 3850 425 3896 mente
459 3850 692 3897 tractent
731 3843 1104 3899 universarum
1144 3843 1385 3912 gentium
1429 3842 1819 3913 philosophias,

236 3938 295 3984 et
322 3931 596 4000 reperiant
618 3933 956 4002 angustiores
1000 3933 1263 3989 terminos
1293 3948 1483 3989 eorum
1511 3945 1820 3993 sanctarum

188 4021 202 4029 ’
238 4019 649 4088 Scripturarum
694 4022 958 4076 terminis.

226 4176 231 4181 ,
320 4128 341 4160 ι
384 4109 722 4179 Quapropter
767 4126 911 4167 nunc
956 4113 1263 4182 migrabunt
1286 4114 1341 4169 in
1369 4115 1545 4183 capite
1575 4116 1822 4171 transmi-

236 4200 536 4273 grantium,
572 4209 626 4255 et
666 4201 943 4279 aufereth
967 4201 1131 4257 factio
1164 4203 1581 4260 lascivientium.
1612 4206 1823 4262 Juravit

238 4290 504 4347 Dominus
518 4290 656 4358 Deus
679 4292 732 4345 in
746 4292 925 4346 anima
944 4308 1064 4358 sua,
1091 4293 1220 4347 dicit
1232 4293 1489 4349 Dominus
1502 4294 1645 4351 Deus
1668 4310 1823 4351 exer-

237 4381 467 4437 cituum.
519 4353 767 4437 Detestor
806 4397 907 4452 ego
935 4353 1241 4452 superbiam
1293 4383 1483 4449 Iacob,
1536 4392 1593 4440 et
1633 4386 1822 4442 domus

1850 3161 1897 3224 C

1926 1935 2642 2005 amaritudinemjudicium,
2674 1945 2728 1992 et
2762 1935 2995 1993 fructum
3029 1934 3253 2004 justitiae
3295 1935 3352 1989 in
3396 1936 3496 1990 ab-

1924 2025 2237 2096 synthium?
2268 2044 2287 2077 ι
2315 2026 2449 2082 Cum
2492 2027 2635 2081 enim
2682 2027 2956 2082 silvestres
2998 2025 3162 2081 boves
3191 2033 3317 2079 sunt
3348 2024 3499 2078 indo-

1925 2119 2044 2172 miti
2088 2127 2309 2189 propter
2346 2118 2653 2185 feritatem,
2705 2128 2761 2175 et
2806 2119 2996 2174 nolunt
3040 2126 3239 2173 terram
3280 2129 3499 2171 vomere

1925 2209 2191 2275 scindere,
2217 2224 2315 2265 vos
2344 2217 2524 2264 autem
2555 2210 2769 2280 superbi
2811 2217 2975 2278 atque
3017 2207 3175 2273 elati,
3207 2220 3332 2261 cum
3372 2203 3497 2273 equi

1924 2310 1979 2355 et
1997 2299 2175 2355 bubali
2199 2308 2447 2355 naturam
2466 2314 2621 2356 suam
2639 2307 2850 2355 mutare
2873 2314 2979 2354 non
3000 2300 3227 2370 possint,
3246 2297 3498 2353 mutastis

1925 2391 2019 2446 Dei
2045 2390 2328 2456 culturam,
2359 2400 2421 2445 ut
2450 2390 2603 2445 dulce
2630 2405 2875 2444 amarum
2907 2389 3177 2443 faceretis.

2000 2500 2018 2532 ι
2053 2480 2154 2548 Qui
2177 2481 2434 2536 laetamini
2466 2482 2519 2535 in
2548 2482 2733 2547 nihilo,
2764 2482 2855 2552 qui
2887 2481 3084 2546 dicitis,
3120 2479 3359 2552 nunquid
3388 2495 3494 2535 non

1925 2573 1978 2627 in
2031 2572 2348 2627 fortitudine
2397 2581 2581 2638 nostra
2631 2573 3019 2643 assumpsimus
3065 2571 3221 2626 nobis
3255 2570 3497 2625 cornua?

1922 2662 2062 2717 Ecce
2091 2663 2235 2716 enim
2263 2663 2535 2718 suscitabo
2564 2679 2725 2735 super
2767 2679 2881 2727 vos,
2929 2663 3121 2717 domus
3154 2660 3317 2717 Israel
3344 2659 3496 2731 (dicit

1925 2752 2186 2807 Dominus
2218 2752 2362 2807 Deus
2391 2753 2750 2824 exercituum)
2788 2761 3000 2825 gentem
3019 2793 3035 2819 ,
3062 2761 3117 2808 et
3136 2759 3380 2808 conteret
3403 2765 3499 2806 vos

1925 2847 1993 2902 ab
2021 2846 2243 2917 introitu
2275 2846 2470 2903 Emath
2496 2862 2667 2918 usque
2695 2848 2763 2903 ad
2792 2839 3089 2902 torrentem
3116 2843 3335 2901 deserti.
3364 2863 3383 2897 ι

2514 2999 2740 3057 CAPUT
2793 2999 2902 3055 VII.

2005 3132 2022 3165 ‹
2052 3113 2178 3169 Haec
2218 3114 2451 3169 ostendit
2496 3115 2628 3170 mihi
2672 3114 2930 3169 Dominus
2975 3112 3136 3167 Deus.
3170 3129 3189 3163 ι
3221 3108 3346 3165 Haec
3392 3123 3497 3165 vox
3532 3152 3541 3163 .

1926 3198 2177 3262 omnium
2200 3206 2556 3275 superborum
2582 3213 2685 3271 est,
2716 3204 2808 3272 qui
2836 3204 2890 3257 in
2917 3201 3231 3257 fortitudine
3263 3214 3360 3254 sua
3389 3198 3495 3263 ﬁsi,

1928 3295 2279 3365 temporalem
2309 3295 2630 3365 potentiam,
2658 3307 2820 3363 quam
2861 3290 3077 3347 nonnisi
3120 3305 3150 3344 a
3192 3289 3304 3344 Deo
3337 3302 3498 3343 acce-

1923 3386 2167 3457 pissent,
2214 3386 2415 3441 habere
2447 3393 2731 3456 poterant,
2762 3397 2873 3439 sua:
2898 3382 3085 3437 virtuti
3117 3379 3291 3452 magis
3333 3393 3497 3448 quam

1926 3479 2037 3533 Deo
2065 3477 2363 3534 ascribunt.
2414 3495 2433 3528 ι
2474 3476 2543 3531 Ει
2573 3492 2699 3533 ecce
2721 3476 2873 3532 ﬁctor
2902 3476 3122 3531 locusta:
3147 3474 3201 3529 in
3230 3472 3497 3545 principio

1924 3567 2345 3638 germinantium
2400 3567 2627 3623 serotini
2675 3567 2897 3632 imbris,
2942 3575 2999 3623 et
3049 3581 3177 3622 ecce
3226 3566 3499 3622 serotinus

1922 3665 2047 3729 post
2091 3665 2364 3713 tonsorem
2394 3656 2593 3729 gregis.
2629 3656 2696 3712 Et
2715 3655 2915 3712 factum
2955 3664 3039 3711 est
3080 3671 3202 3711 cum
3245 3670 3497 3712 consum-

1925 3757 2128 3805 masset
2171 3750 2455 3805 comedere
2486 3749 2709 3805 herbam
2749 3758 2926 3815 terrae,
2976 3758 3032 3804 et
3064 3744 3194 3805 'dixi
3222 3766 3236 3806 :
3269 3748 3498 3805 Domine

1923 3842 2088 3908 Deus,
2110 3843 2373 3912 propitius
2399 3850 2538 3908 esto,
2564 3847 2811 3899 obsecro.
2846 3841 2976 3911 Quis
2997 3841 3278 3898 suscitabit
3303 3840 3495 3903 Jacob,

1923 3934 2051 4005 quia
2078 3934 2336 4004 parvulus
2364 3936 2481 3989 est?
2519 3954 2537 3987 ι
2566 3934 2751 3991 Fictor
2775 3934 2995 3989 locustae
3032 3942 3088 3987 et
3118 3942 3333 3989 creator
3354 3934 3511 3989 Deus.

1923 4035 2025 4083 est.
2053 4027 2144 4082 lia:
2167 4028 2390 4082 veniunt
2418 4028 2470 4081 in
2496 4027 2764 4098 principio
2793 4027 2985 4081 imbris
3012 4024 3258 4090 sermini,
3284 4025 3387 4079 hoc
3413 4034 3499 4080 est

1922 4130 2091 4171 verno
2139 4123 2382 4186 tempore
2430 4116 2648 4184 quando
2691 4124 2887 4172 cuncta
2929 4116 3125 4169 virent.
3165 4113 3272 4167 Has
3317 4123 3497 4168 autem

1890 4190 2167 4261 ‘locustas
2193 4204 2601 4260 innumerabilis
2628 4204 2866 4261 bruchus
2901 4203 3248 4275 sequebatur,
3279 4203 3371 4274 qui
3407 4216 3499 4256 ve-

1924 4293 2107 4347 niebat
2119 4300 2238 4362 post
2250 4291 2476 4346 imbrem
2492 4292 2812 4358 serotinum,
2827 4302 2883 4347 et
2899 4292 3266 4362 appellabatur
3286 4301 3493 4357 tonsor,

1925 4384 2009 4440 vel
2038 4392 2257 4440 tonsura
2280 4383 2479 4453 gregis,
2504 4383 2595 4453 qui
2620 4383 2752 4438 duos
2775 4398 2931 4454 reges
2960 4382 3301 4453 Assyriorum
3335 4391 3498 4452 atque

238 4468 359 4538 ejus
383 4470 492 4525 odi.
528 4487 547 4521 ι
584 4468 889 4526 Secundum
937 4471 1177 4527 historiae
1207 4474 1491 4528 veritatem
1531 4475 1598 4529 de
1622 4474 1820 4532 Iudaeis
1844 4508 1898 4568 Β
1923 4477 2217 4534 exercitum
2248 4473 2649 4541 Chaldaeorum,
2680 4475 2773 4545 qui
2813 4473 3117 4530 Judaeorum
3156 4483 3369 4545 gentem
3400 4477 3493 4531 de-

240 4564 392 4627 dicit,
438 4564 528 4633 qui
571 4564 625 4618 in
678 4564 1046 4635 captivitatem
1093 4567 1464 4637 transmigrati
1508 4576 1651 4623 sunt.
1696 4587 1715 4619 ‹
1754 4568 1821 4622 Et

241 4655 452 4710 tradam
501 4656 772 4711 civitatem
818 4674 938 4713 cum
966 4659 1362 4715 habitatoribus
1412 4660 1544 4715 suis.
1591 4659 1744 4728 Quod
1772 4661 1818 4716 si

239 4746 435 4814 reliqui
462 4745 865 4803 fuerintdecem
891 4749 995 4803 viri
1023 4750 1077 4803 in
1104 4751 1265 4806 domo
1305 4765 1436 4816 una,
1474 4758 1530 4805 et
1562 4751 1663 4821 ipsi
1703 4768 1819 4807 mo-

238 4836 472 4901 rientur,
501 4844 557 4891 et
586 4837 735 4892 tollet
760 4853 883 4893 eum
918 4840 1250 4911 propinquus
1284 4856 1434 4905 suus,
1460 4850 1515 4896 et
1537 4843 1819 4899 comburet

239 4940 365 4980 eum
396 4935 456 4981 ut
480 4927 670 4993 efferat
690 4944 813 4986 ossa
855 4931 923 4986 de
948 4933 1128 4999 domo,
1155 4942 1211 4988 et
1235 4933 1380 4989 dicet
1420 4934 1489 4995 ei,
1518 4934 1608 5005 qui
1636 4936 1689 4990 in
1720 4952 1815 5006 pe-

241 5017 543 5073 netralibus
590 5020 782 5076 domus
823 5030 966 5078 est":
1022 5023 1271 5095 Nunquid
1319 5023 1496 5080 adhuc
1539 5034 1624 5081 est
1670 5028 1810 5095 apud

242 5110 332 5163 te?
361 5116 419 5164 et
446 5112 808 5181 respondebit,
851 5114 974 5169 ﬁnis
1009 5124 1110 5169 est.
1148 5134 1167 5167 ι
1219 5115 1526 5171 Secundum
1570 5117 1812 5173 historiae

243 5197 405 5253 ﬁdem
434 5214 500 5255 eo
550 5209 789 5272 tempore
840 5203 896 5258 in
931 5206 1128 5274 populo
1176 5204 1483 5261 Iudaeorum
1530 5206 1811 5277 impletum

241 5303 361 5345 esse
407 5294 786 5363 comperimus,
832 5296 1046 5365 quando
1090 5296 1424 5353 Hierusalem
1477 5313 1509 5352 a
1555 5297 1813 5355 Romanis

242 5390 453 5436 vastata
473 5392 574 5437 est.
608 5383 958 5458 Tropologice
978 5402 1108 5442 vero
1132 5389 1197 5443 de
1226 5389 1497 5443 haereticis
1521 5388 1812 5459 intelligen—

246 5470 368 5524 dum
400 5481 505 5536 est,
550 5473 604 5527 in
633 5490 862 5543 quorum
899 5477 1264 5533 conciliabulis
1299 5478 1346 5533 si
1391 5478 1584 5548 reliqui
1614 5478 1813 5535 fuerint

245 5561 429 5619 decem
456 5564 576 5629 viri,
604 5580 790 5622 omnes
814 5569 1108 5624 morientur
1134 5584 1196 5624 ea
1224 5578 1395 5625 morte
1423 5585 1541 5639 quae
1568 5571 1716 5625 ducit
1744 5572 1812 5626 ad

249 5659 527 5708 tartarum.
571 5652 842 5711 Justorum
873 5672 995 5713 ossa
1025 5660 1283 5729 sepelient
1324 5660 1607 5730 pmpinqui
1638 5668 1692 5715 et
1720 5662 1813 5716 do-

246 5745 451 5802 mestici
496 5761 707 5817 eorum,
739 5750 804 5805 de
829 5750 1023 5823 quibus
1062 5752 1257 5810 dicitur
1284 5770 1295 5805 :
1324 5751 1457 5809 Sine
1492 5762 1730 5811 mortuos
1755 5762 1816 5811 ut

1921 4567 2161 4640 populati
2185 4575 2333 4631 sunt,
2365 4564 2699 4636 signiﬁcasse
2735 4580 2843 4621 non
2883 4566 3102 4621 dubium
3136 4574 3239 4621 est.
3281 4566 3490 4622 Aliter:

1922 4658 2038 4729 Gog
2065 4672 2159 4711 rex
2188 4656 2543 4721 locustarum,
2573 4656 2664 4727 qui
2694 4656 2991 4711 secundum
3017 4653 3367 4726 Septuaginta
3409 4658 3494 4711 in-

1919 4757 2186 4819 terpretes
2210 4748 2419 4817 positus
2446 4757 2552 4819 est,
2577 4748 2966 4820 interpretatur
2998 4754 3186 4799 tectum
3206 4786 3221 4809 ,
3260 4745 3510 4817 superba-

1919 4845 2164 4916 qumdam
2196 4851 2251 4898 et
2280 4855 2541 4914 arrogans
2578 4840 2837 4911 fortitudo
2861 4840 3182 4895 Antichristi
3224 4840 3493 4909 signiﬁca-

1918 4945 2025 5003 tur,
2058 4938 2150 5008 qui
2177 4936 2231 4990 in
2264 4937 2369 4990 ﬁne
2400 4925 2583 4988 mundi
2616 4947 2741 4987 cum
2778 4929 3156 4986 innumerabili
3195 4929 3490 4984 inﬁdelium

1917 5028 2257 5085 multitudine
2280 5025 2519 5089 veniens,
2554 5022 2703 5078 velut
2731 5022 2783 5076 in
2810 5020 3066 5085 serotino,
3092 5026 3340 5074 cunctam
3368 5019 3490 5071 her-

1916 5118 2039 5173 bam
2064 5125 2243 5181 terrae,
2272 5116 2376 5171 hoc
2397 5123 2479 5169 est
2499 5113 2680 5168 omnia
2710 5110 2923 5165 inﬁrma
2961 5117 3016 5164 et
3048 5117 3234 5163 tenera
3267 5105 3513 5167 humani‘

1918 5206 2132 5277 generis
2161 5211 2545 5273 consumptum
2567 5208 2671 5257 est.
2700 5199 2853 5257 Unde
2874 5206 2929 5252 et
2953 5198 3214 5268 propheta
3254 5208 3353 5263 pro
3392 5209 3490 5263 po-

1916 5296 2042 5367 pqu
2069 5294 2263 5361 Israel,
2303 5293 2428 5363 quia
2467 5290 2723 5362 parvulus
2758 5297 2844 5345 est
2888 5303 3082 5351 sensu,
3124 5286 3293 5339 Deum
3322 5285 3490 5339 iz-ter-

1915 5388 2106 5458 pellat,
2140 5395 2222 5451 nt,
2259 5393 2461 5441 mutata
2484 5383 2772 5450 sententia,
2812 5382 3002 5438 saltem
3042 5377 3283 5448 reliquiae
3309 5392 3376 5432 ex
3405 5378 3502 5445 eis.

1912 5479 2204 5534 salventur.
2915 5479 2926 5487 '

1991 5588 2009 5619 ι
2054 5569 2304 5624 Misertns
2349 5577 2431 5624 est
2477 5576 2655 5624 autem
2698 5566 2960 5621 Dominus
2998 5576 3160 5632 super
3197 5562 3318 5619 hoc.
3369 5562 3489 5621 Non

1915 5660 2052 5724 erit,
2080 5659 2215 5714 dixit
2254 5659 2533 5714 Dominus.
2584 5657 2709 5712 Ilaec
2754 5652 2988 5710 ostendit
3040 5652 3171 5708 mihi
3226 5652 3487 5710 Dominus

1916 5753 2085 5821 Deus,
2114 5760 2168 5808 et
2202 5766 2328 5808 ecce
2367 5751 2579 5808 vocabit
2615 5747 2874 5819 judicium
2906 5748 2971 5803 ad
3006 5747 3183 5820 ignem
3224 5744 3495 5803 Dominus
