4022 6442
520 403 620 456 H9

982 405 1336 461 HAYMONIS
1374 404 1850 462 HALBERSTAT.
1889 401 2082 462 EPlSC

2192 400 2295 457 PP.
2334 398 2513 459 PARS
2550 402 2591 461 Ι.
2630 433 2704 446 --
2736 401 3302 477 ΟΟΜΜΕΝἸἋΒΙΒΕ.

3678 398 3796 460 126

516 508 707 582 Deus,
739 527 794 572 et
840 518 1120 573 devorabit
1168 518 1421 588 abyssum
1468 520 1691 573 multam
1711 560 1726 585 ,
1774 527 1828 574 et
1864 518 2097 574 comedit
2120 520 2173 577 Α
2197 514 2339 585 Ergo
2361 524 2417 569 tu
2443 523 2633 571 contra
2660 515 3046 586 imperatorem
3076 514 3229 579 facis.
3257 514 3486 586 Augusti
3519 516 3795 572 mandata

518 609 679 663 simul
709 617 934 680 partem,
963 620 1018 665 et
1042 610 1152 664 dixi
1180 629 1192 664 :
1223 612 1448 667 Domine
1477 614 1642 679 Deus,
1664 614 1907 683 quiesce,
1937 614 2094 668 obse-

520 716 635 755 cro.
661 701 792 768 Quis
814 701 1096 756 suscitabit
1122 701 1304 764 Jacob,
1332 704 1458 773 quia
1489 703 1745 776 parvulus
1768 704 1881 758 est?
1906 703 2092 757 Miser-

524 800 610 847 ως
633 802 715 847 est
745 790 1003 847 Dominus
1028 809 1190 863 super
1226 793 1350 849 hoc.
1395 794 1501 849 Sed
1538 804 1592 849 et
1628 795 1771 850 istud
1817 812 1921 850 non
1964 796 2089 858 erit,

519 881 656 934 dixit
702 882 956 936 Dominus
996 881 1155 937 Deus.
1202 883 1328 938 Haec
1374 884 1612 939 ostendit
1650 884 1782 938 mihi
1833 884 2092 940 Dominus

520 969 681 1024 Deus.
728 990 747 1022 ι
788 968 1059 1026 Judicium
1106 974 1303 1044 quippe
1344 975 1412 1029 ad
1452 975 1629 1045 ignem
1674 984 1925 1039 vocatur,
1967 992 2091 1031 cum

514 1059 742 1130 justitize
767 1064 1035 1117 sententia
1066 1066 1132 1119 ad
1151 1080 1366 1135 poenam
1396 1077 1612 1121 aeterna:
1639 1067 2092 1123 concrematiouis

516 1151 843 1215 ostenditur,
859 1161 914 1206 et
942 1151 1161 1207 multam
1190 1155 1443 1225 abyssum
1470 1155 1710 1219 devorat,
1728 1157 1853 1225 quia
1878 1157 2091 1227 iniquas

516 1250 679 1310 atque
712 1243 1281 1314 incomprehensibiles
1311 1247 1588 1301 hominum
1620 1256 1827 1303 mentes
1870 1264 2093 1306 concre-

516 1342 650 1397 mat,
678 1350 798 1404 qua:
820 1351 962 1391 nunc
988 1351 1171 1391 coram
1207 1337 1513 1391 hominibus
1540 1339 1700 1393 etiam
1734 1341 2089 1409 superborum
2112 1360 2119 1371 ι

515 1440 743 1494 operum
774 1426 1053 1481 miraculis
1078 1436 1386 1484 coruscant.
1414 1427 1549 1483 Pars
1572 1438 1750 1484 autem
1780 1430 1972 1485 domus
1996 1445 2088 1485 co-

517 1515 776 1580 meditur,
818 1516 942 1585 quia
984 1516 1104 1573 illos
1144 1532 1357 1587 quoque
1404 1519 1648 1588 gehenna
1691 1520 1950 1585 devorat,
1997 1520 2091 1591 qui

517 1623 662 1664 nunc
680 1623 739 1664 se
760 1610 914 1678 quasi
938 1611 990 1663 in
1015 1611 1214 1666 sanctis
1237 1611 1445 1667 actibus
1463 1611 1531 1667 de
1552 1610 1848 1669 electorum
1866 1629 2090 1672 numero

518 1713 639 1753 esse
668 1698 992 1770 gloriantur.

592 1811 611 1842 ι
645 1790 712 1846 Ει
758 1807 884 1848 ecce
925 1792 1182 1849 Dominus
1210 1804 1363 1851 stans
1392 1811 1554 1866 super
1583 1812 1793 1851 murum
1822 1796 2004 1859 litum,
2036 1805 2091 1852 et

2194 609 2512 663 contemnis.

2271 717 2290 749 ι
2327 697 2393 752 Et
2425 690 2700 767 respondit
2723 696 2911 764 Amos,
2943 705 2998 753 et
3031 697 3168 753 dixit
3204 698 3273 753 ad
3298 696 3574 753 Amasiam
3612 715 3628 751 :
3663 696 3794 753 Non

2193 806 2309 846 sum
2336 793 2618 860 propheta,
2646 801 2702 845 et
2730 807 2837 845 non
2868 807 2988 845 sum
3019 791 3160 846 ﬁlius
3191 793 3501 861 propheta,
3544 792 3650 847 sed
3697 806 3795 845 ar-

2192 884 2491 939 mentarius
2514 872 2614 955 ego
2647 899 2791 949 sum,
2828 884 3088 938 vellicans
3109 899 3442 955 sycomoros,
3464 894 3519 940 et
3541 885 3667 940 tulit
3699 901 3793 941 me

2193 974 2450 1028 Dominus
2495 989 2618 1028 cum
2672 989 2933 1043 sequerer
2975 990 3192 1045 gregem
3218 1015 3235 1041 ,
3279 984 3336 1029 et
3370 975 3510 1035 dixit
3537 976 3609 1031 ad
3643 991 3788 1031 me:

2191 1063 2359 1128 Vade,
2388 1065 2649 1134 propheta
2698 1065 2765 1119 ad
2808 1064 3064 1134 populum
3108 1081 3287 1121 meum
3323 1065 3509 1121 lsrael.
3548 1085 3569 1119 ι
3606 1065 3791 1137 Syco-

2191 1169 2374 1208 moros
2420 1154 2640 1223 quidam
2688 1154 2764 1208 ita
2818 1155 3123 1219 disserunt,
3167 1162 3229 1210 ut
3279 1156 3553 1226 sycamina
3607 1156 3791 1212 velint

2191 1245 2481 1318 appellare,
2517 1262 2688 1318 genus
2714 1246 2968 1301 arborum
2998 1261 3116 1316 quae
3147 1246 3201 1302 in
3230 1244 3515 1301 Palzestina
3540 1262 3790 1306 nascun-

2189 1347 2280 1394 tur
2324 1337 2378 1391 in
2424 1336 2856 1407 campestribus,
2886 1344 2942 1391 et
2968 1344 3211 1405 agrestes
3248 1335 3478 1390 alferunt
3522 1335 3785 1392 fructus:

2189 1442 2309 1496 quze
2330 1428 2375 1481 si
2400 1442 2506 1481 non
2526 1424 2866 1489 vellicentur,
2882 1425 3251 1480 amarissimas
3269 1424 3535 1479 cariculas
3547 1423 3788 1489 faciunt,

2190 1525 2245 1572 et
2266 1516 2547 1586 aquicelus
2562 1515 2947 1585 corrumpitur.
2972 1514 3138 1569 Nobis
3160 1523 3361 1578 autem,
3389 1515 3514 1582 quia
3543 1514 3790 1569 solitudo

2188 1610 2244 1665 in
2268 1625 2431 1679 quam
2456 1609 2767 1663 morabatur
2785 1608 2953 1662 Amos
2975 1606 3175 1661 nullam
3209 1605 3577 1676 hujuscemodi
3604 1606 3790 1677 gignit

2188 1700 2477 1765 arborum,
2522 1700 2695 1770 magis
2730 1700 2941 1755 videtur
2984 1698 3148 1752 rubos
3190 1697 3400 1759 dicere,
3454 1697 3546 1767 qui
3595 1697 3789 1752 ferunt

2190 1808 2360 1858 mora,
2392 1801 2447 1848 et
2472 1802 2749 1867 pastorum
2780 1793 2977 1846 famem
3005 1804 3070 1844 ac
3088 1789 3367 1859 penuriam
3398 1790 3783 1844 consolantur.

516 1881 573 1935 in
603 1896 768 1935 manu
807 1881 924 1952 ejus
964 1883 1123 1938 trulla
1175 1885 1524 1939 caemcntarii.
1555 1886 1621 1941 Et
1655 1886 1790 1941 dixit
1834 1888 2092 1944 Dominus
2121 1881 2165 1939 Β
2193 1884 2331 1939 Sunt
2360 1892 2415 1938 et
2438 1883 2528 1937 alii
2555 1884 2644 1953 qui
2675 1897 2986 1957 sycomoros
3012 1894 3201 1936 omnes
3224 1878 3527 1935 fructuosas
3550 1881 3788 1936 arbores

516 1969 585 2023 ad
613 1984 699 2024 me
732 1988 744 2022 :
780 1969 916 2036 Quid
945 1978 999 2024 tu
1029 1972 1196 2037 vides,
1227 1974 1426 2028 Amos?
1452 1973 1519 2028 Et
1541 1975 1650 2029 dixi
1681 1993 1693 2029 :
1722 1974 1960 2030 Trullam
1986 1993 2090 2032 cae-

514 2059 788 2115 mentarii.
834 2060 901 2114 Et
926 2061 1062 2115 dixit
1098 2062 1356 2118 Dominus
1388 2082 1401 2118 :
1429 2063 1567 2119 Ecce
1593 2080 1693 2136 ego
1722 2081 1917 2135 ponam
1951 2068 2091 2122 trul-

514 2149 623 2204 lam
654 2151 709 2205 iu
740 2153 918 2229 medio
948 2152 1130 2223 populi
1175 2157 1279 2210 mei
1315 2155 1505 2222 lsrael,
1542 2173 1647 2212 non
1675 2158 1922 2228 adjiciam
1950 2160 2089 2216 ultra

514 2241 939 2310 superinducere
958 2258 1103 2309 eum,
1130 2254 1186 2300 et
1220 2246 1578 2302 demolientur
1614 2250 1825 2305 excelsa
1858 2251 2003 2315 idoli,
2034 2261 2091 2306 et

512 2333 971 2395 sanctiﬁcationes
991 2334 1152 2390 lsrael
1169 2337 1569 2402 desolabuntur,
1586 2349 1640 2393 et
1661 2356 1978 2411 consurgant
2000 2358 2091 2397 su-

509 2438 610 2494 per
633 2427 849 2480 domum
878 2426 1162 2483 Jeroboam
1193 2428 1245 2482 in
1272 2429 1470 2499 gladio.
1501 2451 1520 2484 »
1548 2430 1727 2486 Trulla
1758 2434 2087 2489 ctemeutarii

507 2517 777 2589 signiﬁcat
819 2518 1031 2575 Domini
1079 2522 1499 2590 protectionem,
1545 2538 1707 2593 quam
1752 2523 1948 2597 populo
1990 2538 2089 2579 suo

509 2609 697 2676 lsrael,
729 2612 881 2689 quasi
908 2627 938 2666 a
964 2613 1132 2683 priori
1167 2612 1395 2669 aediﬁcio
1421 2614 1661 2669 abstulit.
1699 2615 1934 2670 Adamas
1961 2631 2088 2673 vero

506 2700 646 2770 lapis
669 2702 990 2757 durissimus
1008 2712 1063 2759 et
1084 2703 1425 2758 indomabilis
1447 2712 1609 2774 atque
1629 2706 1935 2771 indecorus,
1958 2722 2091 2775 prae-

511 2792 711 2861 ﬁgurat
756 2790 1041 2847 Dominum
1071 2801 1233 2862 atque
1264 2792 1600 2849 Salvatorem
1637 2804 1910 2857 nostrum,
1947 2815 1964 2845 ι
1996 2796 2088 2864 qui

508 2899 633 2938 cum
663 2884 716 2937 in
745 2882 917 2938 forma
944 2884 1038 2938 Dei
1066 2892 1241 2950 esset,
1276 2901 1382 2940 non
1412 2887 1657 2955 rapinam
1682 2888 1976 2942 arbitratus
2006 2897 2091 2942 est

509 2992 631 3033 esse
650 2992 709 3032 se
728 2976 988 3048 aequalem
1018 2978 1151 3043 Deo,
1175 2980 1267 3033 sed
1291 2981 1637 3051 semetipsum
1659 2983 1953 3038 exinanivit
1980 2982 2089 3039 for-

509 3084 653 3125 mam
687 3068 831 3124 servi
877 3069 1167 3138 accipiens.
1209 3091 1228 3123 ι
1260 3068 1358 3125 llic
1383 3080 1488 3125 stat
1518 3086 1681 3140 super
1718 3087 1930 3127 murum
1961 3072 2087 3133 ada-

507 3158 827 3224 mantiuum,
860 3158 962 3215 hoc
986 3167 1070 3216 est
1093 3175 1255 3232 super
1282 3160 1650 3239 incorruptum
1675 3161 1931 3221 Ecclesiae
1954 3163 2087 3225 redi-

503 3252 711 3308 licium.

587 3364 607 3396 ί
647 3343 716 3399 Et
750 3344 898 3399 misit
925 3345 1170 3402 Amasias
1195 3348 1447 3402 sacerdos
1468 3347 1655 3403 Bethel
1694 3348 1761 3402 ad
1798 3345 2087 3402 Jeroboam

504 3447 692 3502 regem
720 3431 914 3497 lsrael.
951 3434 1135 3489 dicens
1160 3450 1174 3485 :
1210 3433 1510 3489 Rebellavit
1538 3443 1723 3489 contra
1756 3443 1809 3489 te
1838 3434 2005 3490 Amos
2031 3437 2087 3489 in

508 3525 689 3582 medio
714 3524 908 3581 domus
934 3525 1116 3589 lsrael,
1145 3541 1249 3580 non
1280 3527 1477 3596 poterit
1505 3535 1649 3582 terra
1680 3529 1950 3583 sustinere
1976 3527 2088 3583 uni—

504 3630 694 3670 versos
742 3629 1019 3670 sermones
1056 3615 1190 3684 ejus.
1235 3615 1360 3672 Haec
1404 3618 1547 3672 enim
1589 3618 1720 3673 dicit
1762 3618 1930 3673 Amos
1967 3636 1981 3672 :
2028 3618 2085 3673 in

505 3705 689 3776 gladio
717 3705 978 3760 morietur
1003 3705 1310 3772 Jeroboam,
1341 3716 1397 3763 et
1419 3708 1585 3765 lsrael
1613 3710 1858 3783 captivus
1884 3711 2084 3782 migra-

504 3798 588 3854 bit
623 3797 690 3855 de
737 3796 878 3852 te‘rra
912 3812 1029 3853 sua.
1063 3798 1129 3855 Et
1169 3798 1306 3856 dixit
1345 3799 1595 3855 Amasias
1636 3800 1703 3855 ad
1743 3800 1908 3859 Amos
1938 3818 1952 3854 :
1983 3800 2085 3868 Qui

503 3886 676 3953 vides,
707 3887 957 3958 gradere,
991 3885 1113 3957 fuge
1156 3888 1210 3941 in
1259 3898 1460 3944 terram
1485 3888 1646 3953 Juda,
1672 3898 1726 3945 et
1758 3889 1979 3944 comede
2011 3888 2083 3945 ibi

504 3992 722 4049 panem,
749 3985 806 4031 et
830 3978 903 4033 ibi
930 3978 1296 4048 praphetabis,
1329 3988 1384 4033 et
1412 3979 1465 4032 in
1496 3979 1680 4033 Bethel
1717 3995 1823 4036 non
1864 3978 2085 4051 adjicies

503 4067 640 4123 ultra
671 4076 729 4121 ut
758 4069 1068 4139 prophetes,
1114 4071 1240 4139 quia
1287 4069 1641 4125 sanctiﬁcatio
1680 4070 1821 4139 regis
1862 4078 1979 4135 est,
2027 4077 2083 4125 et

501 4161 693 4217 domus
720 4161 871 4230 regni
912 4169 1017 4215 est.
1057 4181 1076 4213 ι
1105 4162 1295 4219 Omnia
1340 4178 1457 4231 qua:
1491 4162 1558 4216 de
1584 4161 1804 4217 Amasia
1836 4170 1892 4217 et
1924 4160 2110 4218 πει-ον·

501 4251 663 4305 boam
688 4257 745 4302 et
766 4249 928 4304 lsrael
954 4251 1006 4304 iu
1034 4251 1137 4305 hac
1159 4252 1435 4319 prophetia
1464 4252 1826 4316 continentur,
1851 4252 2082 4323 tropolo-

499 4339 620 4408 gice
654 4339 723 4392 ad
750 4339 1033 4393 haereticos
1061 4340 1434 4395 transferenda
1464 4350 1606 4403 sunt,
1639 4333 1868 4412 quorum
1900 4358 2081 4398 sacer-

500 4429 601 4483 dos
644 4427 894 4483 Amasias
921 4427 1061 4486 solet
1098 4428 1387 4498 aliquando
1428 4430 1644 4484 mittere
1687 4430 1753 4486 ad
1793 4430 2077 4489 Jeroboam

500 4532 680 4589 regem
704 4518 1082 4577 haereticorum
1109 4530 1269 4590 atque
1289 4528 1594 4591 patronum,
1619 4530 1674 4576 et
1694 4532 1909 4579 sanctos
1933 4525 2076 4582 viros

500 4621 565 4661 ac
614 4622 891 4677 prtecones
939 4608 1061 4664 ﬁdei
1112 4625 1366 4667 accusare
1408 4612 1548 4681 apud
1592 4627 1752 4677 eum,
1795 4621 1850 4667 et
1878 4612 2073 4681 jubere

498 4699 811 4755 doctoribus
844 4715 911 4756 ue
938 4701 1230 4770 pricdicent
1268 4703 1321 4756 in
1366 4703 1566 4768 Israel,
1598 4719 1667 4760 ne
1707 4714 1894 4761 contra
1932 4708 2073 4778 regis

498 4790 700 4849 faciant
724 4792 1049 4847 voluntatem
1076 4794 1239 4864 :quia
1260 4794 1466 4860 Bethel,
1495 4796 1597 4850 hoc
1626 4804 1709 4855 est
1735 4798 1925 4851 domus
1957 4798 2070 4865 Dei,

496 4869 554 4935 et
597 4879 729 4935 falsa
775 4882 1014 4938 Ecclesia
1062 4884 1419 4941 sanctiﬁcatio
1469 4887 1613 4957 regis
1657 4889 1729 4942 sit
1777 4897 1834 4944 et
1882 4888 2075 4948 domus

498 4968 671 5038 regni.
702 4967 888 5025 Solent
915 4972 1057 5027 enim
1082 4972 1300 5028 dicere:
1329 4974 1625 5045 Imperator
1652 4976 1807 5033 nobis
1832 4992 2076 5032 commu-

493 5062 667 5129 nicat,
698 5071 753 5118 et
775 5064 823 5119 si
868 5064 990 5137 quis
1030 5066 1081 5121 ei
1125 5067 1414 5135 restiterit,
1462 5069 1643 5123 statim
1688 5069 2071 5127 calumniatur.

734 5177 763 5184 ε

2190 1973 2525 2046 signiﬁcasse
2553 1980 2829 2044 astruunt.

2265 2083 2285 2116 ς
2320 2064 2388 2118 Et
2431 2080 2574 2119 nunc
2619 2064 2744 2119 audi
2796 2064 3023 2119 verbum
3059 2062 3273 2119 Domini
3307 2080 3323 2115 :
3354 2061 3434 2116 Tu
3473 2060 3635 2126 dicis,
3666 2076 3788 2116 non

2187 2157 2536 2229 prophetabis
2564 2172 2726 2228 super
2752 2157 2914 2211 lsrael
2934 2197 2949 2223 ,
2981 2165 3038 2212 et
3069 2172 3175 2211 non
3209 2153 3441 2209 stillabis
3468 2167 3636 2222 super
3679 2153 3787 2207 do-

2188 2264 2336 2305 mum
2369 2247 2529 2314 idoli;
2561 2257 2783 2317 propter
2813 2247 2917 2301 hoc
2951 2246 3065 2301 haec
3108 2245 3240 2300 dicit
3280 2244 3546 2298 Dominus
3585 2244 3736 2297 Deus
3762 2259 3780 2295 :

2190 2341 2340 2397 Uxor
2369 2349 2459 2395 tua
2485 2341 2539 2394 in
2570 2340 2787 2394 civitate
2829 2338 3208 2401 fornicabitur,
3238 2346 3294 2391 et
3328 2335 3423 2390 ﬁlii
3459 2335 3535 2389 tui
3566 2344 3623 2391 et
3650 2334 3785 2391 ﬁlia

2191 2442 2296 2488 tuae
2323 2432 2378 2486 in
2412 2431 2589 2501 gladio
2626 2432 2843 2495 cadent,
2874 2438 2931 2485 et
2958 2430 3155 2485 humus
3193 2437 3282 2483 tua
3312 2427 3550 2482 funiculo
3578 2427 3781 2480 metie-

2192 2532 2297 2589 tur,
2326 2533 2380 2579 et
2402 2535 2458 2578 tu
2485 2524 2538 2577 in
2569 2532 2710 2577 terra
2735 2521 2939 2593 polluta
2962 2510 3233 2583 rti‘orieris,
3256 2527 3312 2574 et
3334 2518 3500 2574 lsrael
3526 2517 3784 2587 captivus

2188 2612 2442 2686 migrabit
2489 2612 2554 2666 de
2597 2620 2739 2666 terra
2785 2627 2901 2666 sua.
2949 2630 2969 2662 ο
3016 2609 3127 2664 Hoc
3172 2620 3257 2664 est
3302 2609 3446 2677 quod
3495 2606 3780 2677 apostolos

2191 2706 2471 2775 Scriptura
2504 2686 2697 2760 fecisse
2722 2710 3135 2765 commemorat;
3165 2697 3382 2770 quando
3411 2697 3782 2752 denuntiave-

2188 2805 2315 2853 runt
2347 2796 2426 2851 eis
2451 2795 2645 2850 scriba:
2672 2803 2726 2849 et
2749 2793 3032 2859 Phariszei,
3061 2807 3127 2846 ne
3157 2792 3415 2846 docerent
3455 2790 3510 2843 in
3554 2788 3781 2843 nomine

2188 2886 2338 2949 Iesu,
2370 2894 2425 2939 et
2450 2884 2525 2939 illi
2554 2884 2950 2954 responderunt
2977 2881 3222 2937 dicentes
3246 2919 3261 2932 .
3299 2896 3318 2929 c
3347 2876 3580 2933 Obedire
3606 2891 3778 2945 opor-

2192 2984 2267 3034 tet
2294 2976 2402 3031 Deo
2430 2973 2601 3043 magis
2626 2988 2790 3043 quam
2819 2970 3161 3032 hominibus,
3196 2988 3214 3020 ›
3243 2965 3386 3041 quod
3433 2964 3594 3019 etiam
3641 2977 3780 3033 pro-

2188 3068 2407 3140 phetam
2431 3065 2596 3119 Amos
2625 3062 2819 3117 fecisse
2839 3060 3236 3132 cognoscimus.
3264 3056 3512 3114 Amasias
3532 3069 3777 3124 quoque,

2191 3156 2283 3227 qui
2314 3169 2457 3209 nunc
2488 3153 2750 3223 gloriatur
2786 3151 2839 3205 in
2870 3148 3157 3204 sacerdotii
3189 3154 3471 3217 potestate,
3505 3143 3782 3198 moriatur

2115 3222 2160 3283 (ἶ
2191 3222 2245 3311 in
2270 3257 2414 3302 terra
2449 3222 2569 3315 quae
2596 3243 2796 3314 polluta
2822 3249 2904 3296 est
2932 3239 3109 3302 idolis,
3136 3247 3191 3291 et
3221 3253 3326 3293 non
3353 3243 3473 3289 ante
3500 3233 3781 3288 moriatur

2189 3339 2294 3395 nisi
2349 3335 2604 3409 populum
2660 3348 2818 3403 quem
2875 3332 3162 3399 deceperat
3214 3326 3537 3382 servientem
3590 3323 3782 3377 videat

2188 3442 2351 3503 atque
2377 3428 2668 3500 captivum.
2692 3424 2968 3485 Amasias,
2993 3420 3085 3491 qui
3117 3421 3504 3487 interpretatur
3529 3414 3778 3467 robustus

2188 3540 2253 3595 ac
2282 3523 2501 3594 rigidus.
2533 3534 2599 3575 eo
2639 3517 2781 3587 quod
2813 3513 3027 3570 rebellis
3054 3513 3123 3568 sit
3146 3519 3202 3565 et
3228 3509 3403 3575 ferox,
3428 3506 3775 3563 et-ecrlesiao

2188 3614 2385 3670 sticum
2408 3612 2583 3666 virum
2614 3616 2670 3663 et
2695 3622 2823 3661 vere
2861 3604 3177 3675 prophetam
3208 3608 3354 3654 vetet
3393 3599 3489 3653 Dei
3527 3595 3776 3668 proferre

2187 3718 2517 3766 sermonem,
2542 3709 2598 3756 et
2616 3707 2887 3754 errantem
2917 3694 3168 3767 populum
3191 3692 3484 3762 corrigere,
3512 3703 3776 3759 arrogan-

2190 3798 2317 3854 tiam
2379 3793 2756 3850 haereticorum
2813 3787 3165 3861 praetendisse
3221 3799 3327 3838 non
3388 3781 3609 3836 dubium
3663 3788 3769 3834 est.

2185 3886 2387 3945 Horum
2421 3882 2801 3938 haereticorum
2840 3892 2997 3941 uxor,
3046 3876 3148 3929 hoc
3194 3880 3278 3928 est
3326 3870 3459 3924 falsa
3503 3868 3770 3930 Ecclesia,

2186 3976 2392 4047 patebit
2429 3971 2681 4028 omnibus
2706 3969 2951 4025 ﬁdelibus
2979 3981 3098 4022 esse
3123 3964 3275 4035 plebs
3301 3961 3566 4025 adultera,
3593 3968 3649 4014 et
3673 3958 3770 4013 ﬁlii

2184 4069 2302 4140 ejus
2343 4082 2407 4122 ac
2445 4065 2565 4119 ﬁlia:
2592 4078 2727 4133 quas
2756 4062 2896 4116 male
2931 4057 3235 4129 genuerunt
3274 4057 3327 4110 in
3363 4069 3627 4117 errorem,
3659 4051 3771 4106 Do-

2182 4158 2316 4214 mini
2354 4155 2722 4225 indignatione
2746 4152 2829 4207 vel
2852 4159 2997 4205 certe
3024 4150 3238 4219 propria
3268 4147 3545 4217 impietate
3569 4143 3773 4199 ferian-

2183 4257 2293 4302 tur.
2328 4245 2533 4299 Humus
2557 4257 2771 4316 quoque
2800 4241 2940 4296 illius
2977 4248 3033 4295 et
3077 4240 3327 4293 universa
3357 4234 3631 4307 possessio
3657 4234 3769 4289 erit

2180 4354 2309 4412 pars
2337 4338 2666 4402 daemonum,
2709 4347 2764 4390 et
2792 4335 2889 4406 ipsi
2917 4335 3214 4387 morientur
3259 4331 3315 4385 in
3352 4340 3500 4385 terra
3539 4328 3763 4400 polluta,

2181 4444 2305 4500 qua:
2334 4428 2695 4484 habitatorem
2727 4427 2890 4481 Deum
2921 4440 3025 4479 non
3055 4423 3233 4479 habet.

2755 4538 2980 4596 CAPUT
3020 4538 3154 4595 Vill.

2254 4660 2277 4694 ι
2308 4641 2432 4697 Haec
2465 4641 2703 4697 ostendit
2729 4640 2860 4695 mihi
2888 4639 3147 4694 Dominus
3171 4638 3333 4700 Deus,
3375 4644 3430 4689 et
3452 4647 3582 4691 ecce
3609 4632 3767 4687 unci-

2174 4748 2280 4790 nus
2325 4746 2627 4801 pontorum.
2670 4731 2739 4785 Et
2782 4729 2920 4784 dixit
2965 4728 3260 4792 Dominus,
3302 4725 3443 4793 Quid
3489 4731 3550 4778 tu
3592 4723 3766 4797 vides,

2173 4820 2388 4875 Amos?
2416 4828 2471 4872 et
2500 4819 2632 4884 dixi,
2663 4817 2927 4873 Uncinum
2947 4831 3251 4887 pomorum.
3288 4834 3308 4867 ι

3261 4940 3449 4997 norunt
3468 4923 3623 4997 ῃορἱε
3650 4922 3770 4992 qui—

2248 4929 2390 5001 (Hoc
2412 4931 2466 5004 in
2494 4930 2607 5004 loco
2634 4929 2951 5004 exemplaria
2981 4929 3179 5004 omnia,
3197 4940 3450 5004 ﬂuerent
3468 4934 3550 5004 .an

3242 5010 3501 5066 aymoms,
3531 5009 3589 5047 tn
3614 5009 3767 5063 capp.

2175 4997 2297 5054 dein
2321 5000 2617 5140 c‘opia)[utt,
2666 4997 2963 5054 desiderant
2999 4997 3151 5052 verba

2176 5084 2274 5124 vttt
2313 5086 2340 5122 e
2393 5085 2466 5123 rx.

2176 5084 2274 5124 γιιι
2313 5084 2361 5122 ει
2393 5085 2466 5123 η.

516 5200 3762 5229 _———————_——F———————_————_——————_

1468 5327 1579 5406 IN
1640 5325 2032 5405 ABDIAM
2109 5322 2763 5404 PBOPHETAM.

561 5602 787 5657 Abdiam
840 5606 1158 5674 prophetam
1210 5621 1329 5662 esse
1378 5607 1529 5663 aiunt
1576 5606 1806 5674 Hebraei,
1854 5609 1943 5679 qui
1971 5575 2135 5665 sub:

495 5706 622 5763 rege
651 5691 910 5749 Samaria;
956 5694 1142 5751 Achab
1185 5705 1240 5751 et
1267 5696 1584 5767 impiissima
1626 5699 1810 5769 regina
1834 5698 2069 5763 Jezabel,

495 5785 639 5860 pavit
671 5795 884 5841 erutum
912 5788 1205 5857 prophetas
1234 5789 1286 5844 in
1314 5791 1599 5860 specubus,
1630 5792 1718 5862 qui
1749 5808 1855 5849 non
1885 5808 2073 5850 curva-

2175 5616 2368 5664 verunt
2387 5621 2562 5679 genua
2585 5604 2735 5669 Baal,
2783 5611 2836 5658 et
2861 5603 2927 5659 de
2955 5610 3159 5673 septem
3192 5602 3427 5657 millibus
3445 5611 3602 5657 erant
3627 5618 3769 5672 quos

2176 5699 2320 5754 Elias
2347 5696 2594 5767 arguitur
2634 5695 2937 5766 ignorasse,
2986 5693 3399 5764 sepulcrumque
3431 5693 3548 5763 ejus
3597 5710 3771 5763 usque

2177 5791 2336 5848 hodie
2360 5804 2484 5846 cum
2516 5786 2788 5843 mausoleo
2819 5785 2981 5843 Elisci
3018 5785 3290 5857 propheta:
3332 5793 3387 5841 et
3413 5784 3637 5842 Joannis
3665 5785 3765 5847 Ba.
