4022 6436
241 401 336 458 ῆι

1207 380 1612 440 ENARRATIO
1646 379 1714 435 1N
1753 359 2009 434 ABDlAM
2043 380 2483 439 moramur.

3407 383 3510 437 £22

239 513 416 586 ptista:
443 507 498 560 in
531 503 776 565 Sebaste,
807 516 928 570 quae
947 499 1077 554 olim
1102 497 1348 552 Samaria
1371 495 1675 555 dicebatur,
1699 506 1820 545 cum
1851 499 1899 552 Α
1925 489 2339 560 Cutnparatione
2362 497 2505 548 enim
2543 503 2861 548 exterarum
2910 492 3146 562 gentium
3197 506 3251 544 tn
3279 492 3509 546 circuitu

239 616 435 673 magna
468 596 818 652 veneratione
862 593 1111 648 habetur.
1156 590 1378 658 Legitur
1433 587 1558 656 quia
1609 595 1825 640 centum

239 693 532 766 prophetas
579 694 838 755 paverat,
873 683 1079 752 accepit
1123 680 1372 749 spiritum
1401 675 1728 747 prophetiae,
1773 681 1829 726 et

241 788 308 840 de
343 784 478 836 duce
509 777 779 833 exercitus
823 775 883 828 fit
911 774 1017 827 dux
1047 771 1322 834 Ecclesizc,
1359 777 1412 822 et
1443 767 1716 836 impletum
1746 774 1829 820 est

243 877 298 930 in
332 873 421 927 illo
453 870 595 940 quod
618 867 878 921 Dominus
907 865 984 919 ait
1008 884 1020 918 ;
1045 883 1063 913 ‹
1093 863 1193 929 Qui
1219 861 1410 930 recipit
1436 861 1749 928 praphetam
1773 859 1827 911 in

244 964 462 1020 nomine
508 959 780 1029 pr0pheta:
804 997 818 1021 ,
874 955 1176 1009 mercedem
1225 952 1498 1022 prophetae
1527 950 1774 1019 accipiet.
1803 970 1822 1001 ι

244 1054 400 1110 Tunc
429 1053 481 1104 in
512 1049 756 1103 Samaria
803 1062 1028 1117 parvum
1061 1061 1277 1116 gregem
1308 1051 1551 1114 paverat,
1601 1057 1744 1097 nunc
1773 1041 1827 1096 in

249 1152 364 1198 toto
384 1141 516 1198 orbe
545 1140 748 1195 Christi
779 1139 954 1208 pascit
977 1137 1291 1192 Ecclesiam.

765 1270 990 1326 CAPUT
1029 1269 1319 1324 PRIMUM.

324 1433 342 1464 ε
379 1411 528 1467 Visio
555 1408 761 1464 Ahdiae.
794 1427 814 1459 ι
866 1405 1052 1462 Potest
1085 1406 1249 1475 qumri
1304 1420 1403 1460 cur
1440 1405 1649 1460 dicatur
1693 1402 1830 1457 visio

245 1505 452 1564 Abdite,
498 1518 618 1557 cum
663 1516 766 1554 non
799 1500 1038 1569 legamus
1082 1497 1135 1552 in
1179 1498 1526 1568 sequentibus
1555 1496 1697 1565 quod
1731 1495 1830 1549 ali-

247 1596 375 1666 quid
406 1594 616 1657 viderit,
647 1593 738 1646 sed
770 1591 1016 1646 audierit.
1056 1589 1345 1644 Sciendum
1367 1597 1545 1642 autem
1569 1587 1832 1641 visionem

247 1686 338 1740 bie
367 1699 461 1751 pro
491 1682 763 1736 intellectu
795 1683 943 1750 poni,
977 1681 1103 1750 quia
1128 1679 1268 1748 quod
1293 1678 1516 1742 audivit,
1547 1677 1702 1740 vidit,
1729 1677 1834 1732 hoc

249 1784 333 1829 est
373 1773 637 1827 intellexit
689 1788 840 1827 more
886 1772 1289 1842 prophetarum.
1328 1770 1465 1825 Sunt
1503 1780 1680 1824 autem
1729 1769 1834 1823 tria

1925 593 2023 632 suo
2071 581 2428 636 habitantium
2459 585 2711 652 parvulus
2766 592 2918 648 erat,
2957 581 3050 636 sed
3105 582 3160 636 in
3199 581 3507 649 superbiam

1926 669 2250 732 elevabatur,
2289 689 2411 726 eum
2441 683 2584 727 esset
2623 673 3042 743 contemptibilis
3068 713 3083 737 ,
3133 673 3187 726 id
3227 680 3312 726 est
3357 672 3510 727 valde

1927 761 2286 830 despicabilis.
2332 763 2376 818 0
2407 765 2598 828 Edom,
2626 765 2830 832 inquit,
2878 780 3002 819 cum
3033 765 3284 818 minimus
3323 765 3399 818 sis
3429 764 3510 816 in-

1929 859 2010 904 ter
2034 867 2222 906 omnes
2257 854 2308 906 in
2345 854 2575 908 circuitu
2626 853 2876 907 nationes
2899 895 2914 919 ,
2961 864 3015 908 et
3044 855 3111 907 ad
3149 854 3510 925 comparatio-

1929 956 2050 995 nem
2089 943 2327 1012 gentium
2369 953 2688 997 exterarum
2737 957 2934 1011 parvus
2970 944 3022 996 iu
3072 935 3318 1008 numero,
3373 943 3512 996 ultra

1927 1032 2071 1086 vires
2094 1033 2319 1102 erigeris
2348 1034 2399 1087 iu
2427 1034 2758 1102 superbiam.
2793 1033 2946 1087 Unde
2979 1044 3224 1101 sequtur
3258 1054 3270 1088 :

2005 1139 2023 1173 ι
2046 1121 2306 1191 Superbia
2329 1124 2506 1177 cordis
2531 1124 2604 1177 tui
2630 1123 2822 1176 extulit
2843 1132 2912 1186 te,
2939 1123 3270 1177 habitantem
3301 1125 3353 1177 in
3379 1124 3516 1178 scis-

1930 1211 2072 1266 suris
2101 1222 2286 1281 petrze,
2340 1214 2666 1268 exaltautem
2715 1213 2906 1268 solium
2943 1221 3129 1266 tuum:
3161 1213 3251 1280 qui
3283 1212 3420 1266 dicis
3460 1213 3516 1266 in

1929 1304 2092 1358 corde
2120 1314 2228 1358 tuo.
2272 1325 2290 1356 ι
2323 1305 2490 1359 Terra
2522 1305 2875 1358 ldumaeorum
2899 1304 2953 1357 in
2976 1303 3196 1356 australi
3221 1313 3372 1372 parte
3396 1313 3518 1358 erat

1931 1394 2056 1458 sita,
2089 1394 2314 1464 ideoque
2335 1396 2408 1448 ob
2455 1395 2679 1448 nimium
2707 1393 2836 1448 solis
2867 1393 3128 1456 calorem,
3179 1393 3232 1446 in
3269 1393 3518 1447 cavernis

1933 1492 2088 1538 terrae
2114 1493 2206 1538 aut
2233 1495 2400 1553 petra:
2425 1486 2756 1540 habitabant.
2796 1485 2860 1538 Et
2889 1492 2974 1538 est
3001 1498 3192 1538 sensus
3219 1501 3230 1535 :
3264 1482 3398 1536 Cum
3425 1483 3518 1536 ha-

1932 1574 2072 1629 bites
2095 1576 2146 1629 in
2175 1576 2467 1644 speluncis,
2498 1577 2668 1631 autin
2701 1575 2948 1631 cavernis
2983 1585 3257 1644 petrarum
3301 1573 3521 1628 humilis

1933 1676 2094 1735 atque
2115 1668 2509 1738 pauperrimus,
2537 1676 2592 1723 et
2615 1668 2828 1723 excelsa
2853 1666 3202 1721 aedificiorum
3239 1675 3378 1720 teeta
3410 1681 3521 1720 non

1935 1755 2198 1824 possides,
2222 1756 2292 1811 ob
2317 1757 2539 1811 nimiam
2567 1757 2748 1811 cordis
2774 1756 3053 1820 duritiam,
3077 1755 3160 1810 vel
3189 1755 3520 1825 superbiam,

251 1881 452 1936 genera
495 1866 764 1919 visionum
796 1884 808 1917 :
852 1881 956 1918 una
987 1873 1070 1918 est
1097 1863 1409 1932 corporalis,
1448 1863 1587 1916 sicut
1613 1863 1665 1916 in
1705 1862 1831 1931 lapi-

1939 1846 2132 1901 solium
2163 1854 2312 1900 tuum
2356 1847 2440 1901 vel
2472 1863 2693 1918 regnum
2737 1855 2886 1900 tuum
2917 1886 2932 1912 ,
2970 1847 3125 1915 quasi
3179 1847 3522 1915 omnipotens

249 1956 446 2019 dibus;
501 1954 814 2024 spiritualis,
861 1955 1002 2008 sicut
1046 1954 1096 2006 in
1146 1953 1348 2007 somnis
1382 1952 1625 2006 videmus
1669 1967 1837 2020 equos

250 2061 495 2109 currere,
530 2045 769 2098 homines
801 2044 1040 2108 bellare;
1102 2043 1492 2106 intellectualis,
1535 2059 1639 2112 qua
1671 2043 1836 2099 locuti

254 2150 381 2192 sunt
413 2138 583 2193 sancti
607 2137 896 2206 prophetae.
948 2135 1323 2206 lntelligehant
1362 2136 1505 2191 enim
1537 2136 1834 2204 spirituali-

252 2237 336 2282 ter
386 2228 644 2296 quidquid
709 2227 1084 2296 loquebantur.
1137 2244 1154 2276 ι
1209 2225 1332 2280 Ηωε
1400 2226 1528 2280 dicit
1579 2227 1836 2282 Dominus

248 2318 391 2372 Deus
417 2319 482 2371 ad
507 2318 695 2372 Edom.
720 2339 738 2369 ι
777 2319 940 2372 Edoni
980 2319 1094 2385 ipse
1122 2326 1206 2371 est
1234 2318 1372 2371 Esau
1396 2326 1447 2372 et
1479 2317 1617 2382 Seir,
1651 2319 1839 2372 simili-

250 2419 332 2463 ter
358 2409 502 2477 regio
534 2409 674 2462 illius
698 2409 868 2462 tribus
895 2408 1200 2462 nominibus
1246 2417 1602 2478 nuncupatur.
1653 2408 1837 2464 Dictus

245 2507 331 2552 est
361 2499 504 2551 enim
538 2497 700 2562 Esau,
744 2499 812 2552 ab
856 2513 948 2552 esu
982 2497 1178 2562 lentis,
1225 2499 1350 2568 quia
1397 2509 1616 2569 propter
1655 2497 1835 2554 rufum

245 2587 514 2642 lenticula:
543 2589 721 2642 cibum
775 2589 1015 2642 vendidit
1041 2589 1415 2658 primogenita.
1461 2589 1595 2642 Nam
1642 2591 1833 2656 Edom,

246 2676 399 2743 rufus
439 2676 842 2744 interpretatur.
898 2676 1106 2730 Dicitur
1130 2685 1185 2730 et
1231 2676 1374 2741 Seir,
1409 2677 1461 2730 id
1490 2689 1573 2732 est
1610 2678 1831 2747 pilosus,

244 2768 375 2836 quia
423 2768 664 2834 hispidus
701 2775 836 2820 erat.
893 2766 1060 2836 Regio
1111 2782 1324 2836 quoque
1370 2767 1514 2820 illius
1556 2768 1701 2822 dicta
1748 2777 1834 2822 est

241 2855 500 2917 lduutaea,
525 2864 580 2907 et
602 2855 756 2919 Seir,
785 2863 840 2907 et
867 2855 1088 2907 Teman.
1141 2855 1274 2909 llinc
1303 2871 1398 2924 per
1422 2856 1586 2910 Amos
1615 2857 1832 2922 dicitur,

248 2969 265 3000 ι
291 2948 469 3016 Super
486 2948 654 3001 tribus
674 2947 966 3000 sceleribus
989 2947 1216 3000 filiorum
1237 2948 1426 3012 Edom,
1443 2959 1495 3002 et
1516 2964 1677 3017 super
1701 2965 1835 3017 qua-

243 3050 371 3095 tuor
393 3057 496 3092 non
521 3052 828 3093 convertam
853 3054 1005 3103 eum;
1031 3059 1048 3088 ι
1069 3047 1121 3092 et
1143 3038 1464 3106 perlsaiatu,
1487 3059 1503 3088 ι
1525 3039 1602 3092 Ad
1626 3055 1709 3093 me
1729 3039 1834 3094 ela-

241 3143 363 3188 nat
392 3131 532 3197 Seir,
568 3141 749 3185 custos
784 3131 911 3200 quid
939 3130 1005 3184 de
1039 3130 1232 3183 nocte?
1271 3150 1288 3180 ι
1319 3138 1372 3182 et
1405 3144 1500 3198 per
1518 3127 1829 3192 Jeremiam,

245 3243 265 3276 ι
306 3222 556 3291 Nunquid
589 3238 691 3276 non
719 3197 966 3275 estVultra
989 3219 1253 3288 sapientia
1286 3219 1338 3272 iu
1363 3197 1582 3280 Tetnan,
1617 3239 1635 3270 ι
1667 3227 1723 3272 et
1750 3231 1835 3271 re-
1861 3197 1907 3261 (ἶ

240 3315 396 3384 liqua
424 3329 592 3383 usque
616 3314 667 3366 in
701 3313 862 3365 linem
893 3311 1206 3380 prophetiae.
1238 3310 1442 3364 Contra
1486 3309 1622 3363 filios
1654 3310 1836 3378 itaque

239 3406 418 3460 Edoni
446 3404 648 3458 inimici
684 3413 840 3457 erant
865 3403 957 3455 filii
989 3402 1183 3466 Israel,
1216 3402 1354 3456 sicut
1382 3402 1511 3455 olim
1543 3401 1719 3455 fuerat
1745 3417 1838 3470 pa-

238 3504 333 3550 ter
360 3494 570 3548 illorum
621 3493 774 3547 fratri
827 3509 924 3547 suo
972 3491 1158 3546 Jacob.
1210 3492 1472 3561 Loquitur
1525 3492 1831 3561 Propheta:

244 3604 265 3637 ι
304 3584 561 3638 Auditum
588 3584 892 3636 audivimus
926 3582 1220 3646 aDomino,
1259 3593 1312 3636 et
1343 3582 1574 3650 legatum
1596 3583 1661 3635 ad
1701 3598 1833 3650 gen-

240 3685 334 3731 tes
377 3675 522 3728 misit
552 3695 570 3726 i
601 3674 783 3745 Jungit
809 3691 868 3729 se
897 3675 1107 3728 caeteris
1134 3675 1430 3744 prophetis,
1469 3676 1559 3744 qui
1588 3676 1835 3743 spiritua-

237 3769 373 3822 liter
399 3768 628 3821 divinam
663 3768 989 3820 sententiam
1016 3769 1498 3820 euuntiantcontra
1521 3767 1830 3821 ldumaaam.

240 3859 514 3914 ﬂebraice
565 3859 706 3912 enim
745 3859 934 3922 Edoni,
968 3857 1154 3913 Graece
1193 3859 1422 3912 ldumzea
1465 3859 1681 3914 dicitur.
1725 3861 1836 3914 Au-

241 3954 446 4012 ditum,
499 3951 689 4018 inquit,
741 3953 1042 4006 audivimus
1070 3970 1100 4006 a
1134 3954 1380 4015 Domino.
1419 3969 1517 4024 ego
1543 3955 1747 4011 scilicet
1779 3965 1836 4011 et

242 4040 434 4096 caeteri
494 4041 768 4106 propheta:
829 4042 1033 4095 similes
1094 4045 1239 4107 mei,
1293 4046 1382 4113 qui
1431 4055 1617 4099 contra
1665 4047 1833 4100 Edom

242 4129 597 4196 scripserant.
652 4129 716 4182 Et
750 4129 983 4196 legatum
1033 4133 1098 4184 ad
1145 4143 1331 4202 gentes
1362 4137 1620 4200 missum,
1670 4137 1721 4190 id
1749 4149 1834 4192 est

238 4217 444 4272 Filium
475 4232 652 4279 sumn,
682 4218 772 4285 qui
805 4219 990 4286 utique
1017 4228 1100 4273 est
1131 4221 1366 4274 Verbum
1406 4223 1580 4276 Patris
1607 4225 1722 4288 Dei,
1753 4226 1834 4278 di-

240 4305 388 4361 rexit
410 4306 475 4357 ad
504 4303 994 4361 Nabuchodonosor
1035 4320 1090 4362 et
1124 4311 1422 4364 exercitum
1464 4313 1601 4380 ejus,
1646 4325 1702 4367 ut
1741 4330 1832 4369 ve-

240 4396 426 4452 nirent
459 4396 742 4450 adversum
797 4398 1073 4462 ldumzeos,
1126 4411 1178 4454 et
1209 4401 1544 4470 disperderet
1586 4418 1702 4457 eos.
1753 4405 1828 4460 De

239 4488 354 4542 hoc
382 4486 554 4555 legato
601 4486 855 4541 Dominus
904 4504 1000 4557 per
1045 4490 1297 4559 Aggazum
1350 4491 1602 4562 loquitur,
1661 4514 1678 4545 ι
1719 4495 1829 4550 Μο-

240 4575 386 4631 vebo
425 4592 613 4630 omnes
653 4588 872 4647 gentes,
909 4588 965 4633 et
1013 4581 1192 4634 veniet
1235 4582 1577 4639 Desideratus
1617 4589 1828 4640 cunctis

243 4668 515 4737 gentibus.
553 4688 570 4719 ι
612 4686 630 4718 t
662 4667 898 4738 Surgite,
927 4679 980 4723 et
1009 4686 1392 4740 consurgamus
1423 4675 1678 4729 adversus
1705 4692 1827 4730 eum

240 4758 300 4811 in
333 4757 595 4824 prmliutu.
632 4779 650 4809 ι
685 4759 915 4828 Legatus
941 4760 1030 4829 qui
1060 4761 1124 4814 ad
1148 4772 1334 4830 gentes
1354 4764 1550 4818 missus
1579 4774 1682 4830 est,
1716 4767 1830 4820 haec

239 4843 522 4912 loquitur:
581 4846 794 4917 Surgite
842 4848 1060 4917 (inquit)
1117 4851 1206 4919 qui
1239 4851 1505 4916 dormitis,
1559 4863 1613 4907 et
1662 4854 1828 4909 nolite

243 4951 465 5005 gravem
503 4947 662 5006 atque
692 4939 963 4994 insolitam
985 4943 1256 4996 aestimare
1286 4959 1540 5013 pugnam.
1572 4945 1654 4999 ille
1682 4947 1827 4999 enim

242 5025 518 5079 habebitis
566 5029 794 5096 primum
840 5031 892 5084 in
922 5032 1056 5086 acie.
1111 5033 1176 5086 Et
1199 5049 1296 5103 ego
1343 5035 1594 5105 princeps
1622 5045 1821 5102 vester,

197 5166 212 5177 _
241 5116 338 5185 qui
383 5115 510 5171 Jesu
541 5118 677 5174 Filio
707 5119 850 5175 Nave
895 5123 1131 5192 gladium
1168 5133 1354 5179 tenens
1391 5128 1632 5194 apparui,
1672 5129 1820 5182 ideo-

241 5223 352 5276 que
380 5224 767 5280 consurgatnus
815 5213 1072 5268 adversus
1102 5230 1224 5268 eum
1277 5215 1329 5268 in
1384 5217 1624 5284 praelium
1650 5259 1664 5281 ,
1694 5218 1820 5286 quia

240 5297 422 5352 facilis
445 5301 551 5354 erit
577 5301 817 5356 victoria.
867 5302 1130 5359 Similiter
1161 5314 1215 5360 et
1241 5304 1504 5360 Jeremias
1531 5307 1583 5360 in
1613 5307 1820 5362 visione

245 5399 438 5443 contra
468 5390 636 5446 Edom
666 5392 924 5462 loquitur,
979 5414 998 5446 ι
1032 5395 1285 5450 Auditum
1316 5397 1533 5468 (inquit)
1568 5399 1742 5452 audivi
1789 5414 1820 5453 a

243 5478 512 5544 Domino,
567 5491 622 5535 et
667 5482 874 5551 legatus
923 5485 1119 5539 missus
1164 5493 1248 5540 est
1293 5486 1360 5539 ad
1410 5495 1616 5556 gentes,
1648 5507 1666 5537 ι
1715 5497 1819 5542 etc.

325 5589 342 5620 ε
376 5571 512 5626 Ecce
537 5574 811 5640 parvulum
841 5575 959 5630 dedi
1003 5585 1056 5631 te
1081 5576 1134 5630 in
1178 5578 1426 5646 gentibus
1451 5621 1466 5632 .
1499 5580 1826 5648 contempti-

245 5661 371 5716 bilis
421 5670 476 5716 ιιι
511 5681 571 5719 es
601 5666 773 5721 valde.
804 5687 823 5718 ι
872 5666 1132 5722 Similiter
1181 5677 1236 5723 et
1259 5668 1562 5735 Jeremias,
1623 5689 1642 5721 ι
1688 5672 1827 5727 Ecce

246 5756 526 5825 parvulum
574 5759 692 5814 dedi
726 5774 794 5825 te,
827 5761 1281 5830 contemptibilem
1326 5763 1466 5819 inter
1500 5764 1765 5820 homines.
1799 5785 1818 5816 ι

1940 1939 2035 2002 sis,
2069 1937 2310 1993 exaltare
2339 1939 2562 2003 niteris,
2613 1948 2670 1992 et
2699 1939 2834 1993 dicis
2861 1939 2912 1992 in
2943 1940 3103 1992 corde
3152 1948 3244 1992 tuo
3277 1957 3289 1991 :
3328 1957 3346 1988 ε
3390 1938 3522 2004 Quis

1939 2034 2186 2088 detrahet
2218 2047 2300 2086 me
2327 2032 2380 2086 in
2419 2032 2668 2086 terram?
2703 2050 2721 2082 ι
2777 2031 2830 2085 id
2858 2039 2940 2085 est
2965 2031 3162 2085 nullus.
3218 2030 3347 2096 Quis
3376 2031 3521 2086 enim

1937 2123 2225 2192 aliquando
2251 2139 2348 2192 pro
2375 2138 2518 2187 raro,
2550 2121 2838 2191 aliquando
2873 2136 2970 2190 pro
3009 2121 3155 2175 nullo
3182 2121 3420 2190 ponitur,
3449 2121 3523 2174 si-

1937 2222 2029 2268 cut
2055 2213 2163 2277 hic,
2189 2220 2244 2267 et
2266 2212 2407 2266 sicut
2436 2211 2490 2265 in
2511 2210 2718 2280 psalmo
2745 2224 2760 2262 :
2799 2227 2817 2260 ι
2850 2209 3015 2276 Deus,
3045 2210 3166 2279 quis
3195 2209 3386 2265 similis
3416 2210 3524 2264 erit

1939 2305 2035 2360 tibi
2065 2306 2090 2358 ?
2122 2324 2142 2356 ι
2885 2347 2890 2352 .

2013 2421 2031 2451 ι
2069 2398 2126 2453 Si
2151 2398 2418 2454 exaltatus
2440 2397 2610 2454 fueris
2634 2406 2696 2452 ut
2714 2397 2914 2468 aquila,
2941 2396 3051 2451 etsi
3069 2395 3212 2450 inter
3238 2394 3410 2450 sidera
3427 2407 3524 2462 po-

1937 2493 2020 2547 nis
2047 2492 2228 2547 nidum
2258 2501 2406 2546 tuum
2431 2507 2446 2546 :
2477 2492 2602 2546 inde
2627 2492 2909 2546 detraham
2939 2498 3012 2556 te,
3035 2490 3163 2544 dicit
3191 2489 3472 2544 Dominus.
3496 2506 3517 2539 ι

1938 2585 2014 2639 Tu
2057 2583 2272 2654 (inquit)
2299 2584 2548 2652 superbia
2587 2583 2922 2646 intumescis,
2965 2590 3021 2636 et
3051 2589 3108 2635 ut
3153 2581 3351 2650 aquila,
3403 2594 3524 2649 quae

1935 2675 2215 2729 sublimius
2244 2674 2455 2728 caeteris
2482 2674 2671 2728 avibus
2704 2673 2848 2728 volat
2875 2673 2927 2726 in
2955 2671 3119 2726 altum
3138 2711 3152 2734 ,
3197 2669 3522 2734 sustolleris,

1936 2765 2010 2820 ita
2051 2773 2110 2818 ut
2131 2765 2296 2817 etiam
2326 2762 2465 2816 ultra
2491 2761 2742 2816 naturam
2773 2761 2948 2832 possis
2984 2760 3320 2814 altitudinem
3357 2774 3524 2829 pene-

1935 2865 2101 2918 trare,
2134 2863 2189 2910 et
2215 2862 2272 2908 ut
2293 2855 2455 2908 etiam
2499 2853 2640 2924 (plus
2664 2854 2862 2924 dicant)
2905 2853 3049 2908 inter
3075 2853 3252 2908 sidera
3280 2851 3525 2922 posueris

1936 2946 2118 3001 nidum
2146 2955 2318 3010 tuum,
2351 2946 2404 2999 id
2430 2953 2514 3000 est
2554 2945 2944 3006 habitaculum,
2978 2942 3104 2998 inde
3133 2952 3184 2997 te
3224 2943 3292 2996 ad
3325 2950 3524 2996 terram

1935 3035 2235 3097 detraham,
2289 3043 2349 3087 ut
2375 3033 2465 3086 illa
2511 3048 2568 3088 se
2599 3032 2780 3088 subito
2827 3047 2970 3100 saape
3002 3033 3056 3086 in
3103 3030 3328 3084 fundum
3358 3029 3524 3083 maris

1938 3120 2120 3190 dejieit
2156 3122 2222 3176 de
2249 3137 2441 3190 magna
2473 3123 2694 3176 nubium
2724 3122 3028 3193 altitudine.
3079 3120 3329 3189 Aquilam
3375 3120 3523 3174 enim

1937 3215 2146 3270 cunctis
2173 3214 2361 3268 avibus
2403 3213 2564 3268 altius
2590 3213 2793 3277 volare,
2836 3213 3000 3266 etiam
3035 3211 3090 3264 hi
3117 3211 3207 3278 qui
3233 3211 3299 3264 de
3330 3222 3523 3264 natura

1935 3307 2114 3362 avium
2141 3306 2436 3374 disputant,
2459 3304 2730 3359 memoriae
2759 3303 3131 3374 prodiderunt,
3159 3301 3401 3370 tantique
3439 3302 3522 3355 in-

1937 3401 2102 3452 tuitus
2131 3412 2252 3451 esse
2279 3397 2506 3461 dicitur,
2553 3404 2612 3449 ut
2653 3409 2776 3449 cum
2829 3409 2992 3462 super
3037 3393 3209 3447 maria
3258 3391 3522 3447 immobili

1933 3507 2107 3560 penna
2128 3489 2354 3554 feratur,
2385 3504 2484 3543 nec
2512 3490 2762 3543 humanis
2780 3487 3270 3559 pateatobtutibus,
3285 3487 3350 3541 de
3372 3497 3522 3542 tanta

1934 3581 2264 3638 sublimitate
2293 3581 2580 3651 pisciculos
2600 3581 2781 3636 videat
2808 3589 3016 3644 natare,
3050 3589 3104 3635 et
3127 3595 3246 3634 cum
3264 3579 3416 3649 juxta
3441 3579 3523 3633 lit-

1935 3684 2022 3730 tus
2051 3673 2273 3738 fuerint,
2324 3674 2579 3728 tormenti
2615 3674 2786 3728 instar
2824 3673 3171 3736 descendere,
3204 3681 3522 3741 raptamque

1933 3767 2168 3838 praedam
2199 3766 2388 3834 pennis
2413 3768 2480 3820 ad
2506 3767 2655 3821 littus
2680 3766 2984 3821 detrahere.
3030 3766 3156 3820 Haec
3183 3781 3302 3835 quze
3329 3765 3523 3819 adver-

1933 3875 2026 3914 sus
2071 3857 2237 3911 Edom
2281 3856 2656 3926 proferuntur,
2716 3857 3070 3926 spiritualiter
3115 3857 3180 3909 ad
3236 3857 3521 3912 haereticos

1934 3949 2124 4003 referri
2154 3956 2400 4017 possunt,
2441 3949 2556 4016 qui,
2585 3963 2708 4002 cum
2739 3949 2850 4003 sint
2888 3947 3094 4016 parvuli
3120 3955 3176 4000 et
3203 3947 3524 4016 contempti-

1931 4041 2093 4101 biles,
2137 4041 2190 4094 in
2236 4040 2541 4108 superbiam
2586 4049 2775 4093 contra
2824 4038 3120 4092 Ecelesiam
3166 4038 3520 4104 extolluntur,

1931 4131 2267 4184 confidentes
2298 4131 2349 4183 in
2388 4129 2769 4198 mysteriorum
2799 4128 3047 4190 secretis,
3093 4129 3288 4195 quibus
3338 4128 3524 4182 Domi-

1933 4206 2034 4273 nus
2066 4220 2324 4284 minatur,
2376 4221 2500 4288 quia
2525 4219 2569 4273 si
2594 4218 2814 4273 exaltati
2843 4217 3043 4272 fuerint
3064 4219 3295 4274 elatione
3326 4220 3524 4274 mentis

1931 4311 2000 4365 ad
2033 4310 2264 4375 caelum,
2297 4312 2420 4366 inde
2447 4311 2696 4365 detrahat
2728 4324 2841 4365 eos.

2005 4419 2023 4451 ι
2061 4400 2118 4454 Si
2148 4401 2294 4455 fures
2340 4401 2652 4455 introissent
2700 4401 2766 4454 ad
2809 4409 2880 4466 te,
2930 4401 2976 4456 si
3005 4401 3243 4457 latrones
3292 4419 3390 4473 per
3423 4417 3522 4458 no-

1931 4502 2094 4558 ctem,
2118 4493 2385 4561 quomodo
2400 4493 2786 4547 conticuisses?
2812 4513 2830 4544 ι
2855 4492 3006 4560 Quod
3020 4494 3166 4557 dicit,
3194 4495 3295 4550 hoc
3317 4503 3400 4550 est
3423 4513 3436 4550 :
3462 4495 3520 4550 Si

1933 4583 2080 4637 fures
2107 4590 2163 4636 et
2185 4581 2441 4645 latrones,
2483 4581 2576 4651 qui
2605 4581 2670 4636 de
2699 4591 2857 4636 noete
2886 4583 3074 4636 domos
3104 4583 3369 4638 suffodere
3397 4599 3522 4640 con-

1930 4682 2252 4737 sueverunt,
2289 4681 2344 4728 et
2382 4688 2572 4742 rapere
2597 4687 2717 4741 qum
2743 4673 2797 4726 in
2841 4672 3090 4727 domibus
3121 4684 3265 4737 sunt,
3297 4675 3518 4730 introis-

1930 4773 2049 4819 sent
2092 4764 2158 4818 ad
2190 4773 2262 4828 te,
2293 4771 2348 4817 et
2369 4763 2670 4818 absconditi
2715 4763 2951 4817 tenebris
2979 4763 3302 4817 circuissent
3328 4765 3520 4820 domus

1932 4867 2035 4912 tua:
2059 4853 2305 4924 angulos,
2337 4852 2606 4922 quomodo
2629 4860 2755 4906 tunc
2784 4853 3139 4907 eonticuisses
3158 4893 3172 4916 ,
3201 4854 3279 4908 sic
3318 4855 3519 4908 subau-

1931 4947 2077 5000 ditur
2129 4943 2333 4998 taeebis
2363 4983 2377 5007 ,
2428 4958 2550 4997 cum
2597 4929 2807 4996 venerit
2855 4940 3349 4997 Nabuchodonosor
3393 4959 3516 4996 eum

1897 5079 1904 5084 .
1929 5033 2214 5095 Chaldaais,
2239 5041 2294 5085 et
2313 5031 2570 5102 Assyriis,
2591 5041 2646 5085 et
2669 5031 2888 5100 reliquis
2902 5033 3170 5102 gentibus,
3188 5049 3292 5086 non
3316 5033 3518 5086 audens

1929 5127 2036 5180 illis
2087 5126 2358 5180 resistere.
2419 5125 2760 5192 Comparatio
2807 5135 2890 5180 est
2919 5126 3262 5181 dissimilium
3313 5141 3512 5180 rerum.

1933 5236 1950 5267 ι
1979 5215 2167 5270 Nonne
2212 5214 2375 5268 furati
2423 5223 2604 5268 essent
2658 5212 3028 5269 sufﬁcientiam
3083 5217 3234 5270 sibi?
3270 5235 3288 5266 ι
3337 5215 3388 5268 id
3432 5225 3516 5270 est

1925 5295 2106 5360 uenite
2133 5304 2476 5360 abstulissent
2503 5305 2761 5374 quidquid
2789 5307 3048 5375 putabant
3088 5305 3189 5360 sibi
3219 5320 3374 5374 posse
3403 5305 3515 5360 suf-

1933 5395 2135 5449 ficere?
2187 5411 2206 5444 ι
2243 5392 2300 5447 Si
2338 5392 2754 5449 vindemiatores
2794 5395 3112 5450 introissent
3155 5395 3222 5448 ad
3251 5404 3302 5450 te
3328 5437 3343 5460 ,
3376 5413 3514 5452 nun-

1933 5487 2060 5555 quid
2100 5484 2288 5539 saltem
2321 5499 2593 5538 raeemum
2624 5485 2968 5555 reliquissent
2997 5485 3135 5539 tibi?
3175 5507 3193 5538 ι
3240 5486 3292 5541 id
3318 5497 3420 5554 est,
3465 5489 3512 5544 si

1934 5576 2351 5631 vindemiatores
2386 5576 2699 5631 introissent
2721 5577 2929 5630 vineam
2967 5585 3112 5631 tuam
3132 5617 3146 5641 ,
3175 5585 3229 5632 et
3263 5594 3378 5633 eam
3411 5579 3512 5633 ho-

1937 5669 2131 5725 stiliter
2155 5676 2366 5722 vastare
2395 5676 2683 5738 cuperent,
2727 5667 2969 5737 nunquid
3006 5669 3196 5725 saltem
3237 5684 3514 5724 racemum

1939 5759 2283 5832 reliquissent
2318 5759 2457 5816 tibi?
2487 5758 2648 5826 Quasi
2675 5758 2918 5814 diceret:
2943 5757 3138 5817 Procul
3181 5761 3343 5817 dubio
3369 5760 3515 5815 face-
