4042 6338
522 354 629 411 I23
984 344 1339 406 HAYMONIS
1373 342 1857 402 HALBERS’I‘AT.
1898 341 2113 399 EPISC.
2154 339 2308 399 OPP.
2346 339 2528 397 PARS
2563 339 2609 395 I.
2644 368 2717 381 --
2750 335 3108 397 COMMENT.
3147 333 3323 392 BIBL.

521 474 662 529 rent,
694 465 821 536 quia
844 462 1090 535 quamvis
1135 459 1365 531 diligens
1400 472 1589 515 eorum
1613 457 1803 513 fuisset
1836 457 2102 529 operatio,
2131 458 2181 519 Α
2207 454 2335 528 lem)
2364 462 2634 518 austrum,
2675 453 2927 519 africum,
2957 450 3345 523 meridiemque
3365 445 3694 520 signiﬁcant.
3724 446 3794 501 Et

522 564 707 612 tamen
733 569 978 610 racemos
1003 551 1205 606 vitibus
1233 548 1485 620 foliisque
1513 550 1719 605 celatos
1755 549 1898 605 inter
1926 547 2113 619 palmi-
2214 554 2297 601 est
2315 559 2538 601 sensus:
2560 544 2853 615 Postquam
2880 542 3322 612 supervenientes
3347 538 3536 593 audire
3560 537 3794 608 coeperis

523 656 605 702 tes
636 646 998 715 reliquissent.
1045 643 1137 698 Isti
1164 651 1347 698 autem
1378 642 1796 698 vindemiatores
1830 641 2109 713 Babylonii
2213 637 2429 702 hostes,
2458 646 2516 693 et
2551 635 2818 728 cmperint
2858 633 2954 688 tibi
2981 632 3249 728 _illudere,
3284 630 3339 728 in
3371 643 3608 728 quorum
3634 642 3794 728 .nunc

522 736 896 807 intelliguntur
914 731 2112 803 cumducesuo,qui,Dominojuhente,eam-
2209 742 2344 798 pace
2386 726 2633 790 conﬁdis,
2664 724 2936 795 pavebant
2974 722 3143 777 fortes
3171 719 3324 792 regni
3367 718 3464 783 tui,
3496 716 3590 789 qui
3633 715 3792 771 habi-

522 829 645 883 dem
675 827 885 898 plebem
913 826 1306 883 vindemiantes
1334 826 1747 892 interfecerunt,
1772 835 1830 881 et
1848 824 2110 896 spoliave-
2210 826 2327 874 tant
2355 818 2410 872 in
2443 816 2688 882 meridie,
2718 822 2778 869 ut
2805 814 3039 869 intereat
3078 812 3160 867 vir
3185 811 3251 867 de
3278 817 3463 865 monte
3488 807 3795 898 Esauaqu.

3685 326 3895 386 ηι·

520 926 678 983 runt,
729 917 973 988 nihilque
1017 915 1120 972 fuit
1161 916 1572 984 absconditum,
1610 914 1757 987 quod
1799 930 1896 972 eos
1939 914 2109 971 latere

518 1012 803 1082 potuisset.

592 1099 745 1157 Unde
772 1109 830 1156 et
855 1100 1173 1157 admirando
1190 1101 1452 1171 propheta
1475 1099 1789 1170 subjungit:
1819 1116 1839 1152 ι
1868 1097 2107 1166 Quomo-

468 1191 593 1246 -Δο
616 1192 860 1246 scrutati
902 1199 1029 1246 sunt
1056 1191 1199 1246 Esau
1219 1232 1235 1255 ,
1276 1191 1742 1261 investigaverunt
1788 1189 2103 1245 abscondita

519 1277 680 1348 ejus?
711 1299 730 1332 ι
764 1279 1029 1336 Universa
1070 1280 1452 1335 eniam
1492 1278 1637 1334 illius
1664 1285 1718 1334 et
1744 1292 2005 1333 cavernas
2037 1292 2104 1334 ac

516 1371 792 1427 foramina
841 1372 1220 1444 speluncarum
1252 1372 1307 1427 in
1343 1372 1538 1442 quibus
1566 1373 1904 1438 habitabant,
1934 1370 2100 1427 Chal-

520 1460 624 1517 daei
654 1460 1042 1528 lustraverunt,
1072 1463 1315 1533 nihilque
1335 1463 1414 1519 eis
1434 1463 1767 1518 abscondere
1784 1470 2099 1532 potuerunt.

525 1548 681 1616 Quod
704 1550 901 1606 mirum
931 1550 1084 1606 valde
1104 1561 1206 1614 est,
1228 1565 1351 1607 cum
1372 1552 1548 1607 omnis
1575 1550 1830 1606 australis
1850 1551 1935 1605 illa
1952 1551 2102 1622 regio

2207 917 2263 963 et
2285 921 2526 980 pugnare
2554 921 2654 977 pro
2677 905 2920 971 civitate,
2943 911 2999 960 et
3014 902 3319 975 ‘prudenter
3344 897 3631 956 consilium
3660 896 3795 952 dare

2206 1009 2334 1056 ante
2373 1006 2750 1055 consueverat.

2281 1111 2302 1144 ι
2340 1090 2569 1161 Propter
2616 1087 3048 1145 interfectionem
3099 1096 3155 1143 et
3198 1086 3543 1157 iniquitatem
3585 1082 3646 1141 in
3680 1081 3795 1138 fra-

2208 1189 2344 1236 trem
2374 1189 2524 1235 tuum
2558 1178 2745 1235 Iacob.
2784 1199 2804 1233 ι
2834 1178 3068 1234 Causam
3095 1177 3335 1248 exponit,
3367 1189 3537 1247 quare
3575 1172 3796 1244 sapien-

2204 1279 2288 1326 tes
2316 1271 2427 1325 sint
2459 1270 2690 1341 perituri
2716 1270 2784 1325 de
2808 1268 3064 1333 Idumaza,
3091 1278 3146 1324 et
3186 1268 3486 1339 prudentes
3513 1265 3582 1322 de
3606 1275 3796 1322 monte

2203 1360 2379 1428 Esau,
2428 1368 2650 1431 propter
2693 1357 3125 1415 interfectionem
3185 1357 3392 1414 scilicet
3442 1364 3498 1412 et
3545 1356 3796 1426 impieta-

2203 1464 2331 1521 tem,
2362 1454 2489 1524 quia
2526 1451 2821 1517 interfecit,
2848 1458 2904 1506 et
2942 1450 3131 1520 inique
3177 1450 3289 1523 egit
3330 1457 3521 1505 contra
3564 1448 3796 1503 fratrem

2201 1560 2357 1600 suum
2375 1541 2564 1609 Iacob,
2585 1540 2821 1612 quando,
2836 1539 3146 1612 Babyloniis
3166 1538 3508 1593 vastantibus
3533 1535 3795 1592 Hierusa-

2198 1635 2329 1700 lem,
2361 1635 2477 1706 ipse
2515 1633 2697 1689 socius
2724 1647 2913 1687 eorum
2952 1639 3091 1686 erat.
3122 1629 3316 1686 Odium
3345 1627 3488 1685 enim
3522 1626 3669 1697 quod
3708 1637 3793 1683 te-

514 1739 738 1799 propter
780 1729 980 1784 nimios
1019 1730 1230 1785 calores
1270 1729 1432 1796 solis,
1471 1729 1597 1799 quia
1641 1728 1943 1784 meridiana
1972 1744 2098 1801 pro-
2199 1724 2318 1781 nuit
2340 1724 2480 1779 Esau
2507 1730 2696 1778 contra
2710 1720 2876 1777 Iacob
2900 1728 3122 1792 propter
3148 1718 3605 1782 benedictionem,
3624 1732 3793 1787 quam

514 1819 691 1876 vincia
723 1828 829 1885 est,
861 1821 1230 1876 subterraneis
1259 1820 1488 1891 tuguriis
1511 1827 1717 1874 utatur.
2126 1830 2175 1889 Β
2194 1815 2470 1886 subripuit
2490 1815 2565 1880 ei,
2601 1822 2892 1871 tenuerunt
2913 1822 2970 1869 et
3000 1813 3089 1869 isti
3118 1828 3240 1869 cum
3268 1811 3393 1867 filiis
3419 1811 3533 1867 suis
3559 1810 3615 1865 in
3640 1824 3792 1865 sem-

586 1928 608 1962 ι
645 1909 829 1980 Usque
858 1910 926 1965 ad
958 1911 1252 1965 terminum
1282 1910 1581 1966 emiserunt
1609 1918 1681 1965 te.
1718 1930 1738 1963 ι
1770 1910 1829 1965 Id
1855 1918 1941 1966 est
1991 1925 2099 1966 non
2197 1911 2491 1980 piternum.
2516 1908 2776 1964 Dolebant
2801 1907 2947 1963 enim
2972 1921 3033 1962 se
3056 1905 3359 1977 perdidisse
3378 1905 3522 1960 bona
3553 1917 3678 1973 qua:
3696 1900 3793 1957 Ju-

511 1998 694 2069 aliqua
738 2000 1078 2057 solummodo
1124 2016 1252 2072 pars
1299 2001 1536 2073 regionis
1574 2010 1678 2058 tute
1717 2003 1987 2073 captivata
2014 2012 2101 2059 est
2197 2002 2297 2057 dtei
2318 2007 2688 2072 perceperant.
2714 1998 2885 2066 Quam
2907 1998 2979 2054 ob
2996 2012 3241 2062 causam,
3264 1995 3484 2067 quando
3500 1992 3793 2050 Nabucho-

510 2091 832 2148 adveniente
857 2091 1375 2159 Nabuchodonosor,
1398 2094 1493 2149 sed
1533 2109 1705 2164 usque
1732 2095 1800 2150 ad
1836 2096 2100 2153 terminos
2198 2090 2433 2146 donosor
2459 2089 2693 2159 primum
2735 2088 2887 2142 venit
2911 2088 2967 2143 in
2997 2086 3357 2152 Hierusalem,
3379 2084 3649 2141 Chaldmis
3687 2083 3794 2139 Ba-

517 1638 874 1695 ldumaaorum
904 1641 960 1695 in
987 1642 1255 1710 specubus
1282 1640 1739 1697 habitatiunculas
1784 1640 2004 1706 haheat,
2042 1648 2100 1697 et

510 2182 664 2252 regni
681 2184 756 2237 tui
770 2184 1171 2254 pervenientes,
1188 2184 1465 2253 ejererunt
1481 2194 1531 2241 te
1545 2194 1697 2241 extra
1712 2187 1906 2243 solium
1922 2196 2093 2244 tuum.

510 2291 534 2326 ι
568 2272 772 2330 Omnes
815 2275 918 2330 viri
973 2274 1197 2331 foederis
1228 2278 1302 2331 tui
1342 2277 1629 2333 illuserunt
1680 2279 1776 2334 tibi
1806 2298 1819 2334 :
1854 2280 2096 2336 invalue-

504 2374 634 2420 runt
658 2367 946 2422 adversum
988 2374 1041 2424 te
1080 2369 1183 2423 viri
1223 2370 1374 2440 pacis
1403 2380 1525 2426 tuae.
1566 2390 1586 2423 ι
1628 2370 1706 2426 De
1742 2370 1990 2428 Moabitis
2031 2388 2096 2428 ac

504 2452 848 2522 Madianitis,
901 2458 1225 2528 ueterisque
1274 2459 1393 2529 ejus
1446 2461 1643 2516 vicinis
1701 2461 1960 2530 loquitur,
2001 2464 2093 2533 qui

505 2552 632 2599 ante
667 2554 825 2600 erant
869 2562 990 2602 cum
1043 2547 1233 2603 eodem
1277 2548 1561 2616 foederati,
1607 2550 1701 2605 sed
1743 2560 1930 2620 postea
1969 2568 2092 2607 cum

501 2634 739 2705 Assyriis
773 2633 951 2705 juncti
984 2638 1269 2694 illuserunt
1294 2655 1411 2705 eos,
1439 2642 1637 2711 quibus
1668 2644 1939 2712 quondam
1970 2643 2090 2700 fue-

504 2737 629 2781 rant
660 2727 930 2794 ftederati,
960 2740 1015 2786 et
1045 2732 1390 2788 invaluerunt
1440 2734 1703 2790 adversus
1726 2750 1840 2800 eos,
1876 2736 1928 2790 in
1956 2753 2088 2807 cap-

503 2817 768 2873 tivitatem
816 2819 1096 2887 ducentes,
1125 2820 1322 2889 quibus
1360 2822 1492 2877 olim
1540 2823 1755 2878 fuerant
1787 2825 1999 2893 pacifici
2033 2827 2088 2882 in

499 2908 754 2977 praesidio
802 2910 1017 2964 urbium
1070 2927 1310 2967 suarum.
1344 2932 1363 2965 ι
1396 2913 1498 2981 Qui
1547 2915 1841 2970 comedunt
1887 2924 2087 2984 tecum,

498 3006 705 3068 ponent
752 3000 978 3057 insidias
1015 3018 1178 3072 super
1207 3013 1277 3060 te.
1319 3023 1339 3056 ι
1367 3004 1425 3061 Id
1453 3014 1537 3061 est
1583 3008 1675 3076 qui
1721 3024 1864 3064 nunc
1908 3018 2088 3065 tecum

500 3096 653 3143 tanta
697 3091 983 3161 potiuntur
1021 3107 1155 3163 pace
1200 3101 1255 3148 et
1298 3096 1536 3151 amicitia
1578 3106 1637 3152 ut
1683 3106 1863 3153 tecum
1889 3114 2085 3170 panem

2194 2181 2538 2253 hyloniisque
2578 2194 2701 2234 eam
2752 2178 3110 2241 vastantibus,
3134 2176 3433 2247 junxerunt
3474 2191 3535 2231 se
3579 2175 3711 2240 illis,
3737 2184 3793 2232 et

2197 2287 2319 2327 cum
2349 2272 2432 2327 eis
2452 2272 2657 2342 pariter
2688 2268 3078 2325 interfecerunt
3109 2268 3364 2326 Iudaeos:
3394 2276 3621 2341 propter
3645 2268 3793 2339 quod

2194 2373 2478 2432 peccatum
2528 2362 2770 2432 loquitur
2804 2361 2873 2416 ad
2896 2376 2992 2416 eos
3016 2361 3298 2425 Dominus,
3329 2360 3559 2416 dicens:
3598 2378 3617 2411 ι
3649 2359 3792 2431 Ope-

2194 2453 2300 2507 riet
2330 2460 2381 2506 te
2416 2450 2795 2541 confusio,.et
2832 2449 3036 2521 peribis
3074 2450 3128 2505 in
3172 2458 3454 2505 aeternum.
3485 2469 3505 2503 ι
3561 2448 3791 2507 Confusi

2193 2543 2390 2612 quippe
2420 2551 2547 2598 sunt
2586 2540 2773 2611 postea
2810 2555 2974 2610 quam
3003 2540 3149 2611 capti
3179 2548 3307 2596 sunt
3333 2540 3404 2596 ab
3432 2540 3709 2604 hostibus,
3732 2551 3790 2597 et

2190 2633 2469 2703 perierunt
2487 2633 2540 2687 in
2572 2639 2854 2703 aeternum,
2882 2630 3008 2701 quia
3030 2638 3289 2702 perpetua
3318 2638 3441 2687 sunt
3468 2629 3790 2701 captivitate

2190 2719 2456 2776 damnati.
3590 2731 3601 2739 '

2268 2827 2287 2860 ι
2308 2808 2364 2863 In
2388 2810 2473 2864 die
2496 2825 2617 2865 cum
2638 2818 2817 2866 stares
2838 2811 3097 2867 adversus
3119 2825 3296 2867 eum»
3313 2811 3373 2867 Id
3385 2821 3472 2867 est
3492 2811 3787 2868 manifesta

2189 2897 2522 2968 captivitate,
2548 2899 2765 2968 quando
2784 2898 3031 2954 Ioacliim
3050 2910 3243 2971 captus
3262 2909 3346 2956 est
3365 2909 3422 2957 et
3438 2900 3653 2967 Daniel,
3680 2916 3791 2956 cre-

2192 2988 2407 3059 terique
2434 2990 2587 3058 pueri
2614 2989 2669 3043 in
2692 2990 3059 3059 captivitatem
3086 2990 3235 3046 ducti
3270 2998 3419 3056 sunt,
3452 2991 3633 3061 primo
3667 2993 3786 3048 sci-

2188 3077 2319 3134 licet
2351 3080 2586 3134 adventu
2626 3077 3124 3136 Nabuchodonosor
3162 3080 3219 3134 in
3264 3079 3627 3148 Hierusalem,
3654 3096 3786 3137 cum

498 3182 817 3245 comedunt,
844 3182 1255 3238 advenientibus
1298 3185 1545 3241 hostibus
1587 3188 1855 3258 copulati,
1881 3169 2082 3258 ponent

2189 3177 2364 3225 stares
2398 3170 2659 3225 adversus
2700 3185 3016 3240 germanum
3064 3180 3237 3226 tuum.
3287 3189 3307 3223 ‹
3340 3169 3569 3238 Quando
3597 3171 3789 3242 capie-

492 3282 663 3336 super
689 3276 742 3324 te
764 3270 1010 3336 insidias,
1039 3274 1407 3330 custodientes
1432 3291 1499 3329 ne
1519 3277 1643 3347 quis
1668 3293 1859 3333 eorum
1888 3281 1978 3347 qui
2014 3280 2083 3334 ad

499 3364 556 3410 te
584 3358 854 3426 pertinet,
898 3361 1069 3429 possit
1106 3362 1358 3432 effugere.
1390 3384 1408 3417 ι
1442 3365 1557 3421 Νοη
1589 3375 1674 3422 est
1701 3369 1988 3437 prudentia
2026 3370 2082 3426 in

498 3457 589 3499 eo.
629 3463 649 3498 ›
697 3445 846 3501 Talis
881 3448 1087 3504 scilicet
1118 3453 1293 3520 qualis
1327 3470 1451 3509 esse
1490 3456 1783 3521 debuerat,
1807 3457 1933 3511 dum
1961 3472 2082 3528 spe-

499 3542 589 3589 rat
631 3535 685 3589 in
723 3536 807 3591 his
863 3539 955 3607 qui
993 3540 1291 3597 adversarii
1331 3543 1448 3612 ejus
1493 3544 1657 3600 futuri
1698 3555 1845 3603 sunt.
1882 3548 1939 3603 In
1978 3551 2080 3607 hoc

497 3624 645 3680 enim
678 3626 879 3682 nullam
925 3628 1094 3685 Edom
1142 3631 1322 3691 inesse
1370 3634 1508 3689 dixit
1549 3636 1918 3706 prudentiam,
1952 3641 2079 3710 quia

492 3716 729 3773 nescivit
770 3718 892 3775 illos
935 3720 1123 3778 hostes
1167 3722 1268 3778 sibi
1321 3724 1619 3794 praividere
1669 3724 1910 3795 futuros,
1952 3745 2079 3786 cum

496 3808 696 3878 quibus
736 3826 922 3880 pacem
973 3813 1228 3869 habebat.

572 3918 592 3951 ι
629 3898 879 3972 Nunquid
907 3919 1013 3959 non
1038 3905 1093 3959 in
1133 3905 1219 3960 die
1249 3905 1360 3972 illa,
1392 3906 1524 3962 dicit
1551 3909 1828 3976 Dominus,
1852 3914 2077 3981 perdam

493 3993 770 4062 sapientes
817 3995 884 4051 de
940 3997 1211 4066 Idumaea,
1272 4008 1329 4054 et
1392 4002 1732 4070 prudentiam
1781 4004 1849 4058 de
1894 4013 2077 4061 monte

490 4082 672 4139 Esau?
696 4105 714 4137 ι
738 4086 796 4143 Id
825 4097 927 4155 est,
956 4105 1080 4145 cum
1110 4091 1292 4148 hostes
1320 4093 1456 4149 lines
1485 4106 1602 4150 tuos
1629 4097 2002 4166 possidebunt,
2022 4105 2080 4153 et

402 4186 411 4195 '
486 4192 682 4234 omnes
712 4181 814 4234 viri
852 4181 1073 4238 foederis
1105 4185 1181 4238 tui
1219 4186 1489 4243 illuserint
1518 4188 1640 4254 tibi,
1682 4198 1739 4243 et
1780 4182 2077 4257 prmvalue-

490 4270 601 4323 rint
644 4281 836 4324 contra
891 4280 979 4337 te,
1026 4275 1249 4343 perdam
1300 4279 1573 4347 sapientes
1614 4280 1959 4350 plrilosOphos
2009 4281 2076 4337 de

486 4354 745 4411 Idumaea.
800 4358 970 4415 Edom
1022 4363 1169 4419 enim
1232 4364 1514 4434 Hebraice,
1587 4369 1773 4424 Grzece
1840 4371 2073 4428 Idnmaea

487 4449 811 4516 appellatur.
868 4450 1215 4509 Prudentiam
1285 4471 1503 4526 quoque
1568 4460 1635 4513 de
1696 4469 1878 4519 monte
1928 4461 2074 4516 Esau

2183 3263 2315 3318 bant
2336 3261 2499 3316 alieni
2521 3281 2540 3314 ι
2575 3276 2606 3317 a
2636 3262 2747 3317 Deo
2773 3270 2827 3317 et
2855 3278 2886 3317 a
2917 3263 3175 3334 progenie
3199 3260 3532 3329 Iudaeorum,
3567 3280 3588 3314 ι
3614 3276 3784 3318 exer-

2182 3352 2349 3409 citum
2374 3351 2513 3421 ejus,
2538 3359 2593 3406 et
2621 3352 2869 3406 extranei
2891 3353 3336 3423 ingrediebantur
3362 3361 3548 3423 portas
3577 3352 3720 3424 ejus,
3753 3372 3779 3408 ι

2180 3442 2236 3498 id
2262 3451 2347 3497 cst
2372 3442 2605 3497 civitatis
2628 3440 2985 3498 Hierusalem.
3017 3462 3036 3496 ι
3072 3443 3138 3499 Ει
3161 3458 3327 3514 super
3354 3443 3722 3512 Hierusalem,
3756 3463 3778 3497 ι

2179 3532 2235 3588 id
2267 3541 2352 3588 est
2380 3548 2541 3603 super
2564 3533 2803 3603 praedam
2841 3533 3017 3601 illius,
3057 3554 3076 3587 ε
3110 3536 3379 3591 miserunt
3421 3544 3627 3591 sortem
3662 3555 3682 3587 ι
3718 3544 3787 3591 ut

2178 3623 2296 3694 ejus
2337 3624 2510 3693 spolia
2549 3623 2652 3677 sibi
2680 3623 3006 3691 dividerent,
3032 3634 3340 3696 quaarentes
3365 3625 3494 3696 quid
3523 3626 3650 3696 quis
3679 3640 3779 3683 ελ·-

2176 3717 2366 3788 peret?
2383 3735 2402 3768 ι
2435 3716 2513 3771 'I‘u
2537 3732 2751 3786 quoque
2772 3731 2896 3772 eras
2920 3718 3073 3786 quasi
3106 3733 3245 3773 unus
3264 3732 3333 3772 ex
3354 3718 3454 3773 eis.
3484 3737 3504 3771 ι
3537 3717 3782 3788 Ideoque

2178 3807 2283 3862 ista
2309 3807 2406 3863 tibi
2435 3808 2714 3872 evenient;
2736 3808 3013 3877 quoniam,
3043 3808 3136 3879 qui
3167 3808 3438 3865 debueras
3468 3823 3595 3866 esse
3623 3818 3781 3868 tutor

2176 3911 2363 3953 eorum
2390 3905 2552 3968 atque
2574 3897 2883 3964 auxiliator,
2908 3896 3083 3953 factus
3108 3913 3169 3953 es
3195 3898 3533 3955 interfector.

2252 4011 2272 4043 ι
2306 3991 2371 4046 Et
2411 4006 2516 4045 non
2550 3989 2814 4061 despicies
2850 3990 2905 4045 in
2941 3990 3027 4045 die
3059 3989 3245 4046 fratris
3271 3992 3370 4057 tui,
3400 3992 3457 4047 in
3493 3991 3583 4047 die
3610 4006 3777 4062 pere-

2177 4083 2496 4156 grinationis
2531 4082 2647 4151 ejus
2672 4100 2687 4137 :
2718 4090 2775 4136 et
2818 4096 2928 4137 non
2967 4082 3240 4138 laetaberis
3264 4098 3429 4154 super
3460 4082 3606 4139 filios
3630 4081 3772 4141 lude

2177 4175 2232 4231 in
2258 4175 2346 4229 die
2370 4173 2689 4245 perditionis
2714 4188 2924 4229 eorum.
2960 4194 2979 4227 ι
3012 4172 3250 4229 Minatur
3282 4173 3397 4243 jam
3435 4184 3627 4245 aperte
3654 4190 3778 4233 ser-

2175 4279 2262 4321 mo
2306 4263 2655 4335 propheticus
2697 4261 2888 4329 Edom,
2921 4263 3047 4334 quia
3097 4279 3223 4320 cum
3269 4265 3541 4321 interierit
3577 4267 3667 4321 vir
3704 4268 3775 4323 de

2175 4362 2358 4409 monte
2400 4354 2576 4420 Esau,
2626 4362 2684 4409 et
2733 4354 3008 4422 operuerit
3053 4370 3177 4410 eum
3225 4365 3432 4411 aeterna
3482 4355 3771 4425 confusio,

2174 4454 2395 4515 propter
2440 4444 2869 4500 interfectionem
2913 4452 2969 4501 et
3017 4447 3350 4518 impietatem
3391 4447 3583 4505 fratris
3623 4448 3768 4519 ejus,

487 4534 763 4604 auferam,
817 4549 879 4594 ut
949 4543 1214 4600 calliditas
1266 4547 1509 4604 stultitia:
1560 4546 1676 4616 ejus
1737 4550 2071 4606 demonstre-

2189 4548 2512 4603 tequaquam
2557 4533 2717 4590 faciet
2744 4550 2865 4605 qua:
2903 4534 3034 4593 fecit
3069 4547 3197 4593 ante
3220 4546 3413 4594 contra
3441 4555 3771 4610 germanum

486 4632 595 4687 tur,
626 4627 939 4696 possintque
982 4630 1186 4687 nullum
1234 4634 1477 4691 invenire
1514 4636 1822 4702 consilium,
1851 4655 1959 4709 quo
1983 4655 2072 4695 su-

2170 4638 2357 4691 snum,
2389 4641 2454 4681 ac
2486 4626 2530 4681 si
2558 4626 2760 4682 diceret
2790 4668 2803 4681 .
2831 4626 2966 4684 Cum
3009 4631 3220 4687 venerit
3254 4632 3491 4691 secunda
3515 4640 3573 4688 et
3603 4637 3770 4692 tertia

482 4715 810 4780 perveniens
838 4719 1046 4786 possint
1072 4720 1303 4792 effugere
1338 4725 1560 4780 malum.
1604 4727 1751 4782 Bene
1782 4735 1963 4784 autem
2003 4730 2073 4785 de

2189 4715 2455 4785 :aptivitas
2474 4715 2799 4781 Judaeorum,
2833 4733 2939 4774 non
2964 4718 3229 4789 despicies
3254 4736 3372 4787 eos,
3400 4737 3577 4792 neque
3606 4723 3767 4782 laeta-

482 4812 668 4893 monte
702 4809 1038 4875 prudentiam
1069 4828 1128 4868 se
1156 4822 1281 4869 tunc
1304 4816 1435 4871 dicit
1473 4818 1801 4886 ablaturum,
1828 4821 1913 4876 vel
1938 4823 2067 4893 quia

2189 4805 2314 4862 ieris
2353 4805 2407 4860 in
2447 4806 2534 4861 die
2568 4807 2888 4876 perditionis
2931 4822 3118 4865 eorum
3142 4850 3158 4878 ,
3202 4820 3263 4866 ut
3303 4813 3599 4880 hactenus,
3632 4816 3768 4885 quia

483 4892 616 4948 urbs
656 4894 887 4954 Idumaea
942 4901 996 4955 in
1024 4912 1207 4959 monte
1234 4905 1335 4959 sita
1362 4914 1463 4972 est,
1495 4908 1579 4963 vel
1608 4911 1732 4980 quia
1761 4911 1938 4967 omnis
1958 4892 2064 4970 illa
2161 4899 2276 4984 iam
2308 4899 2508 4956 ῑθηθτίδ
2530 4899 2778 4970 calimus
2807 4901 2877 4956 ³1)
2908 4902 3175 4959 “Oﬁllius.
3204 4902 3447 4960 Primum
3476 4904 3627 4962 enim
3656 4907 3766 4977 (δί-

482 4983 634 5052 regio
670 4986 739 5040 ad
782 4998 1024 5046 austrum
1064 5007 1288 5064 vergens
1327 4999 1614 5069 praeruptis
1647 5001 1921 5057 montibus
1950 5004 2064 5059 edi-
2116 5052 2124 5065 ,
2169 4997 2262 5049 out
2286 4990 2487 5045 dictum
2514 4989 2619 5064 est)
2654 4989 3390 5061 venitNabuchodonosorin
3414 4993 3765 5054 Hierusalem

482 5080 537 5129 ta
572 5075 664 5130 sit.
2169 5080 2270 5134 sub
2295 5077 2560 5145 Joacltim,
2584 5083 2798 5150 quando
2822 5082 3073 5139 Ezechiel
3101 5101 3226 5141 cum
3251 5086 3445 5143 eodem
3466 5100 3596 5159 rege
3624 5089 3765 5146 duc-

494 5184 509 5199 κ
555 5185 574 5217 ς
610 5165 677 5221 Et
707 5168 971 5223 timebunt
999 5170 1165 5226 fortes
1188 5174 1260 5227 tui
1296 5190 1327 5229 a
1355 5177 1599 5244 meridie,
1631 5189 1690 5234 ut
1720 5181 1952 5236 intereat
1978 5182 2063 5236 vir

2189 5183 2254 5224 us
2281 5178 2363 5224 est
2390 5168 2750 5240 Babylonem;
2791 5172 2954 5229 tertio
2989 5176 3090 5230 sub
3119 5173 3378 5243 Sedecia,
3415 5191 3581 5247 quem
3622 5193 3761 5234 eru—

478 5254 548 5310 de
582 5263 765 5311 monte
802 5258 967 5314 Esau.
1004 5279 1023 5312 ι
1055 5259 1173 5315 Alia
1201 5264 1482 5322 translatio
1509 5267 1691 5335 habet,
1726 5288 1746 5321 ς
1782 5271 2060 5340 pavebant
2167 5262 2236 5318 tis
2261 5262 2432 5318 oculis
2454 5263 2508 5318 in
2534 5278 2757 5319 caveam
2772 5266 3039 5337 captivum
3069 5269 3337 5326 duxit:in
3362 5273 3601 5328 secunda
3623 5286 3760 5346 ergo

475 5360 657 5417 pugna
681 5365 805 5406 ores
830 5350 906 5404 tui
928 5351 995 5406 de
1019 5351 1242 5408 Teman.
1269 5374 1288 5408 ι
1314 5355 1518 5414 Teman
1547 5359 1690 5413 enim
1706 5360 1950 5414 meridies
1979 5361 2060 5415 in-

477 5446 826 5507 terpretatur.
874 5441 1151 5509 Quomodo
1178 5444 1320 5500 Esau
1364 5448 1538 5507 tribus
1576 5449 1886 5504 nominibus
1921 5448 2057 5519 legi-

476 5542 599 5583 mus
622 5530 969 5599 appellatum,
996 5533 1072 5588 ita
1097 5544 1154 5588 et
1189 5534 1348 5606 plaga
1380 5537 1618 5606 regionis
1652 5537 1815 5605 illius,
1844 5552 1964 5608 quae
1990 5538 2058 5593 ad

474 5629 722 5676 austrum
772 5623 977 5689 vergit,
1021 5624 1195 5681 tribus
1237 5626 1547 5682 nominibus
1598 5627 1800 5682 dicitur
1837 5634 2054 5696 vocata,

474 5711 697 5782 Davom,
720 5712 947 5782 Tcman,
973 5712 1171 5787 Negeb.
1205 5716 1335 5786 Quae
1363 5716 1583 5777 nomina
1606 5717 1778 5792 (juxta
1803 5718 2057 5783 Ezechie~

2161 5446 2405 5513 Idumtei,
2430 5448 2558 5518 quia
2594 5448 2708 5519 jam
2750 5451 3077 5507 tenebantur
3116 5454 3339 5524 captivi.
3371 5455 3528 5512 Unde
3566 5458 3761 5528 sequi-

2163 5545 2282 5593 tur:
2312 5556 2333 5590 ι
2362 5544 2547 5593 etnon
2570 5538 2938 5609 magnificabis
2958 5557 3023 5597 os
3050 5550 3199 5598 tuum
3218 5545 3274 5600 in
3295 5545 3385 5601 die
3410 5547 3700 5617 angustiae.
3728 5568 3748 5601 ι

2162 5628 2359 5685 Dicens
2412 5647 2424 5683 :
2458 5649 2477 5682 ι
2508 5628 2813 5694 Exinanite,
2852 5633 3156 5701 exiuauite,
3217 5653 3393 5708 usque
3434 5640 3505 5695 ad
3549 5638 3753 5698 fundae

2162 5728 2405 5781 mentum
2453 5722 2510 5779 in
2536 5736 2635 5791 ea,
2682 5741 2701 5775 ι
2733 5721 2873 5780 sicut
2904 5723 3149 5799 primum
3180 5723 3379 5786 fecisti.
3410 5726 3565 5789 Unde
3586 5729 3753 5814 Psai=

2166 5356 2249 5412 vel
2280 5357 2439 5411 tertia
2489 5357 2800 5426 captivitate
2844 5358 3209 5419 Israelilarum
3251 5377 3360 5417 non
3403 5370 3533 5419 sunt
3582 5363 3758 5421 letali
3850 5417 3855 5420 .
