4022 6450
269 396 368 454 HS

1215 384 1612 451 ENARRATIO
1643 394 1711 450 IN
1746 392 2005 450 ABDIAM
2042 392 2485 449 PROPHETAM.

3401 400 3503 455 126

268 509 421 563 mista
467 506 817 577 imprecantis
858 520 989 561 voce
1031 506 1289 575 loquitur,
1316 509 1541 562 dicens:
1576 524 1596 555 ι
1626 505 1830 559 Memor
1857 515 1904 567 Α
1935 512 2015 556 tes
2056 500 2188 554 nihil
2226 518 2346 557 esse
2393 492 2541 567 dicit,
2568 506 2693 575 quia
2737 508 2807 562 ab
2851 506 3080 562 invicem
3115 516 3339 563 vastata:
3376 522 3505 567 sunt

267 609 397 659 esto,
431 597 673 661 Domine,
709 596 936 650 filiorum
976 596 1145 652 Edom
1185 596 1240 650 in
1288 596 1376 650 die
1414 594 1765 649 Hierusalem.
1805 614 1824 646 ι

268 687 483 741 Duabus
505 686 647 740 enim
668 686 936 751 tribubus,
952 701 1070 755 qua:
1090 684 1382 755 regnabant
1402 685 1455 739 in
1472 684 1829 748 Hierusalem,

265 787 318 833 et
342 777 747 847 appellabantur
770 774 929 841 Juda,
959 792 991 830 a
1017 776 1281 831 Chaldaeis
1308 776 1539 831 secunda
1563 774 1648 828 vel
1672 774 1830 828 tertia

267 866 380 919 vice
421 865 612 935 captis,
645 881 752 919 non
794 862 1273 933 magnifieaverunt
1302 863 1516 918 Idumaei
1554 878 1617 918 os
1649 878 1826 927 suum,

266 955 418 1025 quasi
444 955 573 1009 socii
599 963 782 1009 essent
806 955 1073 1008 victorum
1099 955 1153 1008 in
1182 952 1365 1008 fratris
1389 953 1657 1023 angustia.

336 1065 356 1097 ι
397 1044 577 1115 Neque
608 1046 925 1115 ingredieris
948 1054 1156 1115 portam
1192 1045 1372 1115 populi
1397 1046 1503 1099 mei
1533 1045 1585 1099 in
1616 1045 1702 1099 die
1725 1044 1832 1099 rui-

265 1153 347 1193 na:
373 1151 597 1192 eorum:
633 1151 807 1206 neque
849 1136 1115 1207 despicies
1137 1144 1193 1191 et
1237 1148 1294 1190 tu
1339 1136 1394 1191 in
1434 1136 1591 1192 malis
1620 1134 1736 1204 ejus
1771 1135 1828 1190 in

266 1230 351 1284 die
389 1228 655 1283 vastitatis
700 1229 859 1283 illius.
894 1248 913 1281 ι
941 1228 996 1283 Id
1023 1239 1106 1284 est
1131 1245 1467 1300 nequaquam
1493 1246 1589 1300 per
1616 1239 1827 1299 portam

264 1318 595 1374 Hierusalem
639 1319 1021 1390 gloriabundus
1052 1320 1268 1375 incedes
1293 1320 1345 1374 in
1370 1321 1455 1374 die
1480 1321 1745 1375 vastitatis
1771 1328 1827 1375 et

264 1410 430 1465 ruina:
458 1410 635 1481 populi
669 1410 792 1477 mei,
826 1412 950 1481 quia
974 1420 1051 1476 tu,
1074 1410 1321 1464 manibus
1347 1425 1535 1465 eorum
1564 1412 1823 1478 traditus,

263 1501 455 1555 similia
485 1501 725 1570 patieris.
759 1520 777 1553 ι
808 1502 875 1555 Et
902 1517 1008 1557 non
1037 1502 1303 1557 emitteris
1331 1503 1587 1558 adversus
1618 1505 1826 1559 exerci-

265 1599 373 1644 tum
405 1590 521 1661 ejus
544 1591 595 1644 in
628 1591 715 1647 die
738 1592 1007 1648 vastitatis
1035 1593 1196 1658 illius,
1232 1612 1250 1645 ι
1288 1603 1347 1648 ut
1375 1593 1503 1648 olim
1528 1594 1822 1649 exercitum

262 1681 520 1738 adversus
542 1696 666 1736 eum
699 1683 911 1738 misisti.

332 1793 352 1827 ‹
387 1774 570 1845 Neque
614 1776 783 1830 stabis
827 1777 883 1830 in
921 1777 1174 1842 exitibus,
1207 1796 1225 1830 ι
1261 1778 1315 1832 id
1355 1786 1438 1832 est
1466 1778 1519 1833 in
1550 1779 1673 1844 viis,
1709 1797 1728 1831 ι
1762 1787 1822 1834 ιιι

1929 602 2092 661 atque
2129 593 2411 661 absorpta.
2442 595 2555 649 Tali
2586 598 2728 650 enim
2768 598 2971 653 circulo
3007 600 3241 654 vindicta
3282 616 3501 670 proces-

1928 685 2019 747 sit,
2054 685 2308 752 quoniam
2334 685 2472 739 sicut
2501 686 2716 742 Idumaei
2746 689 3128 746 interfecerunt
3150 692 3393 757 Judzcos,
3424 694 3499 749 ita

1929 773 2028 842 ipsi
2070 772 2338 827 interfecti
2379 784 2505 828 sunt.
2546 775 2614 828 ab
2650 777 2887 846 Assyriis
2916 790 2972 834 et
3001 780 3296 845 Chaldaais,
3335 783 3434 853 ipsi
3465 798 3499 837 a

1928 861 2094 917 Medis
2118 871 2173 916 et
2193 862 2394 927 Persis,
2419 862 2610 918 Perses
2639 865 2739 934 ipsi
2773 882 2803 918 a
2834 867 3233 935 Macedonibus,
3260 871 3502 926 Macedo-

1888 971 1898 981 ·
1926 966 2023 1006 nes
2048 967 2077 1005 a
2104 951 2381 1018 Romanis,
2404 968 2634 1021 quorum
2664 970 2887 1026 regnum
2914 958 3246 1017 destructum
3278 972 3361 1018 est
3391 964 3497 1017 itu-

1923 1043 2076 1112 perio
2102 1042 2323 1097 Christi.

2001 1154 2019 1186 ι
2052 1136 2109 1190 In
2138 1144 2320 1191 monte
2356 1145 2533 1191 autem
2565 1135 2697 1193 Sion
2743 1137 2852 1193 erit
2885 1138 3131 1206 salvatio,
3156 1150 3215 1195 et
3235 1143 3343 1197 erit
3370 1159 3494 1198 san-

1925 1233 2062 1280 ctus.
2077 1244 2096 1277 ι
2123 1224 2400 1296 Completa
2421 1236 2546 1281 sunt
2567 1228 2731 1282 verba
2753 1228 3049 1297 prophetiae
3075 1228 3254 1297 hujus,
3278 1233 3497 1300 quando

1922 1326 2044 1386 post
2073 1319 2410 1387 septuaginta
2436 1334 2606 1374 annos
2636 1320 2735 1374 sub
2764 1320 3081 1386 Zorobahel,
3103 1332 3153 1376 et
3180 1323 3371 1389 Esdra,
3411 1334 3497 1379 at-

1924 1421 2028 1475 que
2058 1405 2336 1471 Nehemia,
2372 1424 2490 1477 quae
2515 1409 2686 1463 tribus
2729 1425 2956 1465 reversa:
2977 1420 3104 1466 sunt
3148 1412 3199 1465 in
3234 1411 3494 1479 Iudaeam,

1923 1497 2128 1567 fuitque
2159 1497 2262 1552 illis
2296 1498 2521 1554 salvatio
2557 1499 2845 1565 libertatis,
2876 1509 2932 1555 et
2970 1516 3125 1556 mons
3170 1502 3351 1572 templi
3389 1503 3496 1558 Do-

1923 1585 2053 1639 mini
2081 1583 2181 1639 fuit
2205 1594 2423 1641 sanctus
2451 1596 2670 1657 propter
2696 1588 3025 1652 sacerdotes,
3049 1590 3498 1655 sacrificia,ohla-

1923 1677 2116 1740 tiones,
2146 1685 2202 1730 et
2233 1674 2458 1746 reliqua,
2486 1678 2682 1747 quibus
2720 1679 2948 1748 populus
2988 1679 3082 1735 Dei
3119 1681 3263 1736 cultu
3299 1685 3499 1738 sancti-

1922 1763 2203 1819 ficabatur.
2246 1785 2264 1817 ι
2280 1766 2370 1820 ~Et
2397 1768 2635 1835 possedit
2658 1770 2847 1823 domus
2871 1768 3040 1825 Iacob
3063 1785 3156 1825 eos
3182 1773 3271 1842 qui
3298 1788 3358 1828 se
3381 1789 3501 1844 pos-

261 1861 551 1918 interlicias
585 1879 677 1919 eos
719 1865 811 1933 qui
853 1863 1087 1934 fugerint
1116 1884 1129 1920 :
1166 1875 1220 1921 et
1246 1882 1351 1920 non
1380 1867 1668 1923 concludes
1699 1869 1827 1924 reti-
1853 1854 1902 1913 B
1927 1856 2196 1917 sederant,
2243 1876 2262 1910 ›
2306 1857 2538 1913 Idumzea
2567 1859 2844 1923 subversa,
2872 1869 2927 1916 et
2956 1861 3023 1915 ab
3063 1862 3296 1918 inimicis
3329 1866 3499 1934 genti-

261 1970 396 2023 quos
438 1953 551 2023 ejus
599 1975 617 2008 ι
654 1956 707 2009 in
759 1972 1062 2024 carcerem,
1112 1974 1177 2014 ac
1226 1960 1405 2013 tradas
1456 1976 1550 2015 eos
1595 1962 1827 2018 dominis

262 2048 396 2113 suis,
430 2067 447 2099 ι
475 2047 530 2102 in
560 2049 644 2103 die
666 2048 1041 2116 tribulationis,
1065 2071 1083 2103 ι
1116 2051 1168 2105 id
1197 2062 1281 2106 est
1300 2067 1420 2106 cum
1454 2055 1716 2124 cmperint
1743 2055 1826 2110 lu-

261 2152 389 2208 gere
426 2152 525 2206 per
565 2148 719 2194 notas
760 2141 861 2194 sibi
909 2140 1021 2195 vias
1054 2150 1110 2195 et
1144 2142 1459 2197 diverticula
1489 2145 1556 2199 ad
1585 2145 1826 2199 solitudi-

260 2241 406 2291 nem,
436 2242 541 2281 non
569 2230 736 2284 stabis
768 2230 821 2283 in
850 2229 1018 2290 bivio.
1047 2246 1146 2286 nec
1170 2232 1449 2288 venientes
1485 2234 1824 2302 exspectabis

259 2317 311 2371 in
353 2318 621 2388 compitis,
654 2327 711 2372 ut
739 2320 1030 2376 interlicias
1074 2337 1167 2377 eos
1211 2322 1302 2392 qui
1344 2321 1542 2377 fuerint
1585 2323 1821 2390 liberati,

257 2406 494 2476 aliosque
529 2410 946 2477 comprehensos
980 2411 1230 2478 reducas,
1257 2420 1311 2467 et
1338 2413 1420 2467 vel
1462 2413 1576 2482 ipse
1616 2415 1818 2484 capias,

256 2498 339 2552 vel
368 2500 664 2567 captivitati
695 2502 930 2557 hostium
960 2518 1160 2557 serves.
1300 2537 1337 2579 .

331 2606 350 2638 ι
374 2587 633 2654 Quoniam
652 2590 805 2658 juxta
829 2603 909 2647 est
930 2594 1046 2649 dies
1064 2596 1270 2650 Domini
1294 2610 1455 2665 super
1478 2612 1665 2652 omnes
1689 2612 1819 2669 gen-

255 2687 356 2742 tes,
386 2700 405 2732 ι
438 2681 491 2734 id
515 2690 599 2736 est
638 2683 752 2738 dies
779 2684 1025 2741 vindicta:
1049 2686 1260 2742 Domini
1287 2703 1447 2758 super
1472 2704 1660 2744 omnes
1685 2706 1819 2761 gen-

253 2781 338 2824 tes
374 2772 570 2836 veniet,
597 2782 754 2829 etest
793 2792 983 2832 sensus
1016 2797 1029 2831 :
1061 2778 1193 2832 Cum
1216 2796 1403 2834 omnes
1430 2791 1617 2851 gentes
1640 2782 1817 2837 vindi-

250 2869 399 2917 ctam
425 2864 519 2919 ira:
544 2865 636 2920 Dei
668 2870 954 2935 senserint,
984 2879 1039 2925 et
1064 2869 1284 2926 calicem
1312 2871 1427 2940 ejus
1452 2873 1646 2929 furoris
1674 2875 1820 2929 bibe.

249 2950 385 3014 rint,
414 2955 651 3023 nunquid
683 2966 737 3009 tu
776 2958 929 3026 quasi
978 2959 1236 3014 innocens
1277 2961 1628 3031 relinqueris?
1654 2964 1819 3031 Quasi

247 3039 492 3096 diceret:
517 3043 631 3098 Non
653 3047 760 3101 eris
787 3048 1061 3115 innocens,
1089 3051 1182 3104 sed
1200 3051 1367 3105 multo
1389 3053 1558 3122 magis
1582 3054 1732 3108 bibes
1751 3069 1816 3109 ex

245 3132 359 3187 hac
386 3133 615 3187 vindicta
648 3136 883 3191 omnium
912 3140 1180 3208 gentium;
1227 3138 1558 3196 etJeremias
1586 3142 1820 3212 loquitur

1926 1949 2029 2004 bus
2056 1948 2199 2019 (cum
2226 1950 2421 2018 quibus
2460 1949 2635 2005 fmdus
2663 1962 2849 2006 contra
2878 1951 3044 2007 Jacoh
3088 1956 3236 2023 prius
3278 1956 3494 2029 inierat)

1927 2040 2201 2104 devorata,
2234 2040 2285 2092 in
2314 2048 2495 2094 monte
2530 2039 2657 2095 Sion
2687 2042 2792 2096 erit
2820 2041 3067 2107 salvatio,
3096 2053 3152 2099 et
3175 2054 3336 2099 erunt
3373 2046 3496 2101 reli-

1925 2130 2084 2199 quiis,
2114 2138 2170 2184 et
2194 2130 2384 2185 domus
2424 2128 2590 2185 Jacob
2628 2146 2843 2187 reversa
2874 2133 2941 2188 de
2970 2133 3300 2201 captivitate,
3328 2138 3496 2205 possi-

1924 2221 2071 2276 debit
2095 2237 2187 2277 eos
2210 2222 2303 2291 qui
2343 2237 2401 2277 se
2442 2224 2751 2281 haereditate
2800 2224 3169 2292 possederant.
3204 2225 3312 2282 Illis
3348 2228 3494 2283 enim

1924 2295 2351 2377 revertentibus,
2402 2313 2555 2366 multi
2600 2327 2665 2366 ex
2712 2312 2879 2367 Medis
2925 2314 2980 2368 e't
3024 2313 3203 2369 Persis
3237 2330 3332 2371 eos
3369 2324 3497 2371 sunt

1923 2403 2126 2465 secuti,
2168 2417 2304 2472 quos
2353 2404 2709 2472 possederant
2757 2404 2811 2458 in
2866 2404 3124 2474 religione
3161 2414 3217 2461 et
3243 2406 3365 2463 fidei
3401 2423 3491 2463 so.

1922 2492 2134 2548 cietate.

1997 2605 2015 2636 ι
2053 2586 2121 2640 Et
2152 2586 2250 2640 erit
2279 2585 2471 2641 domus
2495 2585 2683 2653 Jacob,
2721 2608 2740 2640 ι
2772 2589 2825 2643 id
2868 2597 2951 2643 est
2995 2588 3112 2643 dua:
3156 2588 3329 2645 tribus
3370 2606 3494 2644 cum

1921 2680 2060 2735 tribu
2092 2679 2353 2744 Levitica,
2399 2700 2418 2730 ι
2455 2681 2625 2748 ignis,
2659 2690 2713 2733 et
2756 2680 2944 2733 domus
2992 2676 3208 2749 Ioseph,
3246 2699 3266 2731 ι
3307 2679 3358 2732 id
3409 2687 3496 2734 est

1920 2768 2105 2822 decem
2137 2768 2325 2833 tribus,
2361 2786 2378 2818 ι
2414 2768 2652 2834 ﬂamma,
2682 2777 2737 2824 et
2765 2769 2956 2823 domus
2995 2768 3137 2822 Esau
3183 2769 3377 2839 stipula
3412 2788 3425 2823 :
3467 2789 3487 2822 ι

1919 2874 2110 2915 sensus
2147 2868 2252 2924 est,
2278 2860 2420 2914 sicut
2455 2860 2595 2930 ignis
2629 2867 2685 2915 et
2723 2858 2933 2913 ﬂamma
2966 2860 3188 2914 devorat
3215 2859 3493 2929 stipulam,

1919 2951 2001 3005 sic
2019 2951 2124 3005 duo
2149 2966 2312 3022 regna
2335 2954 2562 3007 duarum
2588 2960 2643 3007 et
2665 2954 2851 3007 decem
2882 2953 3132 3008 videlicet
3157 2955 3412 3018 tribuum,
3437 2954 3494 3007 in

1920 3040 2079 3093 unius
2108 3040 2208 3094 sibi
2239 3042 2403 3111 virga:
2437 3038 2592 3107 juxta
2629 3041 2877 3096 Ezechiel
2904 3042 3147 3112 copulam
3195 3043 3491 3107 foederatae,

1918 3130 2210 3185 vastabant
2252 3130 2562 3197 ldum-aiam,
2590 3141 2646 3186 et
2687 3133 3019 3186 devorabunt
3043 3149 3188 3187 eam.
3217 3133 3350 3187 Nam
3396 3147 3494 3202 per

245 3224 356 3278 sub
387 3226 696 3295 metaphora
740 3229 926 3284 calicis
967 3232 1173 3286 cunctis
1216 3232 1466 3302 gentibus
1504 3234 1814 3303 propinati:

1922 3220 2116 3290 Ioseph
2161 3222 2346 3276 decem
2388 3222 2561 3276 tribus
2601 3223 2967 3292 designantur,
3000 3230 3223 3291 propter
3247 3222 3409 3277 Josue
3438 3235 3495 3276 et.

248 3334 268 3365 ι
304 3313 466 3369 Calix
496 3332 689 3372 aureus
719 3316 955 3390 Babylon
1000 3321 1054 3374 in
1096 3337 1253 3376 manu
1284 3324 1516 3389 Domini,
1548 3324 1821 3380 inebrians

242 3419 443 3458 omnes
470 3416 674 3475 gentes.
702 3426 721 3458 ι
770 3408 1060 3464 Universas
1096 3411 1292 3481 quippe
1320 3421 1524 3483 gentes,
1550 3411 1820 3469 Herodoto

245 3500 413 3557 teste,
442 3509 608 3562 usque
633 3494 698 3547 ad
727 3494 1121 3566 Propontidem,
1143 3498 1561 3570 Scythicumque
1594 3517 1743 3556 mare
1767 3512 1847 3567 et,

240 3583 488 3638 Ionicum
517 3584 601 3639 vel
627 3585 867 3656 Algaeum
884 3629 897 3650 ,
920 3590 1123 3659 Assyrii
1150 3575 1546 3662 'Babyloniique
1570 3593 1670 3647 sibi
1698 3596 1825 3649 sub-

235 3672 591 3741 jugaverunt.
626 3689 644 3721 ι
684 3671 836 3727 Sicut
877 3673 1078 3737 fecisti,
1118 3675 1209 3729 flet
1251 3677 1367 3730 tibi.
1406 3696 1425 3729 ι
1458 3677 1516 3732 Id
1559 3688 1641 3733 est
1685 3680 1823 3734 sicut

240 3764 570 3819 interfecisti
599 3763 811 3821 Iudaeos
835 3767 1008 3822 hostis
1042 3766 1236 3833 factus,
1260 3769 1339 3824 sic
1361 3777 1415 3822 et
1450 3777 1504 3823 tu
1533 3770 1825 3827 interficie-

242 3856 332 3911 ris
375 3857 443 3910 ab
488 3857 752 3912 hostibus.
821 3858 969 3914 Unde
1020 3859 1308 3914 subditur:
1345 3881 1362 3911 ι
1415 3862 1821 3916 retributionem

243 3958 401 4003 tuam
433 3957 709 4003 convertet
732 3951 784 4003 in
816 3960 977 4019 caput
1002 3961 1172 4005 tuum.
1208 3971 1228 4004 ι
1258 3952 1447 4018 Qualia
1472 3954 1665 4019 fecisti,
1697 3955 1823 4011 talia

244 4038 507 4105 recipies.
552 4037 664 4091 Sub
691 4039 792 4094 hac
820 4056 981 4094 sensu
1024 4050 1079 4095 et
1113 4051 1300 4096 contra
1339 4044 1661 4114 Babylonem
1692 4045 1824 4101 Pro-

247 4127 419 4196 pheta
456 4126 779 4195 imprecatur
809 4146 821 4181 :
857 4149 874 4177 ι
905 4127 1038 4183 Filia
1078 4131 1363 4203 Babylonis
1389 4135 1605 4199 misera,
1637 4135 1825 4190 beatus

246 4218 349 4288 qui
394 4216 655 4271 retribuet
689 4219 781 4273 tibi
812 4219 1218 4275 retributionem
1264 4230 1428 4286 luant,
1459 4238 1619 4290 quam
1658 4225 1823 4278 retri-

244 4309 419 4367 buisti
468 4311 641 4365 nobis.
674 4330 694 4363 ι

332 4420 349 4451 ι
372 4401 649 4467 Quomodo
672 4402 814 4456 enim
843 4401 1055 4457 bibistis
1095 4417 1256 4472 super
1292 4410 1531 4457 montem
1581 4412 1826 4458 sanctum

247 4511 433 4551 meum
482 4496 634 4560 Sion,
673 4496 859 4550 bibent
908 4511 1096 4550 omnes
1147 4486 1332 4566 gentes
1366 4495 1585 4565 jugiter,
1616 4516 1634 4548 ι
1669 4497 1720 4550 id
1742 4505 1825 4551 est

1922 3312 2261 3368 Hieroboam.
2293 3312 2427 3367 Cum
2470 3312 2676 3368 duabus
2716 3311 2861 3365 enim
2901 3311 3147 3366 tribubus
3178 3313 3330 3367 multi
3360 3329 3494 3383 quo-

1919 3419 2025 3473 que
2056 3404 2238 3458 decem
2270 3402 2502 3457 tribuum
2530 3410 2655 3456 sunt
2678 3402 2900 3464 reversi,
2929 3402 3020 3471 qui
3056 3403 3170 3472 pari
3196 3405 3495 3460 certamine
3576 3398 3583 3403 ’

1919 3496 2239 3552 dimicarent
2296 3505 2483 3550 contra
2529 3496 2810 3551 Idumaeos.
2864 3496 3016 3552 Unde
3044 3497 3331 3551 subditur:
3379 3514 3397 3547 ι
3440 3505 3497 3552 et

1920 3587 2312 3649 succendentur
2333 3588 2386 3641 in
2402 3587 2501 3651 eis,
2529 3596 2585 3641 et
2609 3588 3086 3641 devorabunteos:
3117 3594 3172 3641 et
3198 3601 3303 3640 non
3334 3597 3497 3643 erunt

1920 3679 2162 3747 reliquiae
2186 3678 2376 3734 domus
2405 3679 2568 3734 Esau.
2608 3699 2626 3731 ι
2658 3678 2767 3733 Nec
2793 3694 2927 3733 unus
2950 3678 3284 3732 solummodo
3313 3678 3378 3732 de
3406 3694 3495 3747 po-

1919 3771 2046 3842 pulo
2076 3772 2394 3834 remanebit,
2420 3773 2508 3841 qui
2530 3773 2959 3826 adversariorum
2994 3773 3328 3827 eversionem
3357 3773 3494 3827 vici-

1920 3862 2007 3917 nis
2048 3860 2294 3931 gentibus
2338 3861 2507 3930 possit
2551 3862 2818 3923 nuntiare.
2852 3860 3003 3917 Unde
3048 3869 3105 3915 et
3145 3861 3495 3932 Septuaginta

1921 3953 2126 4008 dicunt;
2151 3950 2265 4005 Non
2286 3952 2389 4006 erit
2412 3951 2793 4006 frumentarius
2820 3951 3009 4005 domus
3033 3951 3193 4005 Esau.
3223 3950 3326 4006 Eos
3351 3968 3416 4004 en
3441 3968 3499 4005 ιιι

1921 4056 2055 4110 quos
2100 4055 2244 4094 nunc
2288 4042 2596 4094 veredarios
2643 4038 2934 4108 appellant,
2962 4049 3171 4092 veteres
3201 4039 3501 4095 frumenta-

1922 4134 2032 4186 rios
2059 4131 2330 4184 dixerunt.
2358 4131 2535 4197 Quare
2569 4139 2745 4183 autem
2781 4131 2893 4183 hazc
2920 4130 3098 4182 omnia
3138 4129 3349 4194 fierent,
3385 4146 3503 4183 ma-

1924 4222 2231 4283 nifestatur,
2266 4236 2388 4274 cum
2424 4219 2671 4274 subditur
2700 4237 2712 4271 :
2764 4240 2782 4270 ι
2817 4220 2943 4289 quia
2992 4219 3249 4274 Dominus
3288 4219 3499 4275 locutus

1892 4296 2029 4378 ‘est,
2067 4331 2085 4362 ι
2120 4312 2270 4380 cujus
2298 4311 2518 4374 dixisse,
2554 4312 2745 4365 fecisse
2787 4321 2887 4373 est,
2922 4311 3221 4380 appositum
3251 4312 3316 4364 ad
3346 4327 3498 4367 exer-

1925 4402 2089 4456 citum
2110 4401 2481 4472 Babylonium.
2506 4399 2709 4455 Cuncta
2739 4410 2918 4455 autem
2952 4402 3065 4455 haec
3095 4417 3213 4470 qua:
3239 4402 3497 4467 diximus,

1924 4502 1977 4546 et
2004 4506 2122 4559 qua:
2154 4490 2350 4543 dicturi
2389 4504 2594 4553 sumus,
2616 4487 2783 4543 Judaei
2820 4489 2954 4543 falsa
3002 4489 3103 4544 sibi
3145 4491 3505 4558 somniantes,

247 4587 525 4656 quomodo
566 4555 686 4640 cum
721 4586 959 4657 Assyriis
987 4596 1041 4640 et
1062 4555 1610 4657 Babyloniis'lmtatus
1640 4601 1700 4641 es
1727 4602 1819 4640 su-
1846 4555 1900 4614 Β
1926 4581 1993 4636 ad
2021 4555 2261 4650 tempora
2288 4577 2528 4633 referunt
2553 4578 2869 4633 Antichristi
2899 4597 2910 4631 :
2937 4587 2992 4633 et
3022 4580 3277 4649 quidquid
3307 4555 3497 4635 contra

249 4692 353 4747 per
386 4679 633 4728 ‘moutem
695 4685 937 4729 sanctum
994 4689 1171 4729 meum
1199 4716 1213 4741 ,
1262 4676 1352 4730 ubi
1398 4685 1516 4731 erat
1564 4677 1821 4746 templum

251 4781 433 4821 meum
472 4774 526 4819 et
576 4765 747 4820 altare
795 4766 1230 4820 holocaustorum
1252 4806 1267 4830 ,
1311 4766 1389 4820 sic
1420 4766 1623 4831 bibent,
1657 4767 1709 4820 id
1742 4775 1826 4821 est

248 4856 581 4910 laetabuntur
605 4869 793 4910 omnes
820 4864 1006 4925 gentes
1036 4870 1197 4924 super
1226 4863 1299 4919 te,
1327 4870 1462 4923 quas
1510 4862 1687 4909 tecum
1736 4856 1831 4909 ha-

249 4949 352 5001 bes
391 4946 694 5017 Babyloniis
722 4947 773 5000 in
798 4946 1082 5017 praesidio:
1119 4966 1137 4997 (
1166 4955 1222 5001 et
1252 4946 1455 5009 bibent,
1491 4954 1545 5000 et
1572 4945 1827 5000 absorbe-

249 5039 412 5103 bunt,
444 5047 499 5092 et
537 5048 696 5093 erant
738 5038 891 5107 quasi
942 5053 1047 5092 non
1096 5039 1222 5091 sint.
1254 5056 1272 5089 ›
1303 5037 1360 5091 ld
1402 5045 1484 5091 est
1513 5052 1619 5090 non
1649 5036 1822 5092 solum

252 5129 584 5183 thabuntur
604 5129 656 5182 in
687 5138 774 5182 tua
804 5128 1122 5199 perditione,
1157 5127 1248 5181 sed
1284 5128 1447 5181 etiam
1479 5128 1552 5180 ita
1585 5136 1636 5180 te
1660 5127 1826 5180 inter—

254 5223 490 5277 ficiendo
517 5222 895 5287 absorbebant,
921 5230 978 5275 ut
1002 5222 1109 5276 siut
1139 5220 1352 5274 Idumaei
1385 5218 1538 5287 quasi
1565 5233 1669 5272 non
1696 5218 1821 5271 sint.

252 5312 359 5369 Vel
382 5323 528 5370 certe
553 5315 695 5384 quod
722 5315 868 5379 dicit,
895 5322 1053 5368 erunt
1077 5312 1228 5386 quasi
1261 5327 1365 5365 non
1389 5310 1517 5370 siut,
1549 5308 1614 5361 ad
1638 5324 1825 5363 omnes

255 5412 447 5477 gentes
462 5403 709 5472 refertur,
726 5405 790 5459 de
803 5404 995 5474 quibus
1007 5392 1370 5475 supradictum
1391 5409 1495 5464 est,
1509 5398 1633 5457 Dies
1649 5397 1827 5453 Domi-

257 5498 315 5551 ni
342 5512 504 5566 super
528 5512 717 5551 omnes
740 5504 944 5564 gentes.
972 5494 1287 5564 Quicunque
1314 5492 1365 5547 ei
1393 5506 1498 5545 non
1530 5489 1825 5553 adhaerent,

256 5588 355 5657 qui
396 5596 500 5653 est,
529 5588 641 5656 Ego
665 5603 802 5651 sum,
833 5586 911 5640 sic
941 5592 1082 5645 sunt,
1111 5583 1261 5652 quasi
1291 5598 1396 5636 non
1436 5581 1563 5635 sint.
1600 5579 1752 5635 Unde
1775 5591 1831 5635 et

260 5676 317 5730 in
344 5676 541 5732 Esther
576 5677 801 5747 legimus
831 5694 843 5729 :
885 5696 902 5726 ι
936 5673 1012 5731 Ne
1049 5673 1245 5735 tradas,
1264 5671 1516 5734 Domine,
1558 5678 1828 5738 sceptrum

263 5778 415 5826 tuum
444 5770 528 5825 his
554 5770 643 5842 qui
687 5784 793 5823 non
822 5776 963 5822 sunt.
999 5787 1016 5820 ›
1052 5764 1143 5820 Vel
1170 5772 1315 5820 certe
1342 5761 1462 5819 ideo
1492 5776 1679 5818 omnes
1705 5773 1837 5831 gena

1926 4670 2209 4724 Idumaaam
2233 4668 2571 4739 interpretati
2592 4685 2796 4734 sumus,
2819 4669 2893 4724 illi
2917 4672 3173 4724 adversus
3194 4669 3496 4724 Romanum

1928 4761 2211 4830 imperium
2249 4760 2549 4824 somniant;
2598 4760 2739 4828 quod
2776 4767 2955 4813 tamen
2998 4775 3096 4814 nos
3139 4759 3367 4814 dicimus
3404 4769 3499 4813 aut

1923 4850 2075 4922 juxta
2130 4849 2411 4904 historiam
2462 4849 2560 4902 sub
2614 4846 2912 4902 Zorobabel
2965 4863 3083 4901 esse
3128 4848 3358 4912 factum,
3404 4855 3499 4902 aut

1930 4947 2080 4993 certe
2102 4938 2340 5006 quotidie
2377 4938 2431 4990 in
2465 4937 2703 4991 Ecclesia
2745 4937 2967 5007 mystice
3006 4937 3236 5007 impleri.
3273 4938 3503 5004 Quando

1927 5038 2106 5083 autem
2136 5026 2338 5081 factum
2377 5026 2460 5081 vel
2498 5026 2800 5081 faciendum
2825 5027 2914 5092 sit,
2942 5027 3053 5096 ipse
3076 5028 3249 5092 novit,
3272 5027 3364 5097 qui
3400 5041 3503 5095 per

1928 5120 2220 5191 prophetas
2244 5119 2358 5174 hzec
2386 5119 2677 5172 mandavit.

2003 5229 2022 5261 ι
2058 5210 2125 5264 Et
2152 5208 2545 5264 hmreditabunt
2578 5209 2631 5263 hi
2671 5209 2763 5278 qui
2795 5208 2860 5263 ad
2890 5217 3133 5262 austrum
3166 5213 3308 5270 sunt,
3343 5221 3498 5259 mon~

1929 5310 2036 5357 tetu
2057 5302 2198 5357 Esau
2222 5318 2235 5354 :
2267 5312 2322 5356 et
2350 5300 2440 5370 qui
2470 5301 2521 5353 iu
2547 5300 2959 5369 campestribus,
2977 5295 3320 5351 Philisthiim.
3345 5314 3363 5346 ι
3383 5294 3501 5350 Rea

1928 5408 2084 5447 verso
2110 5393 2163 5446 in
2189 5407 2411 5461 regnum
2437 5407 2590 5446 suum
2612 5389 2768 5454 .luda,
2798 5390 2851 5444 hi
2873 5389 2964 5458 qui
2989 5387 3054 5441 ad
3080 5394 3319 5440 austrum
3347 5392 3502 5450 sunt,

1930 5484 1982 5539 id
2010 5492 2092 5538 est
2119 5484 2235 5537 dua:
2260 5482 2429 5536 tribus
2455 5495 2572 5550 qua:
2613 5481 2666 5533 in
2708 5478 2924 5533 australi
2952 5484 3103 5545 parte
3132 5486 3287 5529 terra:
3315 5488 3501 5544 γερω-

1928 5574 2201 5629 missionis
2261 5572 2574 5627 habitabant
2629 5570 2785 5640 juxta
2841 5566 3159 5622 divisionem
3234 5563 3359 5620 Jesu
3406 5562 3502 5620 lilii

1932 5666 2098 5731 Nave,
2128 5665 2523 5719 haereditabunt
2550 5671 2785 5716 montem
2809 5660 2975 5731 Esau,
3002 5667 3061 5714 ut
3084 5673 3186 5712 non
3215 5667 3499 5713 arceantur

1930 5756 2094 5812 etiam
2128 5754 2368 5826 angustis
2407 5753 2670 5818 terminis,
2696 5749 2789 5806 sed
2824 5749 2986 5805 etiam
3032 5757 3286 5806 montana
3325 5745 3507 5820 passi;
