4022 6504
468 445 570 500 ίῖτ
930 438 1292 496 HAYMONIS
1330 435 1805 494 HALBERSTAT.
1847 437 2076 494 EPiSC:
2105 437 2258 496 OPP.
2300 437 2481 495 PARS
2519 437 2561 494 Ι.
2591 470 2663 481 —
2698 436 3054 495 COMMENT.
3096 436 3265 492 BlBL.
3632 440 3746 495 {28

422 596 427 601 -
468 558 651 621 deant,
676 570 799 626 qua;
820 554 992 610 Edom
1032 561 1157 608 ante
1193 553 1545 622 possederat:
1581 562 1636 608 et
1665 553 1758 622 qui
1801 553 1854 607 in
1897 566 2043 606 cam-
2072 555 2116 614 Α
2146 552 2237 622 qui
2265 553 2653 622 interpretatur
2691 566 2905 605 acervus
2952 547 3234 605 testimonii
3262 602 3269 613 ,
3312 549 3367 604 id
3400 557 3484 605 est
3519 549 3749 606 ludens

469 634 853 721 pestribusex
904 648 1034 718 ipsis
1072 646 1282 701 duabus
1329 647 1577 702 tribubus
1611 643 1957 710 habitabant,
1993 644 2048 698 in
2152 644 2455 708 credentes,
2488 657 2518 696 a
2562 641 2760 712 quibus
2792 640 3104 697 tesﬁmonia
3149 638 3284 710 legts
3327 640 3643 710 accepimus
3686 647 3752 695 et

473 740 640 795 Liade
667 738 913 793 videlicet
955 745 1012 792 et
1058 745 1241 791 monte
1284 736 1556 806 Diospoli,
1601 745 1761 805 atque
1813 732 2053 803 Nicopoli
2152 735 2559 805 prophetarum.
3318 765 3327 775 ς

474 829 828 901 possidebunt
864 827 1102 896 quinque
1136 828 1300 881 urbes
1336 826 1661 881 Philisthiim
1682 866 1697 890 ,
1735 823 1935 879 Gazam
1972 824 2053 878 vi-
2232 841 2251 874 ι
2285 823 2354 878 Ει
2382 820 2788 893 transmigratio
2811 820 3083 877 exercitus
3108 820 3272 892 hujus
3293 819 3526 877 ﬁliorum
3555 818 3750 887 lsrael,

478 918 700 982 deiicet,
731 916 1077 980 Ascalonam,
1118 915 1380 980 Azotum,
1430 916 1698 979 Accaron,
1725 922 1779 968 et
1804 914 1974 977 Gelh,
2002 922 2057 969 et
2156 915 2336 970 omnia
2366 914 2794 971 Chananaeorum
2831 928 3004 984 usque
3037 915 3103 970 ad
3141 914 3446 985 Sareptam,
3491 934 3511 967 ι
3558 916 3614 970 id
3663 920 3757 971 est

478 1025 691 1065 omnem
735 1008 883 1061 illam
937 1008 1148 1079 plagam
1193 1021 1331 1076 quae,
1369 1006 1525 1075 juxta
1581 1007 1744 1061 Actus
1791 1004 2059 1074 apostolo-
2158 1005 2233 1060 illi
2264 1006 2355 1075 qui
2389 1005 2592 1060 reversi
2635 1003 2836 1058 fuerint
2871 1018 2938 1059 ex
2981 1002 3167 1059 decem
3200 1001 3448 1060 tribubus
3476 1004 3546 1059 de
3574 1003 3758 1075 capti-

481 1115 618 1164 rum,
644 1097 881 1154 Saronas
902 1106 1150 1162 vocatur,
1177 1106 1236 1152 ut
1258 1098 1466 1154 scilicet
1497 1113 1666 1168 usque
1692 1096 1758 1151 ad
1788 1096 2058 1151 maritima
2159 1095 2349 1162 vitate,
2377 1095 2579 1159 omnia,
2605 1094 2860 1151 subaudis
2883 1095 3020 1159 loca,
3045 1094 3476 1150 Chananaeorum
3502 1096 3757 1166 posside-

478 1187 925 1258 perveniant,'et
965 1187 1288 1242 Philisthiim
1332 1203 1429 1243 suo
1476 1187 1702 1257 imperio
1750 1186 2056 1257 subjngent,

482 1295 622 1350 quos
646 1283 799 1348 prius
824 1295 929 1333 non
967 1280 1267 1334 habuerant
1304 1278 1636 1350 subjugatos.
1674 1298 1691 1328 ε
1726 1277 1791 1331 Ει
1823 1277 2060 1345 posside-

481 1370 621 1425 bunt
676 1370 946 1439 regionem
1000 1370 1254 1439 Ephraim
1298 1379 1352 1424 et
1399 1370 1670 1438 regionem
1719 1367 1996 1421 Samariaa.
2036 1384 2056 1418 ›

487 1461 622 1528 Quia
657 1462 921 1516 intantum
970 1462 1281 1516 dilatabitur
1311 1461 1574 1517 terminus
1605 1460 1838 1515 ﬁliorum
1874 1459 2062 1524 lsrael,

489 1559 548 1604 ut
607 1566 775 1620 usque
837 1552 903 1604 ad
963 1552 1217 1620 Ephraim
1284 1551 1653 1621 perveniatur,
1719 1565 1824 1604 nou
1891 1549 2065 1604 solum

491 1653 713 1709 regnum
749 1639 973 1693 aliarum
1017 1640 1276 1708 gentium,
1303 1640 1397 1695 sed
1431 1640 1594 1695 etiam
1624 1654 1845 1709 regnum
1880 1637 2066 1693 decem

492 1728 763 1795 tribuum,
806 1728 959 1798 cujus
1013 1738 1175 1798 caput
1214 1728 1488 1797 Samaria,
1524 1729 1838 1800 possideant
1885 1730 2069 1785 hostes

493 1834 623 1875 θοι-υ
632 1835 700 1873 m.

2162 1189 2296 1243 bunt
2321 1202 2489 1258 usque
2518 1188 2583 1243 ad
2606 1187 2910 1257 Sareptam,
2934 1188 2987 1243 id
3007 1196 3109 1253 est,
3135 1203 3241 1242 non
3264 1187 3607 1242 solummodo
3626 1201 3759 1257 pos-

2164 1280 2415 1335 sidebunt
2445 1294 2565 1348 qua:
2595 1278 2663 1332 ad
2700 1277 2981 1332 meridiem
3028 1285 3172 1340 sunt,
3197 1283 3253 1331 et
3290 1277 3358 1331 ad
3385 1276 3755 1341 occidentem,

2164 1377 2219 1426 et
2263 1371 2329 1422 ad
2378 1367 2824 1438 septentrionem,
2864 1365 3127 1420 ldumzeos
3163 1364 3382 1429 Ciliciae,
3410 1372 3465 1418 et
3509 1362 3761 1418 Palaesti-

2166 1473 2286 1522 nos,
2318 1465 2372 1512 et
2399 1468 2635 1511 montem
2663 1455 2830 1521 Esau,
2860 1463 2914 1509 et
2940 1453 3262 1516 Samariam,
3297 1452 3391 1508 sed
3419 1454 3585 1508 etiam
3623 1467 3761 1507 con-

2169 1561 2253 1606 tra
2285 1551 2547 1606 orientem
2576 1548 2785 1604 cunctis
2810 1563 2928 1617 qua:
2956 1556 3117 1601 teme
3142 1546 3574 1601 Chananazorum
3596 1552 3759 1610 sunt,

2170 1644 2515 1714 imperabunt
2565 1656 2735 1710 usque
2785 1641 2852 1695 ad
2900 1638 3184 1709 Sareptam
3232 1635 3614 1701 Sidoniorum,
3666 1635 3762 1690 ubi

2171 1734 2441 1806 quondam
2470 1733 2644 1788 Eliam
2671 1730 2818 1801 pavit
2844 1730 3025 1784 vidua.
3055 1748 3073 1781 ‹
3103 1728 3172 1783 Et
3200 1726 3606 1797 transmigratio
3634 1724 3765 1780 Ilie-

2172 1824 2428 1888 rusalem,
2459 1837 2580 1893 qute
2623 1821 2677 1874 in
2719 1819 2998 1888 Bosphoro
3035 1825 3136 1879 est,
3169 1815 3481 1887 possidebit
3509 1814 3767 1869 civitates

571 1929 590 1963 ι
622 1909 687 1964 Ει
708 1910 982 1980 Benjamin
1017 1912 1312 1980 possidebit
1337 1911 1559 1967 Calaad.
1594 1930 1611 1963 ι
1645 1910 1848 1967 Galaad
1878 1910 2070 1966 civitas
2098 1909 2146 1968 B
2176 1916 2365 1971 austri.
2405 1934 2424 1967 ι
2464 1913 2521 1969 in
2554 1911 2835 1981 Bosphoro
2883 1918 3065 1964 autem
3104 1908 3266 1973 dicit,
3300 1909 3354 1962 in
3400 1906 3653 1961 terminis
3681 1904 3769 1959 vel

495 2011 632 2065 erat,
658 2002 739 2055 vel
768 2017 920 2057 mons
945 2003 997 2056 in
1029 2003 1170 2057 tribu
1201 2003 1335 2059 Gad.
1363 2002 1468 2058 Per
1493 2004 1632 2057 hanc
1661 2009 1839 2056 autem
1880 2001 2071 2055 civita—

498 2101 628 2157 tem,
658 2093 740 2147 vel
764 2103 1027 2167 montem,
1050 2104 1158 2149 tota
1190 2095 1502 2166 designatur
1528 2095 1750 2161 Arabia,
1781 2110 1900 2164 qua:
1927 2094 2078 2164 prius

497 2186 794 2240 vocabatur
817 2185 1039 2251 Galaad,
1069 2195 1123 2240 et
1149 2202 1292 2241 nunc
1315 2186 1502 2241 Jerasa
1529 2195 1887 2255 nuncupatur,
1913 2201 2077 2255 quam

500 2283 667 2331 totam
700 2276 936 2344 possedit
967 2276 1265 2345 Benjamin,
1303 2279 1456 2348 cujus
1492 2278 1788 2333 statim.ab
1824 2277 2079 2332 Hierusa-

503 2364 609 2419 lem
658 2374 847 2420 contra
900 2369 1324 2436 septentrionem
1371 2369 1583 2423 termini
1634 2368 1945 2432 dilatantur,
1979 2368 2081 2422 hoc

503 2464 687 2509 utrum
715 2454 1031 2535 factuqysit,
1056 2458 1198 2513 Deus
1216 2459 1429 2513 viderit.
1457 2459 1643 2514 Potest
1663 2458 1807 2512 enim
1834 2473 1898 2511 ex
1927 2468 2083 2527 parte

503 2559 602 2615 per
651 2561 821 2601 annos
865 2548 1189 2618 quingentos
1226 2564 1397 2618 usque
1451 2549 1519 2603 ad
1568 2549 1856 2602 adventum
1884 2545 2082 2602 Christi

505 2649 626 2690 esse
665 2637 1013 2706 completum,
1044 2639 1183 2705 quod
1221 2637 1459 2707 quotidie
1487 2638 1538 2692 in
1567 2637 1808 2692 Ecclesia
1845 2637 2082 2707 comple-

507 2736 600 2782 tur
628 2736 683 2780 et
715 2729 1089 2794 conﬁrmatur,
1120 2730 1242 2784 dum
1276 2731 1330 2784 hi
1365 2731 1455 2799 qui
1487 2730 1732 2785 habitant
1768 2732 1819 2783 in
1847 2744 1977 2785 vero
2006 2730 2087 2784 lu-

510 2817 676 2881 mine,
725 2819 1046 2886 campestria
1084 2828 1244 2887 atque
1295 2820 1511 2874 humilia
1558 2820 1881 2885 inhabilem,
1920 2820 2086 2875 disci-

511 2904 622 2974 puli
667 2906 915 2961 videlicet
953 2907 1069 2976 ejus
1113 2909 1205 2978 qui
1238 2909 1367 2963 dicit
1402 2924 1417 2963 :
1457 2928 1475 2961 ι
1526 2910 1723 2964 Discite
1758 2926 1788 2964 a
1831 2926 1916 2965 mc
1960 2911 2086 2980 quia

512 2996 662 3051 mitis
712 3012 828 3051 sum
876 3006 931 3050 et
987 2998 1204 3055 luunilis
1246 3003 1426 3055 corde.
1468 3020 1486 3052 ι
1526 3001 1808 3056 Possident
1848 3011 2087 3058 montem

514 3081 658 3139 Esau
705 3094 762 3140 et
813 3086 1157 3153 Philisthiim,
1198 3104 1295 3158 per
1339 3107 1474 3161 quos
1521 3107 1803 3161 possumus
1850 3093 2087 3162 gentium

514 3176 861 3247 philosophos
905 3180 1171 3249 accipere,
1202 3191 1423 3251 propter
1458 3181 1794 3238 altitudinem
1828 3183 2087 3253 eloquen-

2179 2007 2232 2062 in
2276 2005 2488 2060 ﬁnibus.
2523 2002 2676 2058 Unde
2721 2010 2776 2057 et
2816 1999 3166 2070 Septuaginta
3213 1995 3492 2067 Sapharad
3530 2002 3767 2066 ponunt,

2179 2096 2322 2167 quod
2349 2096 2600 2150 terminus
2624 2092 2710 2147 vel
2734 2092 2879 2147 locus
2908 2080 3314 2161 interpretatur,
3339 2099 3396 2144 et
3416 2097 3500 2143 est
3521 2102 3723 2143 sensus
3750 2106 3765 2141 :

2180 2189 2245 2244 lii
2291 2189 2383 2258 qui
2430 2187 2497 2242 de
2542 2186 2657 2256 ipsa
2688 2182 3183 2254 Hierosolymorum
3223 2178 3504 2249 metropoli
3541 2178 3772 2233 civitate

2182 2278 2453 2343 translati,
2488 2278 2543 2332 in
2574 2276 2818 2346 Saphara
2866 2274 3208 2338 habitabant,
3235 2272 3289 2327 id
3330 2280 3414 2327 est
3463 2271 3516 2324 in
3570 2269 3772 2325 ﬁnibus

2182 2368 2620 2440 Babyloniorum,
2662 2365 2865 2420 rcversi
2903 2364 3255 2435 possidebunt
3297 2362 3547 2417 civitates
3570 2360 3771 2425 austri,

2184 2476 2303 2531 qua:
2345 2468 2473 2514 sunt
2513 2459 2566 2513 in
2616 2457 2760 2513 tribu
2810 2454 2967 2510 Juda.
3002 2454 3324 2509 Habitantes
3365 2453 3510 2506 enim
3547 2452 3604 2505 in
3636 2452 3772 2506 urbe

2187 2569 2302 2619 sua,
2333 2568 2396 2608 ea
2423 2568 2542 2622 qua:
2569 2549 2889 2605 urbi’viciua
2916 2556 3043 2604 sunt
3067 2546 3406 2601 obtinebunt.

2264 2663 2282 2695 ε
2311 2644 2376 2699 Ει
2403 2641 2693 2698 ascenderit
2717 2640 3017 2695 salvatorcs
3039 2638 3093 2692 in
3120 2645 3357 2691 montem
3383 2634 3535 2691 Sion.
3567 2654 3583 2686 ι
3616 2632 3774 2689 Sicut

2178 2738 2292 2793 fuit
2319 2733 2613 2792 Zorobabcl
2656 2742 2710 2788 et
2738 2732 2939 2798 ca‘teri,
2974 2741 3031 2786 ut
3072 2730 3343 2801 quondam
3371 2728 3473 2782 fuit
3494 2726 3770 2793 Othoniei,

2191 2838 2247 2886 et
2273 2827 2454 2883 caeleri
2487 2825 2824 2889 liberatores,
2854 2837 2991 2893 quos
3021 2821 3167 2875 misit
3189 2819 3473 2885 Dominus,
3504 2833 3681 2888 usque
3705 2819 3775 2872 ad

2193 2920 2353 2985 Saul,‘
2374 2920 2602 2988 indeque
2633 2932 2802 2985 usque
2833 2917 2899 2969 ad
2931 2913 3212 2969 Sedeciam
3232 2952 3247 2979 ,
3277 2931 3296 2963 ι
3330 2910 3577 2979 judicare
3624 2925 3778 2967 mon-

2195 3021 2302 3067 tem
2327 3011 2489 3065 Esau.
2529 3029 2547 3061 »
2580 3005 2887 3062 Ascendent
2932 3005 3097 3081 enim.
3123 3004 3188 3058 de
3234 3002 3567 3073 captivitate,
3602 3011 3660 3055 ut
3681 3001 3778 3070 ju-

2194 3103 2375 3158 dicent
2412 3109 2573 3170 atque
2613 3097 2954 3161 discernant,
3001 3094 3153 3164 quasi
3203 3091 3503 3163 subjectum
3548 3099 3607 3146 et
3661 3106 3782 3147 ser-

2195 3192 2428 3247 vientem
2458 3189 2560 3245 sibi
2593 3196 2829 3242 montem
2861 3186 3023 3251 Esau,
3062 3186 3114 3240 id
3152 3192 3237 3239 est
3270 3183 3527 3263 Idumaeos
3564 3180 3783 3250 pariter

515 3267 635 3332 tiae;
671 3270 937 3338 regionem
986 3285 1202 3341 quoque
1230 3272 1485 3341 Ephraim
1527 3281 1582 3328 et
1619 3273 1878 3329 Samaria:
1917 3276 2090 3344 possi-
2121 3271 2166 3333 C
2197 3298 2321 3338 cum
2367 3290 2511 3335 terra
2540 3295 2678 3334 sua:
2713 3297 2731 3329 ι
2768 3286 2823 3332 et
2857 3278 2961 3332 erit
2993 3275 3220 3330 Domino
3258 3288 3500 3349 regnum,
3533 3292 3553 3324 ι
3588 3271 3785 3342 subju-

517 3359 742 3424 debunt,
775 3375 871 3429 per
898 3378 1059 3432 quem
1096 3365 1174 3433 (ut
1216 3365 1267 3418 in
1302 3362 1440 3420 Osee
1468 3379 1610 3435 saepe
1643 3365 1890 3435 legimus)
1922 3367 2091 3419 luere-

517 3452 611 3506 tici
643 3452 956 3521 ﬁgurantur.
981 3454 1150 3510 Porro
1170 3456 1467 3526 Benjamin,
1490 3457 1540 3510 id
1566 3466 1647 3511 est
1673 3456 1811 3511 ﬁlius
1837 3456 2089 3522 dexterae,

2198 3376 2357 3447 gatis,
2385 3373 2591 3428 scilicet
2638 3371 2889 3426 omnibus
2909 3410 2924 3435 ,
2956 3368 3183 3422 Domino
3225 3367 3331 3421 erit
3373 3379 3621 3435 regnum,
3652 3363 3786 3435 quia

2201 3468 2315 3537 ipse
2339 3479 2466 3521 suos
2491 3464 2655 3520 faciet
2684 3476 2910 3532 regnare
2936 3462 2990 3515 in
3018 3459 3245 3516 diversis
3272 3457 3423 3513 locis.

519 3549 748 3619 populus
792 3535 1045 3605 videlicet
1088 3551 1463 3618 Christianus,
1522 3551 1820 3623 possidebit
1869 3550 2091 3617 Galaad,
2174 3573 2186 3582 ο

2170 3690 3777 3718 Μαι-ι’*

1538 3837 1645 3915 ΙΝ
1703 3835 2040 3916 JONAM
2104 3833 2757 3913 PBOPHETAM.

592 4114 781 4171 Ionam
810 4114 1027 4169 tradunt
1051 4112 1260 4168 Hebraei
1306 4109 1472 4166 ﬁlium
1521 4126 1641 4167 esse
1686 4109 2000 4181 Sarepianaa
2027 4112 2104 4165 vi—

521 4207 660 4271 duae,
709 4220 867 4277 quem
910 4212 1178 4258 mortuum
1226 4203 1505 4257 suscitavit
1557 4201 1719 4265 Elias,
1770 4217 1931 4272 quem
1978 4216 2101 4255 cum

522 4298 684 4353 matri
709 4295 1049 4357 reddidisset,
1102 4295 1348 4349 adoravit
1387 4293 1495 4357 illa,
1543 4302 1599 4348 et
1633 4294 1811 4347 dixit:
1846 4291 1998 4347 Nunc
2046 4291 2102 4345 in

522 4388 626 4443 isto
655 4386 904 4457 cognovi,
935 4385 1186 4461 quoniam
1216 4385 1297 4437 vir
1328 4384 1536 4438 Domini
1564 4399 1641 4449 es,
1668 4393 1723 4437 et
1753 4385 1973 4438 verbum
2000 4384 2103 4438 Do-

523 4476 654 4530 mini
684 4476 736 4528 iu
758 4490 854 4529 ore
879 4482 971 4527 tuo
1003 4489 1185 4527 verum
1215 4482 1320 4535 est,
1349 4482 1404 4527 et
1436 4474 1504 4527 oh
1527 4473 1664 4527 hanc
1691 4489 1909 4527 causam
1946 4489 2102 4530 voca-

526 4575 638 4621 tum
675 4565 840 4620 ﬁlium
868 4563 1104 4618 Amathi.
1136 4563 1349 4618 Amathi
1388 4564 1772 4633 interpretatur
1801 4566 1984 4619 veritas
2004 4606 2018 4629 ,
2049 4573 2102 4620 et

2188 4110 2445 4173 -Amatbi,
2475 4109 2697 4163 dicens:
2735 4106 2906 4178 Surge
2952 4115 3008 4162 et
3053 4106 3186 4161 vade
3230 4107 3283 4160 in
3328 4105 3559 4160 Niniven
3588 4105 3796 4161 civita~

2213 4213 2317 4258 tem
2340 4202 2618 4273 grandem,
2647 4210 2701 4256 et
2720 4200 2952 4270 prmdica
2977 4200 3029 4254 in
3053 4215 3148 4255 ea:
3175 4199 3301 4270 quia
3323 4199 3567 4254 ascendit
3584 4197 3796 4252 malitia

2210 4293 2326 4362 ejus
2350 4309 2532 4348 coram
2563 4309 2666 4348 me.
2707 4312 2725 4344 ι
2762 4293 2913 4359 Quod
2937 4292 3067 4346 dicit
3094 4309 3106 4344 :
3136 4309 3154 4341 ι
3186 4289 3429 4344 ascendit
3452 4289 3656 4343 malitia
3673 4287 3799 4357 ejus

2209 4400 2391 4439 coram
2416 4399 2524 4450 me,
2553 4402 2571 4433 ι
2599 4383 2682 4437 vel
2722 4383 3015 4438 secundum
3046 4381 3417 4452 Septuaginta,
3448 4379 3656 4436 clamor
3678 4395 3799 4433 ma-

2207 4475 2334 4530 litia:
2362 4474 2479 4543 ejus
2505 4490 2685 4530 coram
2723 4491 2808 4530 me
2851 4475 3175 4539 ostenditur,
3206 4474 3332 4543 quia
3371 4472 3709 4543 impudenter
3738 4482 3801 4528 et

2208 4570 2324 4623 sine
2367 4569 2471 4623 ulla
2515 4568 2812 4622 reverentia
2842 4567 2921 4621 vel
2954 4570 3149 4622 timore
3186 4565 3502 4637 peccahant.
3550 4563 3680 4618 Tale
3705 4574 3804 4618 est

525 4673 590 4713 ex
618 4672 682 4712 eo
707 4657 848 4725 quod
888 4655 1032 4709 Elias
1062 4670 1243 4708 verum
1282 4656 1436 4721 dixit,
1468 4664 1688 4710 vocatus
1712 4664 1795 4711 est
1838 4655 1977 4711 ﬁlius
2008 4672 2100 4711 ve-
2126 4636 2178 4695 D
2202 4660 2345 4729 quod
2377 4660 2443 4713 de
2466 4657 2757 4713 Sodomitis
2782 4659 2981 4713 dicitur
3007 4674 3021 4712 :
3059 4678 3077 4710 ι
3108 4636 3326 4713 Clamor
3356 4656 3712 4712 Sodomorum
3740 4664 3804 4709 et

526 4747 733 4809 ritatis;
785 4743 938 4812 cujus
971 4745 1302 4814 sepulcrum‘
1323 4746 1509 4800 dicunt
1555 4761 1674 4801 esse
1699 4746 1751 4800 in
1779 4745 1938 4811 Geth,
1983 4761 2102 4815 quae

523 4846 611 4893 est
634 4838 685 4891 in
708 4835 891 4905 Ophir.
920 4836 1023 4890 Alii
1046 4837 1232 4890 dicunt
1254 4851 1372 4890 eum
1398 4836 1449 4891 in
1478 4836 1661 4900 Lidda,
1692 4838 1742 4892 id
1765 4846 1848 4892 est
1868 4836 2101 4906 Diospoli

525 4938 582 4983 et
603 4936 783 4983 natum
811 4938 864 4982 et
891 4927 1182 4982 conditum.
1216 4926 1454 4983 Meminit
1485 4927 1642 4996 hujus
1668 4908 1941 4999 prophetae
1967 4929 2102 4984 liber

526 5017 727 5081 Tobiae,
758 5018 845 5072 ubi
877 5018 1170 5072 moriturus
1199 5028 1352 5087 pater
1380 5018 1489 5074 ﬁlio
1532 5019 1872 5089 loquebatur.
1928 5018 2101 5089 Prope

522 5096 607 5166 est
640 5110 891 5165 interitus
916 5108 1139 5176 Ninivm,
1188 5126 1292 5164 non
1323 5111 1464 5167 enim
1507 5112 1708 5166 excidit
1736 5112 1957 5166 verbum
2000 5111 2102 5166 Do-

524 5203 677 5259 mini.
729 5202 968 5257 Primum
994 5203 1136 5256 enim
1163 5202 1229 5256 ad
1255 5203 1693 5272 praedicationem
1722 5202 1873 5259 Jonaa
1904 5202 2101 5257 intelli-

525 5294 701 5365 gimus
725 5292 990 5347 Ninivitas
1017 5307 1305 5347 conversos
1332 5294 1707 5364 paenitentiam
1740 5293 1937 5363 egisse,
1968 5302 2025 5348 et
2069 5308 2099 5348 a

525 5382 755 5438 Domino
793 5383 1005 5438 veniam
1050 5390 1399 5448 consecutos,
1449 5391 1633 5451 postea
1672 5397 1801 5436 vero
1846 5380 1913 5435 ad
1963 5380 2101 5437 mala

525 5473 754 5544 pristina
815 5473 1073 5542 relapsos,
1127 5472 1281 5542 juxta
1334 5471 1474 5541 quod
1531 5471 1843 5541 praedictum
1902 5469 2098 5537 fuerat,

528 5563 696 5617 fuisse
720 5562 1028 5630 subversos,
1056 5571 1315 5634 regnante
1336 5560 1475 5633 apud
1498 5561 1753 5617 Hebraeos
1771 5560 1937 5629 Josia,
1961 5561 2103 5632 apud

528 5652 713 5711 Medos
736 5653 991 5728 Astyage.

1034 5745 1263 5803 CAPUT
1301 5743 1588 5800 PRIMUM.

665 5837 732 5894 Et
771 5837 970 5895 factum
996 5845 1078 5893 cst
1112 5835 1334 5892 verbum
1382 5833 1593 5891 Domini
1623 5834 1688 5891 ad
1716 5833 1905 5892 lunam
1938 5835 2106 5892 ﬁlium

2204 4750 2673 4806 Gomorrhzeurum
2699 4751 2839 4805 venit
2877 4751 2944 4805 ad
2975 4765 3079 4805 me.
3116 4771 3135 4802 ι
3172 4749 3460 4805 Peccatum
3505 4763 3628 4801 cum
3663 4762 3805 4801 voce

2202 4851 2286 4898 est
2338 4852 2615 4911 peccatum
2666 4842 2978 4907 occultum,
3038 4851 3318 4912 peccatum
3379 4850 3503 4896 cum
3552 4839 3804 4895 clamore

2203 4932 2543 4988 manifestum
2573 4941 2628 4987 et
2673 4933 2965 5003 publicum.
2990 4933 3215 5004 Mystice
3243 4949 3256 4986 :
3281 4932 3467 4995 Jonas,
3504 4930 3596 4998 qui
3627 4930 3806 4983 inter-

2200 5030 2444 5094 pretatur
2470 5020 2740 5087 columba,
2794 5021 3062 5093 signiﬁcat
3100 5022 3375 5077 Christum
3402 5019 3705 5089 simplicem
3742 5025 3808 5073 et

2207 5123 2566 5178 mansuetum,
2622 5128 2784 5183 super
2833 5130 2994 5184 quem
3044 5113 3280 5184 Spiritus
3332 5121 3552 5168 sanctus
3600 5112 3655 5165 in
3704 5127 3808 5186 co-

2205 5203 2386 5261 lumba
2428 5206 2694 5275 apparuit.
2749 5204 2914 5262 Jonas
2951 5206 3114 5261 etiam
3156 5206 3544 5276 interpretatur
3592 5202 3805 5268 dolens,

2207 5295 2330 5364 quia
2358 5295 2525 5350 doluit
2547 5310 2708 5365 super
2733 5292 3029 5364 perituram
3061 5294 3418 5349 Hierusalem.
3443 5292 3596 5359 Quod
3613 5302 3807 5346 autem

2206 5383 2478 5440 Christum
2502 5385 2769 5456 designet,
2800 5385 2915 5455 ipse
2942 5386 3203 5441 Dominus
3233 5384 3289 5440 in
3310 5384 3603 5454 Evangelio
3633 5392 3809 5438 testa-

2209 5482 2316 5538 tur,
2364 5474 2585 5529 dicens:
2622 5492 2640 5526 ‹
2681 5473 2832 5528 Sicut
2854 5471 3140 5529 fuitJonas
3170 5474 3225 5528 in
3256 5483 3443 5528 ventre
3468 5472 3574 5531 ceti
3625 5471 3810 5527 tribus

2209 5564 2396 5619 diebus
2417 5573 2470 5619 et
2498 5563 2671 5619 tribus
2701 5564 2972 5628 noctibus,
3011 5565 3084 5619 ita
3130 5564 3234 5618 erit
3272 5562 3443 5618 Filius
3468 5562 3709 5618 hominis
3745 5562 3810 5617 in

2210 5654 2370 5710 corde
2385 5662 2543 5708 teme
2565 5654 2737 5709 tribus
2755 5653 2944 5709 diebus
2969 5662 3023 5709 et
3046 5654 3217 5709 tribus
3247 5653 3520 5707 noctibus.
3549 5670 3568 5703 ι
3592 5650 3815 5721 lpscest

2215 5744 2354 5798 filius
2376 5742 2614 5808 Amathi,
2646 5742 2699 5797 id
2724 5751 2810 5797 est
2835 5742 2950 5807 Dei,
2977 5744 3103 5812 quia
3134 5743 3278 5799 Deus
3315 5742 3516 5797 veritas
3543 5749 3648 5797 est.
3682 5739 3813 5797 blit~

2215 5835 2347 5890 titur
2374 5834 2438 5890 ad
2468 5832 2735 5902 Ninivcn,
2784 5848 2901 5904 qua:
2943 5832 3161 5905 pulchra
3202 5832 3611 5904 interpretatur,
3644 5846 3811 5891 mutL
3848 5890 3860 5904 ,
