4022 6460
193 370 290 427 129

1180 371 1574 428 ENABRATIO
1612 372 1678 428 IN
1712 373 1936 431 JONAM
1973 375 2410 436 PROPIIETAM.

3340 392 3440 448 150

190 482 312 537 dum
339 477 605 551 designat,
634 490 739 547 quo
767 477 898 532 nihil
935 478 1215 547 pulchrius
1255 481 1429 536 oculis
1454 480 1761 535 carnalibus
1789 493 1835 552 Α
1865 489 2052 535 rentur
2073 484 2126 537 in
2148 484 2351 549 Judaea,
2385 487 2525 542 sicut
2553 489 2604 543 in
2653 491 2938 563 Evangelio
2965 494 3210 565 legimus,
3267 505 3439 553 trans-

189 573 501 642 aspicimns.
550 570 698 628 Unde
723 579 778 625 et
809 570 994 627 Graece
1024 572 1091 626 ah
1134 580 1328 626 ornatu
1373 586 1567 626 nomen
1610 586 1766 626 accc-

188 663 284 733 pit.
324 660 552 718 Cosmus
588 660 732 715 enim
774 661 1003 715 mundus
1032 661 1248 716 dicitur.
1276 660 1409 728 Quia
1442 676 1574 732 ergo
1595 659 1764 715 Judwi

190 753 282 808 Dei
308 760 576 824 przecepta
620 759 1076 820 contempserant,
1125 752 1358 805 mittitur
1382 748 1568 816 Jonas,
1601 751 1653 805 id
1682 758 1765 805 est

187 843 438 901 Christus
463 843 531 897 ad
550 840 796 906 Niniven,
824 841 878 894 id
906 850 991 895 est
1013 842 1081 895 ad
1114 850 1322 912 gentes,
1352 850 1413 895 ut
1439 851 1582 896 totus
1610 857 1766 895 mun-

188 933 287 990 dus
304 932 532 988 credens
554 931 609 985 in
640 945 763 986 eum
804 930 1056 985 salvetur.
1086 929 1286 985 Malitia
1317 930 1505 985 Ninive
1533 947 1653 1001 qua:
1696 931 1766 985 ad

188 1024 471 1079 Dominum
518 1021 781 1087 ascendit,
816 1021 1063 1077 voluntas
1110 1031 1194 1077 est
1245 1037 1413 1092 prona
1443 1037 1654 1091 semper
1696 1022 1764 1076 ad

189 1118 410 1182 malum,
458 1124 515 1170 et
541 1115 776 1169 maxime
804 1113 978 1168 cultus
1024 1114 1284 1169 idolorum
1326 1115 1539 1183 quibus,
1579 1113 1763 1169 relicto

187 1206 460 1271 Creatore,
489 1205 725 1259 mundus
752 1204 1144 1259 studiosissime
1184 1204 1473 1260 serviebat.

262 1314 282 1348 ε
318 1296 385 1350 Et
404 1294 642 1349 surrexit
662 1292 829 1349 Jonas
860 1301 919 1347 ut
965 1293 1171 1365 fugeret
1216 1295 1268 1348 in
1315 1294 1537 1349 Tharsis
1565 1308 1594 1348 a
1626 1293 1763 1350 facie

192 1386 420 1443 Domini.
456 1405 473 1437 ι
508 1386 623 1441 Non
652 1385 896 1440 invidens
924 1385 1079 1439 saluti
1110 1384 1460 1440 Ninivitarum
1486 1383 1640 1457 fugit,
1669 1385 1762 1439 sed

188 1478 375 1534 nolens
416 1478 597 1548 perire
634 1475 849 1531 Judreos
891 1489 1104 1547 gentem
1135 1493 1305 1531 suam.
1355 1476 1573 1531 Sciebat
1616 1477 1762 1532 enim

188 1567 309 1638 quia
360 1566 679 1637 paenitentia
734 1566 972 1635 gentium
1035 1566 1186 1619 ruina
1226 1567 1389 1620 ’esset
1433 1565 1759 1620 Judmorum.

186 1654 450 1710 Praeterea
475 1656 687 1709 videbat
711 1653 847 1708 alios
875 1654 1161 1723 prophetas
1185 1654 1376 1708 missos
1404 1654 1471 1707 ad
1491 1669 1619 1708 oves
1641 1667 1763 1722 per-

190 1745 345 1808 ditas,
382 1746 575 1800 domus
622 1743 831 1810 Israel,
871 1755 930 1799 ut
977 1746 1044 1800 ad
1091 1747 1461 1817 pmnitentiam
1508 1746 1760 1816 populum

1867 571 1979 625 ibat
2014 571 2066 626 in
2106 582 2287 642 partes
2326 573 2450 644 Tyri
2482 586 2536 631 et
2584 578 2831 647 Sidonis,
2862 598 2982 652 quae
3012 590 3137 637 sunt
3162 571 3440 653 gentilium

1863 660 2042 715 urbes.
2087 661 2238 727 Qum,
2285 664 2412 732 quia
2465 664 2518 718 in
2552 677 2750 722 sortem
2794 671 2957 725 lsrael
2986 671 3285 727 distributa:
3329 674 3442 728 fue-

1862 760 2003 815 rant,
2032 763 2177 807 recte
2201 768 2296 824 per
2317 753 2546 825 JOppen,
2579 758 2653 828 (id
2688 769 2791 825 est,
2844 764 3110 834 speciosa)
3154 765 3441 836 designan-

1863 849 1969 897 tur.
2005 843 2163 899 Venit
2198 861 2328 916 ergo
2367 847 2624 902 Dominus
2668 851 2734 903 ad
2776 849 3019 918 Tharsis,
3054 854 3103 907 id
3130 860 3214 908 est
3258 854 3439 925 gaudii

1862 937 2390 1007 contemplationem,
2425 939 2547 1006 quia
2576 940 2758 994 mundi
2787 943 3252 1011 contemplabatur
3298 944 3441 999 salu-

1863 1034 2001 1091 tem,
2035 1042 2195 1099 quam
2223 1037 2348 1082 ante
2389 1029 2582 1083 saecula
2614 1032 3116 1099 przedestinaverat.
3161 1033 3317 1090 Salus
3345 1051 3441 1089 au-

1862 1126 1966 1171 tem
2013 1119 2194 1171 mundi
2231 1119 2483 1187 gaudium
2514 1117 2629 1186 ejus
2663 1128 2763 1173 est.
2820 1120 3110 1175 Descendit
3153 1133 3330 1177 autem
3383 1125 3438 1180 in

1859 1207 2082 1278 Joppeu,
2107 1210 2251 1279 quia,
2280 1209 2456 1274 vicina
2478 1211 2752 1279 passione.
2778 1211 3004 1264 salutem
3035 1213 3290 1280 speciosae
3311 1230 3439 1284 gen-

1862 1300 2071 1354 tilitatis
2096 1301 2444 1368 operabatur.
2493 1299 2600 1354 Sed
2631 1300 2756 1369 quia
2788 1302 2933 1355 venit
2957 1301 3024 1354 ad
3050 1316 3180 1355 oves
3201 1305 3440 1371 perditas

1860 1389 2050 1443 domus
2088 1387 2270 1452 Israel,
2314 1403 2421 1442 non
2471 1388 2585 1441 vult
2614 1388 2743 1444 dare
2789 1404 2983 1459 panem
3024 1389 3257 1444 filiorum
3289 1391 3441 1443 canie

1859 1476 1977 1532 bus.
2020 1477 2118 1530 Dat
2145 1492 2273 1547 ergo
2319 1477 2538 1532 naulum
2571 1480 2895 1543 vectoribus,
2927 1495 3062 1549 quos
3084 1480 3310 1549 gentiles
3342 1497 3440 1550 pu-

1862 1577 2035 1623 tamus
2080 1568 2425 1636 signiticare,
2477 1569 2530 1622 id
2560 1577 2643 1624 est
2687 1569 2876 1639 pignus
2905 1572 3183 1640 sperandae
3227 1569 3435 1634 salutis,

1861 1666 2128 1728 quatenus
2166 1660 2402 1727 primum
2453 1659 2627 1712 salvet
2655 1656 2867 1712 Judaeos
2908 1660 2974 1712 ad
3008 1672 3145 1727 quos
3193 1668 3436 1724 venerat,

1860 1748 2052 1804 deinde
2074 1749 2242 1803 salvet
2262 1756 2451 1819 gentes
2473 1749 2625 1817 quasi
2654 1748 2822 1803 maris
2843 1748 3078 1804 accolas.
3118 1747 3268 1804 Unde
3288 1756 3342 1802 et
3367 1749 3436 1802 ad

186 1846 559 1908 provoearent,
590 1844 646 1890 et
674 1835 796 1891 ideo
823 1835 967 1891 dolet
1011 1851 1069 1891 se
1091 1836 1343 1902 electum,
1374 1846 1432 1890 ut
1454 1838 1757 1891 mitteretur
1788 1829 1830 1887 Β
1857 1839 2115 1894 interiora
2158 1839 2500 1893 descendisse
2531 1849 2587 1893 et
2617 1840 2881 1895 dormisse
2927 1841 3144 1905 dicitur,
3183 1839 3437 1896 sreviente

187 1924 253 1979 ad
278 1924 530 1997 Assyrios
555 1923 799 1979 inimicos
829 1923 1058 1980 lsraelis.
1089 1924 1322 1980 Noverat
1344 1926 1506 1979 etiam
1531 1926 1760 1994 prophe-

189 2018 297 2073 tico
319 2018 531 2087 spiritu,
559 2017 719 2085 quod.
751 2031 872 2071 cum
901 2025 1090 2087 gentes
1116 2017 1475 2088 cognitionem
1495 2018 1588 2072 Dei
1618 2017 1761 2072 reci-

188 2113 404 2177 perent,
448 2108 825 2177 reprobaretur
852 2106 1035 2162 Israel.
1092 2106 1245 2174 Quod
1282 2123 1411 2178 ergo
1438 2106 1640 2163 sciebat
1664 2107 1762 2161 ali-

185 2198 403 2267 quando
428 2196 685 2261 futurum,
717 2198 1003 2252 verebatur
1052 2212 1119 2251 ne
1153 2212 1250 2252 suo
1293 2206 1531 2268 tempore
1585 2197 1758 2263 fieret,

183 2296 346 2358 atque
374 2286 491 2341 ideo
538 2287 722 2357 fugere
768 2287 935 2342 voluit
978 2286 1032 2341 in
1076 2287 1318 2353 Tharsis,
1368 2288 1508 2344 sicut
1547 2295 1602 2343 et
1626 2287 1760 2343 Cain

182 2378 322 2451 fugit
355 2394 387 2433 a
434 2378 573 2435 facie
616 2378 849 2434 Domini.
885 2378 1149 2449 Josephus
1188 2380 1411 2437 Tharsis
1448 2388 1600 2451 putat
1641 2396 1759 2436 esse

182 2470 448 2526 Tharsum
490 2469 691 2526 Cilicia:
717 2469 1010 2536 civitatem,
1057 2472 1123 2526 de
1150 2487 1255 2542 qua
1279 2472 1382 2528 fuit
1408 2473 1606 2529 Paulus
1632 2488 1759 2544 apo-

182 2563 380 2627 stolus,
410 2564 551 2618 unde
580 2571 635 2618 et
657 2563 977 2619 Tharsensis
1000 2563 1175 2620 dictus
1198 2573 1298 2620 est.
1332 2565 1536 2620 llebrmi
1576 2573 1755 2620 autem

181 2651 405 2708 Tharsis
426 2667 576 2707 mare
605 2651 788 2707 dicunt
806 2652 1143 2723 generaliter.
1176 2653 1291 2709 Non
1313 2670 1441 2727 ergo
1461 2656 1530 2711 ad
1550 2664 1756 2711 certum

181 2741 416 2811 aliquem
444 2742 620 2797 locum
646 2740 829 2812 fugere
859 2742 1067 2798 volebat
1093 2746 1373 2815 prepheta,
1410 2747 1503 2801 sed
1531 2760 1757 2802 ascensa

178 2833 303 2887 navi
340 2848 657 2903 quocunque
696 2841 880 2903 posset
932 2832 1212 2901 festinare,
1250 2851 1354 2891 non
1406 2852 1604 2893 curans
1648 2853 1755 2909 quo

178 2938 305 2978 eum
338 2939 455 2980 sors
488 2924 726 2979 duceret.
768 2922 1045 2995 Fugitivus
1077 2927 1219 2980 enim
1251 2942 1358 2982 non
1396 2927 1545 2998 eligit
1579 2928 1755 2985 locum

102 3041 110 3048 -
176 3030 289 3086 quo
324 3014 535 3085 fugiat,
583 3025 639 3070 et
679 3013 807 3084 quia
849 3014 1043 3086 legitur
1085 3015 1137 3070 in
1164 3016 1411 3086 psalmo:
1447 3037 1465 3069 ι
1502 3017 1670 3074 Notus
1702 3020 1758 3074 in

175 3107 366 3163 Judzea
392 3107 551 3172 Deus,
588 3105 642 3160 in
679 3104 841 3160 Israel
870 3120 1120 3176 magnum
1160 3121 1353 3162 nomen
1382 3104 1515 3175 ejus,
1553 3127 1571 3160 ι
1604 3116 1758 3179 puta-

175 3198 270 3254 bat
294 3214 360 3255 se
383 3211 539 3268 posse
564 3198 732 3251 Deum
758 3173 983 3267 fugere,
1012 3196 1104 3267 qui
1136 3205 1342 3252 tantum
1366 3173 1421 3253 in
1444 3173 1624 3254 Judaea
1659 3216 1757 3256 no-
1785 3173 1831 3236 ο

1857 1931 2065 2003 pelago,
2089 1931 2242 2001 quasi
2266 1931 2540 2002 negligens
2568 1944 2682 1995 eos,
2711 1933 2835 2001 quia
2862 1932 3143 1988 videbatur
3167 1930 3437 2001 negligere

1858 2032 2068 2089 gentes,
2092 2037 2320 2090 quorum
2350 2030 2528 2075 tamen
2558 2021 2781 2076 salutem
2806 2023 3080 2077 dormiens
3109 2023 3160 2076 iu
3183 2037 3362 2087 cruce,
3381 2028 3436 2075 et

1858 2108 1926 2162 ad
1957 2108 2224 2164 infernum
2244 2108 2399 2179 quasi
2426 2109 2492 2164 ad
2524 2111 2674 2165 navis
2702 2110 2887 2164 infima
2921 2110 3277 2176 descendens,
3306 2126 3433 2181 per-

1861 2201 2091 2256 flciehat.

1935 2308 1954 2343 ι
1981 2291 2238 2346 Dominus
2259 2300 2440 2346 autem
2466 2290 2613 2345 misit
2638 2298 2855 2347 ventum
2884 2305 3133 2362 magnum
3163 2289 3219 2344 in
3244 2304 3429 2345 mare:

1856 2388 1911 2437 et
1941 2380 2081 2436 facta
2112 2390 2194 2436 est
2223 2390 2513 2450 tempestas
2542 2395 2734 2451 magna
2774 2380 2828 2433 in
2873 2372 3032 2443 mari,
3072 2388 3126 2434 et
3163 2380 3317 2433 navis
3342 2394 3435 2447 pe-

1857 2473 2199 2529 riclitabatur
2227 2473 2454 2528 conteri.
2494 2491 2513 2524 ι
2546 2471 2838 2525 Putaverat
2859 2469 3024 2527 Jonas
3049 2471 3301 2541 prodesse
3329 2470 3433 2526 sibi

1857 2566 1904 2621 si
1942 2579 2135 2620 navem
2182 2561 2569 2618 conscenderet
2608 2572 2663 2617 et
2698 2560 2949 2630 fugeret;
2995 2561 3087 2616 sed
3128 2569 3348 2615 econtra
3379 2567 3436 2613 et

1858 2656 1990 2727 ipse,
2044 2663 2098 2711 et
2128 2655 2281 2709 navis
2317 2660 2535 2724 propter
2564 2667 2687 2708 eum
2713 2651 3115 2723 periclitabatur
3140 2658 3198 2704 ut
3243 2658 3430 2705 conte-

1857 2755 2085 2802 reretur.
2115 2742 2244 2812 Qua:
2270 2744 2435 2808 enim,
2462 2741 2678 2797 nolente
2711 2741 2842 2806 Deo,
2874 2747 3132 2811 putantur
3152 2752 3430 2810 prospera,

1855 2833 2217 2894 vertunturin
2243 2834 2533 2907 perniciem
2552 2873 2568 2899 ,
2613 2840 2669 2888 et
2694 2831 2827 2887 nihil
2870 2832 3190 2886 adversante
3218 2828 3328 2883 Deo
3351 2844 3434 2883 sc-

1857 2944 2066 2984 curum.
2120 2926 2341 2998 Mystice
2377 2944 2390 2979 :
2423 2932 2711 2995 tempestas
2757 2924 2847 2978 illa
2890 2922 3127 2977 furorem
3167 2919 3435 2991 significat

1856 3018 2187 3083 Judzeorum,
2222 3018 2312 3087 qui
2353 3031 2478 3072 eum
2525 3017 2909 3086 exspectabant
2929 3016 2995 3071 ad
3025 3022 3274 3079 mortem,
3319 3013 3431 3068 cla-

1858 3118 2069 3163 mantes
2095 3122 2110 3160 :
2133 3126 2151 3158 ι
2181 3104 2466 3174 Crucifige,
2497 3105 2769 3177 crucifige.
2804 3122 2824 3156 ι

1936 3215 1954 3248 ι
1999 3196 2066 3251 Et
2117 3195 2411 3250 timuerunt
2451 3203 2659 3259 nautae,
2702 3202 2758 3248 et
2805 3193 3171 3248 clamaverunt
3216 3192 3316 3246 viri
3367 3191 3435 3245 ad

174 3299 266 3346 tus
291 3297 435 3346 erat.
464 3289 756 3359 Postquam
784 3302 911 3343 vero
930 3304 1025 3359 per
1055 3297 1428 3359 tempestatem
1453 3289 1619 3344 Deum
1651 3290 1768 3361 illic,
1859 3290 2026 3345 Deum
2070 3302 2225 3343 suum
2259 3304 2272 3340 :
2297 3295 2350 3341 et
2378 3285 2643 3340 miserunt
2666 3299 2793 3339 vasa
2824 3298 2943 3354 quae
2968 3293 3125 3337 erant
3148 3283 3202 3337 in
3233 3285 3354 3338 navi
3381 3286 3434 3338 in

171 3380 352 3434 etiam
391 3378 557 3433 maris
583 3379 820 3447 agnovit,
851 3378 1140 3433 confitetur
1166 3387 1222 3435 et
1249 3378 1382 3435 dicit
1413 3397 1426 3433 :
1460 3397 1479 3431 ι
1504 3378 1762 3435 Hebraeus
1859 3398 2009 3437 mare
2032 3419 2048 3447 ,
2098 3388 2157 3434 ut
2182 3377 2526 3433 alleviaretur
2578 3377 2647 3431 ab
2675 3377 2774 3431 eis.
2814 3394 2832 3427 ι
2892 3373 3100 3441 Nautaz,
3130 3376 3439 3448 ignorantes

171 3486 280 3544 ego
321 3486 468 3537 sum,
506 3477 562 3525 et
590 3470 759 3524 Deum
805 3468 924 3524 caeli
954 3484 1053 3538 ego
1082 3469 1263 3536 timeo,
1313 3470 1403 3541 qui
1433 3469 1561 3525 fecit
1613 3485 1762 3526 mare
1861 3488 2025 3529 unum
2078 3481 2135 3528 et
2175 3486 2366 3526 verum
2394 3471 2582 3533 Deum,
2635 3468 2956 3524 invocabant
3001 3467 3153 3532 deos,
3205 3467 3438 3522 scientes

168 3574 228 3622 et
266 3564 506 3620 aridam.
541 3582 560 3613 ›
590 3561 810 3632 Mysticc
838 3580 850 3614 :
878 3558 1043 3616 Jonas
1064 3569 1269 3626 noster,
1299 3561 1350 3616 id
1379 3570 1463 3617 est
1489 3561 1759 3628 Christus,
1861 3565 1995 3622 nihil
2033 3563 2149 3618 fieri
2184 3566 2299 3618 sine
2322 3561 2415 3617 Dei
2449 3561 2803 3630 providentia.
2838 3560 2916 3613 Ex
2955 3574 3062 3628 quo
3091 3557 3440 3629 intelligimus

169 3657 323 3731 fugit
356 3656 408 3708 in
441 3654 685 3719 Tharsis,
715 3653 841 3723 quia
875 3652 1106 3721 patriam
1147 3667 1318 3717 suam,
1350 3652 1402 3706 id
1429 3662 1514 3707 est
1542 3651 1760 3718 caelum,
1862 3659 1930 3712 ah
1963 3654 2108 3710 omni
2150 3654 2366 3709 homine
2404 3652 2580 3707 timeri
2628 3660 2682 3706 et
2716 3652 2927 3716 sentiri,
2969 3650 3096 3705 licet
3125 3649 3273 3705 falsis
3317 3650 3442 3705 reli-

164 3745 426 3814 dimisit;
458 3753 529 3809 et.
554 3751 824 3814 assumpta
847 3758 1028 3809 carne,
1056 3744 1200 3797 venit
1220 3745 1274 3798 in
1305 3758 1453 3798 mare
1480 3742 1639 3812 hujus
1666 3758 1766 3799 εω-
1862 3748 2109 3820 gionibus
2136 3746 2202 3799 ab
2226 3759 2333 3799 uno
2376 3752 2431 3799 et
2461 3757 2588 3796 vero
2611 3742 2676 3795 ad
2709 3741 2904 3795 multos
2928 3741 3057 3797 deos
3084 3740 3436 3795 abducantur.

163 3842 313 3908 culi,
349 3847 404 3892 et
445 3838 724 3893 intantum'
753 3835 941 3889 dilexit
979 3833 1231 3905 populum
1279 3834 1346 3889 de
1395 3848 1501 3902 quo
1545 3847 1763 3887 carnem
1864 3838 2160 3906 Projiciunt
2187 3851 2314 3890 vasa
2340 3835 2393 3889 in
2427 3848 2617 3888 mare:
2671 3832 2814 3902 quod
2862 3835 2920 3885 tit
2965 3834 3017 3886 in
3053 3847 3262 3886 summo
3301 3833 3441 3901 peri-

159 3928 500 3999 aSSumpsit,
548 3935 612 3981 ut
639 3939 747 3980 non
776 3933 1049 3979 recusaret
1078 3925 1399 3993 passionem,
1448 3938 1516 3979 ne
1555 3922 1761 3977 salvata

156 4024 418 4083 Ninive,
472 4017 526 4070 id
576 4024 661 4070 est
711 4015 896 4084 gentili
943 4015 1160 4084 populo,
1212 4013 1492 4086 Synagoga
1543 4013 1764 4084 periret.

158 4114 349 4173 Unde
376 4116 433 4164 et
476 4107 543 4162 ad
570 4106 786 4160 Patrem
845 4105 1097 4159 dicebat:
1143 4123 1162 4156 ι
1193 4105 1373 4172 Pater,
1421 4106 1466 4161 si
1515 4105 1769 4176 possibile

156 4217 288 4273 est,
331 4210 570 4259 transeat
596 4217 626 4256 a
672 4215 759 4255 me
786 4199 921 4255 calix
954 4200 1095 4264 iste;
1128 4219 1148 4252 ι
1184 4208 1237 4253 et
1274 4200 1329 4253 in
1358 4214 1517 4253 cruce
1539 4197 1766 4268 positus,

160 4319 278 4375 pro
308 4299 395 4354 his
415 4296 505 4366 qui
533 4294 931 4350 clamaverant:
957 4310 975 4342 ι
1000 4291 1283 4361 Crucillge,
1310 4289 1584 4358 crucifige,
1605 4308 1625 4341 ι
1652 4302 1772 4342 ora-

161 4395 275 4450 bat
311 4388 540 4444 dicens:
582 4401 602 4434 ι
635 4382 813 4448 Pater,
857 4382 1074 4453 ignosce
1101 4380 1237 4445 illis,
1280 4395 1391 4434 non
1429 4379 1571 4434 enim
1594 4378 1774 4433 sciunt

162 4483 319 4557 quid
351 4481 574 4540 faciunt.
613 4498 634 4532 ο

1865 3929 2010 3994 culo,
2040 3940 2099 3982 ut
2128 3926 2295 3982 levior
2334 3926 2474 3980 facta
2510 3924 2682 3989 navis,
2720 3922 2936 3978 facilius
2977 3921 3227 3978 fluctibus
3255 3938 3440 3992 super-

1867 4021 2097 4076 feratur.

1943 4130 1963 4162 c
1997 4111 2062 4165 Et
2090 4109 2252 4165 Jonas
2288 4108 2565 4165 descendit
2595 4106 2660 4161 ad
2714 4106 2971 4162 interiora
3017 4103 3193 4172 navis,
3242 4114 3295 4160 et
3320 4105 3444 4161 dor-

1868 4203 2069 4258 miebat
2094 4216 2287 4271 sopore
2311 4195 2481 4272 gravi.
2523 4220 2542 4253 ι
2576 4200 2765 4255 Nautis
2788 4199 3036 4264 turbatis,
3077 4209 3130 4253 et
3152 4204 3281 4253 ’suos
3315 4199 3443 4253 deos

1870 4294 2270 4359 invocantibus,
2315 4292 2480 4349 Jonas
2508 4306 2729 4347 securus
2754 4299 2808 4346 et
2837 4288 3014 4345 mente
3058 4290 3241 4359 quieta
3276 4290 3445 4358 persi-

1870 4385 2066 4449 stebat,
2097 4383 2228 4438 adeo
2255 4392 2312 4437 ut
2336 4383 2613 4438 dormiret.
2644 4382 2700 4436 lu
2726 4398 2832 4451 quo
2859 4374 3174 4451 patientiam
3205 4383 3306 4437 viri
3333 4381 3444 4437 for-

1873 4475 1942 4529 tis
1982 4482 2037 4528 et
2066 4475 2207 4528 inter
2233 4487 2515 4543 prospera,
2569 4480 2624 4527 et
2664 4472 2804 4526 inter
2848 4473 3072 4527 adversa
3124 4472 3447 4531 inconcusse

252 4538 297 4628 ἶ
323 4571 394 4629 Et
421 4538 700 4626 descendit
737 4566 790 4621 in
819 4565 1024 4636 Joppeu
1050 4603 1066 4629 ,
1103 4571 1159 4619 et
1186 4561 1390 4618 invenit
1417 4538 1608 4617 navem
1636 4574 1769 4615 eun—
1800 4538 1849 4598 D
1872 4564 2069 4619 stantis
2093 4538 2580 4618 osteriditfPotest
2614 4570 2670 4617 et
2706 4563 2809 4617 hoc
2856 4561 2960 4617 dici
2987 4561 3129 4633 quod
3164 4564 3341 4619 sciens
3388 4579 3445 4619 se

160 4674 295 4725 tem
318 4663 381 4720 in
405 4660 647 4717 Tharsis.
687 4679 706 4712 ι
746 4658 910 4729 Joppe
937 4666 1125 4728 portus
1145 4662 1230 4712 est
1262 4654 1479 4718 Judzete,
1514 4654 1582 4708 ad
1605 4666 1767 4723 quem

164 4757 403 4818 Hiram,
418 4766 513 4806 rex
528 4749 679 4821 Tyri,
706 4750 760 4803 in
780 4748 991 4802 ratibus
1007 4746 1150 4815 ligna
1172 4745 1238 4800 de
1258 4743 1465 4799 Libano
1480 4739 1769 4797 transfere-

162 4850 295 4915 bat,
344 4860 379 4901 a
415 4858 525 4914 quo
568 4843 637 4898 ad
662 4839 993 4896 Hierusalem
1026 4846 1242 4893 terreno
1285 4836 1476 4890 itinere
1504 4835 1765 4904 perduce-

163 4943 412 4998 bantur.
445 4935 610 4992 Jonas
652 4948 782 5004 ergo
821 4933 886 4987 de
917 4929 1186 4985 montanis
1227 4926 1423 4983 Judaeze
1449 4928 1673 4983 veniens
1700 4926 1767 4981 ad

165 5027 471 5088 maritima
516 5035 573 5081 et
598 5024 758 5098 plana
806 5023 948 5088 loca,
987 5030 1133 5077 recte
1179 5020 1379 5076 dicitur
1403 5020 1769 5076 descendisse.

173 5144 195 5176 ι
234 5123 316 5178 Et
356 5118 503 5175 dedit
532 5116 751 5172 naulum
795 5115 895 5180 eis,
925 5122 981 5170 et
1003 5113 1283 5169 descendit
1316 5112 1367 5166 in
1391 5127 1533 5177 eam,
1573 5123 1635 5166 ut
1670 5111 1774 5166 iret

166 5207 433 5271 cum'eis
462 5210 516 5264 in
543 5208 766 5263 Tharsis
802 5221 833 5261 a
861 5206 999 5261 facie
1034 5204 1267 5269 Domini,
1302 5204 1410 5277 J‘id
1434 5213 1519 5258 est
1566 5216 1775 5257 merce—

168 5305 313 5361 dem
340 5298 727 5355 subvectionis.
779 5294 1132 5353 Descendisse
1155 5301 1335 5348 autem
1374 5292 1570 5347 dicitur
1592 5291 1644 5346 in
1675 5308 1773 5346 na-

169 5408 341 5458 vem,
376 5399 434 5446 ut
462 5390 818 5454 ostendatur,
862 5386 989 5457 quia
1039 5385 1181 5440 sicut
1227 5383 1484 5454 fugitivus
1513 5383 1580 5438 ad
1630 5383 1771 5438 inte-

172 5487 347 5542 riora
379 5480 532 5535 navis
578 5486 845 5549 penetrat,
884 5475 1120 5531 latebras
1150 5487 1415 5544 qumrens.
1451 5472 1772 5542 Interpreta-

170 5588 278 5633 tur
343 5572 570 5629 Tharsis
614 5566 975 5639 contemplatio
1029 5565 1247 5637 gaudii,
1302 5562 1469 5634 Joppe
1515 5564 1769 5633 speciosa.

172 5666 428 5742 Iystice
453 5674 633 5723 autem
653 5662 818 5719 Jonas
848 5660 925 5728 (id
948 5666 1049 5724 est,
1073 5655 1361 5725 Christus),
1394 5655 1594 5739 relictis
1624 5652 1788 5735 mon-ﬁ

175 5734 379 5825 uitis,
399 5755 674 5815 descendit
706 5754 759 5809 in
788 5750 1011 5822 Joppeu,
1039 5748 1163 5820 quia
1191 5761 1312 5803 cum
1342 5761 1463 5802 eum
1488 5734 1776 5818 perseque-

1873 4655 2079 4728 fugere,
2108 4671 2213 4710 non
2240 4654 2404 4708 audet
2427 4653 2611 4707 videre
2651 4652 2844 4707 fluctus
2872 4652 3111 4706 vindices
3137 4652 3274 4721 fuga:
3312 4668 3441 4707 sua).

1875 4746 2001 4802 Sive
2025 4747 2179 4802 vedio
2204 4743 2429 4801 atl‘ecms
2457 4734 2778 4809 dormiebat,
2809 4745 2948 4799 sicut
2972 4754 3026 4799 et
3076 4745 3349 4813 apostolos
3389 4745 3445 4801 in

1872 4840 2123 4908 passione
2175 4836 2385 4893 Domini
2420 4850 2532 4905 pra:
2576 4835 2797 4889 tristitia
2836 4849 3023 4891 somno
3051 4851 3336 4906 oppressos
3370 4836 3446 4891 le-

1874 4929 2067 5002 gimus.
3408 4937 3412 4939 ‘

1890 5082 1897 5085 _
1950 5040 1969 5072 ‹
2012 5021 2078 5075 Et
2118 5020 2351 5076 accessit
2395 5019 2461 5074 ad
2509 5034 2631 5074 eum
2677 5019 3026 5090 gubernator,
3071 5026 3125 5073 et
3174 5019 3309 5073 dixit
3357 5019 3446 5075 ei:

1874 5111 2013 5177 Quid
2056 5119 2113 5165 tu
2156 5124 2351 5177 sopore
2392 5108 2755 5178 deprimeris?
2789 5107 2984 5178 Surge,
3034 5109 3222 5163 invoca
3280 5107 3447 5161 Deum

1878 5211 2048 5268 tuum,
2074 5202 2118 5257 si
2140 5201 2279 5257 forte
2307 5202 2566 5273 recogitet
2593 5203 2734 5256 Deus
2755 5203 2819 5257 de
2848 5202 3022 5264 nobis,
3046 5208 3102 5255 et
3128 5216 3232 5260 non
3263 5211 3451 5267 perea-

1875 5308 2015 5348 mus.
2066 5311 2086 5344 ι
2123 5292 2380 5347 Naturale
2410 5301 2495 5347 est
2542 5302 2978 5362 unumquemque
3025 5291 3077 5344 in
3107 5287 3360 5360 periculis
3386 5288 3452 5344 de

1877 5383 1983 5439 alio
2015 5383 2137 5455 plus
2163 5398 2403 5453 sperare.
2442 5381 2596 5438 Unde
2619 5384 2964 5452 gubernatOr,
2990 5381 3080 5450 qui
3108 5379 3242 5434 alios
3262 5394 3454 5435 conso-

1878 5473 1978 5529 lari
2007 5474 2290 5538 debuerat,
2316 5473 2516 5528 excitat
2545 5473 2901 5528 dormientem
2920 5470 3129 5535 Jonam,
3156 5476 3215 5523 ut
3238 5468 3453 5525 invoca-

1880 5574 1963 5623 ret
1998 5568 2167 5621 Deum
2212 5582 2227 5618 :
2271 5574 2326 5620 et
2369 5580 2599 5635 quorum
2643 5572 2761 5618 erat
2801 5575 3083 5618 commune
3129 5559 3450 5629 periculum,

1881 5657 2181 5714 communis
2207 5662 2354 5712 esset
2381 5655 2574 5710 oratio.
2611 5651 2961 5724 Tropologice
2986 5650 3273 5722 significat,
3302 5659 3455 5705 ante-

1882 5761 2043 5819 quam
2087 5745 2333 5802 Christus
2382 5754 2691 5817 pateretur,
2737 5742 2933 5797 multos
2970 5742 3101 5798 deos
3125 5741 3379 5797 adoratos
3420 5757 3451 5797 a
