4022 6448
535 438 633 495 151

1026 418 1379 481 IIAYMONIS
1416 414 1892 472 BALBERSTAT.
1936 407 2147 469 EPISC.
2184 406 2334 463 OPP.
2371 403 2549 460 PARS
2583 402 2626 459 1.
2665 433 2734 445 --
2767 395 3119 458 COMMENT.
3158 395 3330 452 BIBL.

3680 394 3793 447 132

534 548 817 621 gentibus,
854 540 946 595 sed
987 544 1267 608 postquam
1301 530 1552 586 Christus
1590 535 1836 581 mortuus
1870 534 1925 579 et
1966 534 2101 577 tcm-
2121 529 2178 584 ,Α
2208 536 2326 575 mea
2348 530 2521 574 mone
2546 517 2760 573 νίνθιῖε,
2781 517 2848 571 Et
2869 514 3198 569 adveﬂenda
3225 520 3311 567 es,
3327 509 3535 581 fugitivi
3559 524 3793 579 magna-

537 649 718 713 pestas
754 635 936 692 mundi
971 631 1153 687 sedata
1183 635 1297 692 est,
1331 641 1470 679 unus
1491 623 1605 692 jam
1643 624 1897 678 adoratur
1940 621 2109 683 Deus,

537 742 595 786 et
621 732 671 785 ei
705 724 1007 797 spirituales
1026 720 1259 775 victimzc
1284 715 1603 779 offeruntur.

616 839 638 874 ι
667 794 894 876 Et—dixit
929 814 1016 867 vir
1041 810 1113 866 ad
1153 808 1416 878 collegam
1451 819 1606 859 suum
1638 819 1652 855 :
1684 798 1876 855 Venite
1901 804 1957 852 et
1986 794 2113 850 mit-

539 920 719 967 tamus
748 916 942 963 sortes.
978 924 1000 957 ι
1035 902 1173 970 Quia
1209 896 1467 966 majorem
1502 894 1661 949 solito
1696 889 1949 944 videbant
1977 896 2112 941 tem-

538 1008 821 1070 pestatem,
847 991 1213 1062 intelligebant
1238 1002 1341 1041 non
1371 981 1686 1037 naturaliter
1705 994 1768 1033 ea
1790 976 2108 1046 contigisse:

541 1103 715 1158 neque
744 1087 891 1140 enim
915 1086 1165 1151 poterant
1202 1077 1453 1146 ignorare
1485 1072 1722 1162 .rationes
1748 1076 2030 1122 ventorum
2058 1071 2115 1120 et

541 1181 832 1240 ﬂuctuum,
875 1174 968 1244 qui
1009 1177 1157 1225 tanto
1200 1177 1439 1237 tempore
1484 1159 1844 1234 navigabant,
1887 1167 1944 1214 et
1991 1159 2113 1213 ideo

544 1269 712 1323 missa
756 1271 921 1327 sorte,
965 1259 1277 1331 quaerebant
1323 1264 1599 1310 auctorem
1643 1249 1932 1319 naufragii.
1962 1248 2115 1315 Quod

546 1362 728 1411 autem
750 1354 934 1408 dicunt
961 1368 974 1403 :
1010 1367 1030 1401 ι
1067 1359 1127 1403 ut
1154 1347 1386 1402 sciamus
1409 1356 1576 1413 quare
1591 1342 1693 1394 hoc
1713 1337 1909 1393 malum
1931 1337 2002 1390 sit
2022 1349 2117 1389 no-

546 1449 662 1512 bis,
701 1466 720 1497 ι
755 1445 953 1503 malum
980 1456 1078 1512 pro
1114 1437 1400 1493 afﬂictione
1438 1442 1494 1488 et
1520 1431 1829 1486 calamitate
1856 1429 2115 1483 debemus

551 1538 815 1606 accipere,
838 1531 1130 1588 secundum
1151 1528 1292 1597 quod
1315 1527 1368 1579 in
1388 1521 1678 1593 Evangelio
1704 1520 1928 1574 dicitur:
1950 1537 1968 1567 ι
1997 1515 2118 1573 Suf-

550 1629 665 1683 ficit
704 1627 805 1682 diei
842 1624 1042 1680 malitia
1074 1636 1200 1685 sua;
1239 1637 1258 1668 ι
1292 1625 1348 1671 et
1383 1630 1480 1686 per
1516 1611 1837 1682 Pr0phetam
1872 1608 2113 1663 dicitur:

556 1740 576 1771 ι
614 1718 671 1773 Si
701 1726 783 1772 est
806 1716 1003 1770 malum
1029 1713 1084 1766 in
1104 1711 1321 1766 civitate
1343 1706 1487 1775 quod
1508 1703 1768 1758 Dominus
1787 1717 1892 1755 non
1915 1699 2061 1755 fecit.
2093 1716 2112 1748 ι

550 1811 722 1866 Aliter
744 1808 888 1864 enim
917 1804 1114 1860 malum
1157 1802 1354 1856 dicitur
1380 1796 1566 1851 virtuti
1600 1793 1953 1849 contrarium.
1994 1810 2013 1843 ‹
2054 1790 2121 1844 Et

555 1907 821 1962 miserunt
850 1908 1053 1956 sortes:
1075 1905 1131 1951 et
1168 1892 1364 1949 cecidit
1391 1905 1509 1945 sors
1535 1902 1695 1956 super
1718 1885 1927 1940 Jonam.
1956 1883 2022 1937 Et
2042 1881 2122 1936 di-

553 2001 750 2050 xerunt
777 1991 846 2046 ad
885 2004 1005 2044 eum
1048 2004 1064 2040 :
1103 1984 1283 2040 Indica
1326 1980 1481 2035 nobis
1529 1978 1682 2048 cujus
1718 1990 1881 2030 causa
1921 1973 2119 2027 malum

528 2067 704 2140 'istud
744 2083 814 2137 sit
847 2079 1001 2134 nobis
1048 2096 1060 2130 :
1095 2074 1237 2145 quod
1280 2079 1362 2125 est
1404 2083 1539 2138 opus
1578 2066 1760 2121 tuum?
1803 2080 1923 2133 qua:
1976 2071 2120 2116 terra

557 2184 651 2230 tua
679 2181 735 2227 et
756 2184 862 2241 quo
897 2166 1083 2222 vadis?
1109 2164 1192 2218 vel
1213 2178 1278 2217 cx
1317 2174 1423 2229 quo
1448 2156 1642 2227 populo
1668 2170 1727 2209 es
1759 2154 1858 2207 tu?
1893 2172 1911 2204 ι
1950 2152 2119 2218 Quem

558 2280 679 2321 sors
702 2259 1041 2334 prodiderat,
1070 2262 1265 2325 cogunt
1291 2266 1420 2305 voce
1454 2264 1551 2304 sua
1582 2245 1846 2318 profiteri.
1884 2245 2122 2299 lnterro~

560 2365 717 2429 gatur
748 2365 1014 2422 persona,
1054 2347 1236 2417 regio,
1281 2342 1415 2404 iter,
1463 2339 1688 2402 civitas,
1720 2346 1779 2391 ut
1807 2352 1875 2390 ex
1908 2335 1995 2389 bis
2033 2348 2125 2389 co-

560 2453 851 2520 gnoscatur
870 2455 1031 2497 causa
1063 2433 1406 2494 discriminis.

638 2556 657 2588 ι
687 2535 754 2592 Εῑ
772 2534 909 2589 dixit
934 2530 1003 2585 ad
1030 2543 1125 2583 eos
1151 2545 1165 2582 :
1192 2524 1449 2579 Hebrzeus
1473 2533 1572 2588 ego
1593 2532 1732 2579 sum,
1764 2523 1818 2571 et
1840 2513 2127 2569 Dominum

560 2629 731 2684 Deum
761 2624 883 2681 coeli
912 2637 1013 2692 ego
1038 2620 1222 2674 timeo.
1251 2636 1270 2668 ι
1295 2614 1555 2668 Hebrazus
1581 2608 1841 2663 transitor
1867 2606 2129 2673 interpre—

563 2729 730 2774 tatur.
761 2714 874 2770 Nec
904 2712 1066 2774 dicit,
1089 2707 1330 2768 Iudaeus,
1361 2715 1469 2773 quo
1501 2697 1719 2754 nomine
1738 2694 1921 2751 vocari
1949 2705 2129 2761 coepe-

566 2819 693 2867 runt
739 2823 807 2864 ex
837 2819 945 2876 quo
990 2803 1175 2858 decem
1213 2796 1384 2853 tribus
1429 2808 1460 2846 a
1512 2790 1716 2846 duabus
1755 2785 1941 2841 divisa:
1982 2790 2129 2846 sunt,

564 2901 661 2958 sed
688 2872 944 2954 Hebraeus
968 2906 1105 2953 sum,
1133 2886 1446 2960 peregrinus
1467 2889 1522 2937 et
1547 2880 1778 2943 advena,
1809 2872 2134 2946 juxtaPsal-

565 2984 908 3055 mistam,qui
931 2984 997 3038 de
1020 2981 1206 3036 eodem
1228 2975 1424 3047 populo
1445 2972 1573 3027 dicit
1597 2988 1611 3024 :
1639 2988 1658 3021 ε
1692 2966 2049 3023 Transierunt
2068 2962 2135 3016 de

571 3079 793 3154 gentein
815 3084 1045 3149 gentem.
1068 3091 1086 3124 ι
1112 3072 1277 3126 Deum
1300 3064 1517 3138 (inquit)
1541 3061 1664 3116 coeli
1686 3062 1867 3119 timeo,
1880 3072 1987 3112 non
2004 3055 2134 3111 deos

568 3142 704 3242 quos
727 3142 1143 3225 vos'invocatis,
1172 3158 1263 3228 qui
1301 3155 1511 3210 salvare
1549 3166 1656 3206 non
1688 3154 1932 3218 possunt.
1971 3163 1990 3196 ι
2030 3142 2131 3210 Qui

569 3231 861 3315 fecitmare
879 3294 895 3319 ,
918 3272 938 3304 ι
971 3252 1026 3306 ἰη
1052 3262 1159 3320 quo
1180 3245 1360 3317 fugio;
1396 3261 1415 3293 ι
1442 3252 1498 3297 et
1518 3241 1745 3303 aridam,
1783 3257 1802 3289 ι
1833 3237 1898 3289 de
1922 3247 2027 3303 qua
2045 3231 2131 3285 fu-

569 3350 680 3422 gio,
703 3348 755 3401 id
779 3352 861 3401 est
879 3357 1003 3398 eum
1028 3340 1191 3394 timeo
1216 3336 1309 3405 qui
1329 3341 1413 3390 est
1439 3331 1615 3386 factor
1635 3324 2020 3383 universitatis.
2046 3321 2137 3375 Ti-

569 3411 751 3494 ;nebat
772 3441 953 3488 autem
971 3430 1139 3485 Deum
1161 3425 1354 3481 timore
1377 3421 1579 3484 servili,
1601 3436 1633 3473 a
1657 3432 1764 3487 quo
1785 3414 1971 3485 fugere
1993 3411 2137 3466 vole-

570 3530 683 3584 bat.
715 3524 897 3583 Potest
925 3522 1089 3577 etiam
1115 3518 1277 3573 timor
1305 3515 1394 3570 hic
1427 3526 1524 3583 pro
1553 3509 1701 3565 cultu
1741 3504 1933 3575 accipi.
1965 3503 2136 3557 Deum

574 3617 793 3691 (inquit)
827 3611 949 3668 coeli
972 3611 1156 3674 timeo,
1186 3607 1241 3662 id
1261 3612 1347 3660 est
1364 3603 1501 3658 colo.

654 3681 690 3761 «-
707 3681 784 3763 Εί
800 3705 1093 3760 timuerunt
1114 3698 1216 3753 viri
1249 3697 1443 3751 timore
1467 3703 1683 3761 magno,
1708 3695 1764 3743 et
1786 3686 2040 3741 dixerunt
2069 3681 2137 3735 ad

574 3815 698 3858 eum
726 3820 738 3853 :
762 3795 899 3865 Quid
919 3794 1021 3849 hoc
1046 3788 1252 3847 fecisti?
1276 3789 1638 3857 cognoverant
1665 3778 1811 3835 enim
1842 3775 1967 3841 viri,
1994 3773 2138 3844 quod

575 3910 605 3948 a
632 3892 769 3947 facie
795 3887 1005 3944 Domini
1030 3882 1254 3957 fugeret,
1282 3880 1409 3949 quia
1430 3875 1765 3930 indicaverat
1789 3870 1870 3924 eis
1896 3868 2080 3929 Jonas,
2114 3884 2132 3917 ι

577 3986 636 4043 Si
658 3977 829 4039 ’tim‘es
855 3980 1047 4043 Deum,
1091 3991 1190 4031 cur
1235 3972 1396 4042 fugis,
1436 3982 1558 4022 cum
1599 3964 1743 4020 scias
1780 3970 1833 4016 te
1869 3960 1989 4031 ejus
2031 3972 2137 4012 non

573 4087 732 4147 posse
758 4069 991 4141 effugere
1014 4059 1349 4136 potentiam?
1377 4056 1488 4111 Nec
1507 4054 1813 4125 obiurgant,
1842 4048 1936 4105 sed
1965 4048 2137 4101 inter-

574 4138 790 4236 rogant,
818 4138 944 4232 quia
967 4157 1248 4213 audierant
1274 4151 1556 4206 Hebraeum
1574 4162 1715 4212 esse,
1739 4153 1795 4200 et
1824 4144 1990 4198 Deum
2014 4138 2136 4195 coeli

575 4260 754 4315 colere
774 4297 789 4321 ,
821 4263 877 4310 et
901 4253 1020 4308 ideo
1061 4250 1129 4303 ab
1170 4262 1235 4302 eo
1262 4244 1414 4315 quasi
1441 4259 1471 4297 a
1498 4249 1686 4298 sancto
1716 4240 1835 4295 viro
1863 4240 2143 4306 requirunt

577 4349 709 4405 tanti
738 4346 861 4403 mali
891 4343 1210 4399 remedium.
1432 4395 1445 4407 _

652 4458 672 4492 ι
718 4439 785 4494 Et
826 4437 1078 4492 dixerunt
1118 4431 1186 4487 ad
1224 4442 1345 4484 eum
1389 4446 1402 4481 :
1441 4423 1579 4492 Quid
1616 4421 1878 4477 faciemus
1917 4418 2054 4482 tibi,
2089 4424 2145 4470 et

577 4529 813 4586 cessabit
842 4539 993 4581 mare
1016 4539 1048 4578 a
1074 4520 1263 4577 nobis?
1293 4517 1418 4588 quia
1450 4528 1599 4568 mare
1638 4512 1777 4573 ibat,
1818 4519 1874 4562 et
1908 4508 2141 4561 intume-

579 4620 781 4677 scebat.
820 4637 839 4671 ι
875 4616 1098 4685 Propter
1123 4620 1197 4675 te,
1228 4608 1494 4678 inquiunt,
1528 4616 1679 4657 mare
1713 4607 1902 4654 contra
1925 4611 2025 4651 nos
2058 4595 2143 4649 in—

580 4712 789 4782 Surgit,
834 4708 960 4778 quia
1000 4714 1054 4759 te
1098 4701 1389 4772 fugientem
1436 4693 1787 4762 suscepimus.
1834 4686 1985 4754 Quid"
2016 4699 2146 4754 ergo

579 4776 1017 4859 faciemusitibi?
1057 4812 1125 4850 an
1173 4803 1225 4847 te
1265 4782 1687 4844 interﬁciemus?
1729 4779 1835 4835 Sed
1882 4776 2142 4833 cultorem

578 4892 675 4950 Dei
710 4892 911 4948 malum
939 4896 1022 4944 est
1044 4883 1309 4941 occidere.
1339 4878 1477 4947 Quid
1506 4890 1634 4945 ergo
1666 4872 1823 4943 jubes
1863 4869 2015 4923 fieri?
2038 4868 2145 4922 lm-

580 5003 709 5060 pera
730 4995 786 5039 tu
813 4983 943 5054 quid
970 4991 1223 5052 agamus,
1250 4989 1357 5045 quo
1385 4970 1543 5026 nobis
1572 4970 1740 5023 Deum
1768 4963 2138 5035 propitiemus,

581 5050 734 5148 cujus
766 5050 903 5131 iram
929 5050 1028 5143 per
1055 5073 1426 5137 tempestatem
1455 5058 1844 5130 cognoscimus.
1872 5053 2038 5118 Mare,
2069 5050 2146 5104 in-

580 5147 729 5241 quit,
769 5167 880 5221 ibat
902 5162 969 5217 ad
997 5159 1312 5220 vindictam,
1348 5164 1677 5225 persequens
1712 5147 1989 5216 fugitivum
2018 5157 2144 5212 pro-

579 5233 1271 5335 phetam.'lntumescebat,
1316 5248 1420 5303 hoc
1456 5252 1570 5306 est,
1609 5242 1664 5297 in
1702 5239 1935 5307 majores
1972 5233 2143 5289 undas

566 5321 966 5409 'suscitabatur,
1020 5349 1272 5410 tanquam
1315 5351 1423 5391 non
1465 5331 1718 5389 differens
1751 5325 2025 5383 Creatoris
2065 5321 2145 5378 ul-

581 5440 801 5493 tionem.

658 5549 676 5581 ‹
710 5529 776 5584 Et
807 5526 939 5583 dixit
967 5524 1032 5580 ad
1062 5537 1156 5579 eos
1185 5539 1198 5575 :
1224 5509 1422 5575 'Tollite
1446 5530 1552 5579 me,
1574 5520 1631 5569 et
1655 5508 1857 5566 mittite
1889 5507 1942 5561 in
1975 5517 2143 5567 mare,

580 5632 636 5677 et
660 5620 892 5676 cessabit
913 5631 1060 5671 mare
1089 5629 1119 5669 a
1136 5613 1286 5667 vobis
1311 5628 1324 5663 :
1357 5609 1469 5665 scio
1488 5606 1630 5661 enim
1652 5617 1752 5674 ego
1765 5601 1907 5670 quod
1928 5604 2148 5667 propter

582 5729 667 5768 mc
689 5718 977 5780 tempestas
1001 5705 1217 5778 grandis
1245 5703 1362 5757 inec
1383 5699 1529 5754 venit
1555 5709 1716 5765 super
1741 5707 1857 5747 vos.
1899 5709 1917 5742 ι
1947 5688 2145 5742 Contra

546 5804 549 5807 ’
580 5802 905 5876 ιηε,(ἰη‹ιιιίι)
922 5807 1210 5871 tempestas
1224 5793 1486 5863 exsurgit,
1502 5788 1696 5845 mittite
1712 5799 1799 5840 me
1821 5784 1873 5837 in
1899 5794 2068 5845 mare,
2088 5787 2147 5833 ut

2209 612 2429 666 nimitas
2463 627 2478 664 :
2509 607 2975 670 nondissiuulat,
3002 620 3111 659 non
3139 612 3333 673 negat,
3370 602 3467 656 sed
3497 600 3793 655 confessus

2207 716 2423 772 poenam
2452 697 2830 768 amplectitur,
2855 711 2923 750 ne
2952 693 3135 749 caeteri
3174 691 3417 762 perirent
3446 698 3675 760 propter
3700 704 3793 744 se.

2209 790 2336 844 Hac
2369 786 2548 842 omnia
2580 785 2877 841 referamus
2920 782 3146 854 mystice
3188 780 3256 833 ad
3295 779 3585 834 Dominum
3620 776 3795 833 Chri-

2210 888 2383 943 stum,
2414 884 2599 932 contra
2639 890 2797 945 quem
2835 872 3057 928 Iudaica
3099 877 3388 939 tempestas
3420 867 3795 939 consurgebat

2210 967 2267 1022 in
2297 965 2568 1035 passione.
2606 964 2794 1018 Nautze
2830 963 2920 1032 qui
2952 977 3074 1017 eum
3114 946 3511 1029 quid‘facerent
3548 959 3795 1013 interro-

2211 1061 2426 1131 gabant,
2458 1057 2682 1128 apostoli
2707 1065 2854 1122 sunt,
2882 1055 2970 1125 qui
3009 1070 3130 1109 eum
3156 1054 3207 1107 in
3236 1051 3485 1121 passione
3522 1051 3793 1105 deseren-

2215 1161 2326 1215 tes,
2361 1150 2757 1219 quodammodo
2791 1147 2846 1201 in
2880 1144 3133 1199 ﬂuctibus
3162 1142 3517 1206 dimiserunt,
3546 1148 3603 1194 et
3632 1139 3794 1209 quasi

2213 1242 2450 1312 loquitur
2477 1240 2735 1295 Dominus
2754 1280 2766 1303 ,
2795 1237 2921 1308 quia
2958 1236 3104 1290 videt
3129 1249 3213 1288 me
3254 1232 3483 1287 mundus
3506 1233 3794 1286 vobiscum

2216 1331 2471 1401 navigare
2516 1330 2569 1384 in
2612 1328 2869 1392 Tharsis,
2906 1327 3009 1383 hoc
3050 1331 3135 1379 est
3173 1323 3241 1378 ad
3276 1312 3799 1391 contemplationem

2216 1421 2426 1492 gaudii,
2469 1429 2525 1472 ut
2549 1433 2647 1472 vos
2670 1417 2735 1471 ad
2766 1416 3019 1487 gaudium
3056 1413 3149 1467 ubi
3187 1428 3286 1483 ego
3316 1427 3437 1467 sum
3474 1410 3794 1480 perducam.

2216 1512 2423 1566 Idcirco
2453 1509 2606 1565 saevit
2632 1516 2688 1563 et
2713 1507 2861 1575 cupit
2884 1519 2970 1560 me
3017 1518 3166 1558 mors
3204 1502 3486 1564 devorare,
3523 1507 3580 1553 et
3620 1498 3802 1553 nescit

2217 1601 2364 1671 quia,
2416 1599 2557 1654 sicut
2602 1597 2769 1667 piscis
2798 1596 2850 1648 in
2886 1595 3048 1648 hamo
3087 1591 3318 1661 capitur,
3350 1591 3421 1643 ita
3469 1602 3591 1642 mea
3620 1594 3801 1640 morte

2219 1690 2500 1743 moriatur.
2537 1686 2731 1740 Tollite
2760 1698 2888 1752 ergo
2914 1698 3030 1743 me,
3062 1688 3116 1733 et
3152 1678 3348 1733 mittite
3386 1677 3438 1731 in
3478 1691 3656 1730 mare.
3692 1674 3802 1729 Vos

2222 1779 2441 1834 mittite.
2474 1777 2589 1831 Non
2621 1776 2764 1830 enim
2800 1788 2897 1828 nos
2938 1771 3038 1842 ipsi
3076 1771 3232 1825 nobis
3271 1776 3499 1823 mortem
3537 1767 3803 1821 debemus

2150 1867 2195 1925 B
2224 1871 2445 1933 inferre,
2474 1868 2567 1923 sed
2598 1869 2665 1921 ab
2696 1865 2814 1919 aliis
2849 1863 3052 1918 illatam
3088 1861 3317 1916 libenter
3345 1858 3634 1913 sustinere.

2299 1980 2318 2012 ι
2356 1961 2423 2015 Ει
2451 1957 2787 2028 remigahant
2815 1954 2916 2007 viri
2948 1960 3006 2006 ut
3038 1956 3439 2005 reverterentur
3467 1947 3535 2001 ad
3565 1946 3803 2007 aridam,

2221 2061 2404 2108 etnon
2427 2048 2709 2103 valebant:
2736 2044 2861 2114 quia
2879 2057 3027 2098 mare
3052 2041 3182 2105 ibat,
3217 2048 3273 2093 et
3292 2036 3696 2092 intumescebat
3720 2049 3807 2088 su-

2221 2155 2320 2211 per
2353 2154 2465 2195 eos.
2506 2156 2525 2188 ι
2570 2136 2744 2190 Etiam
2774 2133 3032 2204 propheta
3058 2130 3280 2199 iubente
3319 2135 3378 2180 ut
3410 2142 3531 2180 eum
3564 2126 3619 2178 in
3654 2138 3810 2178 mare

2224 2231 2525 2291 mitterent,
2555 2242 2662 2281 non
2692 2225 2964 2279 audebant
2994 2222 3045 2275 in
3067 2220 3329 2274 cultorem
3360 2217 3452 2272 Dei
3482 2231 3685 2270 manus
3710 2216 3808 2269 im-

2225 2319 2461 2375 mittere.
2485 2316 2590 2371 Sed
2604 2325 2660 2372 ct
2683 2313 2905 2385 mystice
2928 2310 3143 2371 Iudaeis,
3195 2307 3286 2377 qui
3309 2306 3403 2360 Dei
3433 2304 3668 2376 populus
3696 2301 3810 2357 fue-

2227 2418 2383 2475 rant,
2429 2406 2636 2463 Christi
2670 2412 2899 2460 mortem
2942 2399 3354 2471 expetentihus,
3399 2407 3590 2468 gentes
3638 2396 3808 2449 etiam

2228 2515 2350 2555 eum
2380 2497 2516 2552 mori
2549 2496 2821 2550 nolebant.
2844 2490 3007 2558 Quasi
3027 2489 3171 2543 enim
3189 2487 3393 2541 aridam
3419 2486 3691 2554 remigare
3717 2497 3809 2536 vo-

2228 2589 2428 2651 lebant,
2455 2595 2706 2657 putantes
2726 2585 2844 2638 sine
2868 2587 3208 2636 sacramento
3237 2575 3508 2646 passionis
3544 2575 3808 2627 mundum

2230 2679 2423 2734 salvari
2450 2691 2636 2747 posse,
2674 2689 2794 2729 cum
2819 2671 2969 2727 Jonas
2997 2668 3329 2731 submersio,
3362 2666 3466 2720 hoc
3497 2673 3581 2719 est
3606 2663 3806 2719 Christi

2229 2769 2436 2842 passio,
2470 2766 2624 2821 navis
2650 2764 2725 2835 (id
2750 2771 2834 2818 est
2857 2760 3063 2830 mundi)
3095 2758 3344 2813 liberatio
3366 2755 3551 2810 fuerit.

2308 2877 2329 2910 ι
2374 2859 2440 2913 Et
2487 2857 2854 2912 clamaverunt
2903 2851 2972 2906 ad
3022 2849 3343 2911 Dominum,
3402 2853 3457 2900 et
3506 2845 3805 2898 dixerunt:

2234 2950 2587 3018 Quaesumus,
2632 2942 2877 3007 Domine,
2928 2954 2996 2994 ne
3034 2951 3317 3008 pereamus
3356 2935 3410 2988 in
3466 2934 3647 2986 anima
3708 2932 3810 2985 viri

2235 3041 2393 3096 istius
2411 3079 2426 3106 ,
2465 3046 2521 3093 et
2548 3050 2615 3092 ne
2638 3034 2734 3089 des
2762 3046 2923 3102 super
2958 3044 3058 3083 nos
3088 3027 3403 3098 sanguinem
3433 3024 3810 3084 innocentem,

2237 3132 2361 3201 quia
2384 3138 2441 3184 tu
2460 3169 2475 3191 ,
2504 3126 2758 3188 Domine,
2798 3124 2939 3177 sicut
2957 3118 3173 3174 voluisti
3198 3158 3213 3182 ,
3249 3114 3444 3171 fecisti.
3478 3134 3497 3167 ι
3526 3115 3814 3183 Tanquam

2159 3208 2203 3269 C
2235 3220 2475 3273 dicerent
2507 3234 2519 3270 :
2559 3213 2843 3272 Nolumus,
2875 3208 3096 3265 Domine
3116 3247 3130 3272 ,
3153 3205 3457 3260 interficere
3482 3205 3814 3273 prophetam

2239 3316 2413 3369 tuum,
2442 3305 2537 3359 sed
2564 3312 2644 3368 tu,
2674 3300 2917 3362 Domine,
2949 3297 3088 3352 sicut
3107 3296 3348 3359 voluisti,
3381 3292 3574 3349 fecisti.
3597 3290 3815 3346 Volun-

2236 3410 2320 3455 tas
2342 3409 2432 3454 tua
2456 3412 2554 3468 per
2576 3409 2766 3451 manus
2788 3401 2999 3448 nostras
3021 3389 3289 3459 impletur.
3312 3386 3428 3443 Non
3451 3400 3581 3457 ergo
3607 3385 3708 3440 des
3727 3400 3820 3439 su-

2236 3504 2335 3559 per
2360 3502 2459 3542 nos
2495 3484 2809 3556 sanguinem
2847 3482 3207 3535 innocentem.
3238 3477 3536 3532 Nautarum
3575 3476 3681 3530 ista
3710 3490 3818 3530 vox

2234 3579 2393 3634 Pilati
2425 3578 2636 3632 videtur
2665 3590 2784 3630 esse
2816 3573 3087 3630 confessio
3105 3612 3121 3637 ,
3144 3570 3238 3641 qui
3266 3579 3488 3640 accepta
3514 3583 3659 3638 aqua
3682 3566 3819 3621 lavit

2236 3682 2428 3722 manus
2452 3681 2579 3721 suas
2597 3705 2613 3731 ,
2646 3673 2703 3719 et
2727 3663 2904 3718 dixit“:
2933 3662 3198 3715 Innocens
3220 3673 3319 3729 ego
3343 3668 3463 3713 sum
3491 3673 3521 3711 a
3549 3657 3818 3728 sanguine

2238 3757 2414 3826 hujus.
2447 3755 2571 3811 Haec
2606 3754 2788 3809 omnia
2819 3752 3094 3809 voluntate
3122 3749 3297 3803 Patris
3324 3748 3559 3813 fiebant,
3585 3748 3734 3802 sicut
3758 3746 3816 3800 in

2237 3850 2445 3922 psalmo
2472 3850 2674 3904 dictmn
2697 3856 2782 3903 est
2816 3865 2828 3900 :
2868 3866 2886 3897 ι
2928 3845 2994 3901 Ut
3025 3843 3256 3899 facerem
3280 3841 3613 3897 voluntatem
3643 3850 3818 3902 tuam,

2240 3941 2381 3995 Deus
2416 3953 2591 4003 meus,
2630 3938 2796 3993 volui.
2833 3955 2851 3987 ι

2316 4052 2335 4084 ‹
2369 4032 2437 4086 Ει
2466 4031 2703 4085 tulerunt
2724 4028 2945 4093 Ionam,
2984 4034 3040 4080 et
3073 4024 3339 4080 miserunt
3366 4020 3418 4076 in
3445 4035 3616 4074 mare.
3656 4039 3676 4071 ι
3713 4018 3825 4074 Tu-

2238 4123 2440 4186 lerunt,
2464 4120 2673 4190 inquit,
2708 4119 2759 4173 id
2793 4124 2877 4173 est
2898 4116 3055 4186 quasi
3078 4131 3200 4171 cum
3227 4113 3459 4182 quodam
3480 4111 3748 4180 obsequio
3768 4118 3824 4165 et

2242 4214 2449 4268 honore
2486 4201 2799 4280 portantes,
2850 4221 2957 4261 non
2990 4204 3422 4275 pracipitantes,
3460 4202 3734 4256 miserunt
3768 4200 3822 4254 in

2242 4319 2411 4358 mare.
2453 4322 2473 4352 ι
2515 4301 2582 4356 Ει
2621 4298 2770 4354 stetit
2803 4312 2955 4352 mare
2989 4312 3019 4350 a
3058 4295 3272 4349 fervore
3308 4308 3427 4348 suo.
3475 4311 3495 4344 ι
3527 4292 3696 4358 Quasi
3743 4293 3831 4346 in-

2242 4402 2403 4448 vento
2423 4407 2490 4446 eo
2519 4404 2679 4461 quem
2707 4385 3001 4458 quterebat,
3030 4385 3197 4439 veluti
3233 4398 3354 4439 cum
3377 4366 3501 4451 quis
3528 4381 3828 4451 fugitivum

2243 4480 2584 4537 velocissimo
2614 4492 2777 4534 cursu
2801 4476 3122 4544 insequens,
3152 4488 3275 4527 cum
3295 4486 3418 4526 eum
3449 4470 3612 4524 fuerit
3632 4484 3831 4525 conse-

2171 4563 2223 4623 D
2247 4580 2421 4637 cutus,
2444 4577 2552 4626 stat
2572 4584 2637 4624 ac
2667 4576 2814 4623 tenet
2839 4580 2998 4635 quem
3022 4562 3457 4634 apprehenderit.
3491 4559 3598 4615 Sed
3624 4568 3680 4614 et
3709 4576 3830 4630 my—

2250 4661 2420 4718 stice:
2452 4667 2579 4715 ante
2607 4655 2820 4713 Domini
2855 4654 3184 4725 passionem,
3210 4652 3445 4707 mundus
3480 4650 3835 4707 diversorum

2249 4750 2498 4806 ﬂuctibus
2532 4761 2777 4804 errorum
2811 4745 3251 4816 periclitabatur;
3285 4750 3341 4796 at
3367 4751 3487 4812 post
3520 4738 3638 4808 ejus
3667 4754 3832 4795 mor-

2249 4849 2381 4905 tem,
2411 4836 2694 4906 tranquilla
2716 4834 2897 4889 omnia
2919 4833 3215 4895 cernimus,
3239 4840 3296 4886 et
3322 4845 3510 4887 secura
3532 4830 3749 4884 unitate
3764 4828 3831 4882 ﬁ-

2247 4933 2332 4987 dei
2346 4940 2401 4987 et
2427 4929 2698 4998 agnitione
2716 4926 2975 4982 veritatis'
2986 4932 3130 4979 totus
3149 4924 3299 4979 orbis
3318 4921 3573 4984 exsultat,
3586 4928 3643 4974 et
3659 4921 3830 4989 quasi

2244 5023 2378 5079 Jona
2406 5023 2459 5077 in
2487 5036 2635 5077 mare
2657 5019 2845 5084 misso,
2878 5026 2985 5073 stat
3017 5032 3168 5073 mare
3192 5031 3225 5070 a
3245 5014 3459 5071 fervore
3483 5028 3601 5068 suo.

2321 5155 2339 5187 ι
2383 5134 2449 5189 Et
2486 5133 2781 5188 timuerunt
2809 5129 2912 5183 viri
2945 5129 3139 5182 timore
3175 5141 3371 5197 magno
3404 5123 3687 5180 Dominum
3710 5162 3730 5188 ,
3771 5135 3830 5179 et

2245 5224 2660 5281 immolaverunt
2685 5220 2892 5277 hostias
2927 5219 3184 5283 Domino,
3224 5226 3293 5271 et'
3309 5226 3572 5271 voverunt
3608 5222 3763 5270 vota.
3803 5233 3823 5267 ι

2246 5316 2383 5372 Ante
2406 5316 2710 5387 passionem
2735 5312 2945 5368 Domini
2981 5310 3288 5389 clamabant
3308 5309 3556 5364 homines
3592 5308 3662 5362 ad
3687 5308 3830 5363 deos

2246 5428 2393 5478 suos,
2416 5419 2538 5483 post
2557 5409 2863 5481 passionem
2883 5407 3073 5461 timent
3088 5403 3392 5467 Dominum,
3413 5412 3469 5457 et
3488 5410 3833 5457 venerantur

2247 5518 2351 5558 non
2386 5516 2568 5571 parvo,
2606 5500 2700 5554 sed
2737 5512 2931 5568 magno
2968 5497 3179 5560 timore,
3215 5493 3370 5562 juxta
3415 5493 3558 5563 quod
3598 5493 3656 5545 in
3702 5491 3831 5562 lege

2246 5596 2589 5667 praecipitur,
2625 5601 2689 5647 ut
2719 5607 2784 5647 ex
2816 5600 2929 5647 toto
2966 5588 3144 5651 corde,
3188 5596 3243 5640 et
3277 5602 3343 5642 ex
3382 5595 3493 5641 tota
3536 5586 3715 5639 anima
3762 5585 3833 5637 ti-

2248 5694 2486 5749 meatur,
2524 5693 2579 5739 et
2618 5683 2887 5753 diligatur.
2929 5679 3345 5737 lmmolaverunt
3371 5685 3551 5731 autem
3590 5675 3826 5737 hostias,

2249 5792 2354 5832 non
2385 5775 2679 5846 pecudum,
2712 5788 2848 5843 quas
2870 5772 3022 5841 juxta
3049 5770 3288 5824 litteram
3332 5769 3386 5823 in
3430 5760 3683 5821 fluctibus
3710 5781 3830 5820 lion
