4022 6450
228 410 322 466 I33

1237 412 1629 471 ENARRATIO
1667 413 1733 470 l‘N
1765 401 1984 476 JONAM
2023 416 2460 477 PROPllETAM.

3365 426 3465 480 154

226 522 521 588 habebant,
560 524 655 580 sed
698 523 903 581 hostias
937 524 1274 594 spirituales,
1309 530 1360 583 id
1389 538 1472 584 est
1499 529 1794 600 gratiarum
1823 535 1871 592 Α
1901 531 2057 594 fectu,
2102 531 2391 585 secundum
2433 533 2743 602 Apostolum
2784 535 2874 604 qui
2920 535 3088 589 dicit:
3119 553 3137 584 ‹
3168 534 3464 604 Accepistis

225 617 462 673 actiones
497 624 552 672 et
588 616 791 672 laudes.
833 617 1053 672 lmmola
1092 617 1287 689 (inquit
1324 620 1630 691 Psalmista)
1681 621 1789 675 Deo

225 705 552 764 sacriﬁcium
580 706 789 770 laudis,
823 714 877 760 et
916 707 1211 776 propheta:
1245 707 1469 763 Omnem
1499 708 1650 763 aufer
1686 709 1788 762 ini-

224 799 518 866 quitatem,
563 805 619 850 et
667 796 853 863 accipe
890 796 1121 862 bonum,
1173 807 1228 852 et
1268 797 1552 852 reddemus
1600 798 1794 852 vitulos

225 886 488 942 labiorum
519 895 848 941 nostrorum.
1543 875 1548 884 ’

843 1016 1070 1074 CAPUT
1116 1017 1178 1073 ll.

299 1177 318 1209 ι
354 1158 420 1212 Et
446 1155 767 1228 praeparavit
800 1156 1060 1211 Dominus
1094 1157 1294 1225 piscem
1324 1157 1580 1227 grandem
1619 1166 1678 1212 ut
1703 1159 1793 1213 de-

225 1249 437 1322 glutiret
460 1249 672 1304 Jonam.
702 1267 720 1300 ›
745 1247 850 1302 Pro
871 1249 1016 1317 pisce
1036 1250 1244 1320 grandi,
1268 1250 1525 1304 Dominus
1547 1252 1598 1304 in
1625 1251 1794 1305 Evan-

226 1342 361 1413 gelio
409 1348 587 1396 cetum
635 1340 808 1403 dixit,
855 1340 1025 1408 ipsam
1080 1357 1192 1396 rem
1236 1341 1451 1396 brevius
1494 1342 1790 1411 explicans.

225 1431 372 1498 Quod
396 1446 524 1485 vero
547 1431 884 1499 praeparavit,
917 1429 1000 1484 vel
1026 1431 1092 1485 ab
1123 1431 1277 1486 initio
1302 1449 1422 1487 cum
1454 1448 1574 1488 eum
1603 1434 1797 1487 conde—

225 1530 338 1587 ret,
381 1521 665 1575 Psalmista
703 1522 915 1575 dicente
943 1537 956 1572 :
986 1521 1162 1576 Draco
1196 1523 1297 1577 iste
1324 1538 1484 1592 quem
1514 1523 1790 1587 formasti;

224 1611 302 1666 vel
330 1611 680 1681 praeparavit,
716 1611 768 1664 id
805 1619 888 1664 est
912 1611 1066 1680 juxta
1099 1614 1279 1667 navim
1318 1612 1447 1668 fecit
1479 1615 1698 1677 venire,
1736 1624 1796 1670 ut

225 1701 275 1755 in
315 1715 441 1755 suos
475 1701 625 1755 sinus
654 1701 981 1769 prmcipitem
1025 1702 1215 1758 Jonam
1247 1705 1558 1774 susciperet.
1605 1705 1710 1760 Sed
1739 1715 1792 1761 et

225 1793 478 1847 Dominus
504 1793 647 1846 Deus
674 1792 835 1845 Pater
864 1793 1116 1862 prmcepit
1143 1793 1374 1859 inferno,
1405 1796 1494 1864 qui
1523 1804 1606 1850 est
1628 1797 1791 1851 draco

224 1884 665 1948 immanissimus,
690 1883 972 1948 utJonam,
991 1885 1134 1940 idest
1161 1886 1456 1954 Christum,
1472 1889 1788 1957 susciperet,

224 1975 478 2046 ignorans
506 1974 757 2029 latentem
793 1974 844 2026 in
873 1988 992 2028 esea
1018 1977 1438 2030 carnis'hamum
1473 1977 1788 2043 divinitatis,

226 2073 387 2132 atque
419 2063 537 2116 ideo
571 2071 828 2132 quantum
864 2063 1151 2118 exsultavit
1184 2065 1237 2119 in
1269 2065 1634 2132 devoratione,
1669 2075 1788 2120 tan-

226 2159 338 2203 tum
363 2151 494 2203 luxit
519 2151 569 2203 in
606 2151 829 2214 vomitu,
859 2151 1014 2220 juxta
1049 2151 1186 2207 Osee
1210 2154 1586 2222 prophetiam:
1621 2173 1640 2206 ‹
1685 2156 1790 2211 Ero

223 2257 369 2296 mors
400 2252 506 2304 tua,
536 2257 568 2296 ο
597 2257 764 2306 mors,
799 2257 1009 2298 morsus
1045 2252 1165 2298 tuus
1186 2260 1304 2310 ero,
1344 2245 1568 2301 inferne.
1615 2265 1634 2299 ι
1672 2267 1689 2296 ι
1727 2248 1792 2301 Et

219 2345 336 2388 erat
383 2333 548 2389 Jonas
596 2335 649 2388 in
696 2331 883 2389 ventre
911 2335 1075 2403 piscis
1111 2337 1280 2390 tribus
1313 2337 1504 2392 diebus
1528 2346 1582 2392 et
1617 2339 1791 2394 tribus

218 2425 486 2478 noctibus.
534 2442 553 2474 ι
594 2423 707 2478 lloc
728 2431 783 2478 et
811 2424 865 2478 in
889 2440 947 2479 se
973 2425 1246 2495 impletum
1275 2427 1388 2495 ipse
1418 2426 1673 2482 Dominus
1693 2445 1786 2483 ex-

217 2514 413 2582 posuit.
449 2513 580 2571 Illud
612 2515 778 2582 qureri
808 2522 984 2584 potest
1017 2517 1285 2584 quomodo
1318 2515 1487 2571 tribus
1519 2517 1704 2572 diebus
1735 2528 1790 2572 et

217 2603 391 2658 tribus
431 2604 679 2658 noctibus
707 2605 918 2658 dicatur
957 2604 1122 2660 fuisse
1163 2605 1215 2659 in
1258 2592 1422 2662 corde
1464 2616 1642 2662 terras.
1682 2607 1788 2664 Sed

217 2695 321 2750 hoc
381 2696 804 2765 synecdochiCos
861 2697 1106 2765 accipere
1161 2697 1456 2762 debemus,
1517 2699 1570 2753 id
1619 2707 1704 2754 est
1755 2715 1786 2754 a

215 2799 370 2858 parte
403 2797 594 2853 totum,
636 2790 727 2858 qui
769 2798 956 2858 tropus
987 2791 1370 2845 usitatissimus
1396 2801 1480 2846 est
1508 2792 1560 2846 in
1588 2792 1786 2848 divinis

215 2878 534 2948 Scripturis.
566 2877 845 2948 Siquidem
874 2878 1130 2934 Dominus
1172 2895 1462 2948 parasceve
1484 2882 1613 2936 hora
1637 2893 1786 2937 sexta

212 2968 507 3023 cruciﬁxus
540 2977 645 3033 est,
679 2971 808 3022 hora
849 2984 989 3025 nona
1017 2971 1198 3024 emisit
1226 2972 1494 3040 spiritum,
1517 2973 1628 3042 jam
1659 2989 1788 3029 vero

211 3075 339 3116 sero
364 3062 664 3130 depositum
691 3071 775 3116 est
805 3077 1002 3131 corpus
1029 3059 1147 3128 ejus
1172 3063 1237 3116 de
1266 3077 1451 3128 cruce,
1482 3071 1537 3118 et
1561 3063 1789 3119 coltoca~

210 3161 329 3208 tum
361 3153 415 3207 in
454 3163 818 3207 monumento.
868 3153 945 3207 lbi
988 3151 1159 3220 jacuit
1210 3161 1367 3208 nocte
1412 3153 1500 3208 illa
1536 3169 1656 3209 cum
1701 3169 1789 3209 se-

209 3244 398 3314 quenti
426 3244 510 3298 die
536 3243 770 3310 sabbati,
797 3253 853 3299 et
885 3213 1170 3300 aliavnocte
1193 3246 1468 3316 sequentis
1495 3247 1597 3302 diei
1621 3249 1788 3303 domi-
1815 3213 1858 3274 Ο

209 3333 344 3396 nici,
375 3333 560 3402 sicque
586 3348 744 3387 mane
775 3335 945 3402 prima
970 3335 1178 3390 sabbati
1209 3337 1466 3401 surrexit,
1497 3346 1554 3391 ut
1578 3337 1788 3394 Marcus

208 3429 466 3478 testatur.
502 3422 745 3492 Triginta
784 3439 875 3477 sex
906 3437 1036 3495 ergo
1066 3426 1211 3480 horis
1232 3424 1403 3494 jacuit
1440 3427 1494 3482 in
1515 3429 1785 3498 sepulcro.

207 3511 350 3566 Tres
385 3520 563 3565 autem
610 3513 724 3566 dies
753 3513 1022 3582 complent
1060 3516 1221 3569 horas
1253 3517 1586 3587 septuaginta
1631 3519 1781 3573 duas.

205 3601 414 3656 Verum
443 3601 486 3654 si
513 3611 790 3670 computes
825 3618 1152 3672 parasceven
1182 3645 1196 3671 ,
1236 3606 1336 3660 hoc
1366 3615 1448 3660 est
1468 3616 1672 3662 sextam
1705 3607 1785 3663 fe-

205 3694 373 3757 riam,
401 3707 506 3762 qua
544 3704 788 3750 mortuus
813 3705 912 3759 est,
954 3711 1053 3765 pro
1074 3713 1178 3751 una
1207 3697 1293 3752 die
1317 3713 1381 3753 ac
1410 3708 1567 3755 nocte
1595 3701 1788 3754 sabba-

204 3791 324 3838 tum
348 3799 469 3838 cum
500 3799 594 3838 sua
619 3794 802 3850 nocte,
835 3787 1068 3856 itemque
1088 3797 1300 3843 noctem
1328 3805 1447 3859 qua:
1474 3791 1579 3846 diei
1607 3791 1784 3846 domi-

202 3875 349 3928 nicze
378 3875 747 3944 mancipatur,
777 3875 1079 3934 referamus
1118 3880 1186 3933 ad
1220 3881 1500 3936 exordium
1529 3882 1784 3937 dominici

200 3966 340 4030 diei,
370 3967 765 4034 quodammodo
799 3975 910 4023 tres
936 3969 1052 4024 dies
1093 3986 1213 4026 esse
1239 3972 1506 4028 videntur.
1541 3973 1646 4028 Sed
1679 3989 1784 4028 non

199 4054 419 4121 absque
445 4069 641 4124 magno
667 4057 924 4126 mysterio
947 4059 1050 4114 hoc
1078 4074 1198 4115 esse
1223 4061 1547 4116 credendum
1574 4072 1676 4118 est.
1703 4063 1787 4118 Si-

201 4138 435 4210 quidem
464 4141 684 4210 triginta
718 4157 812 4196 sex
834 4145 902 4198 ad
927 4149 1260 4216 septuaginta
1285 4149 1391 4203 duo
1422 4151 1670 4220 simplum
1703 4161 1788 4208 est

199 4227 277 4285 ad
314 4227 557 4296 duplum.
596 4229 665 4283 Et
690 4239 872 4285 nostra
907 4234 1123 4302 quidem
1162 4251 1307 4290 mors
1328 4237 1490 4306 dupla
1517 4247 1628 4304 est,
1658 4241 1784 4308 quia

200 4321 260 4375 in
288 4319 472 4374 anima
501 4321 761 4375 morimur
789 4337 884 4392 per
908 4333 1189 4392 peccatum
1210 4367 1224 4390 ,
1256 4335 1311 4381 et
1335 4327 1389 4380 in
1429 4342 1656 4396 corpore
1692 4344 1788 4398 per

198 4424 450 4479 poenam.
471 4410 670 4465 Christi
695 4421 871 4466 autem
902 4429 1048 4468 mors
1068 4415 1257 4484 simpla
1289 4426 1496 4472 tantum
1520 4417 1635 4484 fuit,
1661 4419 1786 4489 quia

201 4503 260 4557 in
288 4517 518 4572 corpore
555 4512 762 4558 tantum
793 4505 931 4559 mori
963 4507 1167 4575 potuit,
1195 4509 1248 4562 in
1276 4510 1456 4563 anima
1492 4525 1620 4565 vero
1647 4527 1785 4566 nun-

201 4605 372 4660 quam
397 4600 626 4646 mortem
655 4593 890 4659 admisit,
919 4597 1046 4664 quia
1077 4612 1350 4666 nunquam
1377 4600 1639 4667 peccavit.

337 4682 404 4736 Et
443 4684 617 4737 oravit
657 4681 821 4739 Jonas
861 4685 930 4738 ad
976 4686 1260 4742 Dominum
1309 4687 1475 4742 Deum
1520 4704 1677 4744 suum
1719 4690 1786 4746 de

201 4781 398 4828 ventre
429 4769 648 4843 piscis,
707 4783 763 4828 et
803 4775 975 4829 dixit:
1031 4795 1048 4826 ι
1119 4777 1380 4848 lleceptus
1424 4781 1684 4850 propheta
1731 4781 1788 4836 in

203 4871 367 4916 utero
411 4863 538 4926 ceti,
579 4872 865 4932 postquam
905 4881 963 4920 se
1006 4865 1329 4922 incolumem
1355 4869 1544 4933 sensit,
1585 4871 1652 4925 de
1692 4870 1783 4925 Dei

203 4951 584 5007 misericordia
619 4968 724 5007 non
759 4954 1076 5025 deSperans,
1105 4966 1274 5012 totum
1311 4973 1368 5013 se
1402 4960 1468 5013 ad
1497 4961 1788 5014 obsecran-

203 5042 334 5097 dum
377 5045 662 5108 convertit,
704 5045 879 5100 sciens
917 5047 1203 5102 Dominum
1245 5052 1477 5105 maxime
1515 5051 1570 5105 in
1617 5054 1787 5107 tribu-

203 5131 501 5187 lationibus
523 5133 854 5200 adfuturum,
893 5135 1032 5190 sicut
1073 5137 1187 5205 ipse
1223 5139 1340 5192 viro
1375 5139 1522 5209 justo
1557 5141 1783 5209 promit-

205 5220 301 5285 tit,
334 5239 351 5270 ε
385 5219 517 5274 Cum
544 5221 660 5290 ipso
688 5238 806 5277 sum
851 5223 904 5277 in
943 5225 1304 5292 tribulatione,
1332 5228 1556 5297 eripiam
1585 5244 1728 5283 eum.
1759 5248 1778 5280 ι

203 5309 276 5364 Et
320 5309 461 5364 idem
505 5310 774 5381 Propheta
819 5314 985 5369 dicit:

281 5421 301 5452 ι
335 5401 578 5458 Clamavi
625 5407 691 5458 de
735 5405 1078 5461 tribulatione
1111 5422 1229 5462 mea
1269 5409 1336 5464 ad
1371 5409 1687 5476 Dominum,
1731 5420 1785 5466 et

202 5496 600 5552 exaudivitme.
627 5517 644 5548 ι
665 5497 816 5566 Quod
843 5501 908 5554 de
933 5503 1207 5570 praeterito
1233 5503 1392 5557 dicit:
1425 5521 1442 5553 ι
1472 5501 1733 5569 Clamavi,
1765 5524 1782 5556 ι

205 5583 312 5640 hoc
347 5594 473 5639 est:
521 5602 643 5641 cum
680 5591 822 5642 enim
860 5591 1065 5646 videret
1108 5602 1285 5647 cetum
1329 5600 1384 5646 et
1425 5601 1628 5647 tantam
1675 5609 1790 5648 mo-

205 5673 314 5729 lem
359 5679 602 5747 corporis
644 5678 790 5747 ejus,
844 5680 1097 5736 clamavit
1141 5683 1297 5752 aquis
1341 5684 1687 5747 cedentibus,
1734 5693 1790 5739 et

194 5768 329 5844 ‘voci
366 5768 540 5826 locum
584 5771 858 5826 dantibus.
907 5772 1002 5827 Vel
1039 5773 1292 5830 clamavit
1336 5783 1446 5832 toto
1485 5776 1664 5832 cordis
1707 5775 1786 5830 af-

1894 621 2138 690 spiritum
2187 622 2489 690 adoptionis
2534 623 2761 679 ﬁliorum
2791 666 2806 689 ,
2860 627 2912 680 in
2965 640 3072 694 quo
3121 624 3460 681 clamamus:

1890 709 2060 773 Abba,
2101 709 2277 765 Pater.
2315 731 2332 762 ι
2383 712 2634 766 Ventrem
2680 725 2857 768 autem
2903 714 3090 779 inferi,
3133 715 3310 768 alvum
3357 717 3460 769 ceti

1892 799 2059 864 dixit,
2107 814 2224 868 qum
2268 808 2428 854 tanta:
2471 801 2569 854 fuit
2616 803 3016 872 magnitudinis,
3062 814 3121 857 ut
3162 805 3332 858 instar
3370 803 3464 857 ob-

1896 899 2218 945 tumesccret
2261 891 2478 944 inferni.
2528 891 2760 945 Possunt
2796 893 2908 947 hxec
2948 892 3138 947 referri
3182 892 3464 962 allegorice

1893 981 1959 1035 ad
2005 979 2308 1043 Christum,
2355 981 2445 1049 qui
2489 996 2585 1049 per
2628 981 2792 1034 David
2835 982 3007 1035 dicit:
3040 982 3300 1036 Liberasti
3348 984 3463 1037 ani-

1893 1086 2035 1124 mam
2072 1086 2243 1124 meam
2281 1085 2348 1122 ex
2383 1069 2593 1123 inferno
2635 1069 2894 1124 inferiori.
2944 1071 3060 1140 Ipse
3095 1073 3234 1125 enim
3272 1071 3374 1126 fuit
3409 1071 3461 1126 in

1894 1162 2104 1216 inferno
2145 1163 2363 1226 vivens,
2418 1161 2557 1216 inter
2604 1171 2844 1217 mortuos
2888 1163 3043 1217 liber.
3097 1182 3119 1214 ,ι
3164 1164 3238 1218 De
3275 1174 3465 1221 ventre

1894 1252 2049 1307 inferi
2097 1253 2346 1317 clamavi,
2391 1260 2444 1306 et
2473 1240 2742 1306 exaudisti
2783 1268 2968 1308 vocem
3008 1269 3221 1308 meam:
3251 1265 3305 1307 et
3341 1271 3467 1324 pro-

1887 1345 2064 1414 jecisti
2106 1359 2191 1400 me
2236 1346 2288 1399 in
2334 1345 2678 1416 profundum,
2710 1345 2760 1398 in
2789 1346 2951 1399 corde
2977 1346 3163 1409 maris,
3188 1353 3242 1399 et
3268 1343 3464 1399 ﬁumen

1894 1438 2249 1492 circumdedit
2281 1449 2386 1490 me.
2421 1455 2439 1487 ι
2489 1435 2645 1490 Patet
2677 1436 2827 1505 juxta
2873 1436 3126 1498 litteram,
3157 1438 3296 1504 quod
3323 1436 3466 1489 clatr-

1895 1548 1986 1588 sus
2023 1540 2208 1587 ventre
2235 1532 2339 1586 ceti
2375 1531 2427 1584 in
2462 1531 2636 1584 medio
2676 1531 2841 1584 maris
2868 1529 3049 1593 fuerit,
3078 1539 3132 1583 et
3155 1526 3468 1581 ﬂuminibus

1895 1625 2123 1679 vallatus
2166 1624 2256 1678 si'.
2316 1623 2540 1693 Mystico
2583 1637 2712 1676 vero
2759 1637 2920 1676 sensu
2966 1623 3069 1675 hoc
3107 1620 3271 1684 dicit,
3325 1618 3468 1687 quod

1894 1731 1991 1785 per
2030 1715 2368 1770 Psalmistam
2418 1713 2730 1783 pr:edictum
2781 1722 2901 1767 est:
2957 1732 2975 1763 ι
3010 1711 3210 1766 lnﬁxus
3253 1725 3370 1765 sum
3413 1710 3468 1763 in

1902 1808 2028 1864 limo
2067 1808 2336 1878 profundi,
2383 1816 2436 1861 et
2471 1822 2574 1860 non
2612 1814 2695 1860 est
2729 1803 3050 1860 substantia.
3082 1821 3100 1854 ι
3147 1801 3228 1855 Ad
3254 1815 3470 1869 compa-

1896 1900 2155 1954 rationem
2194 1897 2335 1952 enim
2377 1896 2614 1950 C(elestis
2648 1895 2996 1949 habitationis
3030 1893 3082 1946 in
3120 1907 3225 1961 qua
3257 1907 3467 1947 summa

1893 2005 1994 2058 pax
2042 1996 2268 2059 regnat,
2328 1987 2393 2040 de
2439 2001 2543 2054 qua
2591 1985 2826 2039 dicitur:
2873 1984 3070 2038 Factus
3108 1990 3191 2037 est
3239 1983 3292 2036 in
3337 1997 3470 2051 pace

1891 2081 2040 2134 locus
2079 2077 2213 2146 ejus,
2256 2076 2434 2131 omnis
2471 2084 2685 2129 terrena
2719 2073 2981 2128 habitatio
3020 2072 3176 2141 plena
3219 2069 3470 2126 ﬂuctibus

1891 2179 1973 2225 est
2020 2179 2074 2224 et
2121 2167 2550 2238 tempestatibus.
2604 2165 2712 2220 Cor
2760 2175 2938 2220 autem
2991 2165 3156 2218 maris
3198 2162 3466 2217 infernum

1890 2260 2171 2329 designat,
2209 2273 2308 2327 pro
2348 2271 2456 2326 quo
2499 2255 2758 2310 Dominus
2807 2255 2972 2308 dicit:
3009 2271 3026 2304 ι
3061 2252 3166 2307 Cor
3214 2261 3408 2317 terras,
3444 2270 3463 2302 ι

1890 2348 2036 2416 quia,
2082 2348 2222 2402 sicut
2266 2346 2318 2399 in
2366 2344 2543 2398 medio
2583 2351 2668 2398 est
2706 2343 2983 2406 animalis,
3011 2341 3083 2394 ita
3128 2340 3368 2395 infernus
3413 2340 3468 2393 in

1891 2447 2050 2492 terrae
2091 2437 2268 2490 medio
2297 2449 2430 2489 esse
2471 2433 2805 2502 perhibetur.
2858 2431 2983 2486 Sive
3016 2432 3068 2485 in
3105 2431 3270 2485 corde
3301 2431 3469 2484 maris

1890 2526 2148 2580 Dominus
2190 2538 2247 2578 se
2292 2523 2539 2593 queritur
2578 2519 2872 2590 projectum
2901 2559 2915 2584 ,
2962 2520 3015 2574 id
3050 2527 3133 2574 est
3177 2519 3229 2572 in
3277 2518 3469 2574 mediis

1889 2613 2295 2676 tentationihus,
2342 2611 2436 2666 sed
2486 2625 2591 2665 non
2637 2611 2804 2664 sensit
2845 2625 3059 2664 amaras
3085 2624 3286 2678 aquas;
3315 2609 3467 2677 quia,

1889 2712 1948 2757 ut
1994 2702 2286 2773 Apostolus
2341 2701 2508 2756 dicit:
2555 2700 2816 2754 Tentatus
2863 2704 2946 2754 eSt
2995 2715 3091 2768 per
3136 2699 3314 2754 omnia
3369 2714 3469 2767 pro

1889 2795 2240 2849 similitudine
2275 2794 2478 2862 absque
2512 2802 2758 2860 peccato.
2799 2791 2932 2846 Nam
2960 2807 3067 2846 non
3093 2807 3151 2848 se
3184 2807 3322 2860 aqua
3352 2807 3468 2846 ma-

1890 2885 1986 2948 ris,
2031 2885 2123 2938 sed
2159 2883 2376 2936 ﬁumine
2417 2882 2805 2936 circumdatum
2842 2882 3004 2948 dicit,
3047 2884 3151 2938 hoc
3191 2893 3294 2947 est,
3323 2883 3468 2938 dulci

1889 2986 2070 3041 aqua:
2111 2972 2236 3040 quia
2279 2971 2473 3024 tentari
2517 2970 2649 3025 foris
2695 2973 2889 3040 potuit,
2937 2972 3029 3026 sed
3072 2983 3306 3028 mentem
3350 2973 3466 3042 ejus

1890 3061 2175 3116 delectatio
2201 3060 2408 3128 peccati
2451 3075 2570 3130 non.
2600 3060 2908 3113 momordit.
2951 3059 3254 3128 Projectum
3285 3069 3464 3115 autem

1889 3166 1948 3205 se
1981 3149 2131 3213 dicit,
2154 3149 2295 3202 sicut
2323 3155 2379 3201 et
2412 3149 2463 3202 in
2490 3147 2698 3216 psalmo
2731 3163 3069 3216 percussum,
3098 3157 3150 3202 et
3179 3150 3477 3217 Apostolus

1890 3257 1918 3294 a
1955 3239 2115 3294 Patre
2157 3239 2409 3292 traditum
2452 3237 2670 3291 asserit.
2719 3255 2737 3286 «
2773 3235 2974 3291 Omnes
3017 3238 3256 3306 gurgites
3297 3238 3372 3290 tui
3413 3245 3470 3292 et

1889 3328 2084 3382 ﬂuctus
2127 3327 2202 3380 tui
2239 3339 2403 3396 super
2435 3339 2523 3378 me
2561 3323 2914 3378 transierunt.
2949 3343 2967 3374 ι
3015 3323 3266 3395 Gurgites
3291 3333 3346 3379 et
3371 3324 3470 3379 ﬁu-

1888 3427 2035 3482 etus,
2081 3415 2405 3471 tentationes
2447 3422 2502 3468 et
2540 3413 2922 3482 percussiones
2964 3421 3116 3478 sunt,
3168 3428 3287 3483 qua:
3327 3431 3466 3468 nunt-

1887 3523 2047 3578 quam
2075 3507 2190 3562 sine
2215 3506 2307 3559 Dei
2330 3505 2682 3576 permissione
2728 3513 2782 3561 et
2815 3505 3092 3561 voluntate
3126 3505 3466 3575 contingunt.

1889 3600 1996 3655 Sed
2040 3599 2093 3653 hi
2136 3599 2372 3669 gurgites
2397 3608 2451 3653 et
2478 3597 2672 3655 fluctus
2711 3613 2818 3654 non
2865 3605 3254 3669 oppresserunt
3300 3596 3465 3652 Chri-

1888 3703 2053 3755 stum,
2081 3691 2175 3744 sed
2209 3703 2372 3759 super
2404 3703 2528 3742 eum
2571 3689 2918 3744 transierunt.
2967 3688 3084 3758 Ipse
3113 3703 3243 3744 vero
3277 3701 3469 3742 omnes

1888 3783 2164 3846 turbines,
2213 3781 2408 3850 quibus
2448 3781 2746 3834 vexabatur
2789 3795 2959 3851 genus
3001 3781 3330 3844 humanum,
3378 3793 3470 3833 sn-

1887 3873 2077 3928 stinuit
2117 3879 2171 3926 et
2211 3869 2402 3941 fregit,
2449 3877 2509 3924 ut
2550 3884 2648 3924 nos
2691 3878 2814 3938 post
2854 3885 2975 3924 eum
3022 3869 3200 3923 securi
3247 3868 3468 3938 naviga-

1887 3979 2088 4020 remus.

1963 4073 1981 4106 ‹
2015 4055 2083 4108 Et
2115 4069 2214 4124 ego
2248 4051 2394 4108 dixi:
2442 4049 2701 4119 Abjectus
2729 4066 2848 4105 sum
2884 4065 2914 4103 a
2953 4056 3244 4117 conspectu
3279 4049 3466 4104 oculo-

1888 4161 2008 4200 rum
2051 4153 2286 4199 tuorum.
2323 4162 2341 4195 ι
2391 4141 2641 4197 Christus
2673 4142 2776 4196 hoc
2813 4141 2946 4195 dicit
2987 4154 3055 4194 ex
3095 4154 3324 4209 persona
3369 4140 3469 4194 hu-

1888 4235 2181 4290 manitatis.
2219 4234 2320 4301 Qui
2353 4233 2497 4288 enim
2530 4231 2758 4288 formam
2796 4233 2935 4287 servi
2975 4240 3321 4300 susceperat,
3351 4231 3468 4301 ejus

1887 4327 2051 4381 etiam
2092 4341 2222 4381 voce
2263 4325 2456 4389 utitur,
2515 4321 2779 4392 abjectum
2831 4339 2891 4378 se
2947 4324 3133 4378 dicens
3186 4323 3254 4377 ab
3297 4322 3470 4377 oculis

1887 4415 2083 4470 Patris.
2110 4415 2190 4469 Ac
2217 4415 2262 4469 si
2288 4414 2492 4469 diceret
2521 4431 2534 4466 :
2575 4411 2799 4479 Quando
2824 4427 2972 4467 eram
2999 4420 3198 4477 tecum,
3226 4425 3260 4466 ο
3282 4409 3464 4476 Pater,

1887 4513 1944 4560 et
1983 4505 2037 4558 in
2079 4512 2170 4557 tuo
2204 4502 2408 4557 lumine
2440 4517 2591 4557 eram
2635 4502 2840 4568 lumen,
2885 4511 3014 4573 tunc
3053 4518 3161 4557 non
3203 4503 3468 4557 causabar

1889 4609 1976 4650 me
2005 4592 2293 4662 abjectum.
2334 4592 2623 4662 Postquam
2659 4601 2839 4648 autem
2873 4593 2994 4648 veni
3029 4594 3080 4647 in
3117 4591 3464 4662 profundum,

1889 4693 1942 4738 et
1987 4698 2148 4739 carne
2193 4683 2559 4739 circumdatus
2619 4701 2736 4740 sum
2763 4725 2778 4751 ,
2847 4685 3114 4740 humanos
3159 4684 3336 4754 patior
3377 4681 3462 4736 af-

1888 4772 2084 4838 fectus,
2123 4781 2179 4828 et
2209 4771 2478 4840 abjectum
2522 4788 2608 4829 me
2647 4773 2788 4837 dico,
2827 4782 2886 4828 ut
2919 4774 3164 4829 homines
3193 4773 3336 4842 juste
3373 4773 3468 4827 ab-

1883 4866 2059 4935 jectos
2103 4865 2170 4918 ad
2217 4873 2268 4919 te
2309 4865 2591 4929 reducam,
2634 4875 2900 4934 quatenus
2932 4865 3030 4941 ubi
3073 4879 3172 4933 ego
3214 4880 3367 4930 sum,
3413 4873 3470 4918 et

1891 4955 1993 5024 ipsi
2019 4955 2130 5009 sint
2154 4970 2386 5009 mecum.
2420 4973 2438 5005 ι
2461 4953 2844 5011 Verumtamen
2883 4971 3071 5012 rursus
3105 4957 3296 5010 videbo
3327 4964 3466 5010 tem-

1891 5044 2035 5115 plum
2067 5054 2314 5099 sanctum
2346 5053 2516 5098 tuum.
2545 5064 2563 5097 ι
2603 5044 2762 5101 Juxta
2799 5046 3031 5100 litteram
3059 5047 3161 5100 hoc
3193 5045 3357 5099 Jonas
3386 5043 3467 5096 vel

1889 5135 2125 5204 optando
2144 5135 2382 5200 dicit,vel
2403 5150 2524 5190 cum
2541 5135 2772 5204 quadam
2790 5135 2984 5190 ﬁducia
3001 5135 3325 5205 repromittit
3343 5133 3465 5196 silli,

1890 5225 2033 5294 quod
2071 5225 2266 5280 iterum
2299 5225 2596 5290 Jerusalem
2635 5226 2705 5280 sit
2739 5240 3084 5290 reversurus,
3119 5234 3172 5280 et
3213 5223 3467 5292 templum

1891 5315 2103 5372 Domini
2148 5316 2390 5381 visurus,
2430 5314 2587 5383 juxta
2638 5317 2988 5388 tropologiam
3032 5317 3125 5369 Dei
3189 5315 3358 5369 Filius
3414 5317 3467 5369 in

1891 5408 2164 5478 passionis
2203 5408 2550 5478 ignominiam
2591 5409 2825 5477 positus,
2869 5407 3200 5478 repromittit
3227 5406 3325 5460 sibi
3355 5407 3469 5477 glo-

1893 5502 2049 5567 riam,
2077 5516 2238 5570 quam
2271 5515 2481 5570 semper
2507 5501 2559 5556 in
2584 5501 2746 5556 Patre
2771 5511 2824 5557 et
2852 5502 2992 5572 apud
3015 5500 3226 5554 Patrem
3258 5500 3464 5555 habuit.

1893 5592 2045 5649 Unde
2083 5603 2138 5649 et
2178 5595 2230 5648 in
2266 5594 2555 5664 Evangelio
2585 5595 2732 5650 Patri
2765 5595 3008 5660 dicebat,
3041 5613 3058 5645 ι
3083 5592 3330 5648 Clariﬁca
3359 5609 3464 5658 me,

1889 5682 2069 5749 Pater,
2123 5683 2366 5738 claritate
2430 5700 2592 5754 quam
2649 5685 2808 5741 habui
2865 5685 3179 5756 priusquam
3237 5685 3468 5740 mundus

1887 5783 2032 5830 esset
2073 5773 2212 5844 apud
2254 5783 2326 5828 te.
2360 5795 2378 5828 ι
2435 5774 2560 5831 Sive
2598 5777 2762 5832 etiam
2802 5776 3258 5832 cohabitationem
3294 5774 3470 5828 Patris
