  <div class='ocr_page' id='page_1' title='image "/cluster/home/n/w/nwhite01/storage/ocr_20150623/117/hvd.32044015466899/073.png"; bbox 0 0 4022 6446; ppageno 0'>
   <div class='ocr_carea' id='block_1_1' title="bbox 530 411 634 466">
    <p class='ocr_par' dir='ltr' id='par_1_1' title="bbox 530 411 634 466">
     <span class='ocr_line' id='line_1_1' title="bbox 530 411 634 466; baseline 0 0"><span class='ocrx_word' id='word_1_1' title='bbox 530 411 634 466; x_wconf 76' lang='lat' dir='ltr'><strong>I55</strong></span> 
     </span>
    </p>
   </div>
   <div class='ocr_carea' id='block_1_2' title="bbox 527 518 1144 596">
    <p class='ocr_par' dir='ltr' id='par_1_2' title="bbox 527 518 1144 596">
     <span class='ocr_line' id='line_1_2' title="bbox 527 518 1144 596; baseline -0.023 -14"><span class='ocrx_word' id='word_1_2' title='bbox 527 532 780 596; x_wconf 75' lang='lat' dir='ltr'><strong>exaptat,</strong></span> <span class='ocrx_word' id='word_1_3' title='bbox 833 521 958 591; x_wconf 83' lang='lat' dir='ltr'><strong>quia</strong></span> <span class='ocrx_word' id='word_1_4' title='bbox 1005 518 1144 572; x_wconf 81' lang='lat' dir='ltr'><strong>sicut</strong></span> 
     </span>
    </p>
   </div>
   <div class='ocr_carea' id='block_1_3' title="bbox 528 591 2095 680">
    <p class='ocr_par' dir='ltr' id='par_1_3' title="bbox 528 591 2095 680">
     <span class='ocr_line' id='line_1_3' title="bbox 528 591 2095 680; baseline -0.019 -7"><span class='ocrx_word' id='word_1_5' title='bbox 528 591 698 673; x_wconf 80' lang='lat' dir='ltr'><strong>Filius</strong></span> <span class='ocrx_word' id='word_1_6' title='bbox 735 611 988 680; x_wconf 76' lang='lat' dir='ltr'><strong>templum</strong></span> <span class='ocrx_word' id='word_1_7' title='bbox 1027 614 1111 661; x_wconf 84' lang='lat' dir='ltr'><strong>cst</strong></span> <span class='ocrx_word' id='word_1_8' title='bbox 1149 604 1344 658; x_wconf 81' lang='lat' dir='ltr'><strong>Patris.</strong></span> <span class='ocrx_word' id='word_1_9' title='bbox 1389 601 1507 667; x_wconf 89' lang='lat' dir='ltr'><strong>Ipse</strong></span> <span class='ocrx_word' id='word_1_10' title='bbox 1543 599 1686 652; x_wconf 88' lang='lat' dir='ltr'><strong>enim</strong></span> <span class='ocrx_word' id='word_1_11' title='bbox 1725 595 1889 650; x_wconf 90' lang='lat' dir='ltr'><strong>dicit:</strong></span> <span class='ocrx_word' id='word_1_12' title='bbox 1921 610 1940 642; x_wconf 72' lang='grc' dir='ltr'>ι</span> <span class='ocrx_word' id='word_1_13' title='bbox 1984 591 2095 658; x_wconf 85' lang='lat' dir='ltr'><strong>Ego</strong></span> 
     </span>
    </p>
   </div>
   <div class='ocr_carea' id='block_1_4' title="bbox 529 682 2097 766">
    <p class='ocr_par' dir='ltr' id='par_1_4' title="bbox 529 682 2097 766">
     <span class='ocr_line' id='line_1_4' title="bbox 529 682 2097 766; baseline -0.017 -6"><span class='ocrx_word' id='word_1_14' title='bbox 529 707 584 760; x_wconf 90' lang='lat' dir='ltr'><strong>in</strong></span> <span class='ocrx_word' id='word_1_15' title='bbox 626 704 818 766; x_wconf 91' lang='lat' dir='ltr'><strong>Patre,</strong></span> <span class='ocrx_word' id='word_1_16' title='bbox 859 709 913 752; x_wconf 85' lang='lat' dir='ltr'><strong>et</strong></span> <span class='ocrx_word' id='word_1_17' title='bbox 952 698 1112 751; x_wconf 90' lang='lat' dir='ltr'><strong>Pater</strong></span> <span class='ocrx_word' id='word_1_18' title='bbox 1151 694 1205 748; x_wconf 91' lang='lat' dir='ltr'><strong>in</strong></span> <span class='ocrx_word' id='word_1_19' title='bbox 1249 708 1335 747; x_wconf 90' lang='lat' dir='ltr'><strong>me</strong></span> <span class='ocrx_word' id='word_1_20' title='bbox 1373 699 1475 744; x_wconf 91' lang='lat' dir='ltr'><strong>est.</strong></span> <span class='ocrx_word' id='word_1_21' title='bbox 1522 707 1542 740; x_wconf 80' lang='grc'><strong><em>›</em></strong></span> <span class='ocrx_word' id='word_1_22' title='bbox 1605 689 1671 741; x_wconf 87' lang='lat' dir='ltr'><strong>Et</strong></span> <span class='ocrx_word' id='word_1_23' title='bbox 1714 686 1878 739; x_wconf 84' lang='lat' dir='ltr'><strong>alibi:</strong></span> <span class='ocrx_word' id='word_1_24' title='bbox 1928 701 1948 734; x_wconf 68' lang='grc' dir='ltr'>ι</span> <span class='ocrx_word' id='word_1_25' title='bbox 1986 682 2097 749; x_wconf 81' lang='lat' dir='ltr'><strong>Ego</strong></span> 
     </span>
    </p>
   </div>
   <div class='ocr_carea' id='block_1_5' title="bbox 529 776 2098 849">
    <p class='ocr_par' dir='ltr' id='par_1_5' title="bbox 529 776 2098 849">
     <span class='ocr_line' id='line_1_5' title="bbox 529 776 2098 849; baseline -0.016 0"><span class='ocrx_word' id='word_1_26' title='bbox 529 811 562 849; x_wconf 91' lang='lat' dir='ltr'><strong>a</strong></span> <span class='ocrx_word' id='word_1_27' title='bbox 602 795 761 848; x_wconf 92' lang='lat' dir='ltr'><strong>Patre</strong></span> <span class='ocrx_word' id='word_1_28' title='bbox 800 789 940 844; x_wconf 83' lang='lat' dir='ltr'><strong>exivi</strong></span> <span class='ocrx_word' id='word_1_29' title='bbox 979 795 1034 840; x_wconf 91' lang='lat' dir='ltr'><strong>et</strong></span> <span class='ocrx_word' id='word_1_30' title='bbox 1071 786 1215 839; x_wconf 93' lang='lat' dir='ltr'><strong>veni.</strong></span> <span class='ocrx_word' id='word_1_31' title='bbox 1248 803 1266 835; x_wconf 70' lang='grc' dir='ltr'>ι</span> <span class='ocrx_word' id='word_1_32' title='bbox 1316 783 1384 836; x_wconf 84' lang='lat' dir='ltr'><strong>Et</strong></span> <span class='ocrx_word' id='word_1_33' title='bbox 1420 781 1542 848; x_wconf 85' lang='lat' dir='ltr'><strong>quia</strong></span> <span class='ocrx_word' id='word_1_34' title='bbox 1595 780 1708 847; x_wconf 89' lang='lat' dir='ltr'><strong>ipse</strong></span> <span class='ocrx_word' id='word_1_35' title='bbox 1748 776 1888 830; x_wconf 90' lang='lat' dir='ltr'><strong>Deus</strong></span> <span class='ocrx_word' id='word_1_36' title='bbox 1926 781 2007 826; x_wconf 90' lang='lat' dir='ltr'><strong>est</strong></span> <span class='ocrx_word' id='word_1_37' title='bbox 2045 780 2098 825; x_wconf 91' lang='lat' dir='ltr'><strong>et</strong></span> 
     </span>
    </p>
   </div>
   <div class='ocr_carea' id='block_1_6' title="bbox 530 861 2097 950">
    <p class='ocr_par' dir='ltr' id='par_1_6' title="bbox 530 861 2097 950">
     <span class='ocr_line' id='line_1_6' title="bbox 530 861 2097 950; baseline -0.017 -11"><span class='ocrx_word' id='word_1_38' title='bbox 530 885 711 944; x_wconf 86' lang='lat' dir='ltr'><strong>homo,</strong></span> <span class='ocrx_word' id='word_1_39' title='bbox 751 877 987 950; x_wconf 84' lang='lat' dir='ltr'><strong>postulat</strong></span> <span class='ocrx_word' id='word_1_40' title='bbox 1012 890 1080 928; x_wconf 86' lang='lat' dir='ltr'><strong>ex</strong></span> <span class='ocrx_word' id='word_1_41' title='bbox 1114 871 1287 927; x_wconf 90' lang='lat' dir='ltr'><strong>forma</strong></span> <span class='ocrx_word' id='word_1_42' title='bbox 1325 869 1484 934; x_wconf 81' lang='lat' dir='ltr'><strong>servi,</strong></span> <span class='ocrx_word' id='word_1_43' title='bbox 1516 866 1800 937; x_wconf 86' lang='lat' dir='ltr'><strong>pollicetur</strong></span> <span class='ocrx_word' id='word_1_44' title='bbox 1829 877 1894 917; x_wconf 92' lang='lat' dir='ltr'><strong>ex</strong></span> <span class='ocrx_word' id='word_1_45' title='bbox 1929 861 2097 915; x_wconf 89' lang='lat' dir='ltr'><strong>forma</strong></span> 
     </span>
    </p>
   </div>
   <div class='ocr_carea' id='block_1_7' title="bbox 529 973 644 1028">
    <p class='ocr_par' dir='ltr' id='par_1_7' title="bbox 529 973 644 1028">
     <span class='ocr_line' id='line_1_7' title="bbox 529 973 644 1028; baseline -0.043 0"><span class='ocrx_word' id='word_1_46' title='bbox 529 973 644 1028; x_wconf 90' lang='lat' dir='ltr'><strong>Dei.</strong></span> 
     </span>
    </p>
   </div>
   <div class='ocr_carea' id='block_1_8' title="bbox 604 1046 2097 1122">
    <p class='ocr_par' dir='ltr' id='par_1_8' title="bbox 604 1046 2097 1122">
     <span class='ocr_line' id='line_1_8' title="bbox 604 1046 2097 1122; baseline -0.011 -10"><span class='ocrx_word' id='word_1_47' title='bbox 604 1082 623 1112; x_wconf 74' lang='grc' dir='ltr'><strong>ε</strong></span> <span class='ocrx_word' id='word_1_48' title='bbox 653 1057 1140 1116; x_wconf 89' lang='lat' dir='ltr'><strong>Circumdederunt</strong></span> <span class='ocrx_word' id='word_1_49' title='bbox 1182 1068 1267 1108; x_wconf 90' lang='lat' dir='ltr'><strong>me</strong></span> <span class='ocrx_word' id='word_1_50' title='bbox 1313 1066 1465 1122; x_wconf 73' lang='lat' dir='ltr'><strong>aqua:</strong></span> <span class='ocrx_word' id='word_1_51' title='bbox 1516 1063 1688 1118; x_wconf 90' lang='lat' dir='ltr'><strong>usque</strong></span> <span class='ocrx_word' id='word_1_52' title='bbox 1741 1047 1808 1100; x_wconf 92' lang='lat' dir='ltr'><strong>ad</strong></span> <span class='ocrx_word' id='word_1_53' title='bbox 1864 1046 2097 1100; x_wconf 89' lang='lat' dir='ltr'><strong>animam</strong></span> 
     </span>
    </p>
   </div>
   <div class='ocr_carea' id='block_1_9' title="bbox 528 1135 2101 1220">
    <p class='ocr_par' dir='ltr' id='par_1_9' title="bbox 528 1135 2101 1220">
     <span class='ocr_line' id='line_1_9' title="bbox 528 1135 2101 1220; baseline -0.016 -12"><span class='ocrx_word' id='word_1_54' title='bbox 528 1169 744 1208; x_wconf 85' lang='lat' dir='ltr'><strong>meam:</strong></span> <span class='ocrx_word' id='word_1_55' title='bbox 771 1153 997 1220; x_wconf 81' lang='lat' dir='ltr'><strong>abyssus</strong></span> <span class='ocrx_word' id='word_1_56' title='bbox 1021 1145 1238 1200; x_wconf 79' lang='lat' dir='ltr'><strong>vallavit</strong></span> <span class='ocrx_word' id='word_1_57' title='bbox 1261 1158 1369 1205; x_wconf 91' lang='lat' dir='ltr'><strong>me,</strong></span> <span class='ocrx_word' id='word_1_58' title='bbox 1392 1139 1609 1210; x_wconf 78' lang='lat' dir='ltr'><strong>pelagus</strong></span> <span class='ocrx_word' id='word_1_59' title='bbox 1639 1135 1916 1206; x_wconf 86' lang='lat' dir='ltr'><strong>c00peruit</strong></span> <span class='ocrx_word' id='word_1_60' title='bbox 1941 1139 2101 1201; x_wconf 84' lang='lat' dir='ltr'><strong>caput</strong></span> 
     </span>
    </p>
   </div>
   <div class='ocr_carea' id='block_1_10' title="bbox 527 1228 2099 1310">
    <p class='ocr_par' dir='ltr' id='par_1_10' title="bbox 527 1228 2099 1310">
     <span class='ocr_line' id='line_1_10' title="bbox 527 1228 2099 1310; baseline -0.014 -10"><span class='ocrx_word' id='word_1_61' title='bbox 527 1260 726 1301; x_wconf 90' lang='lat' dir='ltr'><strong>meum.</strong></span> <span class='ocrx_word' id='word_1_62' title='bbox 753 1263 771 1293; x_wconf 72' lang='grc' dir='ltr'><strong><em>ι</em></strong></span> <span class='ocrx_word' id='word_1_63' title='bbox 807 1241 1072 1310; x_wconf 84' lang='lat' dir='ltr'><strong>Abyssum</strong></span> <span class='ocrx_word' id='word_1_64' title='bbox 1110 1236 1240 1290; x_wconf 88' lang='lat' dir='ltr'><strong>dicit</strong></span> <span class='ocrx_word' id='word_1_65' title='bbox 1271 1232 1568 1288; x_wconf 89' lang='lat' dir='ltr'><strong>contrarias</strong></span> <span class='ocrx_word' id='word_1_66' title='bbox 1601 1228 1960 1290; x_wconf 79' lang='lat' dir='ltr'><strong>fortitudines,</strong></span> <span class='ocrx_word' id='word_1_67' title='bbox 1982 1240 2099 1295; x_wconf 83' lang='lat' dir='ltr'><strong>quae</strong></span> 
     </span>
    </p>
   </div>
   <div class='ocr_carea' id='block_1_11' title="bbox 527 1323 2102 1408">
    <p class='ocr_par' dir='ltr' id='par_1_11' title="bbox 527 1323 2102 1408">
     <span class='ocr_line' id='line_1_11' title="bbox 527 1323 2102 1408; baseline -0.015 -16"><span class='ocrx_word' id='word_1_68' title='bbox 527 1333 962 1408; x_wconf 88' lang='lat' dir='ltr'><strong>profundissimis</strong></span> <span class='ocrx_word' id='word_1_69' title='bbox 1005 1328 1200 1384; x_wconf 90' lang='lat' dir='ltr'><strong>inferni</strong></span> <span class='ocrx_word' id='word_1_70' title='bbox 1243 1326 1406 1387; x_wconf 91' lang='lat' dir='ltr'><strong>locis,</strong></span> <span class='ocrx_word' id='word_1_71' title='bbox 1452 1323 1503 1376; x_wconf 93' lang='lat' dir='ltr'><strong>id</strong></span> <span class='ocrx_word' id='word_1_72' title='bbox 1546 1330 1630 1375; x_wconf 90' lang='lat' dir='ltr'><strong>est</strong></span> <span class='ocrx_word' id='word_1_73' title='bbox 1671 1329 1906 1382; x_wconf 89' lang='lat' dir='ltr'><strong>tartaro,</strong></span> <span class='ocrx_word' id='word_1_74' title='bbox 1951 1332 2102 1370; x_wconf 89' lang='lat' dir='ltr'><strong>man-</strong></span> 
     </span>
    </p>
   </div>
   <div class='ocr_carea' id='block_1_12' title="bbox 529 1411 2097 1498">
    <p class='ocr_par' dir='ltr' id='par_1_12' title="bbox 529 1411 2097 1498">
     <span class='ocr_line' id='line_1_12' title="bbox 529 1411 2097 1498; baseline -0.013 -14"><span class='ocrx_word' id='word_1_75' title='bbox 529 1432 719 1498; x_wconf 67' lang='lat' dir='ltr'><strong>cipata:</strong></span> <span class='ocrx_word' id='word_1_76' title='bbox 766 1433 922 1489; x_wconf 89' lang='lat' dir='ltr'><strong>sunt,</strong></span> <span class='ocrx_word' id='word_1_77' title='bbox 969 1423 1035 1476; x_wconf 91' lang='lat' dir='ltr'><strong>ad</strong></span> <span class='ocrx_word' id='word_1_78' title='bbox 1078 1435 1197 1490; x_wconf 70' lang='lat' dir='ltr'><strong>quae</strong></span> <span class='ocrx_word' id='word_1_79' title='bbox 1236 1419 1353 1472; x_wconf 89' lang='lat' dir='ltr'><strong>loca</strong></span> <span class='ocrx_word' id='word_1_80' title='bbox 1392 1414 1652 1468; x_wconf 83' lang='lat' dir='ltr'><strong>timebant</strong></span> <span class='ocrx_word' id='word_1_81' title='bbox 1691 1412 1770 1465; x_wconf 91' lang='lat' dir='ltr'><strong>ire</strong></span> <span class='ocrx_word' id='word_1_82' title='bbox 1808 1411 2097 1472; x_wconf 67' lang='lat' dir='ltr'><strong>diemones,</strong></span> 
     </span>
    </p>
   </div>
   <div class='ocr_carea' id='block_1_13' title="bbox 530 1499 2100 1587">
    <p class='ocr_par' dir='ltr' id='par_1_13' title="bbox 530 1499 2100 1587">
     <span class='ocr_line' id='line_1_13' title="bbox 530 1499 2100 1587; baseline -0.014 -15"><span class='ocrx_word' id='word_1_83' title='bbox 530 1525 783 1587; x_wconf 79' lang='lat' dir='ltr'><strong>rogantes</strong></span> <span class='ocrx_word' id='word_1_84' title='bbox 829 1513 887 1567; x_wconf 92' lang='lat' dir='ltr'><strong>in</strong></span> <span class='ocrx_word' id='word_1_85' title='bbox 951 1507 1239 1578; x_wconf 86' lang='lat' dir='ltr'><strong>Evangelio</strong></span> <span class='ocrx_word' id='word_1_86' title='bbox 1288 1503 1574 1559; x_wconf 89' lang='lat' dir='ltr'><strong>Dominum</strong></span> <span class='ocrx_word' id='word_1_87' title='bbox 1625 1514 1696 1554; x_wconf 91' lang='lat' dir='ltr'><strong>ne</strong></span> <span class='ocrx_word' id='word_1_88' title='bbox 1756 1499 2100 1553; x_wconf 85' lang='lat' dir='ltr'><strong>mitterentur</strong></span> 
     </span>
    </p>
   </div>
   <div class='ocr_carea' id='block_1_14' title="bbox 529 1568 2140 1674">
    <p class='ocr_par' dir='ltr' id='par_1_14' title="bbox 529 1568 2140 1674">
     <span class='ocr_line' id='line_1_14' title="bbox 529 1568 2140 1674; baseline -0.013 -13"><span class='ocrx_word' id='word_1_89' title='bbox 529 1568 894 1674; x_wconf 63' lang='lat' dir='ltr'><strong>inoabyssutn.</strong></span> <span class='ocrx_word' id='word_1_90' title='bbox 935 1568 1177 1669; x_wconf 65' lang='lat' dir='ltr'><strong>Abyssus</strong></span> <span class='ocrx_word' id='word_1_91' title='bbox 1208 1597 1386 1663; x_wconf 83' lang='lat' dir='ltr'><strong>itaque</strong></span> <span class='ocrx_word' id='word_1_92' title='bbox 1418 1592 1691 1646; x_wconf 88' lang='lat' dir='ltr'><strong>Christum</strong></span> <span class='ocrx_word' id='word_1_93' title='bbox 1713 1589 1948 1650; x_wconf 85' lang='lat' dir='ltr'><strong>vallavit,</strong></span> <span class='ocrx_word' id='word_1_94' title='bbox 1977 1603 2099 1641; x_wconf 92' lang='lat' dir='ltr'><strong>cum</strong></span> <span class='ocrx_word' id='word_1_95' title='bbox 2131 1568 2140 1575; x_wconf 47' lang='grc'><em>’</em></span> 
     </span>
    </p>
   </div>
   <div class='ocr_carea' id='block_1_15' title="bbox 529 1679 2101 1761">
    <p class='ocr_par' dir='ltr' id='par_1_15' title="bbox 529 1679 2101 1761">
     <span class='ocr_line' id='line_1_15' title="bbox 529 1679 2101 1761; baseline -0.014 -8"><span class='ocrx_word' id='word_1_96' title='bbox 529 1697 824 1753; x_wconf 89' lang='lat' dir='ltr'><strong>inferorum</strong></span> <span class='ocrx_word' id='word_1_97' title='bbox 865 1691 1136 1761; x_wconf 88' lang='lat' dir='ltr'><strong>principes</strong></span> <span class='ocrx_word' id='word_1_98' title='bbox 1175 1702 1299 1741; x_wconf 92' lang='lat' dir='ltr'><strong>eum</strong></span> <span class='ocrx_word' id='word_1_99' title='bbox 1339 1699 1398 1738; x_wconf 91' lang='lat' dir='ltr'><strong>se</strong></span> <span class='ocrx_word' id='word_1_100' title='bbox 1441 1683 1494 1736; x_wconf 90' lang='lat' dir='ltr'><strong>in</strong></span> <span class='ocrx_word' id='word_1_101' title='bbox 1539 1688 1712 1736; x_wconf 92' lang='lat' dir='ltr'><strong>morte</strong></span> <span class='ocrx_word' id='word_1_102' title='bbox 1752 1679 2101 1748; x_wconf 90' lang='lat' dir='ltr'><strong>comprehen-</strong></span> 
     </span>
    </p>
   </div>
   <div class='ocr_carea' id='block_1_16' title="bbox 530 1783 1074 1842">
    <p class='ocr_par' dir='ltr' id='par_1_16' title="bbox 530 1783 1074 1842">
     <span class='ocr_line' id='line_1_16' title="bbox 530 1783 1074 1842; baseline -0.018 0"><span class='ocrx_word' id='word_1_103' title='bbox 530 1789 673 1842; x_wconf 86' lang='lat' dir='ltr'><strong>disse</strong></span> <span class='ocrx_word' id='word_1_104' title='bbox 710 1783 1074 1839; x_wconf 88' lang='lat' dir='ltr'><strong>crediderunt.</strong></span> 
     </span>
    </p>
   </div>
   <div class='ocr_carea' id='block_1_17' title="bbox 998 377 3306 454">
    <p class='ocr_par' dir='ltr' id='par_1_17' title="bbox 998 377 3306 454">
     <span class='ocr_line' id='line_1_17' title="bbox 998 377 3306 454; baseline -0.01 0"><span class='ocrx_word' id='word_1_105' title='bbox 998 395 1350 454; x_wconf 76' lang='lat' dir='ltr'><strong>IIAYMONIS</strong></span> <span class='ocrx_word' id='word_1_106' title='bbox 1388 389 1866 448; x_wconf 79' lang='lat' dir='ltr'><strong>IIALBERSTA&#39;I&#39;.</strong></span> <span class='ocrx_word' id='word_1_107' title='bbox 1909 384 2122 440; x_wconf 85' lang='lat' dir='ltr'><strong>EPISC.</strong></span> <span class='ocrx_word' id='word_1_108' title='bbox 2164 383 2313 438; x_wconf 86' lang='lat' dir='ltr'><strong>OPP.</strong></span> <span class='ocrx_word' id='word_1_109' title='bbox 2351 382 2530 436; x_wconf 80' lang='lat' dir='ltr'><strong>PARS</strong></span> <span class='ocrx_word' id='word_1_110' title='bbox 2563 380 2607 436; x_wconf 86' lang='grc' dir='ltr'><strong>Ι.</strong></span> <span class='ocrx_word' id='word_1_111' title='bbox 2642 412 2714 422; x_wconf 93' lang='lat'><strong><em>—</em></strong></span> <span class='ocrx_word' id='word_1_112' title='bbox 2743 378 3094 436; x_wconf 82' lang='lat' dir='ltr'><strong>COMMENT.</strong></span> <span class='ocrx_word' id='word_1_113' title='bbox 3136 377 3306 432; x_wconf 84' lang='lat' dir='ltr'><strong>BIBL.</strong></span> 
     </span>
    </p>
   </div>
   <div class='ocr_carea' id='block_1_18' title="bbox 1190 486 3784 577">
    <p class='ocr_par' dir='ltr' id='par_1_18' title="bbox 1190 486 3784 577">
     <span class='ocr_line' id='line_1_18' title="bbox 1190 486 3784 577; baseline -0.01 -10"><span class='ocrx_word' id='word_1_114' title='bbox 1190 513 1354 567; x_wconf 88' lang='lat' dir='ltr'><strong>Pater</strong></span> <span class='ocrx_word' id='word_1_115' title='bbox 1393 509 1650 577; x_wconf 87' lang='lat' dir='ltr'><strong>templum</strong></span> <span class='ocrx_word' id='word_1_116' title='bbox 1691 513 1774 560; x_wconf 90' lang='lat' dir='ltr'><strong>est</strong></span> <span class='ocrx_word' id='word_1_117' title='bbox 1811 502 1966 565; x_wconf 87' lang='lat' dir='ltr'><strong>Filii,</strong></span> <span class='ocrx_word' id='word_1_118' title='bbox 2017 500 2092 552; x_wconf 89' lang='lat' dir='ltr'><strong>ita</strong></span> <span class='ocrx_word' id='word_1_119' title='bbox 2121 500 2167 558; x_wconf 77' lang='grc' dir='ltr'><strong>Α</strong></span> <span class='ocrx_word' id='word_1_120' title='bbox 2197 495 2287 550; x_wconf 89' lang='lat' dir='ltr'><strong>Sic</strong></span> <span class='ocrx_word' id='word_1_121' title='bbox 2329 506 2384 551; x_wconf 84' lang='lat' dir='ltr'><strong>et</strong></span> <span class='ocrx_word' id='word_1_122' title='bbox 2427 497 2709 550; x_wconf 88' lang='lat' dir='ltr'><strong>Psalmista</strong></span> <span class='ocrx_word' id='word_1_123' title='bbox 2744 515 2756 550; x_wconf 90' lang='lat'><strong>:</strong></span> <span class='ocrx_word' id='word_1_124' title='bbox 2787 515 2804 545; x_wconf 84' lang='grc'><strong><em>‹</em></strong></span> <span class='ocrx_word' id='word_1_125' title='bbox 2841 494 3044 549; x_wconf 81' lang='lat' dir='ltr'><strong>Memor</strong></span> <span class='ocrx_word' id='word_1_126' title='bbox 3082 492 3155 546; x_wconf 86' lang='lat' dir='ltr'><strong>fui</strong></span> <span class='ocrx_word' id='word_1_127' title='bbox 3203 491 3331 557; x_wconf 89' lang='lat' dir='ltr'><strong>Dei,</strong></span> <span class='ocrx_word' id='word_1_128' title='bbox 3377 498 3432 544; x_wconf 91' lang='lat' dir='ltr'><strong>et</strong></span> <span class='ocrx_word' id='word_1_129' title='bbox 3472 486 3784 545; x_wconf 85' lang='lat' dir='ltr'><strong>delectatus</strong></span> 
     </span>
    </p>
   </div>
   <div class='ocr_carea' id='block_1_19' title="bbox 3671 374 3784 428">
    <p class='ocr_par' dir='ltr' id='par_1_19' title="bbox 3671 374 3784 428">
     <span class='ocr_line' id='line_1_19' title="bbox 3671 374 3784 428; baseline -0.027 1"><span class='ocrx_word' id='word_1_130' title='bbox 3671 374 3784 428; x_wconf 74' lang='grc'><strong>156</strong></span> 
     </span>
    </p>
   </div>
   <div class='ocr_carea' id='block_1_20' title="bbox 2198 581 3784 656">
    <p class='ocr_par' dir='ltr' id='par_1_20' title="bbox 2198 581 3784 656">
     <span class='ocr_line' id='line_1_20' title="bbox 2198 581 3784 656; baseline -0.006 -15"><span class='ocrx_word' id='word_1_131' title='bbox 2198 603 2336 641; x_wconf 90' lang='lat' dir='ltr'><strong>sum.</strong></span> <span class='ocrx_word' id='word_1_132' title='bbox 2374 607 2391 637; x_wconf 74' lang='grc' dir='ltr'><strong><em>ι</em></strong></span> <span class='ocrx_word' id='word_1_133' title='bbox 2435 587 2514 640; x_wconf 84' lang='lat' dir='ltr'><strong>Ex</strong></span> <span class='ocrx_word' id='word_1_134' title='bbox 2547 602 2652 656; x_wconf 86' lang='lat' dir='ltr'><strong>quo</strong></span> <span class='ocrx_word' id='word_1_135' title='bbox 2683 585 2958 642; x_wconf 85' lang='lat' dir='ltr'><strong>discimus.</strong></span> <span class='ocrx_word' id='word_1_136' title='bbox 3003 598 3124 637; x_wconf 92' lang='lat' dir='ltr'><strong>cum</strong></span> <span class='ocrx_word' id='word_1_137' title='bbox 3159 582 3340 636; x_wconf 87' lang='lat' dir='ltr'><strong>deficit</strong></span> <span class='ocrx_word' id='word_1_138' title='bbox 3370 581 3548 634; x_wconf 90' lang='lat' dir='ltr'><strong>anima</strong></span> <span class='ocrx_word' id='word_1_139' title='bbox 3584 587 3784 633; x_wconf 78' lang='lat' dir='ltr'><strong>nostra</strong></span> 
     </span>
    </p>
   </div>
   <div class='ocr_carea' id='block_1_21' title="bbox 2198 669 3787 745">
    <p class='ocr_par' dir='ltr' id='par_1_21' title="bbox 2198 669 3787 745">
     <span class='ocr_line' id='line_1_21' title="bbox 2198 669 3787 745; baseline -0.008 -11"><span class='ocrx_word' id='word_1_140' title='bbox 2198 680 2490 734; x_wconf 85' lang='lat' dir='ltr'><strong>constituta</strong></span> <span class='ocrx_word' id='word_1_141' title='bbox 2514 678 2566 732; x_wconf 91' lang='lat' dir='ltr'><strong>in</strong></span> <span class='ocrx_word' id='word_1_142' title='bbox 2593 678 2768 745; x_wconf 89' lang='lat' dir='ltr'><strong>aliqua</strong></span> <span class='ocrx_word' id='word_1_143' title='bbox 2799 674 3164 736; x_wconf 79' lang='lat' dir='ltr'><strong>tribulatione,</strong></span> <span class='ocrx_word' id='word_1_144' title='bbox 3190 671 3273 724; x_wconf 88' lang='lat' dir='ltr'><strong>vel</strong></span> <span class='ocrx_word' id='word_1_145' title='bbox 3307 686 3426 724; x_wconf 91' lang='lat' dir='ltr'><strong>cum</strong></span> <span class='ocrx_word' id='word_1_146' title='bbox 3463 685 3492 722; x_wconf 89' lang='lat' dir='ltr'><strong>a</strong></span> <span class='ocrx_word' id='word_1_147' title='bbox 3523 669 3787 737; x_wconf 90' lang='lat' dir='ltr'><strong>corporis</strong></span> 
     </span>
    </p>
   </div>
   <div class='ocr_carea' id='block_1_22' title="bbox 2197 758 3788 838">
    <p class='ocr_par' dir='ltr' id='par_1_22' title="bbox 2197 758 3788 838">
     <span class='ocr_line' id='line_1_22' title="bbox 2197 758 3788 838; baseline -0.008 -14"><span class='ocrx_word' id='word_1_148' title='bbox 2197 784 2453 838; x_wconf 82' lang='lat' dir='ltr'><strong>compage</strong></span> <span class='ocrx_word' id='word_1_149' title='bbox 2489 767 2777 829; x_wconf 87' lang='lat' dir='ltr'><strong>divellitur,</strong></span> <span class='ocrx_word' id='word_1_150' title='bbox 2817 766 3015 818; x_wconf 84' lang='lat' dir='ltr'><strong>debere</strong></span> <span class='ocrx_word' id='word_1_151' title='bbox 3055 778 3154 816; x_wconf 91' lang='lat' dir='ltr'><strong>nos</strong></span> <span class='ocrx_word' id='word_1_152' title='bbox 3198 760 3364 814; x_wconf 91' lang='lat' dir='ltr'><strong>Deum</strong></span> <span class='ocrx_word' id='word_1_153' title='bbox 3411 759 3464 813; x_wconf 91' lang='lat' dir='ltr'><strong>in</strong></span> <span class='ocrx_word' id='word_1_154' title='bbox 3504 758 3788 813; x_wconf 82' lang='lat' dir='ltr'><strong>memoria</strong></span> 
     </span>
    </p>
   </div>
   <div class='ocr_carea' id='block_1_23' title="bbox 2198 850 3780 923">
    <p class='ocr_par' dir='ltr' id='par_1_23' title="bbox 2198 850 3780 923">
     <span class='ocr_line' id='line_1_23' title="bbox 2198 850 3780 923; baseline -0.01 -9"><span class='ocrx_word' id='word_1_155' title='bbox 2198 861 2426 923; x_wconf 90' lang='lat' dir='ltr'><strong>habere,</strong></span> <span class='ocrx_word' id='word_1_156' title='bbox 2472 866 2526 912; x_wconf 91' lang='lat' dir='ltr'><strong>et</strong></span> <span class='ocrx_word' id='word_1_157' title='bbox 2565 858 2632 910; x_wconf 90' lang='lat' dir='ltr'><strong>ad</strong></span> <span class='ocrx_word' id='word_1_158' title='bbox 2673 871 2794 909; x_wconf 90' lang='lat' dir='ltr'><strong>eum</strong></span> <span class='ocrx_word' id='word_1_159' title='bbox 2839 868 3053 907; x_wconf 85' lang='lat' dir='ltr'><strong>onmem</strong></span> <span class='ocrx_word' id='word_1_160' title='bbox 3097 850 3474 919; x_wconf 75' lang='lat' dir='ltr'><strong>cogitationem</strong></span> <span class='ocrx_word' id='word_1_161' title='bbox 3520 856 3780 908; x_wconf 86' lang='lat' dir='ltr'><strong>vertere,</strong></span> 
     </span>
    </p>
   </div>
   <div class='ocr_carea' id='block_1_24' title="bbox 2197 937 3784 1021">
    <p class='ocr_par' dir='ltr' id='par_1_24' title="bbox 2197 937 3784 1021">
     <span class='ocr_line' id='line_1_24' title="bbox 2197 937 3784 1021; baseline -0.011 -14"><span class='ocrx_word' id='word_1_162' title='bbox 2197 952 2288 1021; x_wconf 88' lang='lat' dir='ltr'><strong>qui</strong></span> <span class='ocrx_word' id='word_1_163' title='bbox 2324 950 2568 1019; x_wconf 90' lang='lat' dir='ltr'><strong>corporis</strong></span> <span class='ocrx_word' id='word_1_164' title='bbox 2605 956 2660 1002; x_wconf 90' lang='lat' dir='ltr'><strong>et</strong></span> <span class='ocrx_word' id='word_1_165' title='bbox 2697 947 2889 1000; x_wconf 71' lang='lat' dir='ltr'><strong>anima:</strong></span> <span class='ocrx_word' id='word_1_166' title='bbox 2929 954 3010 998; x_wconf 90' lang='lat' dir='ltr'><strong>est</strong></span> <span class='ocrx_word' id='word_1_167' title='bbox 3045 942 3204 996; x_wconf 92' lang='lat' dir='ltr'><strong>Deus.</strong></span> <span class='ocrx_word' id='word_1_168' title='bbox 3251 960 3270 992; x_wconf 74' lang='grc' dir='ltr'>ι</span> <span class='ocrx_word' id='word_1_169' title='bbox 3304 940 3374 994; x_wconf 91' lang='lat' dir='ltr'><strong>Ut</strong></span> <span class='ocrx_word' id='word_1_170' title='bbox 3405 939 3587 992; x_wconf 86' lang='lat' dir='ltr'><strong>veniat</strong></span> <span class='ocrx_word' id='word_1_171' title='bbox 3620 937 3693 990; x_wconf 90' lang='lat' dir='ltr'><strong>ad</strong></span> <span class='ocrx_word' id='word_1_172' title='bbox 3727 944 3784 989; x_wconf 82' lang='lat' dir='ltr'><strong>te</strong></span> 
     </span>
    </p>
   </div>
   <div class='ocr_carea' id='block_1_25' title="bbox 2198 1027 3781 1104">
    <p class='ocr_par' dir='ltr' id='par_1_25' title="bbox 2198 1027 3781 1104">
     <span class='ocr_line' id='line_1_25' title="bbox 2198 1027 3781 1104; baseline -0.011 -9"><span class='ocrx_word' id='word_1_173' title='bbox 2198 1042 2375 1096; x_wconf 86' lang='lat' dir='ltr'><strong>oratio</strong></span> <span class='ocrx_word' id='word_1_174' title='bbox 2413 1055 2529 1093; x_wconf 87' lang='lat' dir='ltr'><strong>mea</strong></span> <span class='ocrx_word' id='word_1_175' title='bbox 2574 1038 2639 1091; x_wconf 90' lang='lat' dir='ltr'><strong>ad</strong></span> <span class='ocrx_word' id='word_1_176' title='bbox 2680 1035 2934 1104; x_wconf 89' lang='lat' dir='ltr'><strong>templum</strong></span> <span class='ocrx_word' id='word_1_177' title='bbox 2978 1042 3216 1087; x_wconf 79' lang='lat' dir='ltr'><strong>sanctum</strong></span> <span class='ocrx_word' id='word_1_178' title='bbox 3266 1037 3436 1082; x_wconf 72' lang='lat' dir='ltr'><strong>‘uum.</strong></span> <span class='ocrx_word' id='word_1_179' title='bbox 3476 1048 3494 1079; x_wconf 71' lang='grc' dir='ltr'><strong><em>ι</em></strong></span> <span class='ocrx_word' id='word_1_180' title='bbox 3539 1027 3781 1088; x_wconf 87' lang='lat' dir='ltr'><strong>Idcirco,</strong></span> 
     </span>
    </p>
   </div>
   <div class='ocr_carea' id='block_1_26' title="bbox 2201 1117 3785 1202">
    <p class='ocr_par' dir='ltr' id='par_1_26' title="bbox 2201 1117 3785 1202">
     <span class='ocr_line' id='line_1_26' title="bbox 2201 1117 3785 1202; baseline -0.013 -14"><span class='ocrx_word' id='word_1_181' title='bbox 2201 1133 2393 1202; x_wconf 83' lang='lat' dir='ltr'><strong>inquit,</strong></span> <span class='ocrx_word' id='word_1_182' title='bbox 2438 1129 2650 1185; x_wconf 90' lang='lat' dir='ltr'><strong>Domini</strong></span> <span class='ocrx_word' id='word_1_183' title='bbox 2693 1126 3006 1180; x_wconf 87' lang='lat' dir='ltr'><strong>recordatus</strong></span> <span class='ocrx_word' id='word_1_184' title='bbox 3045 1137 3186 1187; x_wconf 90' lang='lat' dir='ltr'><strong>sum,</strong></span> <span class='ocrx_word' id='word_1_185' title='bbox 3231 1129 3289 1174; x_wconf 94' lang='lat' dir='ltr'><strong>ut</strong></span> <span class='ocrx_word' id='word_1_186' title='bbox 3327 1119 3500 1173; x_wconf 87' lang='lat' dir='ltr'><strong>oratio</strong></span> <span class='ocrx_word' id='word_1_187' title='bbox 3546 1131 3672 1171; x_wconf 86' lang='lat' dir='ltr'><strong>mea</strong></span> <span class='ocrx_word' id='word_1_188' title='bbox 3713 1117 3785 1168; x_wconf 90' lang='lat' dir='ltr'><strong>de</strong></span> 
     </span>
    </p>
   </div>
   <div class='ocr_carea' id='block_1_27' title="bbox 2199 1211 3784 1280">
    <p class='ocr_par' dir='ltr' id='par_1_27' title="bbox 2199 1211 3784 1280">
     <span class='ocr_line' id='line_1_27' title="bbox 2199 1211 3784 1280; baseline -0.013 0"><span class='ocrx_word' id='word_1_189' title='bbox 2199 1224 2458 1280; x_wconf 77' lang='lat' dir='ltr'><strong>extremis</strong></span> <span class='ocrx_word' id='word_1_190' title='bbox 2501 1220 2762 1275; x_wconf 92' lang='lat' dir='ltr'><strong>montium</strong></span> <span class='ocrx_word' id='word_1_191' title='bbox 2807 1217 3062 1272; x_wconf 88' lang='lat' dir='ltr'><strong>ascendat</strong></span> <span class='ocrx_word' id='word_1_192' title='bbox 3107 1211 3176 1266; x_wconf 81' lang='lat' dir='ltr'><strong>ad</strong></span> <span class='ocrx_word' id='word_1_193' title='bbox 3222 1211 3477 1280; x_wconf 86' lang='lat' dir='ltr'><strong>templum</strong></span> <span class='ocrx_word' id='word_1_194' title='bbox 3521 1217 3784 1263; x_wconf 89' lang='lat' dir='ltr'><strong>sanctum</strong></span> 
     </span>
    </p>
   </div>
   <div class='ocr_carea' id='block_1_28' title="bbox 2202 1299 3783 1377">
    <p class='ocr_par' dir='ltr' id='par_1_28' title="bbox 2202 1299 3783 1377">
     <span class='ocr_line' id='line_1_28' title="bbox 2202 1299 3783 1377; baseline -0.013 -8"><span class='ocrx_word' id='word_1_195' title='bbox 2202 1324 2371 1377; x_wconf 87' lang='lat' dir='ltr'><strong>tuum,</strong></span> <span class='ocrx_word' id='word_1_196' title='bbox 2399 1312 2453 1366; x_wconf 91' lang='lat' dir='ltr'><strong>id</strong></span> <span class='ocrx_word' id='word_1_197' title='bbox 2488 1319 2571 1365; x_wconf 90' lang='lat' dir='ltr'><strong>est</strong></span> <span class='ocrx_word' id='word_1_198' title='bbox 2610 1310 2678 1364; x_wconf 90' lang='lat' dir='ltr'><strong>ad</strong></span> <span class='ocrx_word' id='word_1_199' title='bbox 2715 1307 2931 1370; x_wconf 65' lang='lat' dir='ltr'><strong>malum,</strong></span> <span class='ocrx_word' id='word_1_200' title='bbox 2958 1305 3081 1374; x_wconf 89' lang='lat' dir='ltr'><strong>quia</strong></span> <span class='ocrx_word' id='word_1_201' title='bbox 3120 1302 3244 1357; x_wconf 86' lang='lat' dir='ltr'><strong>licet</strong></span> <span class='ocrx_word' id='word_1_202' title='bbox 3284 1302 3478 1368; x_wconf 78' lang='lat' dir='ltr'><strong>ub;que</strong></span> <span class='ocrx_word' id='word_1_203' title='bbox 3506 1300 3578 1353; x_wconf 92' lang='lat' dir='ltr'><strong>sit</strong></span> <span class='ocrx_word' id='word_1_204' title='bbox 3603 1299 3783 1357; x_wconf 90' lang='lat' dir='ltr'><strong>Dens,</strong></span> 
     </span>
    </p>
   </div>
   <div class='ocr_carea' id='block_1_29' title="bbox 2200 1388 3786 1463">
    <p class='ocr_par' dir='ltr' id='par_1_29' title="bbox 2200 1388 3786 1463">
     <span class='ocr_line' id='line_1_29' title="bbox 2200 1388 3786 1463; baseline -0.013 -2"><span class='ocrx_word' id='word_1_205' title='bbox 2200 1407 2271 1461; x_wconf 90' lang='lat' dir='ltr'><strong>ibi</strong></span> <span class='ocrx_word' id='word_1_206' title='bbox 2313 1415 2490 1458; x_wconf 92' lang='lat' dir='ltr'><strong>tamen</strong></span> <span class='ocrx_word' id='word_1_207' title='bbox 2532 1397 2908 1455; x_wconf 87' lang='lat' dir='ltr'><strong>assistentibus</strong></span> <span class='ocrx_word' id='word_1_208' title='bbox 2947 1395 3049 1450; x_wconf 80' lang='lat' dir='ltr'><strong>sibi</strong></span> <span class='ocrx_word' id='word_1_209' title='bbox 3093 1393 3300 1463; x_wconf 86' lang='lat' dir='ltr'><strong>angelis</strong></span> <span class='ocrx_word' id='word_1_210' title='bbox 3337 1400 3535 1445; x_wconf 63' lang='lat' dir='ltr'><strong>materna</strong></span> <span class='ocrx_word' id='word_1_211' title='bbox 3577 1388 3786 1441; x_wconf 80' lang='lat' dir='ltr'><strong>fruitur</strong></span> 
     </span>
    </p>
   </div>
   <div class='ocr_carea' id='block_1_30' title="bbox 2200 1479 3786 1560">
    <p class='ocr_par' dir='ltr' id='par_1_30' title="bbox 2200 1479 3786 1560">
     <span class='ocr_line' id='line_1_30' title="bbox 2200 1479 3786 1560; baseline -0.015 -6"><span class='ocrx_word' id='word_1_212' title='bbox 2200 1496 2552 1555; x_wconf 86' lang='lat' dir='ltr'><strong>beatitudine.</strong></span> <span class='ocrx_word' id='word_1_213' title='bbox 2607 1491 2870 1560; x_wconf 82' lang='lat' dir='ltr'><strong>Loquitur</strong></span> <span class='ocrx_word' id='word_1_214' title='bbox 2912 1501 3042 1540; x_wconf 88' lang='lat' dir='ltr'><strong>vero</strong></span> <span class='ocrx_word' id='word_1_215' title='bbox 3086 1493 3147 1540; x_wconf 88' lang='lat' dir='ltr'><strong>ut</strong></span> <span class='ocrx_word' id='word_1_216' title='bbox 3187 1482 3460 1552; x_wconf 82' lang='lat' dir='ltr'><strong>pontifex,</strong></span> <span class='ocrx_word' id='word_1_217' title='bbox 3507 1482 3599 1550; x_wconf 89' lang='lat' dir='ltr'><strong>qui</strong></span> <span class='ocrx_word' id='word_1_218' title='bbox 3639 1479 3786 1548; x_wconf 87' lang='lat' dir='ltr'><strong>petit</strong></span> 
     </span>
    </p>
   </div>
   <div class='ocr_carea' id='block_1_31' title="bbox 2201 1573 3787 1658">
    <p class='ocr_par' dir='ltr' id='par_1_31' title="bbox 2201 1573 3787 1658">
     <span class='ocr_line' id='line_1_31' title="bbox 2201 1573 3787 1658; baseline -0.014 -14"><span class='ocrx_word' id='word_1_219' title='bbox 2201 1598 2263 1644; x_wconf 93' lang='lat' dir='ltr'><strong>ut</strong></span> <span class='ocrx_word' id='word_1_220' title='bbox 2300 1602 2484 1658; x_wconf 80' lang='lat' dir='ltr'><strong>preces</strong></span> <span class='ocrx_word' id='word_1_221' title='bbox 2523 1582 2700 1653; x_wconf 88' lang='lat' dir='ltr'><strong>populi</strong></span> <span class='ocrx_word' id='word_1_222' title='bbox 2745 1596 2841 1649; x_wconf 92' lang='lat' dir='ltr'><strong>per</strong></span> <span class='ocrx_word' id='word_1_223' title='bbox 2879 1593 3001 1633; x_wconf 92' lang='lat' dir='ltr'><strong>eum</strong></span> <span class='ocrx_word' id='word_1_224' title='bbox 3045 1575 3110 1633; x_wconf 77' lang='lat' dir='ltr'><strong>ad</strong></span> <span class='ocrx_word' id='word_1_225' title='bbox 3156 1575 3410 1642; x_wconf 85' lang='lat' dir='ltr'><strong>templum</strong></span> <span class='ocrx_word' id='word_1_226' title='bbox 3450 1573 3542 1626; x_wconf 86' lang='lat' dir='ltr'><strong>Dei</strong></span> <span class='ocrx_word' id='word_1_227' title='bbox 3583 1585 3787 1624; x_wconf 81' lang='lat' dir='ltr'><strong>ascen-</strong></span> 
     </span>
    </p>
   </div>
   <div class='ocr_carea' id='block_1_32' title="bbox 2201 1663 3788 1738">
    <p class='ocr_par' dir='ltr' id='par_1_32' title="bbox 2201 1663 3788 1738">
     <span class='ocr_line' id='line_1_32' title="bbox 2201 1663 3788 1738; baseline -0.014 -3"><span class='ocrx_word' id='word_1_228' title='bbox 2201 1682 2349 1736; x_wconf 87' lang='lat' dir='ltr'><strong>dant.</strong></span> <span class='ocrx_word' id='word_1_229' title='bbox 2391 1676 2495 1731; x_wconf 92' lang='lat' dir='ltr'><strong>Sed</strong></span> <span class='ocrx_word' id='word_1_230' title='bbox 2531 1685 2584 1728; x_wconf 90' lang='lat' dir='ltr'><strong>ct</strong></span> <span class='ocrx_word' id='word_1_231' title='bbox 2607 1673 2933 1738; x_wconf 80' lang='lat' dir='ltr'><strong>Redemptor</strong></span> <span class='ocrx_word' id='word_1_232' title='bbox 2965 1677 3148 1721; x_wconf 91' lang='lat' dir='ltr'><strong>noster</strong></span> <span class='ocrx_word' id='word_1_233' title='bbox 3178 1665 3231 1718; x_wconf 92' lang='lat' dir='ltr'><strong>in</strong></span> <span class='ocrx_word' id='word_1_234' title='bbox 3267 1663 3515 1732; x_wconf 81' lang='lat' dir='ltr'><strong>passione</strong></span> <span class='ocrx_word' id='word_1_235' title='bbox 3553 1677 3650 1714; x_wconf 90' lang='lat' dir='ltr'><strong>sua</strong></span> <span class='ocrx_word' id='word_1_236' title='bbox 3696 1675 3788 1714; x_wconf 87' lang='lat' dir='ltr'><strong>ro-</strong></span> 
     </span>
    </p>
   </div>
   <div class='ocr_carea' id='block_1_33' title="bbox 2202 1757 3784 1843">
    <p class='ocr_par' dir='ltr' id='par_1_33' title="bbox 2202 1757 3784 1843">
     <span class='ocr_line' id='line_1_33' title="bbox 2202 1757 3784 1843; baseline -0.011 -19"><span class='ocrx_word' id='word_1_237' title='bbox 2202 1773 2380 1843; x_wconf 86' lang='lat' dir='ltr'><strong>gabat,</strong></span> <span class='ocrx_word' id='word_1_238' title='bbox 2413 1787 2430 1818; x_wconf 72' lang='grc' dir='ltr'>ι</span> <span class='ocrx_word' id='word_1_239' title='bbox 2465 1767 2641 1828; x_wconf 87' lang='lat' dir='ltr'><strong>Pater,</strong></span> <span class='ocrx_word' id='word_1_240' title='bbox 2669 1764 2712 1818; x_wconf 92' lang='lat' dir='ltr'><strong>si</strong></span> <span class='ocrx_word' id='word_1_241' title='bbox 2735 1759 2989 1831; x_wconf 84' lang='lat' dir='ltr'><strong>possibile</strong></span> <span class='ocrx_word' id='word_1_242' title='bbox 3010 1766 3112 1821; x_wconf 90' lang='lat' dir='ltr'><strong>est,</strong></span> <span class='ocrx_word' id='word_1_243' title='bbox 3139 1757 3345 1819; x_wconf 91' lang='lat' dir='ltr'><strong>dicens,</strong></span> <span class='ocrx_word' id='word_1_244' title='bbox 3370 1763 3608 1807; x_wconf 87' lang='lat' dir='ltr'><strong>transeat</strong></span> <span class='ocrx_word' id='word_1_245' title='bbox 3631 1769 3662 1805; x_wconf 92' lang='lat' dir='ltr'><strong>a</strong></span> <span class='ocrx_word' id='word_1_246' title='bbox 3692 1767 3784 1806; x_wconf 88' lang='lat' dir='ltr'><strong>me</strong></span> 
     </span>
    </p>
   </div>
   <div class='ocr_carea' id='block_1_34' title="bbox 607 1842 3779 1933">
    <p class='ocr_par' dir='ltr' id='par_1_34' title="bbox 607 1842 3779 1933">
     <span class='ocr_line' id='line_1_34' title="bbox 607 1842 3779 1933; baseline -0.013 5"><span class='ocrx_word' id='word_1_247' title='bbox 607 1899 625 1930; x_wconf 76' lang='grc' dir='ltr'>ι</span> <span class='ocrx_word' id='word_1_248' title='bbox 659 1879 739 1933; x_wconf 80' lang='lat' dir='ltr'><strong>Ad</strong></span> <span class='ocrx_word' id='word_1_249' title='bbox 786 1886 1027 1932; x_wconf 76' lang='lat' dir='ltr'><strong>extrema</strong></span> <span class='ocrx_word' id='word_1_250' title='bbox 1073 1871 1336 1927; x_wconf 79' lang='lat' dir='ltr'><strong>montium</strong></span> <span class='ocrx_word' id='word_1_251' title='bbox 1384 1865 1634 1922; x_wconf 72' lang='lat' dir='ltr'><strong>descendi</strong></span> <span class='ocrx_word' id='word_1_252' title='bbox 1678 1881 1692 1916; x_wconf 77' lang='grc' dir='ltr'>ε</span> <span class='ocrx_word' id='word_1_253' title='bbox 1718 1871 1877 1916; x_wconf 69' lang='lat' dir='ltr'><strong>teme</strong></span> <span class='ocrx_word' id='word_1_254' title='bbox 1915 1867 2095 1914; x_wconf 70' lang='lat' dir='ltr'><strong>vectes</strong></span> <span class='ocrx_word' id='word_1_255' title='bbox 2125 1860 2170 1919; x_wconf 90' lang='lat' dir='ltr'><strong>B</strong></span> <span class='ocrx_word' id='word_1_256' title='bbox 2201 1842 2339 1917; x_wconf 83' lang='lat' dir='ltr'><strong>calix</strong></span> <span class='ocrx_word' id='word_1_257' title='bbox 2366 1861 2486 1914; x_wconf 91' lang='lat' dir='ltr'><strong>iste.</strong></span> <span class='ocrx_word' id='word_1_258' title='bbox 2510 1877 2528 1908; x_wconf 74' lang='grc' dir='ltr'><strong><em>ι</em></strong></span> <span class='ocrx_word' id='word_1_259' title='bbox 2555 1857 2620 1910; x_wconf 84' lang='grc' dir='ltr'><strong>Ει</strong></span> <span class='ocrx_word' id='word_1_260' title='bbox 2644 1856 2698 1909; x_wconf 92' lang='lat' dir='ltr'><strong>in</strong></span> <span class='ocrx_word' id='word_1_261' title='bbox 2721 1867 2880 1908; x_wconf 90' lang='lat' dir='ltr'><strong>cruce</strong></span> <span class='ocrx_word' id='word_1_262' title='bbox 2904 1853 3131 1920; x_wconf 89' lang='lat' dir='ltr'><strong>positus,</strong></span> <span class='ocrx_word' id='word_1_263' title='bbox 3161 1864 3179 1897; x_wconf 71' lang='grc' dir='ltr'><strong>ε</strong></span> <span class='ocrx_word' id='word_1_264' title='bbox 3209 1846 3390 1910; x_wconf 87' lang='lat' dir='ltr'><strong>Pater,</strong></span> <span class='ocrx_word' id='word_1_265' title='bbox 3412 1844 3623 1897; x_wconf 89' lang='lat' dir='ltr'><strong>dimitte</strong></span> <span class='ocrx_word' id='word_1_266' title='bbox 3643 1842 3779 1907; x_wconf 87' lang='lat' dir='ltr'><strong>illis,</strong></span> 
     </span>
    </p>
   </div>
   <div class='ocr_carea' id='block_1_35' title="bbox 530 1949 2099 2027">
    <p class='ocr_par' dir='ltr' id='par_1_35' title="bbox 530 1949 2099 2027">
     <span class='ocr_line' id='line_1_35' title="bbox 530 1949 2099 2027; baseline -0.017 -1"><span class='ocrx_word' id='word_1_267' title='bbox 530 1970 911 2027; x_wconf 89' lang='lat' dir='ltr'><strong>concluserunt</strong></span> <span class='ocrx_word' id='word_1_268' title='bbox 953 1980 1040 2018; x_wconf 91' lang='lat' dir='ltr'><strong>me</strong></span> <span class='ocrx_word' id='word_1_269' title='bbox 1081 1964 1134 2016; x_wconf 91' lang='lat' dir='ltr'><strong>in</strong></span> <span class='ocrx_word' id='word_1_270' title='bbox 1175 1969 1456 2015; x_wconf 70' lang='lat' dir='ltr'><strong>mternum.</strong></span> <span class='ocrx_word' id='word_1_271' title='bbox 1488 1976 1506 2006; x_wconf 71' lang='grc' dir='ltr'><strong><em>ι</em></strong></span> <span class='ocrx_word' id='word_1_272' title='bbox 1535 1954 1784 2007; x_wconf 84' lang='lat' dir='ltr'><strong>Extrema</strong></span> <span class='ocrx_word' id='word_1_273' title='bbox 1817 1949 2099 2013; x_wconf 90' lang='lat' dir='ltr'><strong>montium,</strong></span> 
     </span>
    </p>
   </div>
   <div class='ocr_carea' id='block_1_36' title="bbox 525 2039 2104 2130">
    <p class='ocr_par' dir='ltr' id='par_1_36' title="bbox 525 2039 2104 2130">
     <span class='ocr_line' id='line_1_36' title="bbox 525 2039 2104 2130; baseline -0.014 -16"><span class='ocrx_word' id='word_1_274' title='bbox 525 2060 680 2130; x_wconf 80' lang='lat' dir='ltr'><strong>juxta</strong></span> <span class='ocrx_word' id='word_1_275' title='bbox 725 2057 1002 2114; x_wconf 88' lang='lat' dir='ltr'><strong>litteram,</strong></span> <span class='ocrx_word' id='word_1_276' title='bbox 1056 2047 1318 2119; x_wconf 89' lang='lat' dir='ltr'><strong>profunda</strong></span> <span class='ocrx_word' id='word_1_277' title='bbox 1369 2054 1634 2098; x_wconf 88' lang='lat' dir='ltr'><strong>terrarum</strong></span> <span class='ocrx_word' id='word_1_278' title='bbox 1683 2041 1850 2104; x_wconf 93' lang='lat' dir='ltr'><strong>dicit,</strong></span> <span class='ocrx_word' id='word_1_279' title='bbox 1910 2039 2104 2107; x_wconf 90' lang='lat' dir='ltr'><strong>quibus</strong></span> 
     </span>
    </p>
   </div>
   <div class='ocr_carea' id='block_1_37' title="bbox 531 2132 2103 2219">
    <p class='ocr_par' dir='ltr' id='par_1_37' title="bbox 531 2132 2103 2219">
     <span class='ocr_line' id='line_1_37' title="bbox 531 2132 2103 2219; baseline -0.014 -16"><span class='ocrx_word' id='word_1_280' title='bbox 531 2149 688 2219; x_wconf 88' lang='lat' dir='ltr'><strong>quasi</strong></span> <span class='ocrx_word' id='word_1_281' title='bbox 724 2146 970 2200; x_wconf 82' lang='lat' dir='ltr'><strong>vectibus</strong></span> <span class='ocrx_word' id='word_1_282' title='bbox 1019 2149 1177 2195; x_wconf 69' lang='lat' dir='ltr'><strong>terra:</strong></span> <span class='ocrx_word' id='word_1_283' title='bbox 1220 2137 1404 2208; x_wconf 84' lang='lat' dir='ltr'><strong>globus</strong></span> <span class='ocrx_word' id='word_1_284' title='bbox 1442 2135 1536 2189; x_wconf 89' lang='lat' dir='ltr'><strong>Dei</strong></span> <span class='ocrx_word' id='word_1_285' title='bbox 1581 2132 1852 2186; x_wconf 89' lang='lat' dir='ltr'><strong>voluntate</strong></span> <span class='ocrx_word' id='word_1_286' title='bbox 1894 2138 2103 2184; x_wconf 89' lang='lat' dir='ltr'><strong>susten-</strong></span> 
     </span>
    </p>
   </div>
   <div class='ocr_carea' id='block_1_38' title="bbox 533 2219 2104 2301">
    <p class='ocr_par' dir='ltr' id='par_1_38' title="bbox 533 2219 2104 2301">
     <span class='ocr_line' id='line_1_38' title="bbox 533 2219 2104 2301; baseline -0.015 -6"><span class='ocrx_word' id='word_1_287' title='bbox 533 2249 700 2301; x_wconf 88' lang='lat' dir='ltr'><strong>tatur,</strong></span> <span class='ocrx_word' id='word_1_288' title='bbox 728 2237 868 2290; x_wconf 85' lang='lat' dir='ltr'><strong>sicut</strong></span> <span class='ocrx_word' id='word_1_289' title='bbox 898 2235 951 2287; x_wconf 93' lang='lat' dir='ltr'><strong>in</strong></span> <span class='ocrx_word' id='word_1_290' title='bbox 984 2230 1189 2301; x_wconf 90' lang='lat' dir='ltr'><strong>psalmo</strong></span> <span class='ocrx_word' id='word_1_291' title='bbox 1215 2227 1408 2282; x_wconf 86' lang='lat' dir='ltr'><strong>dicitur</strong></span> <span class='ocrx_word' id='word_1_292' title='bbox 1443 2242 1455 2277; x_wconf 92' lang='lat'>:</span> <span class='ocrx_word' id='word_1_293' title='bbox 1495 2243 1512 2274; x_wconf 86' lang='grc'><strong><em>‹</em></strong></span> <span class='ocrx_word' id='word_1_294' title='bbox 1549 2223 1658 2290; x_wconf 86' lang='lat' dir='ltr'><strong>Ego</strong></span> <span class='ocrx_word' id='word_1_295' title='bbox 1680 2219 1995 2276; x_wconf 85' lang='lat' dir='ltr'><strong>confirmavi</strong></span> <span class='ocrx_word' id='word_1_296' title='bbox 2016 2234 2104 2274; x_wconf 92' lang='lat' dir='ltr'><strong>co-</strong></span> 
     </span>
    </p>
   </div>
   <div class='ocr_carea' id='block_1_39' title="bbox 533 2313 2106 2396">
    <p class='ocr_par' dir='ltr' id='par_1_39' title="bbox 533 2313 2106 2396">
     <span class='ocr_line' id='line_1_39' title="bbox 533 2313 2106 2396; baseline -0.015 -9"><span class='ocrx_word' id='word_1_297' title='bbox 533 2333 746 2387; x_wconf 89' lang='lat' dir='ltr'><strong>lumnas</strong></span> <span class='ocrx_word' id='word_1_298' title='bbox 792 2327 926 2396; x_wconf 88' lang='lat' dir='ltr'><strong>ejus.</strong></span> <span class='ocrx_word' id='word_1_299' title='bbox 978 2344 996 2376; x_wconf 74' lang='grc'><strong>)</strong></span> <span class='ocrx_word' id='word_1_300' title='bbox 1040 2321 1260 2392; x_wconf 86' lang='lat' dir='ltr'><strong>Mystice</strong></span> <span class='ocrx_word' id='word_1_301' title='bbox 1296 2337 1308 2372; x_wconf 91' lang='lat'>:</span> <span class='ocrx_word' id='word_1_302' title='bbox 1350 2325 1510 2386; x_wconf 91' lang='lat' dir='ltr'><strong>caput</strong></span> <span class='ocrx_word' id='word_1_303' title='bbox 1553 2313 1765 2368; x_wconf 91' lang='lat' dir='ltr'><strong>Domini</strong></span> <span class='ocrx_word' id='word_1_304' title='bbox 1808 2313 1984 2366; x_wconf 90' lang='lat' dir='ltr'><strong>anima</strong></span> <span class='ocrx_word' id='word_1_305' title='bbox 2023 2318 2106 2365; x_wconf 88' lang='lat' dir='ltr'><strong>est</strong></span> 
     </span>
    </p>
   </div>
   <div class='ocr_carea' id='block_1_40' title="bbox 533 2402 2104 2493">
    <p class='ocr_par' dir='ltr' id='par_1_40' title="bbox 533 2402 2104 2493">
     <span class='ocr_line' id='line_1_40' title="bbox 533 2402 2104 2493; baseline -0.011 -20"><span class='ocrx_word' id='word_1_306' title='bbox 533 2438 652 2493; x_wconf 75' lang='lat' dir='ltr'><strong>quae</strong></span> <span class='ocrx_word' id='word_1_307' title='bbox 690 2420 1022 2490; x_wconf 89' lang='lat' dir='ltr'><strong>principatur</strong></span> <span class='ocrx_word' id='word_1_308' title='bbox 1061 2411 1296 2482; x_wconf 90' lang='lat' dir='ltr'><strong>corpori.</strong></span> <span class='ocrx_word' id='word_1_309' title='bbox 1345 2407 1516 2477; x_wconf 89' lang='lat' dir='ltr'><strong>Caput</strong></span> <span class='ocrx_word' id='word_1_310' title='bbox 1559 2420 1690 2475; x_wconf 86' lang='lat' dir='ltr'><strong>ergo</strong></span> <span class='ocrx_word' id='word_1_311' title='bbox 1732 2404 1847 2473; x_wconf 86' lang='lat' dir='ltr'><strong>ejus</strong></span> <span class='ocrx_word' id='word_1_312' title='bbox 1886 2402 2104 2472; x_wconf 83' lang='lat' dir='ltr'><strong>pelagus</strong></span> 
     </span>
    </p>
   </div>
   <div class='ocr_carea' id='block_1_41' title="bbox 532 2491 2106 2584">
    <p class='ocr_par' dir='ltr' id='par_1_41' title="bbox 532 2491 2106 2584">
     <span class='ocr_line' id='line_1_41' title="bbox 532 2491 2106 2584; baseline -0.016 -14"><span class='ocrx_word' id='word_1_313' title='bbox 532 2491 827 2584; x_wconf 80' lang='lat' dir='ltr'><strong>cooperuit,</strong></span> <span class='ocrx_word' id='word_1_314' title='bbox 867 2505 1079 2577; x_wconf 85' lang='lat' dir='ltr'><strong>quando</strong></span> <span class='ocrx_word' id='word_1_315' title='bbox 1120 2503 1353 2557; x_wconf 90' lang='lat' dir='ltr'><strong>animam</strong></span> <span class='ocrx_word' id='word_1_316' title='bbox 1389 2513 1550 2568; x_wconf 91' lang='lat' dir='ltr'><strong>quam</strong></span> <span class='ocrx_word' id='word_1_317' title='bbox 1583 2511 1680 2566; x_wconf 93' lang='lat' dir='ltr'><strong>pro</strong></span> <span class='ocrx_word' id='word_1_318' title='bbox 1718 2501 1900 2548; x_wconf 89' lang='lat' dir='ltr'><strong>nostra</strong></span> <span class='ocrx_word' id='word_1_319' title='bbox 1935 2491 2106 2546; x_wconf 90' lang='lat' dir='ltr'><strong>salute</strong></span> 
     </span>
    </p>
   </div>
   <div class='ocr_carea' id='block_1_42' title="bbox 531 2583 2104 2672">
    <p class='ocr_par' dir='ltr' id='par_1_42' title="bbox 531 2583 2104 2672">
     <span class='ocr_line' id='line_1_42' title="bbox 531 2583 2104 2672; baseline -0.018 -12"><span class='ocrx_word' id='word_1_320' title='bbox 531 2583 808 2672; x_wconf 86' lang='lat' dir='ltr'><strong>suscepit,</strong></span> <span class='ocrx_word' id='word_1_321' title='bbox 859 2596 1068 2668; x_wconf 88' lang='lat' dir='ltr'><strong>pondus</strong></span> <span class='ocrx_word' id='word_1_322' title='bbox 1121 2588 1481 2646; x_wconf 88' lang='lat' dir='ltr'><strong>tribulationis</strong></span> <span class='ocrx_word' id='word_1_323' title='bbox 1533 2594 1589 2640; x_wconf 91' lang='lat' dir='ltr'><strong>et</strong></span> <span class='ocrx_word' id='word_1_324' title='bbox 1639 2583 1827 2638; x_wconf 91' lang='lat' dir='ltr'><strong>mortis</strong></span> <span class='ocrx_word' id='word_1_325' title='bbox 1871 2595 2104 2650; x_wconf 64' lang='lat' dir='ltr'><strong>praegra-</strong></span> 
     </span>
    </p>
   </div>
   <div class='ocr_carea' id='block_1_43' title="bbox 531 2671 2108 2750">
    <p class='ocr_par' dir='ltr' id='par_1_43' title="bbox 531 2671 2108 2750">
     <span class='ocr_line' id='line_1_43' title="bbox 531 2671 2108 2750; baseline -0.016 0"><span class='ocrx_word' id='word_1_326' title='bbox 531 2671 703 2750; x_wconf 82' lang='lat' dir='ltr'><strong>vavit.</strong></span> <span class='ocrx_word' id='word_1_327' title='bbox 750 2691 1001 2744; x_wconf 84' lang='lat' dir='ltr'><strong>Extrema</strong></span> <span class='ocrx_word' id='word_1_328' title='bbox 1042 2684 1184 2738; x_wconf 89' lang='lat' dir='ltr'><strong>enim</strong></span> <span class='ocrx_word' id='word_1_329' title='bbox 1225 2679 1510 2739; x_wconf 91' lang='lat' dir='ltr'><strong>montium,</strong></span> <span class='ocrx_word' id='word_1_330' title='bbox 1547 2674 1818 2745; x_wconf 86' lang='lat' dir='ltr'><strong>principes</strong></span> <span class='ocrx_word' id='word_1_331' title='bbox 1852 2671 1985 2726; x_wconf 90' lang='lat' dir='ltr'><strong>dicit</strong></span> <span class='ocrx_word' id='word_1_332' title='bbox 2025 2671 2108 2726; x_wconf 84' lang='lat' dir='ltr'><strong>in-</strong></span> 
     </span>
    </p>
   </div>
   <div class='ocr_carea' id='block_1_44' title="bbox 531 2760 2104 2850">
    <p class='ocr_par' dir='ltr' id='par_1_44' title="bbox 531 2760 2104 2850">
     <span class='ocr_line' id='line_1_44' title="bbox 531 2760 2104 2850; baseline -0.021 -7"><span class='ocrx_word' id='word_1_333' title='bbox 531 2789 770 2845; x_wconf 89' lang='lat' dir='ltr'><strong>ferorum</strong></span> <span class='ocrx_word' id='word_1_334' title='bbox 795 2821 810 2847; x_wconf 93' lang='lat'><strong>,</strong></span> <span class='ocrx_word' id='word_1_335' title='bbox 858 2778 949 2850; x_wconf 85' lang='lat' dir='ltr'><strong>qui</strong></span> <span class='ocrx_word' id='word_1_336' title='bbox 992 2776 1059 2830; x_wconf 88' lang='lat' dir='ltr'><strong>de</strong></span> <span class='ocrx_word' id='word_1_337' title='bbox 1101 2772 1252 2828; x_wconf 72' lang='lat' dir='ltr'><strong>cmlis</strong></span> <span class='ocrx_word' id='word_1_338' title='bbox 1301 2785 1330 2823; x_wconf 91' lang='lat' dir='ltr'><strong>a</strong></span> <span class='ocrx_word' id='word_1_339' title='bbox 1374 2769 1624 2822; x_wconf 88' lang='lat' dir='ltr'><strong>libertate</strong></span> <span class='ocrx_word' id='word_1_340' title='bbox 1665 2760 1887 2833; x_wconf 87' lang='lat' dir='ltr'><strong>projecti</strong></span> <span class='ocrx_word' id='word_1_341' title='bbox 1912 2800 1928 2823; x_wconf 91' lang='lat'><strong>,</strong></span> <span class='ocrx_word' id='word_1_342' title='bbox 1975 2774 2104 2828; x_wconf 90' lang='lat' dir='ltr'><strong>ope-</strong></span> 
     </span>
    </p>
   </div>
   <div class='ocr_carea' id='block_1_45' title="bbox 532 2848 2107 2934">
    <p class='ocr_par' dir='ltr' id='par_1_45' title="bbox 532 2848 2107 2934">
     <span class='ocr_line' id='line_1_45' title="bbox 532 2848 2107 2934; baseline -0.022 -1"><span class='ocrx_word' id='word_1_343' title='bbox 532 2878 812 2934; x_wconf 88' lang='lat' dir='ltr'><strong>riebantur</strong></span> <span class='ocrx_word' id='word_1_344' title='bbox 854 2848 1105 2923; x_wconf 77' lang='lat' dir='ltr'><strong>fluctibus</strong></span> <span class='ocrx_word' id='word_1_345' title='bbox 1146 2858 1566 2930; x_wconf 88' lang='lat' dir='ltr'><strong>suppliciorum,</strong></span> <span class='ocrx_word' id='word_1_346' title='bbox 1612 2862 1668 2906; x_wconf 92' lang='lat' dir='ltr'><strong>et</strong></span> <span class='ocrx_word' id='word_1_347' title='bbox 1706 2851 1901 2919; x_wconf 88' lang='lat' dir='ltr'><strong>abysso</strong></span> <span class='ocrx_word' id='word_1_348' title='bbox 1941 2848 2107 2902; x_wconf 91' lang='lat' dir='ltr'><strong>valla-</strong></span> 
     </span>
    </p>
   </div>
   <div class='ocr_carea' id='block_1_46' title="bbox 533 2935 2106 3028">
    <p class='ocr_par' dir='ltr' id='par_1_46' title="bbox 533 2935 2106 3028">
     <span class='ocr_line' id='line_1_46' title="bbox 533 2935 2106 3028; baseline -0.024 -3"><span class='ocrx_word' id='word_1_349' title='bbox 533 2971 750 3028; x_wconf 88' lang='lat' dir='ltr'><strong>bantur,</strong></span> <span class='ocrx_word' id='word_1_350' title='bbox 793 2963 859 3015; x_wconf 92' lang='lat' dir='ltr'><strong>ad</strong></span> <span class='ocrx_word' id='word_1_351' title='bbox 891 2971 1009 3027; x_wconf 70' lang='lat' dir='ltr'><strong>quae</strong></span> <span class='ocrx_word' id='word_1_352' title='bbox 1046 2955 1162 3008; x_wconf 91' lang='lat' dir='ltr'><strong>loca</strong></span> <span class='ocrx_word' id='word_1_353' title='bbox 1186 2944 1563 3016; x_wconf 78' lang='lat' dir='ltr'><strong>Redemptoris</strong></span> <span class='ocrx_word' id='word_1_354' title='bbox 1595 2941 1772 2994; x_wconf 90' lang='lat' dir='ltr'><strong>anima</strong></span> <span class='ocrx_word' id='word_1_355' title='bbox 1809 2935 2106 3001; x_wconf 89' lang='lat' dir='ltr'><strong>descendit,</strong></span> 
     </span>
    </p>
   </div>
   <div class='ocr_carea' id='block_1_47' title="bbox 534 3029 2104 3115">
    <p class='ocr_par' dir='ltr' id='par_1_47' title="bbox 534 3029 2104 3115">
     <span class='ocr_line' id='line_1_47' title="bbox 534 3029 2104 3115; baseline -0.022 -1"><span class='ocrx_word' id='word_1_356' title='bbox 534 3075 642 3115; x_wconf 91' lang='lat' dir='ltr'><strong>non</strong></span> <span class='ocrx_word' id='word_1_357' title='bbox 683 3064 743 3109; x_wconf 92' lang='lat' dir='ltr'><strong>ut</strong></span> <span class='ocrx_word' id='word_1_358' title='bbox 786 3052 858 3107; x_wconf 88' lang='lat' dir='ltr'><strong>ibi</strong></span> <span class='ocrx_word' id='word_1_359' title='bbox 905 3053 1195 3107; x_wconf 90' lang='lat' dir='ltr'><strong>teneretur,</strong></span> <span class='ocrx_word' id='word_1_360' title='bbox 1250 3040 1346 3096; x_wconf 89' lang='lat' dir='ltr'><strong>sed</strong></span> <span class='ocrx_word' id='word_1_361' title='bbox 1400 3045 1460 3108; x_wconf 81' lang='lat' dir='ltr'><strong>ut</strong></span> <span class='ocrx_word' id='word_1_362' title='bbox 1510 3048 1636 3089; x_wconf 84' lang='lat' dir='ltr'><strong>suos</strong></span> <span class='ocrx_word' id='word_1_363' title='bbox 1685 3031 1805 3086; x_wconf 89' lang='lat' dir='ltr'><strong>inde</strong></span> <span class='ocrx_word' id='word_1_364' title='bbox 1851 3029 2104 3098; x_wconf 89' lang='lat' dir='ltr'><strong>eriperet.</strong></span> 
     </span>
    </p>
   </div>
   <div class='ocr_carea' id='block_1_48' title="bbox 533 3125 2106 3220">
    <p class='ocr_par' dir='ltr' id='par_1_48' title="bbox 533 3125 2106 3220">
     <span class='ocr_line' id='line_1_48' title="bbox 533 3125 2106 3220; baseline -0.023 -13"><span class='ocrx_word' id='word_1_365' title='bbox 533 3150 638 3220; x_wconf 86' lang='lat' dir='ltr'><strong>Ipsi</strong></span> <span class='ocrx_word' id='word_1_366' title='bbox 677 3153 801 3203; x_wconf 84' lang='lat' dir='ltr'><strong>sunt</strong></span> <span class='ocrx_word' id='word_1_367' title='bbox 837 3151 892 3198; x_wconf 88' lang='lat' dir='ltr'><strong>et</strong></span> <span class='ocrx_word' id='word_1_368' title='bbox 924 3148 1104 3194; x_wconf 87' lang='lat' dir='ltr'><strong>vectes</strong></span> <span class='ocrx_word' id='word_1_369' title='bbox 1143 3145 1329 3197; x_wconf 78' lang='lat' dir='ltr'><strong>terrae,</strong></span> <span class='ocrx_word' id='word_1_370' title='bbox 1371 3129 1524 3200; x_wconf 92' lang='lat' dir='ltr'><strong>quasi</strong></span> <span class='ocrx_word' id='word_1_371' title='bbox 1564 3125 1805 3196; x_wconf 79' lang='lat' dir='ltr'><strong>quaedam</strong></span> <span class='ocrx_word' id='word_1_372' title='bbox 1848 3136 1983 3177; x_wconf 76' lang='lat' dir='ltr'><strong>serae</strong></span> <span class='ocrx_word' id='word_1_373' title='bbox 2014 3135 2106 3174; x_wconf 88' lang='lat' dir='ltr'><strong>ex-</strong></span> 
     </span>
    </p>
   </div>
   <div class='ocr_carea' id='block_1_49' title="bbox 2203 1941 3138 2015">
    <p class='ocr_par' dir='ltr' id='par_1_49' title="bbox 2203 1941 3138 2015">
     <span class='ocr_line' id='line_1_49' title="bbox 2203 1941 3138 2015; baseline -0.021 -5"><span class='ocrx_word' id='word_1_374' title='bbox 2203 1969 2309 2009; x_wconf 91' lang='lat' dir='ltr'><strong>non</strong></span> <span class='ocrx_word' id='word_1_375' title='bbox 2336 1953 2480 2007; x_wconf 89' lang='lat' dir='ltr'><strong>enim</strong></span> <span class='ocrx_word' id='word_1_376' title='bbox 2507 1949 2684 2003; x_wconf 89' lang='lat' dir='ltr'><strong>sciunt</strong></span> <span class='ocrx_word' id='word_1_377' title='bbox 2708 1944 2837 2015; x_wconf 89' lang='lat' dir='ltr'><strong>quid</strong></span> <span class='ocrx_word' id='word_1_378' title='bbox 2866 1941 3088 1996; x_wconf 86' lang='lat' dir='ltr'><strong>faciunt.</strong></span> <span class='ocrx_word' id='word_1_379' title='bbox 3119 1958 3138 1990; x_wconf 74' lang='grc' dir='ltr'><strong><em>ι</em></strong></span> 
     </span>
    </p>
   </div>
   <div class='ocr_carea' id='block_1_50' title="bbox 2279 2023 3784 2108">
    <p class='ocr_par' dir='ltr' id='par_1_50' title="bbox 2279 2023 3784 2108">
     <span class='ocr_line' id='line_1_50' title="bbox 2279 2023 3784 2108; baseline -0.014 -14"><span class='ocrx_word' id='word_1_380' title='bbox 2279 2061 2298 2094; x_wconf 86' lang='grc'><strong>‹</strong></span> <span class='ocrx_word' id='word_1_381' title='bbox 2329 2040 2430 2108; x_wconf 95' lang='lat' dir='ltr'><strong>Qui</strong></span> <span class='ocrx_word' id='word_1_382' title='bbox 2463 2037 2773 2094; x_wconf 90' lang='lat' dir='ltr'><strong>custodiunt</strong></span> <span class='ocrx_word' id='word_1_383' title='bbox 2805 2033 3068 2086; x_wconf 86' lang='lat' dir='ltr'><strong>vanitates</strong></span> <span class='ocrx_word' id='word_1_384' title='bbox 3091 2027 3310 2091; x_wconf 90' lang='lat' dir='ltr'><strong>frustra,</strong></span> <span class='ocrx_word' id='word_1_385' title='bbox 3345 2023 3784 2079; x_wconf 86' lang='lat' dir='ltr'><strong>misericordiam</strong></span> 
     </span>
    </p>
   </div>
   <div class='ocr_carea' id='block_1_51' title="bbox 2203 2115 3785 2198">
    <p class='ocr_par' dir='ltr' id='par_1_51' title="bbox 2203 2115 3785 2198">
     <span class='ocr_line' id='line_1_51' title="bbox 2203 2115 3785 2198; baseline -0.016 -7"><span class='ocrx_word' id='word_1_386' title='bbox 2203 2147 2350 2192; x_wconf 91' lang='lat' dir='ltr'><strong>tuam</strong></span> <span class='ocrx_word' id='word_1_387' title='bbox 2386 2130 2775 2198; x_wconf 91' lang='lat' dir='ltr'><strong>derelinquent.</strong></span> <span class='ocrx_word' id='word_1_388' title='bbox 2807 2144 2826 2176; x_wconf 75' lang='grc' dir='ltr'><strong><em>ι</em></strong></span> <span class='ocrx_word' id='word_1_389' title='bbox 2875 2123 3006 2177; x_wconf 83' lang='lat' dir='ltr'><strong>Mira</strong></span> <span class='ocrx_word' id='word_1_390' title='bbox 3045 2121 3320 2190; x_wconf 64' lang='lat' dir='ltr'><strong>prophette</strong></span> <span class='ocrx_word' id='word_1_391' title='bbox 3356 2115 3785 2186; x_wconf 84' lang='lat' dir='ltr'><strong>magnanimitas</strong></span> 
     </span>
    </p>
   </div>
   <div class='ocr_carea' id='block_1_52' title="bbox 2204 2203 3782 2280">
    <p class='ocr_par' dir='ltr' id='par_1_52' title="bbox 2204 2203 3782 2280">
     <span class='ocr_line' id='line_1_52' title="bbox 2204 2203 3782 2280; baseline -0.015 -1"><span class='ocrx_word' id='word_1_392' title='bbox 2204 2226 2256 2280; x_wconf 92' lang='lat' dir='ltr'><strong>in</strong></span> <span class='ocrx_word' id='word_1_393' title='bbox 2297 2231 2486 2277; x_wconf 90' lang='lat' dir='ltr'><strong>ventre</strong></span> <span class='ocrx_word' id='word_1_394' title='bbox 2531 2226 2694 2272; x_wconf 57' lang='lat' dir='ltr'><strong>tanta?</strong></span> <span class='ocrx_word' id='word_1_395' title='bbox 2741 2214 2926 2269; x_wconf 67' lang='lat' dir='ltr'><strong>bestia:</strong></span> <span class='ocrx_word' id='word_1_396' title='bbox 2967 2211 3035 2265; x_wconf 89' lang='lat' dir='ltr'><strong>de</strong></span> <span class='ocrx_word' id='word_1_397' title='bbox 3076 2211 3308 2264; x_wconf 87' lang='lat' dir='ltr'><strong>humana</strong></span> <span class='ocrx_word' id='word_1_398' title='bbox 3355 2206 3645 2273; x_wconf 85' lang='lat' dir='ltr'><strong>fragilitate</strong></span> <span class='ocrx_word' id='word_1_399' title='bbox 3691 2203 3782 2256; x_wconf 85' lang='lat' dir='ltr'><strong>di-</strong></span> 
     </span>
    </p>
   </div>
   <div class='ocr_carea' id='block_1_53' title="bbox 2203 2299 3786 2384">
    <p class='ocr_par' dir='ltr' id='par_1_53' title="bbox 2203 2299 3786 2384">
     <span class='ocr_line' id='line_1_53' title="bbox 2203 2299 3786 2384; baseline -0.015 -15"><span class='ocrx_word' id='word_1_400' title='bbox 2203 2321 2402 2384; x_wconf 88' lang='lat' dir='ltr'><strong>sputat.</strong></span> <span class='ocrx_word' id='word_1_401' title='bbox 2446 2311 2588 2364; x_wconf 92' lang='lat' dir='ltr'><strong>Deus</strong></span> <span class='ocrx_word' id='word_1_402' title='bbox 2625 2307 2820 2376; x_wconf 88' lang='lat' dir='ltr'><strong>quippe</strong></span> <span class='ocrx_word' id='word_1_403' title='bbox 2852 2312 3045 2358; x_wconf 89' lang='lat' dir='ltr'><strong>natura</strong></span> <span class='ocrx_word' id='word_1_404' title='bbox 3078 2299 3408 2362; x_wconf 89' lang='lat' dir='ltr'><strong>misericors,</strong></span> <span class='ocrx_word' id='word_1_405' title='bbox 3449 2304 3666 2364; x_wconf 88' lang='lat' dir='ltr'><strong>paratus</strong></span> <span class='ocrx_word' id='word_1_406' title='bbox 3694 2302 3786 2347; x_wconf 88' lang='lat' dir='ltr'><strong>est</strong></span> 
     </span>
    </p>
   </div>
   <div class='ocr_carea' id='block_1_54' title="bbox 2205 2383 3786 2460">
    <p class='ocr_par' dir='ltr' id='par_1_54' title="bbox 2205 2383 3786 2460">
     <span class='ocr_line' id='line_1_54' title="bbox 2205 2383 3786 2460; baseline -0.016 -1"><span class='ocrx_word' id='word_1_407' title='bbox 2205 2383 2449 2460; x_wconf 78' lang='lat' dir='ltr'><strong>misereri</strong></span> <span class='ocrx_word' id='word_1_408' title='bbox 2485 2398 2754 2455; x_wconf 89' lang='lat' dir='ltr'><strong>omnibus.</strong></span> <span class='ocrx_word' id='word_1_409' title='bbox 2802 2395 2909 2448; x_wconf 85' lang='lat' dir='ltr'><strong>Nos</strong></span> <span class='ocrx_word' id='word_1_410' title='bbox 2940 2399 3119 2446; x_wconf 89' lang='lat' dir='ltr'><strong>autem</strong></span> <span class='ocrx_word' id='word_1_411' title='bbox 3159 2397 3344 2442; x_wconf 89' lang='lat' dir='ltr'><strong>nostro</strong></span> <span class='ocrx_word' id='word_1_412' title='bbox 3372 2386 3505 2439; x_wconf 88' lang='lat' dir='ltr'><strong>vitio</strong></span> <span class='ocrx_word' id='word_1_413' title='bbox 3538 2383 3678 2438; x_wconf 91' lang='lat' dir='ltr'><strong>ultro</strong></span> <span class='ocrx_word' id='word_1_414' title='bbox 3723 2398 3786 2437; x_wconf 89' lang='lat' dir='ltr'><strong>se</strong></span> 
     </span>
    </p>
   </div>
   <div class='ocr_carea' id='block_1_55' title="bbox 2204 2475 3785 2558">
    <p class='ocr_par' dir='ltr' id='par_1_55' title="bbox 2204 2475 3785 2558">
     <span class='ocr_line' id='line_1_55' title="bbox 2204 2475 3785 2558; baseline -0.013 -9"><span class='ocrx_word' id='word_1_415' title='bbox 2204 2494 2516 2550; x_wconf 74' lang='lat' dir='ltr'><strong>offerentem</strong></span> <span class='ocrx_word' id='word_1_416' title='bbox 2558 2488 2833 2558; x_wconf 88' lang='lat' dir='ltr'><strong>perdimus</strong></span> <span class='ocrx_word' id='word_1_417' title='bbox 2875 2479 3234 2536; x_wconf 89' lang='lat' dir='ltr'><strong>clementiam.</strong></span> <span class='ocrx_word' id='word_1_418' title='bbox 3287 2478 3356 2534; x_wconf 85' lang='lat' dir='ltr'><strong>Et</strong></span> <span class='ocrx_word' id='word_1_419' title='bbox 3392 2475 3785 2530; x_wconf 77' lang='lat' dir='ltr'><strong>attendendum</strong></span> 
     </span>
    </p>
   </div>
   <div class='ocr_carea' id='block_1_56' title="bbox 2204 2565 3788 2655">
    <p class='ocr_par' dir='ltr' id='par_1_56' title="bbox 2204 2565 3788 2655">
     <span class='ocr_line' id='line_1_56' title="bbox 2204 2565 3788 2655; baseline -0.013 -15"><span class='ocrx_word' id='word_1_420' title='bbox 2204 2586 2346 2655; x_wconf 91' lang='lat' dir='ltr'><strong>quod</strong></span> <span class='ocrx_word' id='word_1_421' title='bbox 2391 2598 2498 2636; x_wconf 89' lang='lat' dir='ltr'><strong>non</strong></span> <span class='ocrx_word' id='word_1_422' title='bbox 2537 2581 2694 2642; x_wconf 80' lang='lat' dir='ltr'><strong>dixit,</strong></span> <span class='ocrx_word' id='word_1_423' title='bbox 2731 2576 2825 2646; x_wconf 90' lang='lat' dir='ltr'><strong>qui</strong></span> <span class='ocrx_word' id='word_1_424' title='bbox 2866 2573 3073 2628; x_wconf 86' lang='lat' dir='ltr'><strong>faciunt</strong></span> <span class='ocrx_word' id='word_1_425' title='bbox 3111 2569 3397 2633; x_wconf 89' lang='lat' dir='ltr'><strong>vanitates,</strong></span> <span class='ocrx_word' id='word_1_426' title='bbox 3446 2581 3604 2620; x_wconf 89' lang='lat' dir='ltr'><strong>nemo</strong></span> <span class='ocrx_word' id='word_1_427' title='bbox 3630 2565 3788 2619; x_wconf 73' lang='lat' dir='ltr'><strong>enim</strong></span> 
     </span>
    </p>
   </div>
   <div class='ocr_carea' id='block_1_57' title="bbox 2204 2664 3786 2742">
    <p class='ocr_par' dir='ltr' id='par_1_57' title="bbox 2204 2664 3786 2742">
     <span class='ocr_line' id='line_1_57' title="bbox 2204 2664 3786 2742; baseline -0.014 -11"><span class='ocrx_word' id='word_1_428' title='bbox 2204 2686 2290 2732; x_wconf 90' lang='lat' dir='ltr'><strong>est</strong></span> <span class='ocrx_word' id='word_1_429' title='bbox 2328 2675 2418 2742; x_wconf 90' lang='lat' dir='ltr'><strong>qui</strong></span> <span class='ocrx_word' id='word_1_430' title='bbox 2465 2688 2571 2726; x_wconf 92' lang='lat' dir='ltr'><strong>non</strong></span> <span class='ocrx_word' id='word_1_431' title='bbox 2613 2669 2781 2723; x_wconf 87' lang='lat' dir='ltr'><strong>faciat</strong></span> <span class='ocrx_word' id='word_1_432' title='bbox 2814 2681 2984 2730; x_wconf 90' lang='lat' dir='ltr'><strong>vana,</strong></span> <span class='ocrx_word' id='word_1_433' title='bbox 3029 2664 3093 2736; x_wconf 28' lang='lat' dir='ltr'><strong>id.</strong></span> <span class='ocrx_word' id='word_1_434' title='bbox 3125 2671 3209 2716; x_wconf 88' lang='lat' dir='ltr'><strong>est</strong></span> <span class='ocrx_word' id='word_1_435' title='bbox 3242 2677 3348 2714; x_wconf 87' lang='lat' dir='ltr'><strong>non</strong></span> <span class='ocrx_word' id='word_1_436' title='bbox 3391 2668 3603 2729; x_wconf 89' lang='lat' dir='ltr'><strong>peccet,</strong></span> <span class='ocrx_word' id='word_1_437' title='bbox 3639 2673 3786 2726; x_wconf 89' lang='lat' dir='ltr'><strong>quo-</strong></span> 
     </span>
    </p>
   </div>
   <div class='ocr_carea' id='block_1_58' title="bbox 2206 2749 3788 2820">
    <p class='ocr_par' dir='ltr' id='par_1_58' title="bbox 2206 2749 3788 2820">
     <span class='ocr_line' id='line_1_58' title="bbox 2206 2749 3788 2820; baseline -0.011 0"><span class='ocrx_word' id='word_1_438' title='bbox 2206 2768 2352 2820; x_wconf 91' lang='lat' dir='ltr'><strong>niam</strong></span> <span class='ocrx_word' id='word_1_439' title='bbox 2411 2764 2665 2818; x_wconf 87' lang='lat' dir='ltr'><strong>universa</strong></span> <span class='ocrx_word' id='word_1_440' title='bbox 2711 2758 2922 2812; x_wconf 87' lang='lat' dir='ltr'><strong>vanitas</strong></span> <span class='ocrx_word' id='word_1_441' title='bbox 2975 2755 3150 2809; x_wconf 92' lang='lat' dir='ltr'><strong>omnis</strong></span> <span class='ocrx_word' id='word_1_442' title='bbox 3205 2753 3368 2807; x_wconf 89' lang='lat' dir='ltr'><strong>homo</strong></span> <span class='ocrx_word' id='word_1_443' title='bbox 3406 2751 3630 2804; x_wconf 87' lang='lat' dir='ltr'><strong>vivens:</strong></span> <span class='ocrx_word' id='word_1_444' title='bbox 3680 2749 3788 2803; x_wconf 83' lang='lat' dir='ltr'><strong>sed</strong></span> 
     </span>
    </p>
   </div>
   <div class='ocr_carea' id='block_1_59' title="bbox 2207 2841 3789 2915">
    <p class='ocr_par' dir='ltr' id='par_1_59' title="bbox 2207 2841 3789 2915">
     <span class='ocr_line' id='line_1_59' title="bbox 2207 2841 3789 2915; baseline -0.013 -1"><span class='ocrx_word' id='word_1_445' title='bbox 2207 2860 2336 2915; x_wconf 92' lang='lat' dir='ltr'><strong>dicit</strong></span> <span class='ocrx_word' id='word_1_446' title='bbox 2383 2875 2401 2907; x_wconf 77' lang='grc' dir='ltr'>ι</span> <span class='ocrx_word' id='word_1_447' title='bbox 2434 2854 2760 2915; x_wconf 91' lang='lat' dir='ltr'><strong>custodiunt,</strong></span> <span class='ocrx_word' id='word_1_448' title='bbox 2794 2869 2813 2901; x_wconf 71' lang='grc' dir='ltr'><strong>ι</strong></span> <span class='ocrx_word' id='word_1_449' title='bbox 2857 2850 2909 2903; x_wconf 92' lang='lat' dir='ltr'><strong>id</strong></span> <span class='ocrx_word' id='word_1_450' title='bbox 2943 2857 3026 2902; x_wconf 92' lang='lat' dir='ltr'><strong>est</strong></span> <span class='ocrx_word' id='word_1_451' title='bbox 3057 2846 3304 2914; x_wconf 89' lang='lat' dir='ltr'><strong>diligunt,</strong></span> <span class='ocrx_word' id='word_1_452' title='bbox 3342 2853 3397 2898; x_wconf 91' lang='lat' dir='ltr'><strong>et</strong></span> <span class='ocrx_word' id='word_1_453' title='bbox 3434 2845 3486 2896; x_wconf 94' lang='lat' dir='ltr'><strong>in</strong></span> <span class='ocrx_word' id='word_1_454' title='bbox 3526 2841 3789 2895; x_wconf 72' lang='lat' dir='ltr'><strong>aﬂectum</strong></span> 
     </span>
    </p>
   </div>
   <div class='ocr_carea' id='block_1_60' title="bbox 2207 2934 3788 3005">
    <p class='ocr_par' dir='ltr' id='par_1_60' title="bbox 2207 2934 3788 3005">
     <span class='ocr_line' id='line_1_60' title="bbox 2207 2934 3788 3005; baseline -0.013 0"><span class='ocrx_word' id='word_1_455' title='bbox 2207 2950 2386 3005; x_wconf 91' lang='lat' dir='ltr'><strong>cordis</strong></span> <span class='ocrx_word' id='word_1_456' title='bbox 2418 2947 2498 3001; x_wconf 91' lang='lat' dir='ltr'><strong>sui</strong></span> <span class='ocrx_word' id='word_1_457' title='bbox 2536 2950 2839 3000; x_wconf 88' lang='lat' dir='ltr'><strong>transeunt.</strong></span> <span class='ocrx_word' id='word_1_458' title='bbox 2880 2939 2945 2993; x_wconf 89' lang='lat' dir='ltr'><strong>Hi</strong></span> <span class='ocrx_word' id='word_1_459' title='bbox 2976 2939 3109 2993; x_wconf 90' lang='lat' dir='ltr'><strong>tales</strong></span> <span class='ocrx_word' id='word_1_460' title='bbox 3142 2934 3564 2990; x_wconf 87' lang='lat' dir='ltr'><strong>misericordiam</strong></span> <span class='ocrx_word' id='word_1_461' title='bbox 3599 2948 3788 2998; x_wconf 84' lang='lat' dir='ltr'><strong>suam,</strong></span> 
     </span>
    </p>
   </div>
   <div class='ocr_carea' id='block_1_61' title="bbox 2206 3021 3791 3098">
    <p class='ocr_par' dir='ltr' id='par_1_61' title="bbox 2206 3021 3791 3098">
     <span class='ocr_line' id='line_1_61' title="bbox 2206 3021 3791 3098; baseline -0.012 -4"><span class='ocrx_word' id='word_1_462' title='bbox 2206 3039 2261 3094; x_wconf 91' lang='lat' dir='ltr'><strong>id</strong></span> <span class='ocrx_word' id='word_1_463' title='bbox 2301 3048 2384 3092; x_wconf 89' lang='lat' dir='ltr'><strong>est</strong></span> <span class='ocrx_word' id='word_1_464' title='bbox 2422 3037 2612 3098; x_wconf 91' lang='lat' dir='ltr'><strong>Deum,</strong></span> <span class='ocrx_word' id='word_1_465' title='bbox 2655 3031 3064 3098; x_wconf 90' lang='lat' dir='ltr'><strong>derelinquunt,</strong></span> <span class='ocrx_word' id='word_1_466' title='bbox 3104 3027 3169 3080; x_wconf 89' lang='lat' dir='ltr'><strong>de</strong></span> <span class='ocrx_word' id='word_1_467' title='bbox 3195 3039 3301 3096; x_wconf 91' lang='lat' dir='ltr'><strong>quo</strong></span> <span class='ocrx_word' id='word_1_468' title='bbox 3345 3024 3542 3079; x_wconf 85' lang='lat' dir='ltr'><strong>dicitur</strong></span> <span class='ocrx_word' id='word_1_469' title='bbox 3573 3040 3588 3075; x_wconf 88' lang='lat'>:</span> <span class='ocrx_word' id='word_1_470' title='bbox 3619 3040 3638 3072; x_wconf 72' lang='grc' dir='ltr'>ι</span> <span class='ocrx_word' id='word_1_471' title='bbox 3672 3021 3791 3075; x_wconf 78' lang='lat' dir='ltr'><strong>Mi-</strong></span> 
     </span>
    </p>
   </div>
   <div class='ocr_carea' id='block_1_62' title="bbox 2207 3115 3796 3186">
    <p class='ocr_par' dir='ltr' id='par_1_62' title="bbox 2207 3115 3796 3186">
     <span class='ocr_line' id='line_1_62' title="bbox 2207 3115 3796 3186; baseline -0.011 0"><span class='ocrx_word' id='word_1_472' title='bbox 2207 3139 2417 3186; x_wconf 86' lang='lat' dir='ltr'><strong>serator</strong></span> <span class='ocrx_word' id='word_1_473' title='bbox 2459 3136 2513 3182; x_wconf 92' lang='lat' dir='ltr'><strong>et</strong></span> <span class='ocrx_word' id='word_1_474' title='bbox 2554 3124 2866 3180; x_wconf 88' lang='lat' dir='ltr'><strong>misericors</strong></span> <span class='ocrx_word' id='word_1_475' title='bbox 2904 3119 3194 3183; x_wconf 87' lang='lat' dir='ltr'><strong>Dominus;</strong></span> <span class='ocrx_word' id='word_1_476' title='bbox 3230 3137 3250 3170; x_wconf 83' lang='grc'><strong>›</strong></span> <span class='ocrx_word' id='word_1_477' title='bbox 3297 3125 3352 3170; x_wconf 90' lang='lat' dir='ltr'><strong>et</strong></span> <span class='ocrx_word' id='word_1_478' title='bbox 3391 3115 3554 3170; x_wconf 90' lang='lat' dir='ltr'><strong>alibi:</strong></span> <span class='ocrx_word' id='word_1_479' title='bbox 3587 3133 3606 3164; x_wconf 76' lang='grc' dir='ltr'>σ</span> <span class='ocrx_word' id='word_1_480' title='bbox 3637 3115 3796 3169; x_wconf 85' lang='lat' dir='ltr'><strong>Deus</strong></span> 
     </span>
    </p>
   </div>
   <div class='ocr_carea' id='block_1_63' title="bbox 535 3206 2110 3297">
    <p class='ocr_par' dir='ltr' id='par_1_63' title="bbox 535 3206 2104 3297">
     <span class='ocr_line' id='line_1_63' title="bbox 535 3206 2104 3297; baseline -0.019 -2"><span class='ocrx_word' id='word_1_481' title='bbox 535 3206 691 3294; x_wconf 69' lang='lat' dir='ltr'><strong>tremi</strong></span> <span class='ocrx_word' id='word_1_482' title='bbox 733 3231 970 3290; x_wconf 87' lang='lat' dir='ltr'><strong>carceris</strong></span> <span class='ocrx_word' id='word_1_483' title='bbox 1012 3237 1067 3284; x_wconf 92' lang='lat' dir='ltr'><strong>et</strong></span> <span class='ocrx_word' id='word_1_484' title='bbox 1100 3237 1404 3297; x_wconf 64' lang='lat' dir='ltr'><strong>poenarum,</strong></span> <span class='ocrx_word' id='word_1_485' title='bbox 1447 3218 1687 3274; x_wconf 89' lang='lat' dir='ltr'><strong>volentes</strong></span> <span class='ocrx_word' id='word_1_486' title='bbox 1731 3228 1943 3284; x_wconf 87' lang='lat' dir='ltr'><strong>semper</strong></span> <span class='ocrx_word' id='word_1_487' title='bbox 1978 3213 2104 3266; x_wconf 82' lang='lat' dir='ltr'><strong>reti-</strong></span> 
     </span>
    </p>
   </div>
   <div class='ocr_carea' id='block_1_64' title="bbox 2210 3206 3794 3297">
    <p class='ocr_par' dir='ltr' id='par_1_64' title="bbox 2210 3206 3794 3284">
     <span class='ocr_line' id='line_1_64' title="bbox 2210 3206 3794 3284; baseline -0.009 -8"><span class='ocrx_word' id='word_1_488' title='bbox 2210 3236 2383 3284; x_wconf 92' lang='lat' dir='ltr'><strong>meus,</strong></span> <span class='ocrx_word' id='word_1_489' title='bbox 2413 3215 2784 3273; x_wconf 87' lang='lat' dir='ltr'><strong>misericordia</strong></span> <span class='ocrx_word' id='word_1_490' title='bbox 2827 3227 2967 3267; x_wconf 91' lang='lat' dir='ltr'><strong>mea.</strong></span> <span class='ocrx_word' id='word_1_491' title='bbox 3002 3231 3022 3264; x_wconf 73' lang='grc' dir='ltr'><strong><em>ι</em></strong></span> <span class='ocrx_word' id='word_1_492' title='bbox 3070 3209 3179 3265; x_wconf 85' lang='lat' dir='ltr'><strong>Nec</strong></span> <span class='ocrx_word' id='word_1_493' title='bbox 3217 3209 3369 3273; x_wconf 90' lang='lat' dir='ltr'><strong>dicit,</strong></span> <span class='ocrx_word' id='word_1_494' title='bbox 3398 3206 3794 3275; x_wconf 72' lang='lat' dir='ltr'><strong>misericordia</strong></span> 
     </span>
    </p>
   </div>
   <div class='ocr_carea' id='block_1_65' title="bbox 535 3303 2108 3386">
    <p class='ocr_par' dir='ltr' id='par_1_65' title="bbox 535 3303 2108 3386">
     <span class='ocr_line' id='line_1_65' title="bbox 535 3303 2108 3386; baseline -0.016 -5"><span class='ocrx_word' id='word_1_495' title='bbox 535 3341 668 3383; x_wconf 89' lang='lat' dir='ltr'><strong>nere</strong></span> <span class='ocrx_word' id='word_1_496' title='bbox 701 3323 910 3377; x_wconf 88' lang='lat' dir='ltr'><strong>animas</strong></span> <span class='ocrx_word' id='word_1_497' title='bbox 957 3333 1091 3386; x_wconf 89' lang='lat' dir='ltr'><strong>quas</strong></span> <span class='ocrx_word' id='word_1_498' title='bbox 1127 3312 1293 3370; x_wconf 89' lang='lat' dir='ltr'><strong>semel</strong></span> <span class='ocrx_word' id='word_1_499' title='bbox 1333 3309 1686 3378; x_wconf 84' lang='lat' dir='ltr'><strong>accepissent.</strong></span> <span class='ocrx_word' id='word_1_500' title='bbox 1735 3304 1830 3358; x_wconf 82' lang='lat' dir='ltr'><strong>His</strong></span> <span class='ocrx_word' id='word_1_501' title='bbox 1864 3303 2108 3358; x_wconf 91' lang='lat' dir='ltr'><strong>vectibus</strong></span> 
     </span>
    </p>
   </div>
   <div class='ocr_carea' id='block_1_66' title="bbox 536 3397 2113 3473">
    <p class='ocr_par' dir='ltr' id='par_1_66' title="bbox 536 3397 2113 3473">
     <span class='ocr_line' id='line_1_66' title="bbox 536 3397 2113 3473; baseline -0.015 -1"><span class='ocrx_word' id='word_1_502' title='bbox 536 3416 821 3473; x_wconf 89' lang='lat' dir='ltr'><strong>conclusus</strong></span> <span class='ocrx_word' id='word_1_503' title='bbox 858 3422 943 3467; x_wconf 87' lang='lat' dir='ltr'><strong>est</strong></span> <span class='ocrx_word' id='word_1_504' title='bbox 980 3409 1275 3468; x_wconf 85' lang='lat' dir='ltr'><strong>Dominus;</strong></span> <span class='ocrx_word' id='word_1_505' title='bbox 1318 3404 1433 3466; x_wconf 87' lang='lat' dir='ltr'><strong>sed,</strong></span> <span class='ocrx_word' id='word_1_506' title='bbox 1463 3403 1603 3457; x_wconf 85' lang='lat' dir='ltr'><strong>sicut</strong></span> <span class='ocrx_word' id='word_1_507' title='bbox 1640 3415 1738 3469; x_wconf 90' lang='lat' dir='ltr'><strong>per</strong></span> <span class='ocrx_word' id='word_1_508' title='bbox 1761 3397 1953 3452; x_wconf 91' lang='lat' dir='ltr'><strong>Isaiam</strong></span> <span class='ocrx_word' id='word_1_509' title='bbox 1979 3410 2113 3466; x_wconf 66' lang='lat' dir='ltr'><strong>pra:-</strong></span> 
     </span>
    </p>
   </div>
   <div class='ocr_carea' id='block_1_67' title="bbox 539 3487 2111 3574">
    <p class='ocr_par' dir='ltr' id='par_1_67' title="bbox 539 3487 2111 3574">
     <span class='ocr_line' id='line_1_67' title="bbox 539 3487 2111 3574; baseline -0.015 -10"><span class='ocrx_word' id='word_1_510' title='bbox 539 3497 768 3570; x_wconf 74' lang='lat' dir='ltr'><strong>dt&#39;xerat,</strong></span> <span class='ocrx_word' id='word_1_511' title='bbox 804 3514 856 3560; x_wconf 89' lang='lat' dir='ltr'><strong>et</strong></span> <span class='ocrx_word' id='word_1_512' title='bbox 894 3511 1079 3574; x_wconf 88' lang='lat' dir='ltr'><strong>portas</strong></span> <span class='ocrx_word' id='word_1_513' title='bbox 1113 3512 1281 3553; x_wconf 76' lang='lat' dir='ltr'><strong>aereas</strong></span> <span class='ocrx_word' id='word_1_514' title='bbox 1319 3493 1592 3556; x_wconf 89' lang='lat' dir='ltr'><strong>contrivit,</strong></span> <span class='ocrx_word' id='word_1_515' title='bbox 1622 3500 1677 3545; x_wconf 93' lang='lat' dir='ltr'><strong>et</strong></span> <span class='ocrx_word' id='word_1_516' title='bbox 1703 3499 1883 3544; x_wconf 87' lang='lat' dir='ltr'><strong>vectes</strong></span> <span class='ocrx_word' id='word_1_517' title='bbox 1909 3487 2111 3542; x_wconf 89' lang='lat' dir='ltr'><strong>ferreos</strong></span> 
     </span>
    </p>
   </div>
   <div class='ocr_carea' id='block_1_68' title="bbox 538 3577 2111 3668">
    <p class='ocr_par' dir='ltr' id='par_1_68' title="bbox 538 3577 2111 3668">
     <span class='ocr_line' id='line_1_68' title="bbox 538 3577 2111 3668; baseline -0.017 -11"><span class='ocrx_word' id='word_1_518' title='bbox 538 3600 823 3668; x_wconf 83' lang='lat' dir='ltr'><strong>confregit.</strong></span> <span class='ocrx_word' id='word_1_519' title='bbox 868 3593 1021 3661; x_wconf 83' lang='lat' dir='ltr'><strong>Quod</strong></span> <span class='ocrx_word' id='word_1_520' title='bbox 1064 3599 1242 3644; x_wconf 90' lang='lat' dir='ltr'><strong>autem</strong></span> <span class='ocrx_word' id='word_1_521' title='bbox 1270 3585 1550 3654; x_wconf 89' lang='lat' dir='ltr'><strong>sequitur:</strong></span> <span class='ocrx_word' id='word_1_522' title='bbox 1591 3600 1610 3632; x_wconf 71' lang='grc' dir='ltr'>ι</span> <span class='ocrx_word' id='word_1_523' title='bbox 1635 3588 1689 3635; x_wconf 89' lang='lat' dir='ltr'><strong>et</strong></span> <span class='ocrx_word' id='word_1_524' title='bbox 1713 3578 2019 3634; x_wconf 89' lang='lat' dir='ltr'><strong>sublevabis</strong></span> <span class='ocrx_word' id='word_1_525' title='bbox 2045 3577 2111 3632; x_wconf 91' lang='lat' dir='ltr'><strong>de</strong></span> 
     </span>
    </p>
   </div>
   <div class='ocr_carea' id='block_1_69' title="bbox 539 3670 2110 3759">
    <p class='ocr_par' dir='ltr' id='par_1_69' title="bbox 539 3670 2110 3759">
     <span class='ocr_line' id='line_1_69' title="bbox 539 3670 2110 3759; baseline -0.017 -11"><span class='ocrx_word' id='word_1_526' title='bbox 539 3690 884 3759; x_wconf 84' lang='lat' dir='ltr'><strong>corruptione</strong></span> <span class='ocrx_word' id='word_1_527' title='bbox 907 3686 1070 3740; x_wconf 86' lang='lat' dir='ltr'><strong>vitam</strong></span> <span class='ocrx_word' id='word_1_528' title='bbox 1101 3696 1294 3736; x_wconf 91' lang='lat' dir='ltr'><strong>meam.</strong></span> <span class='ocrx_word' id='word_1_529' title='bbox 1321 3698 1339 3730; x_wconf 84' lang='grc'>›</span> <span class='ocrx_word' id='word_1_530' title='bbox 1385 3675 1466 3731; x_wconf 84' lang='lat' dir='ltr'><strong>Ad</strong></span> <span class='ocrx_word' id='word_1_531' title='bbox 1507 3675 1696 3729; x_wconf 89' lang='lat' dir='ltr'><strong>Jonam</strong></span> <span class='ocrx_word' id='word_1_532' title='bbox 1738 3673 1812 3726; x_wconf 89' lang='lat' dir='ltr'><strong>ita</strong></span> <span class='ocrx_word' id='word_1_533' title='bbox 1855 3670 2110 3734; x_wconf 90' lang='lat' dir='ltr'><strong>refertur,</strong></span> 
     </span>
    </p>
   </div>
   <div class='ocr_carea' id='block_1_70' title="bbox 541 3760 2109 3856">
    <p class='ocr_par' dir='ltr' id='par_1_70' title="bbox 541 3760 2109 3856">
     <span class='ocr_line' id='line_1_70' title="bbox 541 3760 2109 3856; baseline -0.017 -16"><span class='ocrx_word' id='word_1_534' title='bbox 541 3784 633 3856; x_wconf 84' lang='lat' dir='ltr'><strong>qui</strong></span> <span class='ocrx_word' id='word_1_535' title='bbox 681 3797 801 3836; x_wconf 90' lang='lat' dir='ltr'><strong>cum</strong></span> <span class='ocrx_word' id='word_1_536' title='bbox 840 3775 1083 3833; x_wconf 87' lang='lat' dir='ltr'><strong>debuerit</strong></span> <span class='ocrx_word' id='word_1_537' title='bbox 1130 3774 1182 3826; x_wconf 91' lang='lat' dir='ltr'><strong>in</strong></span> <span class='ocrx_word' id='word_1_538' title='bbox 1222 3777 1410 3824; x_wconf 92' lang='lat' dir='ltr'><strong>ventre</strong></span> <span class='ocrx_word' id='word_1_539' title='bbox 1458 3766 1563 3821; x_wconf 93' lang='lat' dir='ltr'><strong>ceti</strong></span> <span class='ocrx_word' id='word_1_540' title='bbox 1609 3763 1881 3831; x_wconf 87' lang='lat' dir='ltr'><strong>corrumpi</strong></span> <span class='ocrx_word' id='word_1_541' title='bbox 1928 3771 1983 3816; x_wconf 91' lang='lat' dir='ltr'><strong>et</strong></span> <span class='ocrx_word' id='word_1_542' title='bbox 2027 3760 2109 3815; x_wconf 87' lang='lat' dir='ltr'><strong>di-</strong></span> 
     </span>
    </p>
   </div>
   <div class='ocr_carea' id='block_1_71' title="bbox 541 3852 2112 3948">
    <p class='ocr_par' dir='ltr' id='par_1_71' title="bbox 541 3852 2112 3948">
     <span class='ocr_line' id='line_1_71' title="bbox 541 3852 2112 3948; baseline -0.018 -17"><span class='ocrx_word' id='word_1_543' title='bbox 541 3852 677 3948; x_wconf 68' lang='lat' dir='ltr'><strong>geri,</strong></span> <span class='ocrx_word' id='word_1_544' title='bbox 725 3880 778 3926; x_wconf 91' lang='lat' dir='ltr'><strong>et</strong></span> <span class='ocrx_word' id='word_1_545' title='bbox 816 3884 915 3940; x_wconf 90' lang='lat' dir='ltr'><strong>per</strong></span> <span class='ocrx_word' id='word_1_546' title='bbox 953 3879 1116 3920; x_wconf 88' lang='lat' dir='ltr'><strong>venas</strong></span> <span class='ocrx_word' id='word_1_547' title='bbox 1150 3860 1316 3932; x_wconf 89' lang='lat' dir='ltr'><strong>piscis</strong></span> <span class='ocrx_word' id='word_1_548' title='bbox 1359 3865 1616 3924; x_wconf 89' lang='lat' dir='ltr'><strong>artusque</strong></span> <span class='ocrx_word' id='word_1_549' title='bbox 1655 3852 1900 3916; x_wconf 74' lang='lat' dir='ltr'><strong>diffundi,</strong></span> <span class='ocrx_word' id='word_1_550' title='bbox 1927 3865 2112 3918; x_wconf 89' lang='lat' dir='ltr'><strong>sospes</strong></span> 
     </span>
    </p>
   </div>
   <div class='ocr_carea' id='block_1_72' title="bbox 541 3941 2108 4033">
    <p class='ocr_par' dir='ltr' id='par_1_72' title="bbox 541 3941 2108 4033">
     <span class='ocr_line' id='line_1_72' title="bbox 541 3941 2108 4033; baseline -0.019 -12"><span class='ocrx_word' id='word_1_551' title='bbox 541 3941 598 4021; x_wconf 73' lang='lat' dir='ltr'><strong>et</strong></span> <span class='ocrx_word' id='word_1_552' title='bbox 622 3965 826 4033; x_wconf 83' lang='lat' dir='ltr'><strong>integer</strong></span> <span class='ocrx_word' id='word_1_553' title='bbox 848 3956 1058 4014; x_wconf 83' lang='lat' dir='ltr'><strong>exierit.</strong></span> <span class='ocrx_word' id='word_1_554' title='bbox 1089 3953 1242 4010; x_wconf 89' lang='lat' dir='ltr'><strong>Unde</strong></span> <span class='ocrx_word' id='word_1_555' title='bbox 1279 3959 1333 4004; x_wconf 93' lang='lat' dir='ltr'><strong>et</strong></span> <span class='ocrx_word' id='word_1_556' title='bbox 1370 3943 1694 4002; x_wconf 89' lang='lat' dir='ltr'><strong>blandientis</strong></span> <span class='ocrx_word' id='word_1_557' title='bbox 1721 3941 1912 3997; x_wconf 71' lang='lat' dir='ltr'><strong>affectu</strong></span> <span class='ocrx_word' id='word_1_558' title='bbox 1943 3941 2108 3996; x_wconf 86' lang='lat' dir='ltr'><strong>dicit:</strong></span> 
     </span>
    </p>
   </div>
   <div class='ocr_carea' id='block_1_73' title="bbox 549 4033 2110 4110">
    <p class='ocr_par' dir='ltr' id='par_1_73' title="bbox 549 4033 2110 4110">
     <span class='ocr_line' id='line_1_73' title="bbox 549 4033 2110 4110; baseline -0.016 -2"><span class='ocrx_word' id='word_1_559' title='bbox 549 4077 567 4108; x_wconf 78' lang='grc' dir='ltr'>ι</span> <span class='ocrx_word' id='word_1_560' title='bbox 602 4053 824 4110; x_wconf 91' lang='lat' dir='ltr'><strong>Domine</strong></span> <span class='ocrx_word' id='word_1_561' title='bbox 847 4051 987 4104; x_wconf 89' lang='lat' dir='ltr'><strong>Deus</strong></span> <span class='ocrx_word' id='word_1_562' title='bbox 1019 4060 1186 4106; x_wconf 90' lang='lat' dir='ltr'><strong>meus,</strong></span> <span class='ocrx_word' id='word_1_563' title='bbox 1221 4062 1240 4095; x_wconf 74' lang='grc' dir='ltr'><strong><em>ι</em></strong></span> <span class='ocrx_word' id='word_1_564' title='bbox 1288 4051 1630 4097; x_wconf 90' lang='lat' dir='ltr'><strong>communem</strong></span> <span class='ocrx_word' id='word_1_565' title='bbox 1655 4034 1895 4089; x_wconf 91' lang='lat' dir='ltr'><strong>omnium</strong></span> <span class='ocrx_word' id='word_1_566' title='bbox 1924 4033 2110 4094; x_wconf 88' lang='lat' dir='ltr'><strong>Deum,</strong></span> 
     </span>
    </p>
   </div>
   <div class='ocr_carea' id='block_1_74' title="bbox 543 4123 2117 4211">
    <p class='ocr_par' dir='ltr' id='par_1_74' title="bbox 543 4123 2117 4211">
     <span class='ocr_line' id='line_1_74' title="bbox 543 4123 2117 4211; baseline -0.018 -8"><span class='ocrx_word' id='word_1_567' title='bbox 543 4162 698 4203; x_wconf 88' lang='lat' dir='ltr'><strong>suum</strong></span> <span class='ocrx_word' id='word_1_568' title='bbox 741 4153 795 4198; x_wconf 90' lang='lat' dir='ltr'><strong>et</strong></span> <span class='ocrx_word' id='word_1_569' title='bbox 834 4139 1108 4211; x_wconf 88' lang='lat' dir='ltr'><strong>proprium</strong></span> <span class='ocrx_word' id='word_1_570' title='bbox 1135 4147 1358 4195; x_wconf 84' lang='lat' dir='ltr'><strong>vocans,</strong></span> <span class='ocrx_word' id='word_1_571' title='bbox 1386 4144 1543 4200; x_wconf 85' lang='lat' dir='ltr'><strong>quem</strong></span> <span class='ocrx_word' id='word_1_572' title='bbox 1572 4127 1704 4181; x_wconf 92' lang='lat' dir='ltr'><strong>tanti</strong></span> <span class='ocrx_word' id='word_1_573' title='bbox 1730 4123 1974 4180; x_wconf 85' lang='lat' dir='ltr'><strong>beneficii</strong></span> <span class='ocrx_word' id='word_1_574' title='bbox 2005 4137 2117 4177; x_wconf 87' lang='lat' dir='ltr'><strong>ma-</strong></span> 
     </span>
    </p>
   </div>
   <div class='ocr_carea' id='block_1_75' title="bbox 545 4217 2112 4305">
    <p class='ocr_par' dir='ltr' id='par_1_75' title="bbox 545 4217 2112 4305">
     <span class='ocr_line' id='line_1_75' title="bbox 545 4217 2112 4305; baseline -0.015 -16"><span class='ocrx_word' id='word_1_575' title='bbox 545 4232 820 4305; x_wconf 87' lang='lat' dir='ltr'><strong>gnitudine</strong></span> <span class='ocrx_word' id='word_1_576' title='bbox 859 4225 1168 4296; x_wconf 80' lang='lat' dir='ltr'><strong>specialiter</strong></span> <span class='ocrx_word' id='word_1_577' title='bbox 1209 4221 1378 4275; x_wconf 91' lang='lat' dir='ltr'><strong>Deum</strong></span> <span class='ocrx_word' id='word_1_578' title='bbox 1422 4228 1477 4272; x_wconf 88' lang='lat' dir='ltr'><strong>et</strong></span> <span class='ocrx_word' id='word_1_579' title='bbox 1521 4217 1803 4270; x_wconf 87' lang='lat' dir='ltr'><strong>Dominum</strong></span> <span class='ocrx_word' id='word_1_580' title='bbox 1852 4221 2112 4269; x_wconf 86' lang='lat' dir='ltr'><strong>senserat.</strong></span> 
     </span>
    </p>
   </div>
   <div class='ocr_carea' id='block_1_76' title="bbox 546 4303 2115 4388">
    <p class='ocr_par' dir='ltr' id='par_1_76' title="bbox 546 4303 2115 4388">
     <span class='ocr_line' id='line_1_76' title="bbox 546 4303 2115 4388; baseline -0.015 -10"><span class='ocrx_word' id='word_1_581' title='bbox 546 4303 653 4378; x_wconf 79' lang='lat' dir='ltr'><strong>Sed</strong></span> <span class='ocrx_word' id='word_1_582' title='bbox 680 4329 736 4374; x_wconf 90' lang='lat' dir='ltr'><strong>et</strong></span> <span class='ocrx_word' id='word_1_583' title='bbox 775 4316 996 4388; x_wconf 87' lang='lat' dir='ltr'><strong>mystice</strong></span> <span class='ocrx_word' id='word_1_584' title='bbox 1020 4330 1035 4365; x_wconf 85' lang='lat'>:</span> <span class='ocrx_word' id='word_1_585' title='bbox 1059 4311 1238 4364; x_wconf 91' lang='lat' dir='ltr'><strong>anima</strong></span> <span class='ocrx_word' id='word_1_586' title='bbox 1275 4307 1477 4363; x_wconf 89' lang='lat' dir='ltr'><strong>Christi</strong></span> <span class='ocrx_word' id='word_1_587' title='bbox 1516 4307 1581 4360; x_wconf 89' lang='lat' dir='ltr'><strong>de</strong></span> <span class='ocrx_word' id='word_1_588' title='bbox 1615 4304 1958 4373; x_wconf 89' lang='lat' dir='ltr'><strong>corruptione</strong></span> <span class='ocrx_word' id='word_1_589' title='bbox 1986 4303 2115 4356; x_wconf 90' lang='lat' dir='ltr'><strong>sub-</strong></span> 
     </span>
    </p>
   </div>
   <div class='ocr_carea' id='block_1_77' title="bbox 546 4394 2116 4477">
    <p class='ocr_par' dir='ltr' id='par_1_77' title="bbox 546 4394 2116 4477">
     <span class='ocr_line' id='line_1_77' title="bbox 546 4394 2116 4477; baseline -0.015 -7"><span class='ocrx_word' id='word_1_590' title='bbox 546 4417 777 4476; x_wconf 87' lang='lat' dir='ltr'><strong>levatur,</strong></span> <span class='ocrx_word' id='word_1_591' title='bbox 802 4408 928 4477; x_wconf 88' lang='lat' dir='ltr'><strong>quia</strong></span> <span class='ocrx_word' id='word_1_592' title='bbox 974 4418 1104 4459; x_wconf 90' lang='lat' dir='ltr'><strong>caro</strong></span> <span class='ocrx_word' id='word_1_593' title='bbox 1148 4400 1266 4469; x_wconf 87' lang='lat' dir='ltr'><strong>ejus</strong></span> <span class='ocrx_word' id='word_1_594' title='bbox 1313 4415 1418 4454; x_wconf 93' lang='lat' dir='ltr'><strong>non</strong></span> <span class='ocrx_word' id='word_1_595' title='bbox 1461 4398 1596 4452; x_wconf 91' lang='lat' dir='ltr'><strong>vidit</strong></span> <span class='ocrx_word' id='word_1_596' title='bbox 1619 4397 2038 4465; x_wconf 88' lang='lat' dir='ltr'><strong>corruptionem,</strong></span> <span class='ocrx_word' id='word_1_597' title='bbox 2065 4394 2116 4447; x_wconf 92' lang='lat' dir='ltr'><strong>id</strong></span> 
     </span>
    </p>
   </div>
   <div class='ocr_carea' id='block_1_78' title="bbox 547 4484 2116 4559">
    <p class='ocr_par' dir='ltr' id='par_1_78' title="bbox 547 4484 2116 4559">
     <span class='ocr_line' id='line_1_78' title="bbox 547 4484 2116 4559; baseline -0.014 0"><span class='ocrx_word' id='word_1_598' title='bbox 547 4511 631 4559; x_wconf 88' lang='lat' dir='ltr'><strong>est</strong></span> <span class='ocrx_word' id='word_1_599' title='bbox 671 4515 776 4555; x_wconf 93' lang='lat' dir='ltr'><strong>non</strong></span> <span class='ocrx_word' id='word_1_600' title='bbox 817 4505 902 4552; x_wconf 90' lang='lat' dir='ltr'><strong>est</strong></span> <span class='ocrx_word' id='word_1_601' title='bbox 937 4493 1175 4549; x_wconf 88' lang='lat' dir='ltr'><strong>resoluta</strong></span> <span class='ocrx_word' id='word_1_602' title='bbox 1221 4491 1346 4546; x_wconf 90' lang='lat' dir='ltr'><strong>tabo</strong></span> <span class='ocrx_word' id='word_1_603' title='bbox 1387 4490 1440 4544; x_wconf 90' lang='lat' dir='ltr'><strong>in</strong></span> <span class='ocrx_word' id='word_1_604' title='bbox 1484 4487 1752 4558; x_wconf 89' lang='lat' dir='ltr'><strong>sepulcro,</strong></span> <span class='ocrx_word' id='word_1_605' title='bbox 1796 4484 1949 4553; x_wconf 84' lang='lat' dir='ltr'><strong>juxta</strong></span> <span class='ocrx_word' id='word_1_606' title='bbox 1975 4485 2116 4553; x_wconf 89' lang='lat' dir='ltr'><strong>quod</strong></span> 
     </span>
    </p>
   </div>
   <div class='ocr_carea' id='block_1_79' title="bbox 2207 3296 3797 3375">
    <p class='ocr_par' dir='ltr' id='par_1_79' title="bbox 2207 3296 3797 3375">
     <span class='ocr_line' id='line_1_79' title="bbox 2207 3296 3797 3375; baseline -0.009 -10"><span class='ocrx_word' id='word_1_607' title='bbox 2207 3326 2305 3366; x_wconf 81' lang='lat' dir='ltr'><strong>sua</strong></span> <span class='ocrx_word' id='word_1_608' title='bbox 2345 3307 2812 3375; x_wconf 90' lang='lat' dir='ltr'><strong>derelinquuntur,</strong></span> <span class='ocrx_word' id='word_1_609' title='bbox 2856 3303 2949 3357; x_wconf 92' lang='lat' dir='ltr'><strong>sed</strong></span> <span class='ocrx_word' id='word_1_610' title='bbox 2997 3301 3099 3371; x_wconf 91' lang='lat' dir='ltr'><strong>ipsi</strong></span> <span class='ocrx_word' id='word_1_611' title='bbox 3141 3307 3387 3368; x_wconf 89' lang='lat' dir='ltr'><strong>paratam</strong></span> <span class='ocrx_word' id='word_1_612' title='bbox 3436 3307 3490 3352; x_wconf 88' lang='lat' dir='ltr'><strong>et</strong></span> <span class='ocrx_word' id='word_1_613' title='bbox 3533 3296 3675 3349; x_wconf 92' lang='lat' dir='ltr'><strong>ultro</strong></span> <span class='ocrx_word' id='word_1_614' title='bbox 3725 3310 3797 3350; x_wconf 83' lang='lat' dir='ltr'><strong>se</strong></span> 
     </span>
    </p>
   </div>
   <div class='ocr_carea' id='block_1_80' title="bbox 2206 3387 3798 3464">
    <p class='ocr_par' dir='ltr' id='par_1_80' title="bbox 2206 3387 3798 3464">
     <span class='ocr_line' id='line_1_80' title="bbox 2206 3387 3798 3464; baseline -0.011 -6"><span class='ocrx_word' id='word_1_615' title='bbox 2206 3399 2524 3458; x_wconf 76' lang='lat' dir='ltr'><strong>otI‘erentem</strong></span> <span class='ocrx_word' id='word_1_616' title='bbox 2557 3397 2870 3464; x_wconf 89' lang='lat' dir='ltr'><strong>relinquunt</strong></span> <span class='ocrx_word' id='word_1_617' title='bbox 2895 3391 3341 3447; x_wconf 90' lang='lat' dir='ltr'><strong>misericordiam.</strong></span> <span class='ocrx_word' id='word_1_618' title='bbox 3387 3389 3537 3455; x_wconf 86' lang='lat' dir='ltr'><strong>Quod</strong></span> <span class='ocrx_word' id='word_1_619' title='bbox 3571 3387 3798 3456; x_wconf 83' lang='lat' dir='ltr'><strong>specia-</strong></span> 
     </span>
    </p>
   </div>
   <div class='ocr_carea' id='block_1_81' title="bbox 2209 3477 3795 3551">
    <p class='ocr_par' dir='ltr' id='par_1_81' title="bbox 2209 3477 3795 3551">
     <span class='ocr_line' id='line_1_81' title="bbox 2209 3477 3795 3551; baseline -0.008 -6"><span class='ocrx_word' id='word_1_620' title='bbox 2209 3490 2332 3545; x_wconf 89' lang='lat' dir='ltr'><strong>liter</strong></span> <span class='ocrx_word' id='word_1_621' title='bbox 2353 3490 2419 3544; x_wconf 92' lang='lat' dir='ltr'><strong>de</strong></span> <span class='ocrx_word' id='word_1_622' title='bbox 2437 3487 2636 3542; x_wconf 72' lang='lat' dir='ltr'><strong>Iudaeis</strong></span> <span class='ocrx_word' id='word_1_623' title='bbox 2656 3485 2872 3548; x_wconf 91' lang='lat' dir='ltr'><strong>dicitur,</strong></span> <span class='ocrx_word' id='word_1_624' title='bbox 2898 3482 2987 3551; x_wconf 90' lang='lat' dir='ltr'><strong>qui</strong></span> <span class='ocrx_word' id='word_1_625' title='bbox 3009 3491 3284 3536; x_wconf 88' lang='lat' dir='ltr'><strong>servantes</strong></span> <span class='ocrx_word' id='word_1_626' title='bbox 3305 3479 3589 3541; x_wconf 90' lang='lat' dir='ltr'><strong>vanitates,</strong></span> <span class='ocrx_word' id='word_1_627' title='bbox 3624 3477 3675 3531; x_wconf 93' lang='lat' dir='ltr'><strong>id</strong></span> <span class='ocrx_word' id='word_1_628' title='bbox 3697 3487 3795 3532; x_wconf 86' lang='lat' dir='ltr'><strong>est</strong></span> 
     </span>
    </p>
   </div>
   <div class='ocr_carea' id='block_1_82' title="bbox 2208 3570 3795 3643">
    <p class='ocr_par' dir='ltr' id='par_1_82' title="bbox 2208 3570 3795 3643">
     <span class='ocr_line' id='line_1_82' title="bbox 2208 3570 3795 3643; baseline -0.009 -8"><span class='ocrx_word' id='word_1_629' title='bbox 2208 3581 2498 3636; x_wconf 86' lang='lat' dir='ltr'><strong>vanissima</strong></span> <span class='ocrx_word' id='word_1_630' title='bbox 2519 3577 2910 3632; x_wconf 85' lang='lat' dir='ltr'><strong>Pharisaeorum</strong></span> <span class='ocrx_word' id='word_1_631' title='bbox 2933 3581 3219 3643; x_wconf 65' lang='lat' dir='ltr'><strong>praecepta,</strong></span> <span class='ocrx_word' id='word_1_632' title='bbox 3242 3570 3434 3634; x_wconf 89' lang='lat' dir='ltr'><strong>Deum,</strong></span> <span class='ocrx_word' id='word_1_633' title='bbox 3461 3570 3550 3638; x_wconf 89' lang='lat' dir='ltr'><strong>qui</strong></span> <span class='ocrx_word' id='word_1_634' title='bbox 3572 3582 3795 3636; x_wconf 81' lang='lat' dir='ltr'><strong>semper</strong></span> 
     </span>
    </p>
   </div>
   <div class='ocr_carea' id='block_1_83' title="bbox 2209 3667 3148 3736">
    <p class='ocr_par' dir='ltr' id='par_1_83' title="bbox 2209 3667 3148 3736">
     <span class='ocr_line' id='line_1_83' title="bbox 2209 3667 3148 3736; baseline -0.014 -6"><span class='ocrx_word' id='word_1_635' title='bbox 2209 3675 2289 3730; x_wconf 89' lang='lat' dir='ltr'><strong>eis</strong></span> <span class='ocrx_word' id='word_1_636' title='bbox 2316 3675 2570 3727; x_wconf 89' lang='lat' dir='ltr'><strong>misertus</strong></span> <span class='ocrx_word' id='word_1_637' title='bbox 2596 3680 2700 3734; x_wconf 91' lang='lat' dir='ltr'><strong>est,</strong></span> <span class='ocrx_word' id='word_1_638' title='bbox 2728 3667 3148 3736; x_wconf 84' lang='lat' dir='ltr'><strong>dereliquerunt.</strong></span> 
     </span>
    </p>
   </div>
   <div class='ocr_carea' id='block_1_84' title="bbox 2287 3756 3798 3836">
    <p class='ocr_par' dir='ltr' id='par_1_84' title="bbox 2287 3756 3798 3836">
     <span class='ocr_line' id='line_1_84' title="bbox 2287 3756 3798 3836; baseline -0.005 -20"><span class='ocrx_word' id='word_1_639' title='bbox 2287 3784 2305 3816; x_wconf 74' lang='grc' dir='ltr'>ι</span> <span class='ocrx_word' id='word_1_640' title='bbox 2335 3767 2446 3836; x_wconf 87' lang='lat' dir='ltr'><strong>Ego</strong></span> <span class='ocrx_word' id='word_1_641' title='bbox 2475 3773 2653 3818; x_wconf 87' lang='lat' dir='ltr'><strong>autem</strong></span> <span class='ocrx_word' id='word_1_642' title='bbox 2687 3762 2738 3814; x_wconf 89' lang='lat' dir='ltr'><strong>in</strong></span> <span class='ocrx_word' id='word_1_643' title='bbox 2768 3775 2899 3814; x_wconf 91' lang='lat' dir='ltr'><strong>voce</strong></span> <span class='ocrx_word' id='word_1_644' title='bbox 2936 3759 3109 3812; x_wconf 88' lang='lat' dir='ltr'><strong>laudis</strong></span> <span class='ocrx_word' id='word_1_645' title='bbox 3149 3756 3437 3810; x_wconf 88' lang='lat' dir='ltr'><strong>immolabo</strong></span> <span class='ocrx_word' id='word_1_646' title='bbox 3466 3756 3565 3810; x_wconf 90' lang='lat' dir='ltr'><strong>tibi</strong></span> <span class='ocrx_word' id='word_1_647' title='bbox 3595 3773 3608 3808; x_wconf 92' lang='lat'>:</span> <span class='ocrx_word' id='word_1_648' title='bbox 3639 3770 3798 3823; x_wconf 67' lang='lat' dir='ltr'><strong>qua:-</strong></span> 
     </span>
    </p>
   </div>
   <div class='ocr_carea' id='block_1_85' title="bbox 2212 3846 3795 3927">
    <p class='ocr_par' dir='ltr' id='par_1_85' title="bbox 2212 3846 3795 3927">
     <span class='ocr_line' id='line_1_85' title="bbox 2212 3846 3795 3927; baseline -0.011 -14"><span class='ocrx_word' id='word_1_649' title='bbox 2212 3872 2423 3927; x_wconf 90' lang='lat' dir='ltr'><strong>cunque</strong></span> <span class='ocrx_word' id='word_1_650' title='bbox 2451 3857 2593 3918; x_wconf 91' lang='lat' dir='ltr'><strong>vovi,</strong></span> <span class='ocrx_word' id='word_1_651' title='bbox 2621 3854 2839 3908; x_wconf 89' lang='lat' dir='ltr'><strong>reddam</strong></span> <span class='ocrx_word' id='word_1_652' title='bbox 2868 3866 2966 3920; x_wconf 89' lang='lat' dir='ltr'><strong>pro</strong></span> <span class='ocrx_word' id='word_1_653' title='bbox 2997 3849 3169 3903; x_wconf 89' lang='lat' dir='ltr'><strong>salute</strong></span> <span class='ocrx_word' id='word_1_654' title='bbox 3195 3863 3314 3902; x_wconf 90' lang='lat' dir='ltr'><strong>mea</strong></span> <span class='ocrx_word' id='word_1_655' title='bbox 3347 3847 3594 3901; x_wconf 89' lang='lat' dir='ltr'><strong>Domino.</strong></span> <span class='ocrx_word' id='word_1_656' title='bbox 3621 3866 3640 3897; x_wconf 77' lang='grc' dir='ltr'><strong><em>ι</em></strong></span> <span class='ocrx_word' id='word_1_657' title='bbox 3676 3846 3795 3916; x_wconf 85' lang='lat' dir='ltr'><strong>Spe</strong></span> 
     </span>
    </p>
   </div>
   <div class='ocr_carea' id='block_1_86' title="bbox 2210 3938 3794 4013">
    <p class='ocr_par' dir='ltr' id='par_1_86' title="bbox 2210 3938 3794 4013">
     <span class='ocr_line' id='line_1_86' title="bbox 2210 3938 3794 4013; baseline -0.008 -10"><span class='ocrx_word' id='word_1_658' title='bbox 2210 3949 2353 4004; x_wconf 87' lang='lat' dir='ltr'><strong>bona</strong></span> <span class='ocrx_word' id='word_1_659' title='bbox 2381 3947 2650 4000; x_wconf 89' lang='lat' dir='ltr'><strong>animatus</strong></span> <span class='ocrx_word' id='word_1_660' title='bbox 2678 3943 2972 4013; x_wconf 87' lang='lat' dir='ltr'><strong>propheta,</strong></span> <span class='ocrx_word' id='word_1_661' title='bbox 3012 3948 3067 3994; x_wconf 92' lang='lat' dir='ltr'><strong>et</strong></span> <span class='ocrx_word' id='word_1_662' title='bbox 3099 3939 3209 4008; x_wconf 86' lang='lat' dir='ltr'><strong>jam</strong></span> <span class='ocrx_word' id='word_1_663' title='bbox 3242 3938 3307 3992; x_wconf 91' lang='lat' dir='ltr'><strong>de</strong></span> <span class='ocrx_word' id='word_1_664' title='bbox 3343 3953 3438 3992; x_wconf 87' lang='lat' dir='ltr'><strong>sua</strong></span> <span class='ocrx_word' id='word_1_665' title='bbox 3470 3938 3794 3992; x_wconf 87' lang='lat' dir='ltr'><strong>liberatione</strong></span> 
     </span>
    </p>
   </div>
   <div class='ocr_carea' id='block_1_87' title="bbox 2215 4029 3798 4106">
    <p class='ocr_par' dir='ltr' id='par_1_87' title="bbox 2215 4029 3798 4106">
     <span class='ocr_line' id='line_1_87' title="bbox 2215 4029 3798 4106; baseline -0.009 -10"><span class='ocrx_word' id='word_1_666' title='bbox 2215 4053 2459 4100; x_wconf 90' lang='lat' dir='ltr'><strong>securus,</strong></span> <span class='ocrx_word' id='word_1_667' title='bbox 2488 4036 2754 4106; x_wconf 90' lang='lat' dir='ltr'><strong>promittit</strong></span> <span class='ocrx_word' id='word_1_668' title='bbox 2793 4049 2850 4089; x_wconf 89' lang='lat' dir='ltr'><strong>se</strong></span> <span class='ocrx_word' id='word_1_669' title='bbox 2883 4033 3177 4103; x_wconf 86' lang='lat' dir='ltr'><strong>gratiarum</strong></span> <span class='ocrx_word' id='word_1_670' title='bbox 3213 4031 3453 4085; x_wconf 89' lang='lat' dir='ltr'><strong>actiones</strong></span> <span class='ocrx_word' id='word_1_671' title='bbox 3485 4029 3798 4083; x_wconf 86' lang='lat' dir='ltr'><strong>immolatu-</strong></span> 
     </span>
    </p>
   </div>
   <div class='ocr_carea' id='block_1_88' title="bbox 2218 4118 3795 4194">
    <p class='ocr_par' dir='ltr' id='par_1_88' title="bbox 2218 4118 3795 4194">
     <span class='ocr_line' id='line_1_88' title="bbox 2218 4118 3795 4194; baseline -0.008 -9"><span class='ocrx_word' id='word_1_672' title='bbox 2218 4146 2368 4194; x_wconf 93' lang='lat' dir='ltr'><strong>rum,</strong></span> <span class='ocrx_word' id='word_1_673' title='bbox 2412 4137 2468 4182; x_wconf 92' lang='lat' dir='ltr'><strong>et</strong></span> <span class='ocrx_word' id='word_1_674' title='bbox 2502 4134 2624 4180; x_wconf 88' lang='lat' dir='ltr'><strong>vota</strong></span> <span class='ocrx_word' id='word_1_675' title='bbox 2666 4125 2845 4180; x_wconf 91' lang='lat' dir='ltr'><strong>omnia</strong></span> <span class='ocrx_word' id='word_1_676' title='bbox 2877 4123 3236 4178; x_wconf 85' lang='lat' dir='ltr'><strong>redditurum.</strong></span> <span class='ocrx_word' id='word_1_677' title='bbox 3293 4119 3399 4174; x_wconf 90' lang='lat' dir='ltr'><strong>Sed</strong></span> <span class='ocrx_word' id='word_1_678' title='bbox 3445 4127 3500 4174; x_wconf 90' lang='lat' dir='ltr'><strong>et</strong></span> <span class='ocrx_word' id='word_1_679' title='bbox 3544 4118 3795 4172; x_wconf 85' lang='lat' dir='ltr'><strong>Christus</strong></span> 
     </span>
    </p>
   </div>
   <div class='ocr_carea' id='block_1_89' title="bbox 2215 4209 3794 4286">
    <p class='ocr_par' dir='ltr' id='par_1_89' title="bbox 2215 4209 3794 4286">
     <span class='ocr_line' id='line_1_89' title="bbox 2215 4209 3794 4286; baseline -0.009 -11"><span class='ocrx_word' id='word_1_680' title='bbox 2215 4219 2473 4275; x_wconf 88' lang='lat' dir='ltr'><strong>Dominus</strong></span> <span class='ocrx_word' id='word_1_681' title='bbox 2502 4231 2600 4286; x_wconf 91' lang='lat' dir='ltr'><strong>pro</strong></span> <span class='ocrx_word' id='word_1_682' title='bbox 2626 4215 2736 4268; x_wconf 91' lang='lat' dir='ltr'><strong>vita</strong></span> <span class='ocrx_word' id='word_1_683' title='bbox 2767 4221 2950 4266; x_wconf 87' lang='lat' dir='ltr'><strong>nostra</strong></span> <span class='ocrx_word' id='word_1_684' title='bbox 2981 4221 3255 4274; x_wconf 89' lang='lat' dir='ltr'><strong>mortuus,</strong></span> <span class='ocrx_word' id='word_1_685' title='bbox 3286 4220 3468 4264; x_wconf 89' lang='lat' dir='ltr'><strong>certus</strong></span> <span class='ocrx_word' id='word_1_686' title='bbox 3495 4209 3637 4276; x_wconf 87' lang='lat' dir='ltr'><strong>quod</strong></span> <span class='ocrx_word' id='word_1_687' title='bbox 3667 4221 3794 4262; x_wconf 87' lang='lat' dir='ltr'><strong>eum</strong></span> 
     </span>
    </p>
   </div>
   <div class='ocr_carea' id='block_1_90' title="bbox 2217 4301 3794 4371">
    <p class='ocr_par' dir='ltr' id='par_1_90' title="bbox 2217 4301 3794 4371">
     <span class='ocr_line' id='line_1_90' title="bbox 2217 4301 3794 4371; baseline -0.007 -5"><span class='ocrx_word' id='word_1_688' title='bbox 2217 4312 2362 4366; x_wconf 90' lang='lat' dir='ltr'><strong>Deus</strong></span> <span class='ocrx_word' id='word_1_689' title='bbox 2402 4309 2642 4363; x_wconf 88' lang='lat' dir='ltr'><strong>velocius</strong></span> <span class='ocrx_word' id='word_1_690' title='bbox 2685 4306 3006 4366; x_wconf 87' lang='lat' dir='ltr'><strong>suscitaret,</strong></span> <span class='ocrx_word' id='word_1_691' title='bbox 3054 4302 3322 4371; x_wconf 90' lang='lat' dir='ltr'><strong>promittit</strong></span> <span class='ocrx_word' id='word_1_692' title='bbox 3357 4301 3696 4354; x_wconf 85' lang='lat' dir='ltr'><strong>exsultanter</strong></span> <span class='ocrx_word' id='word_1_693' title='bbox 3737 4302 3794 4355; x_wconf 86' lang='lat' dir='ltr'><strong>in</strong></span> 
     </span>
    </p>
   </div>
   <div class='ocr_carea' id='block_1_91' title="bbox 2216 4391 3792 4462">
    <p class='ocr_par' dir='ltr' id='par_1_91' title="bbox 2216 4391 3792 4462">
     <span class='ocr_line' id='line_1_91' title="bbox 2216 4391 3792 4462; baseline -0.007 -6"><span class='ocrx_word' id='word_1_694' title='bbox 2216 4415 2349 4456; x_wconf 91' lang='lat' dir='ltr'><strong>voce</strong></span> <span class='ocrx_word' id='word_1_695' title='bbox 2395 4397 2782 4457; x_wconf 89' lang='lat' dir='ltr'><strong>confessionis,</strong></span> <span class='ocrx_word' id='word_1_696' title='bbox 2838 4394 3071 4462; x_wconf 89' lang='lat' dir='ltr'><strong>seipsum</strong></span> <span class='ocrx_word' id='word_1_697' title='bbox 3135 4391 3283 4445; x_wconf 87' lang='lat' dir='ltr'><strong>Patri</strong></span> <span class='ocrx_word' id='word_1_698' title='bbox 3342 4391 3792 4446; x_wconf 84' lang='lat' dir='ltr'><strong>sacrificaturum.</strong></span> 
     </span>
    </p>
   </div>
   <div class='ocr_carea' id='block_1_92' title="bbox 2221 4483 3797 4552">
    <p class='ocr_par' dir='ltr' id='par_1_92' title="bbox 2221 4483 3797 4552">
     <span class='ocr_line' id='line_1_92' title="bbox 2221 4483 3797 4552; baseline -0.004 -6"><span class='ocrx_word' id='word_1_699' title='bbox 2221 4492 2426 4546; x_wconf 87' lang='lat' dir='ltr'><strong>Pascha</strong></span> <span class='ocrx_word' id='word_1_700' title='bbox 2470 4497 2749 4551; x_wconf 91' lang='lat' dir='ltr'><strong>nostrum,</strong></span> <span class='ocrx_word' id='word_1_701' title='bbox 2793 4485 2967 4552; x_wconf 90' lang='lat' dir='ltr'><strong>inquit</strong></span> <span class='ocrx_word' id='word_1_702' title='bbox 2998 4483 3314 4552; x_wconf 84' lang='lat' dir='ltr'><strong>Apostolus,</strong></span> <span class='ocrx_word' id='word_1_703' title='bbox 3363 4485 3673 4540; x_wconf 87' lang='lat' dir='ltr'><strong>immolatus</strong></span> <span class='ocrx_word' id='word_1_704' title='bbox 3711 4497 3797 4541; x_wconf 88' lang='lat' dir='ltr'><strong>est</strong></span> 
     </span>
    </p>
   </div>
   <div class='ocr_carea' id='block_1_93' title="bbox 548 4554 2110 4664">
    <p class='ocr_par' dir='ltr' id='par_1_93' title="bbox 548 4554 2110 4664">
     <span class='ocr_line' id='line_1_93' title="bbox 548 4554 2110 4664; baseline -0.013 -17"><span class='ocrx_word' id='word_1_705' title='bbox 548 4607 648 4664; x_wconf 90' lang='lat' dir='ltr'><strong>per</strong></span> <span class='ocrx_word' id='word_1_706' title='bbox 686 4587 1025 4646; x_wconf 88' lang='lat' dir='ltr'><strong>Psalmistam</strong></span> <span class='ocrx_word' id='word_1_707' title='bbox 1065 4582 1421 4652; x_wconf 66' lang='lat' dir='ltr'><strong>pmdixerat,</strong></span> <span class='ocrx_word' id='word_1_708' title='bbox 1463 4596 1483 4630; x_wconf 75' lang='grc' dir='ltr'>ι</span> <span class='ocrx_word' id='word_1_709' title='bbox 1520 4554 1634 4632; x_wconf 68' lang='lat' dir='ltr'><strong>Non</strong></span> <span class='ocrx_word' id='word_1_710' title='bbox 1678 4575 1830 4631; x_wconf 90' lang='lat' dir='ltr'><strong>dabis</strong></span> <span class='ocrx_word' id='word_1_711' title='bbox 1869 4585 2110 4628; x_wconf 88' lang='lat' dir='ltr'><strong>sanctum</strong></span> 
     </span>
    </p>
   </div>
   <div class='ocr_carea' id='block_1_94' title="bbox 2210 4554 3799 4664">
    <p class='ocr_par' dir='ltr' id='par_1_94' title="bbox 2219 4577 3799 4648">
     <span class='ocr_line' id='line_1_94' title="bbox 2219 4577 3799 4648; baseline -0.004 -9"><span class='ocrx_word' id='word_1_712' title='bbox 2219 4584 2482 4639; x_wconf 90' lang='lat' dir='ltr'><strong>Christus.</strong></span> <span class='ocrx_word' id='word_1_713' title='bbox 2535 4581 2654 4648; x_wconf 89' lang='lat' dir='ltr'><strong>Ipse</strong></span> <span class='ocrx_word' id='word_1_714' title='bbox 2694 4577 2972 4647; x_wconf 86' lang='lat' dir='ltr'><strong>pontifex,</strong></span> <span class='ocrx_word' id='word_1_715' title='bbox 3020 4578 3133 4646; x_wconf 91' lang='lat' dir='ltr'><strong>ipse</strong></span> <span class='ocrx_word' id='word_1_716' title='bbox 3179 4577 3298 4631; x_wconf 88' lang='lat' dir='ltr'><strong>ovis</strong></span> <span class='ocrx_word' id='word_1_717' title='bbox 3346 4577 3657 4631; x_wconf 90' lang='lat' dir='ltr'><strong>immolatur</strong></span> <span class='ocrx_word' id='word_1_718' title='bbox 3695 4594 3799 4648; x_wconf 88' lang='lat' dir='ltr'><strong>pro</strong></span> 
     </span>
    </p>
   </div>
   <div class='ocr_carea' id='block_1_95' title="bbox 549 4669 2116 4746">
    <p class='ocr_par' dir='ltr' id='par_1_95' title="bbox 549 4669 2116 4746">
     <span class='ocr_line' id='line_1_95' title="bbox 549 4669 2116 4746; baseline -0.011 -8"><span class='ocrx_word' id='word_1_719' title='bbox 549 4696 701 4738; x_wconf 90' lang='lat' dir='ltr'><strong>tuum</strong></span> <span class='ocrx_word' id='word_1_720' title='bbox 726 4681 910 4733; x_wconf 89' lang='lat' dir='ltr'><strong>videre</strong></span> <span class='ocrx_word' id='word_1_721' title='bbox 943 4676 1363 4746; x_wconf 91' lang='lat' dir='ltr'><strong>corruptionem.</strong></span> <span class='ocrx_word' id='word_1_722' title='bbox 1397 4693 1414 4726; x_wconf 72' lang='grc' dir='ltr'><strong><em>ι</em></strong></span> <span class='ocrx_word' id='word_1_723' title='bbox 1452 4671 1604 4740; x_wconf 89' lang='lat' dir='ltr'><strong>Quod</strong></span> <span class='ocrx_word' id='word_1_724' title='bbox 1627 4671 1817 4726; x_wconf 90' lang='lat' dir='ltr'><strong>beatus</strong></span> <span class='ocrx_word' id='word_1_725' title='bbox 1838 4669 2029 4723; x_wconf 88' lang='lat' dir='ltr'><strong>Petrus</strong></span> <span class='ocrx_word' id='word_1_726' title='bbox 2052 4669 2116 4721; x_wconf 90' lang='lat' dir='ltr'><strong>de</strong></span> 
     </span>
    </p>
   </div>
   <div class='ocr_carea' id='block_1_96' title="bbox 551 4757 2116 4836">
    <p class='ocr_par' dir='ltr' id='par_1_96' title="bbox 551 4757 2116 4836">
     <span class='ocr_line' id='line_1_96' title="bbox 551 4757 2116 4836; baseline -0.012 -7"><span class='ocrx_word' id='word_1_727' title='bbox 551 4773 766 4829; x_wconf 87' lang='lat' dir='ltr'><strong>Christo</strong></span> <span class='ocrx_word' id='word_1_728' title='bbox 803 4771 1189 4836; x_wconf 83' lang='lat' dir='ltr'><strong>interpretatur</strong></span> <span class='ocrx_word' id='word_1_729' title='bbox 1219 4766 1272 4819; x_wconf 90' lang='lat' dir='ltr'><strong>in</strong></span> <span class='ocrx_word' id='word_1_730' title='bbox 1307 4764 1530 4819; x_wconf 83' lang='lat' dir='ltr'><strong>Actibus</strong></span> <span class='ocrx_word' id='word_1_731' title='bbox 1555 4759 1940 4832; x_wconf 87' lang='lat' dir='ltr'><strong>apostolorum,</strong></span> <span class='ocrx_word' id='word_1_732' title='bbox 1969 4776 1985 4807; x_wconf 80' lang='grc' dir='ltr'>ι</span> <span class='ocrx_word' id='word_1_733' title='bbox 2017 4757 2116 4823; x_wconf 85' lang='lat' dir='ltr'><strong>Qui</strong></span> 
     </span>
    </p>
   </div>
   <div class='ocr_carea' id='block_1_97' title="bbox 552 4846 2124 4926">
    <p class='ocr_par' dir='ltr' id='par_1_97' title="bbox 552 4846 2124 4926">
     <span class='ocr_line' id='line_1_97' title="bbox 552 4846 2124 4926; baseline -0.011 -8"><span class='ocrx_word' id='word_1_734' title='bbox 552 4878 660 4918; x_wconf 89' lang='lat' dir='ltr'><strong>non</strong></span> <span class='ocrx_word' id='word_1_735' title='bbox 703 4858 835 4912; x_wconf 91' lang='lat' dir='ltr'><strong>vidit</strong></span> <span class='ocrx_word' id='word_1_736' title='bbox 879 4855 1313 4926; x_wconf 85' lang='lat' dir='ltr'><strong>corruptionem,</strong></span> <span class='ocrx_word' id='word_1_737' title='bbox 1366 4872 1384 4903; x_wconf 72' lang='grc' dir='ltr'><strong><em>ι</em></strong></span> <span class='ocrx_word' id='word_1_738' title='bbox 1428 4850 1688 4906; x_wconf 89' lang='lat' dir='ltr'><strong>citissima</strong></span> <span class='ocrx_word' id='word_1_739' title='bbox 1732 4846 2124 4901; x_wconf 88' lang='lat' dir='ltr'><strong>resurrectione</strong></span> 
     </span>
    </p>
   </div>
   <div class='ocr_carea' id='block_1_98' title="bbox 554 4936 2118 5023">
    <p class='ocr_par' dir='ltr' id='par_1_98' title="bbox 554 4936 2118 5023">
     <span class='ocr_line' id='line_1_98' title="bbox 554 4936 2118 5023; baseline -0.011 -18"><span class='ocrx_word' id='word_1_740' title='bbox 554 4950 900 5023; x_wconf 84' lang='lat' dir='ltr'><strong>glorificatus.</strong></span> <span class='ocrx_word' id='word_1_741' title='bbox 963 4947 1071 5000; x_wconf 90' lang='lat' dir='ltr'><strong>Sed</strong></span> <span class='ocrx_word' id='word_1_742' title='bbox 1123 4944 1289 5015; x_wconf 85' lang='lat' dir='ltr'><strong>quaeri</strong></span> <span class='ocrx_word' id='word_1_743' title='bbox 1335 4950 1514 5012; x_wconf 88' lang='lat' dir='ltr'><strong>potest</strong></span> <span class='ocrx_word' id='word_1_744' title='bbox 1557 4938 1863 5007; x_wconf 59' lang='lat' dir='ltr'><strong>quod-alibi</strong></span> <span class='ocrx_word' id='word_1_745' title='bbox 1926 4936 2054 4991; x_wconf 90' lang='lat' dir='ltr'><strong>dicit</strong></span> <span class='ocrx_word' id='word_1_746' title='bbox 2105 4953 2118 4989; x_wconf 92' lang='lat'><strong>:</strong></span> 
     </span>
    </p>
   </div>
   <div class='ocr_carea' id='block_1_99' title="bbox 554 5029 2124 5112">
    <p class='ocr_par' dir='ltr' id='par_1_99' title="bbox 554 5029 2124 5112">
     <span class='ocr_line' id='line_1_99' title="bbox 554 5029 2124 5112; baseline -0.011 -13"><span class='ocrx_word' id='word_1_747' title='bbox 554 5045 683 5112; x_wconf 61' lang='lat' dir='ltr'><strong>Quae</strong></span> <span class='ocrx_word' id='word_1_748' title='bbox 720 5040 924 5095; x_wconf 89' lang='lat' dir='ltr'><strong>utilitas</strong></span> <span class='ocrx_word' id='word_1_749' title='bbox 960 5038 1013 5090; x_wconf 90' lang='lat' dir='ltr'><strong>in</strong></span> <span class='ocrx_word' id='word_1_750' title='bbox 1050 5051 1212 5090; x_wconf 90' lang='lat' dir='ltr'><strong>carne</strong></span> <span class='ocrx_word' id='word_1_751' title='bbox 1254 5049 1394 5098; x_wconf 90' lang='lat' dir='ltr'><strong>mea,</strong></span> <span class='ocrx_word' id='word_1_752' title='bbox 1439 5034 1564 5086; x_wconf 90' lang='lat' dir='ltr'><strong>dum</strong></span> <span class='ocrx_word' id='word_1_753' title='bbox 1602 5031 1870 5084; x_wconf 89' lang='lat' dir='ltr'><strong>descendo</strong></span> <span class='ocrx_word' id='word_1_754' title='bbox 1909 5029 1965 5082; x_wconf 93' lang='lat' dir='ltr'><strong>in</strong></span> <span class='ocrx_word' id='word_1_755' title='bbox 2005 5044 2124 5082; x_wconf 90' lang='lat' dir='ltr'><strong>cor-</strong></span> 
     </span>
    </p>
   </div>
   <div class='ocr_carea' id='block_1_100' title="bbox 555 5122 2125 5208">
    <p class='ocr_par' dir='ltr' id='par_1_100' title="bbox 555 5122 2125 5208">
     <span class='ocr_line' id='line_1_100' title="bbox 555 5122 2125 5208; baseline -0.013 -14"><span class='ocrx_word' id='word_1_756' title='bbox 555 5133 904 5208; x_wconf 84' lang='lat' dir='ltr'><strong>ruptionem?</strong></span> <span class='ocrx_word' id='word_1_757' title='bbox 968 5130 1074 5185; x_wconf 91' lang='lat' dir='ltr'><strong>Sed</strong></span> <span class='ocrx_word' id='word_1_758' title='bbox 1124 5130 1210 5183; x_wconf 90' lang='lat' dir='ltr'><strong>hic</strong></span> <span class='ocrx_word' id='word_1_759' title='bbox 1257 5126 1532 5195; x_wconf 89' lang='lat' dir='ltr'><strong>corruptio</strong></span> <span class='ocrx_word' id='word_1_760' title='bbox 1580 5138 1678 5193; x_wconf 90' lang='lat' dir='ltr'><strong>pro</strong></span> <span class='ocrx_word' id='word_1_761' title='bbox 1720 5122 2030 5176; x_wconf 90' lang='lat' dir='ltr'><strong>vulneribus</strong></span> <span class='ocrx_word' id='word_1_762' title='bbox 2071 5129 2125 5174; x_wconf 88' lang='lat' dir='ltr'><strong>et</strong></span> 
     </span>
    </p>
   </div>
   <div class='ocr_carea' id='block_1_101' title="bbox 554 5213 2122 5300">
    <p class='ocr_par' dir='ltr' id='par_1_101' title="bbox 554 5213 2122 5300">
     <span class='ocr_line' id='line_1_101' title="bbox 554 5213 2122 5300; baseline -0.014 -16"><span class='ocrx_word' id='word_1_763' title='bbox 554 5229 727 5300; x_wconf 89' lang='lat' dir='ltr'><strong>plagis</strong></span> <span class='ocrx_word' id='word_1_764' title='bbox 781 5224 1022 5296; x_wconf 92' lang='lat' dir='ltr'><strong>ponitur,</strong></span> <span class='ocrx_word' id='word_1_765' title='bbox 1085 5221 1279 5290; x_wconf 89' lang='lat' dir='ltr'><strong>quibus</strong></span> <span class='ocrx_word' id='word_1_766' title='bbox 1333 5233 1461 5273; x_wconf 88' lang='lat' dir='ltr'><strong>caro</strong></span> <span class='ocrx_word' id='word_1_767' title='bbox 1511 5214 1709 5270; x_wconf 90' lang='lat' dir='ltr'><strong>Christi</strong></span> <span class='ocrx_word' id='word_1_768' title='bbox 1765 5213 1951 5268; x_wconf 83' lang='lat' dir='ltr'><strong>effecta</strong></span> <span class='ocrx_word' id='word_1_769' title='bbox 1999 5219 2122 5264; x_wconf 91' lang='lat' dir='ltr'><strong>est:</strong></span> 
     </span>
    </p>
   </div>
   <div class='ocr_carea' id='block_1_102' title="bbox 557 5302 2126 5378">
    <p class='ocr_par' dir='ltr' id='par_1_102' title="bbox 557 5302 2126 5378">
     <span class='ocr_line' id='line_1_102' title="bbox 557 5302 2126 5378; baseline -0.013 -4"><span class='ocrx_word' id='word_1_770' title='bbox 557 5335 622 5374; x_wconf 91' lang='lat' dir='ltr'><strong>ac</strong></span> <span class='ocrx_word' id='word_1_771' title='bbox 669 5318 713 5372; x_wconf 91' lang='lat' dir='ltr'><strong>si</strong></span> <span class='ocrx_word' id='word_1_772' title='bbox 755 5317 957 5370; x_wconf 90' lang='lat' dir='ltr'><strong>diceret</strong></span> <span class='ocrx_word' id='word_1_773' title='bbox 999 5332 1011 5365; x_wconf 91' lang='lat'>:</span> <span class='ocrx_word' id='word_1_774' title='bbox 1061 5311 1196 5378; x_wconf 88' lang='lat' dir='ltr'><strong>Quid</strong></span> <span class='ocrx_word' id='word_1_775' title='bbox 1236 5311 1455 5378; x_wconf 89' lang='lat' dir='ltr'><strong>prodest</strong></span> <span class='ocrx_word' id='word_1_776' title='bbox 1511 5307 1636 5359; x_wconf 91' lang='lat' dir='ltr'><strong>dum</strong></span> <span class='ocrx_word' id='word_1_777' title='bbox 1682 5304 1846 5359; x_wconf 89' lang='lat' dir='ltr'><strong>clavis</strong></span> <span class='ocrx_word' id='word_1_778' title='bbox 1897 5302 2126 5372; x_wconf 85' lang='lat' dir='ltr'><strong>aﬂligor,</strong></span> 
     </span>
    </p>
   </div>
   <div class='ocr_carea' id='block_1_103' title="bbox 560 5393 2126 5467">
    <p class='ocr_par' dir='ltr' id='par_1_103' title="bbox 560 5393 2126 5467">
     <span class='ocr_line' id='line_1_103' title="bbox 560 5393 2126 5467; baseline -0.011 -4"><span class='ocrx_word' id='word_1_779' title='bbox 560 5412 684 5464; x_wconf 90' lang='lat' dir='ltr'><strong>dum</strong></span> <span class='ocrx_word' id='word_1_780' title='bbox 728 5408 996 5467; x_wconf 90' lang='lat' dir='ltr'><strong>vulneror,</strong></span> <span class='ocrx_word' id='word_1_781' title='bbox 1045 5404 1089 5457; x_wconf 91' lang='lat' dir='ltr'><strong>si</strong></span> <span class='ocrx_word' id='word_1_782' title='bbox 1129 5399 1297 5453; x_wconf 68' lang='lat' dir='ltr'><strong>Judaei</strong></span> <span class='ocrx_word' id='word_1_783' title='bbox 1340 5413 1445 5451; x_wconf 91' lang='lat' dir='ltr'><strong>non</strong></span> <span class='ocrx_word' id='word_1_784' title='bbox 1489 5395 1808 5450; x_wconf 88' lang='lat' dir='ltr'><strong>salvantur?</strong></span> <span class='ocrx_word' id='word_1_785' title='bbox 1860 5393 1956 5447; x_wconf 87' lang='lat' dir='ltr'><strong>Hic</strong></span> <span class='ocrx_word' id='word_1_786' title='bbox 1997 5407 2126 5447; x_wconf 88' lang='lat' dir='ltr'><strong>vero</strong></span> 
     </span>
    </p>
   </div>
   <div class='ocr_carea' id='block_1_104' title="bbox 559 5487 2055 5569">
    <p class='ocr_par' dir='ltr' id='par_1_104' title="bbox 559 5487 2055 5569">
     <span class='ocr_line' id='line_1_104' title="bbox 559 5487 2055 5569; baseline -0.012 -13"><span class='ocrx_word' id='word_1_787' title='bbox 559 5501 830 5569; x_wconf 90' lang='lat' dir='ltr'><strong>corruptio</strong></span> <span class='ocrx_word' id='word_1_788' title='bbox 856 5512 951 5567; x_wconf 90' lang='lat' dir='ltr'><strong>pro</strong></span> <span class='ocrx_word' id='word_1_789' title='bbox 974 5491 1368 5565; x_wconf 86' lang='lat' dir='ltr'><strong>putrefactione</strong></span> <span class='ocrx_word' id='word_1_790' title='bbox 1394 5497 1448 5544; x_wconf 92' lang='lat' dir='ltr'><strong>et</strong></span> <span class='ocrx_word' id='word_1_791' title='bbox 1473 5489 1799 5544; x_wconf 88' lang='lat' dir='ltr'><strong>resolutione</strong></span> <span class='ocrx_word' id='word_1_792' title='bbox 1821 5487 2055 5556; x_wconf 90' lang='lat' dir='ltr'><strong>ponitur.</strong></span> 
     </span>
    </p>
   </div>
   <div class='ocr_carea' id='block_1_105' title="bbox 635 5575 2128 5656">
    <p class='ocr_par' dir='ltr' id='par_1_105' title="bbox 635 5575 2128 5656">
     <span class='ocr_line' id='line_1_105' title="bbox 635 5575 2128 5656; baseline -0.009 -16"><span class='ocrx_word' id='word_1_793' title='bbox 635 5609 654 5640; x_wconf 86' lang='grc'><strong><em>‹</em></strong></span> <span class='ocrx_word' id='word_1_794' title='bbox 686 5588 818 5643; x_wconf 89' lang='lat' dir='ltr'><strong>Cum</strong></span> <span class='ocrx_word' id='word_1_795' title='bbox 864 5584 1265 5656; x_wconf 89' lang='lat' dir='ltr'><strong>angustiaretur</strong></span> <span class='ocrx_word' id='word_1_796' title='bbox 1309 5579 1362 5632; x_wconf 91' lang='lat' dir='ltr'><strong>in</strong></span> <span class='ocrx_word' id='word_1_797' title='bbox 1402 5593 1488 5632; x_wconf 90' lang='lat' dir='ltr'><strong>me</strong></span> <span class='ocrx_word' id='word_1_798' title='bbox 1530 5578 1706 5630; x_wconf 89' lang='lat' dir='ltr'><strong>anima</strong></span> <span class='ocrx_word' id='word_1_799' title='bbox 1749 5591 1887 5641; x_wconf 90' lang='lat' dir='ltr'><strong>mea,</strong></span> <span class='ocrx_word' id='word_1_800' title='bbox 1916 5575 2128 5629; x_wconf 89' lang='lat' dir='ltr'><strong>Domini</strong></span> 
     </span>
    </p>
   </div>
   <div class='ocr_carea' id='block_1_106' title="bbox 563 5666 2133 5736">
    <p class='ocr_par' dir='ltr' id='par_1_106' title="bbox 563 5666 2133 5736">
     <span class='ocr_line' id='line_1_106' title="bbox 563 5666 2133 5736; baseline -0.009 -3"><span class='ocrx_word' id='word_1_801' title='bbox 563 5677 878 5733; x_wconf 79' lang='lat' dir='ltr'><strong>recordatus</strong></span> <span class='ocrx_word' id='word_1_802' title='bbox 919 5689 1057 5728; x_wconf 90' lang='lat' dir='ltr'><strong>sum.</strong></span> <span class='ocrx_word' id='word_1_803' title='bbox 1093 5691 1112 5723; x_wconf 74' lang='grc' dir='ltr'>ι</span> <span class='ocrx_word' id='word_1_804' title='bbox 1157 5670 1312 5732; x_wconf 92' lang='lat' dir='ltr'><strong>Cum,</strong></span> <span class='ocrx_word' id='word_1_805' title='bbox 1355 5667 1546 5736; x_wconf 85' lang='lat' dir='ltr'><strong>inquit,</strong></span> <span class='ocrx_word' id='word_1_806' title='bbox 1589 5666 1792 5721; x_wconf 90' lang='lat' dir='ltr'><strong>nullum</strong></span> <span class='ocrx_word' id='word_1_807' title='bbox 1833 5666 1976 5720; x_wconf 91' lang='lat' dir='ltr'><strong>aliud</strong></span> <span class='ocrx_word' id='word_1_808' title='bbox 2013 5681 2133 5733; x_wconf 89' lang='lat' dir='ltr'><strong>spe-</strong></span> 
     </span>
    </p>
   </div>
   <div class='ocr_carea' id='block_1_107' title="bbox 564 5757 2128 5839">
    <p class='ocr_par' dir='ltr' id='par_1_107' title="bbox 564 5757 2128 5839">
     <span class='ocr_line' id='line_1_107' title="bbox 564 5757 2128 5839; baseline -0.01 -12"><span class='ocrx_word' id='word_1_809' title='bbox 564 5787 738 5826; x_wconf 79' lang='lat' dir='ltr'><strong>rarem</strong></span> <span class='ocrx_word' id='word_1_810' title='bbox 785 5768 1066 5836; x_wconf 74' lang='lat' dir='ltr'><strong>auxilium,</strong></span> <span class='ocrx_word' id='word_1_811' title='bbox 1095 5762 1392 5839; x_wconf 82' lang='lat' dir='ltr'><strong>recordatio</strong></span> <span class='ocrx_word' id='word_1_812' title='bbox 1419 5759 1628 5838; x_wconf 86' lang='lat' dir='ltr'><strong>Domini</strong></span> <span class='ocrx_word' id='word_1_813' title='bbox 1670 5759 1798 5814; x_wconf 89' lang='lat' dir='ltr'><strong>mihi</strong></span> <span class='ocrx_word' id='word_1_814' title='bbox 1827 5759 1982 5814; x_wconf 90' lang='lat' dir='ltr'><strong>saluti</strong></span> <span class='ocrx_word' id='word_1_815' title='bbox 2010 5757 2128 5813; x_wconf 89' lang='lat' dir='ltr'><strong>fuit.</strong></span> 
     </span>
    </p>
   </div>
   <div class='ocr_carea' id='block_1_108' title="bbox 2216 4665 3798 4736">
    <p class='ocr_par' dir='ltr' id='par_1_108' title="bbox 2216 4665 3798 4736">
     <span class='ocr_line' id='line_1_108' title="bbox 2216 4665 3798 4736; baseline -0.001 -11"><span class='ocrx_word' id='word_1_816' title='bbox 2216 4672 2497 4735; x_wconf 91' lang='lat' dir='ltr'><strong>omnibus,</strong></span> <span class='ocrx_word' id='word_1_817' title='bbox 2519 4677 2580 4724; x_wconf 92' lang='lat' dir='ltr'><strong>ut</strong></span> <span class='ocrx_word' id='word_1_818' title='bbox 2598 4683 2758 4723; x_wconf 86' lang='lat' dir='ltr'><strong>omne</strong></span> <span class='ocrx_word' id='word_1_819' title='bbox 2780 4667 2924 4736; x_wconf 92' lang='lat' dir='ltr'><strong>quod</strong></span> <span class='ocrx_word' id='word_1_820' title='bbox 2945 4667 3092 4721; x_wconf 84' lang='lat' dir='ltr'><strong>dedit</strong></span> <span class='ocrx_word' id='word_1_821' title='bbox 3123 4666 3173 4719; x_wconf 90' lang='lat' dir='ltr'><strong>ei</strong></span> <span class='ocrx_word' id='word_1_822' title='bbox 3198 4665 3359 4720; x_wconf 89' lang='lat' dir='ltr'><strong>Pater</strong></span> <span class='ocrx_word' id='word_1_823' title='bbox 3395 4680 3500 4720; x_wconf 91' lang='lat' dir='ltr'><strong>non</strong></span> <span class='ocrx_word' id='word_1_824' title='bbox 3529 4677 3716 4735; x_wconf 87' lang='lat' dir='ltr'><strong>pereat</strong></span> <span class='ocrx_word' id='word_1_825' title='bbox 3740 4671 3798 4726; x_wconf 89' lang='lat' dir='ltr'><strong>in</strong></span> 
     </span>
    </p>
   </div>
   <div class='ocr_carea' id='block_1_109' title="bbox 2219 4775 2500 4820">
    <p class='ocr_par' dir='ltr' id='par_1_109' title="bbox 2219 4775 2500 4820">
     <span class='ocr_line' id='line_1_109' title="bbox 2219 4775 2500 4820; baseline -0.018 0"><span class='ocrx_word' id='word_1_826' title='bbox 2219 4775 2500 4820; x_wconf 69' lang='lat' dir='ltr'><strong>aeternum.</strong></span> 
     </span>
    </p>
   </div>
   <div class='ocr_carea' id='block_1_110' title="bbox 2300 4851 3801 4922">
    <p class='ocr_par' dir='ltr' id='par_1_110' title="bbox 2300 4851 3801 4922">
     <span class='ocr_line' id='line_1_110' title="bbox 2300 4851 3801 4922; baseline 0.001 -15"><span class='ocrx_word' id='word_1_827' title='bbox 2300 4876 2318 4907; x_wconf 84' lang='grc'><strong>‹</strong></span> <span class='ocrx_word' id='word_1_828' title='bbox 2353 4856 2420 4909; x_wconf 87' lang='lat' dir='ltr'><strong>Et</strong></span> <span class='ocrx_word' id='word_1_829' title='bbox 2456 4853 2592 4907; x_wconf 77' lang='lat' dir='ltr'><strong>dixit</strong></span> <span class='ocrx_word' id='word_1_830' title='bbox 2630 4853 2888 4908; x_wconf 87' lang='lat' dir='ltr'><strong>Dominus</strong></span> <span class='ocrx_word' id='word_1_831' title='bbox 2925 4853 3060 4922; x_wconf 91' lang='lat' dir='ltr'><strong>pisci</strong></span> <span class='ocrx_word' id='word_1_832' title='bbox 3095 4870 3108 4905; x_wconf 92' lang='lat'><strong>:</strong></span> <span class='ocrx_word' id='word_1_833' title='bbox 3142 4861 3197 4907; x_wconf 90' lang='lat' dir='ltr'><strong>et</strong></span> <span class='ocrx_word' id='word_1_834' title='bbox 3235 4853 3472 4907; x_wconf 86' lang='lat' dir='ltr'><strong>evomuit</strong></span> <span class='ocrx_word' id='word_1_835' title='bbox 3508 4851 3702 4908; x_wconf 85' lang='lat' dir='ltr'><strong>Jonam</strong></span> <span class='ocrx_word' id='word_1_836' title='bbox 3744 4855 3801 4909; x_wconf 92' lang='lat' dir='ltr'><strong>in</strong></span> 
     </span>
    </p>
   </div>
   <div class='ocr_carea' id='block_1_111' title="bbox 2230 4941 3801 5012">
    <p class='ocr_par' dir='ltr' id='par_1_111' title="bbox 2230 4941 3801 5012">
     <span class='ocr_line' id='line_1_111' title="bbox 2230 4941 3801 5012; baseline -0.001 -13"><span class='ocrx_word' id='word_1_837' title='bbox 2230 4947 2458 5001; x_wconf 89' lang='lat' dir='ltr'><strong>aridam.</strong></span> <span class='ocrx_word' id='word_1_838' title='bbox 2494 4964 2512 4996; x_wconf 82' lang='grc'>›</span> <span class='ocrx_word' id='word_1_839' title='bbox 2567 4942 2885 5012; x_wconf 71' lang='lat' dir='ltr'><strong>Praecipitur</strong></span> <span class='ocrx_word' id='word_1_840' title='bbox 2921 4958 2952 4995; x_wconf 92' lang='lat' dir='ltr'><strong>a</strong></span> <span class='ocrx_word' id='word_1_841' title='bbox 2994 4944 3103 4996; x_wconf 90' lang='lat' dir='ltr'><strong>Deo</strong></span> <span class='ocrx_word' id='word_1_842' title='bbox 3132 4941 3293 4996; x_wconf 87' lang='lat' dir='ltr'><strong>Patre</strong></span> <span class='ocrx_word' id='word_1_843' title='bbox 3331 4958 3522 5012; x_wconf 79' lang='lat' dir='ltr'><strong>magno</strong></span> <span class='ocrx_word' id='word_1_844' title='bbox 3559 4953 3682 4998; x_wconf 85' lang='lat' dir='ltr'><strong>ceto</strong></span> <span class='ocrx_word' id='word_1_845' title='bbox 3711 4945 3801 4997; x_wconf 87' lang='lat' dir='ltr'><strong>in-</strong></span> 
     </span>
    </p>
   </div>
   <div class='ocr_carea' id='block_1_112' title="bbox 2227 5033 3806 5099">
    <p class='ocr_par' dir='ltr' id='par_1_112' title="bbox 2227 5033 3806 5099">
     <span class='ocr_line' id='line_1_112' title="bbox 2227 5033 3806 5099; baseline -0.002 -7"><span class='ocrx_word' id='word_1_846' title='bbox 2227 5038 2398 5099; x_wconf 87' lang='lat' dir='ltr'><strong>ferno,</strong></span> <span class='ocrx_word' id='word_1_847' title='bbox 2427 5043 2485 5089; x_wconf 91' lang='lat' dir='ltr'><strong>ut</strong></span> <span class='ocrx_word' id='word_1_848' title='bbox 2516 5035 2764 5089; x_wconf 88' lang='lat' dir='ltr'><strong>restituat</strong></span> <span class='ocrx_word' id='word_1_849' title='bbox 2791 5033 3124 5088; x_wconf 88' lang='lat' dir='ltr'><strong>Salvatorem</strong></span> <span class='ocrx_word' id='word_1_850' title='bbox 3151 5043 3329 5098; x_wconf 68' lang='lat' dir='ltr'><strong>terraa,</strong></span> <span class='ocrx_word' id='word_1_851' title='bbox 3355 5035 3406 5088; x_wconf 88' lang='lat' dir='ltr'><strong>id</strong></span> <span class='ocrx_word' id='word_1_852' title='bbox 3427 5044 3510 5089; x_wconf 85' lang='lat' dir='ltr'><strong>est</strong></span> <span class='ocrx_word' id='word_1_853' title='bbox 3536 5035 3724 5090; x_wconf 78' lang='lat' dir='ltr'><strong>solidze</strong></span> <span class='ocrx_word' id='word_1_854' title='bbox 3748 5044 3806 5089; x_wconf 91' lang='lat' dir='ltr'><strong>et</strong></span> 
     </span>
    </p>
   </div>
   <div class='ocr_carea' id='block_1_113' title="bbox 2229 5125 3806 5195">
    <p class='ocr_par' dir='ltr' id='par_1_113' title="bbox 2229 5125 3806 5195">
     <span class='ocr_line' id='line_1_113' title="bbox 2229 5125 3806 5195; baseline -0.001 -14"><span class='ocrx_word' id='word_1_855' title='bbox 2229 5127 2515 5182; x_wconf 90' lang='lat' dir='ltr'><strong>immortali</strong></span> <span class='ocrx_word' id='word_1_856' title='bbox 2544 5131 2685 5189; x_wconf 75' lang='lat' dir='ltr'><strong>vitze,</strong></span> <span class='ocrx_word' id='word_1_857' title='bbox 2701 5125 2858 5193; x_wconf 88' lang='lat' dir='ltr'><strong>quia:</strong></span> <span class='ocrx_word' id='word_1_858' title='bbox 2881 5144 2898 5174; x_wconf 78' lang='grc' dir='ltr'>ι</span> <span class='ocrx_word' id='word_1_859' title='bbox 2930 5140 3216 5195; x_wconf 83' lang='lat' dir='ltr'><strong>resurgens</strong></span> <span class='ocrx_word' id='word_1_860' title='bbox 3244 5141 3274 5178; x_wconf 92' lang='lat' dir='ltr'><strong>a</strong></span> <span class='ocrx_word' id='word_1_861' title='bbox 3300 5125 3527 5179; x_wconf 90' lang='lat' dir='ltr'><strong>mortuis</strong></span> <span class='ocrx_word' id='word_1_862' title='bbox 3547 5125 3663 5192; x_wconf 87' lang='lat' dir='ltr'><strong>jam</strong></span> <span class='ocrx_word' id='word_1_863' title='bbox 3695 5144 3806 5182; x_wconf 87' lang='lat' dir='ltr'><strong>non</strong></span> 
     </span>
    </p>
   </div>
   <div class='ocr_carea' id='block_1_114' title="bbox 2232 5216 3811 5282">
    <p class='ocr_par' dir='ltr' id='par_1_114' title="bbox 2232 5216 3811 5282">
     <span class='ocr_line' id='line_1_114' title="bbox 2232 5216 3811 5282; baseline -0.001 -10"><span class='ocrx_word' id='word_1_864' title='bbox 2232 5218 2478 5280; x_wconf 89' lang='lat' dir='ltr'><strong>moritur,</strong></span> <span class='ocrx_word' id='word_1_865' title='bbox 2510 5231 2654 5269; x_wconf 88' lang='lat' dir='ltr'><strong>mors</strong></span> <span class='ocrx_word' id='word_1_866' title='bbox 2679 5216 2753 5268; x_wconf 93' lang='lat' dir='ltr'><strong>illi</strong></span> <span class='ocrx_word' id='word_1_867' title='bbox 2780 5216 2920 5268; x_wconf 89' lang='lat' dir='ltr'><strong>ultra</strong></span> <span class='ocrx_word' id='word_1_868' title='bbox 2944 5230 3047 5269; x_wconf 93' lang='lat' dir='ltr'><strong>non</strong></span> <span class='ocrx_word' id='word_1_869' title='bbox 3071 5216 3452 5270; x_wconf 89' lang='lat' dir='ltr'><strong>dominabitur.</strong></span> <span class='ocrx_word' id='word_1_870' title='bbox 3476 5235 3495 5266; x_wconf 74' lang='grc' dir='ltr'><strong><em>ι</em></strong></span> <span class='ocrx_word' id='word_1_871' title='bbox 3530 5216 3685 5282; x_wconf 86' lang='lat' dir='ltr'><strong>Quod</strong></span> <span class='ocrx_word' id='word_1_872' title='bbox 3711 5234 3811 5270; x_wconf 87' lang='lat' dir='ltr'><strong>au-</strong></span> 
     </span>
    </p>
   </div>
   <div class='ocr_carea' id='block_1_115' title="bbox 2237 5308 3811 5377">
    <p class='ocr_par' dir='ltr' id='par_1_115' title="bbox 2237 5308 3811 5377">
     <span class='ocr_line' id='line_1_115' title="bbox 2237 5308 3811 5377; baseline -0.001 -13"><span class='ocrx_word' id='word_1_873' title='bbox 2237 5319 2340 5364; x_wconf 88' lang='lat' dir='ltr'><strong>tem</strong></span> <span class='ocrx_word' id='word_1_874' title='bbox 2371 5309 2567 5362; x_wconf 89' lang='lat' dir='ltr'><strong>dicitur</strong></span> <span class='ocrx_word' id='word_1_875' title='bbox 2598 5327 2615 5358; x_wconf 76' lang='grc' dir='ltr'>ι</span> <span class='ocrx_word' id='word_1_876' title='bbox 2662 5309 2918 5372; x_wconf 89' lang='lat' dir='ltr'><strong>evomuit,</strong></span> <span class='ocrx_word' id='word_1_877' title='bbox 2950 5327 2968 5358; x_wconf 77' lang='grc' dir='ltr'><strong><em>ι</em></strong></span> <span class='ocrx_word' id='word_1_878' title='bbox 3001 5309 3234 5362; x_wconf 90' lang='lat' dir='ltr'><strong>ostendit</strong></span> <span class='ocrx_word' id='word_1_879' title='bbox 3260 5308 3402 5377; x_wconf 80' lang='lat' dir='ltr'><strong>quod</strong></span> <span class='ocrx_word' id='word_1_880' title='bbox 3429 5323 3494 5361; x_wconf 83' lang='lat' dir='ltr'><strong>ex</strong></span> <span class='ocrx_word' id='word_1_881' title='bbox 3523 5308 3811 5376; x_wconf 81' lang='lat' dir='ltr'><strong>profundis</strong></span> 
     </span>
    </p>
   </div>
   <div class='ocr_carea' id='block_1_116' title="bbox 2233 5397 3811 5467">
    <p class='ocr_par' dir='ltr' id='par_1_116' title="bbox 2233 5397 3811 5467">
     <span class='ocr_line' id='line_1_116' title="bbox 2233 5397 3811 5467; baseline -0.001 -13"><span class='ocrx_word' id='word_1_882' title='bbox 2233 5399 2423 5454; x_wconf 89' lang='lat' dir='ltr'><strong>mortis</strong></span> <span class='ocrx_word' id='word_1_883' title='bbox 2451 5397 2770 5460; x_wconf 92' lang='lat' dir='ltr'><strong>recessibus,</strong></span> <span class='ocrx_word' id='word_1_884' title='bbox 2804 5406 3060 5467; x_wconf 91' lang='lat' dir='ltr'><strong>tanquam</strong></span> <span class='ocrx_word' id='word_1_885' title='bbox 3079 5413 3142 5452; x_wconf 89' lang='lat' dir='ltr'><strong>ex</strong></span> <span class='ocrx_word' id='word_1_886' title='bbox 3177 5398 3383 5454; x_wconf 89' lang='lat' dir='ltr'><strong>intimis</strong></span> <span class='ocrx_word' id='word_1_887' title='bbox 3403 5400 3509 5454; x_wconf 90' lang='lat' dir='ltr'><strong>ceti</strong></span> <span class='ocrx_word' id='word_1_888' title='bbox 3534 5400 3811 5461; x_wconf 89' lang='lat' dir='ltr'><strong>vitalibus,</strong></span> 
     </span>
    </p>
   </div>
   <div class='ocr_carea' id='block_1_117' title="bbox 2234 5489 3064 5558">
    <p class='ocr_par' dir='ltr' id='par_1_117' title="bbox 2234 5489 3064 5558">
     <span class='ocr_line' id='line_1_117' title="bbox 2234 5489 3064 5558; baseline -0.004 -13"><span class='ocrx_word' id='word_1_889' title='bbox 2234 5490 2484 5545; x_wconf 88' lang='lat' dir='ltr'><strong>Christus</strong></span> <span class='ocrx_word' id='word_1_890' title='bbox 2513 5489 2697 5544; x_wconf 89' lang='lat' dir='ltr'><strong>vivens</strong></span> <span class='ocrx_word' id='word_1_891' title='bbox 2723 5491 3064 5558; x_wconf 89' lang='lat' dir='ltr'><strong>processerit.</strong></span> 
     </span>
    </p>
   </div>
   <div class='ocr_carea' id='block_1_118' title="bbox 2839 5624 3204 5680">
    <p class='ocr_par' dir='ltr' id='par_1_118' title="bbox 2839 5624 3204 5680">
     <span class='ocr_line' id='line_1_118' title="bbox 2839 5624 3204 5680; baseline -0.005 0"><span class='ocrx_word' id='word_1_892' title='bbox 2839 5624 3064 5680; x_wconf 85' lang='lat' dir='ltr'><strong>CAPUT</strong></span> <span class='ocrx_word' id='word_1_893' title='bbox 3120 5625 3204 5678; x_wconf 88' lang='lat' dir='ltr'><strong>III.</strong></span> 
     </span>
    </p>
   </div>
   <div class='ocr_carea' id='block_1_119' title="bbox 2318 5756 3822 5826">
    <p class='ocr_par' dir='ltr' id='par_1_119' title="bbox 2318 5756 3822 5826">
     <span class='ocr_line' id='line_1_119' title="bbox 2318 5756 3822 5826; baseline 0.001 -17"><span class='ocrx_word' id='word_1_894' title='bbox 2318 5777 2335 5808; x_wconf 72' lang='grc' dir='ltr'>ς</span> <span class='ocrx_word' id='word_1_895' title='bbox 2359 5758 2422 5812; x_wconf 86' lang='lat' dir='ltr'><strong>Et</strong></span> <span class='ocrx_word' id='word_1_896' title='bbox 2445 5757 2644 5812; x_wconf 91' lang='lat' dir='ltr'><strong>factum</strong></span> <span class='ocrx_word' id='word_1_897' title='bbox 2666 5766 2749 5813; x_wconf 89' lang='lat' dir='ltr'><strong>est</strong></span> <span class='ocrx_word' id='word_1_898' title='bbox 2767 5760 2987 5813; x_wconf 89' lang='lat' dir='ltr'><strong>verbum</strong></span> <span class='ocrx_word' id='word_1_899' title='bbox 3013 5757 3223 5813; x_wconf 90' lang='lat' dir='ltr'><strong>Domini</strong></span> <span class='ocrx_word' id='word_1_900' title='bbox 3249 5759 3315 5812; x_wconf 93' lang='lat' dir='ltr'><strong>ad</strong></span> <span class='ocrx_word' id='word_1_901' title='bbox 3338 5757 3528 5812; x_wconf 87' lang='lat' dir='ltr'><strong>Jonam</strong></span> <span class='ocrx_word' id='word_1_902' title='bbox 3553 5756 3822 5826; x_wconf 84' lang='lat' dir='ltr'><strong>secundo,</strong></span> 
     </span>
    </p>
   </div>
  </div>
