4022 6440
283 395 381 451 l3?

1284 399 1682 458 ΒΝΑΒΒΑΪΙΟ
1720 401 1787 457 IN
1827 403 2042 460 JONASI
2076 404 2515 463 PROPHETAH.

3425 388 3526 471 iss

278 512 502 568 dicens:
536 510 729 582 Surge,
757 510 891 567 vade
918 513 986 567 ad
1012 512 1239 569 Ninlven
1270 514 1541 569 civitatem
1577 531 1844 587 magnam.
1879 523 1924 579 Α
1951 518 2094 587 quod
2118 529 2203 575 est
2225 520 2426 590 palam,
2456 521 2509 575 id
2536 532 2619 577 est
2652 538 2859 580 saccus.
2909 522 3055 580 Talis
3086 524 3283 590 victus,
3317 529 3525 584 eLtalis

279 611 336 658 et
359 601 591 691 praedica
618 600 762 654 in.ea
791 600 1228 691 praedicationem
1265 617 1433 691 quam
1450 618 1550 674 ego
1575 602 1767 673 loquor
1788 605 1857 659 ad
1958 609 2172 666 habitus
2198 613 2581 681 paenitentibus
2608 618 2880 684 convenit,
2909 626 2964 672 et
2988 617 3148 689 digne
3173 598 3324 684 satis,
3351 630 3409 676 ut
3433 625 3525 691 qui

279 700 354 748 te.
376 711 396 744 ι
441 689 557 746 Non
588 690 924 761 inerepatur,
957 705 1059 745 nec
1087 690 1287 746 dicitur
1308 691 1379 756 ei,
1409 690 1519 748 Cur
1543 709 1651 749 non
1680 694 1854 752 fecisti

277 783 424 854 quod
444 782 688 853 praecepi
705 783 731 836 ?
765 781 1065 838 Sul‘fecerat
1101 784 1248 838 enim
1273 784 1561 841 durissima
1584 786 1855 858 naufragii

272 882 334 928 et
367 872 734 928 devorationis
770 872 1060 928 correctio.
1112 868 1298 944 Neque
1339 875 1486 930 enim
1527 891 1689 931 servo
1732 885 1855 947 post

273 963 463 1033 plagas
483 963 783 1033 imputatur
800 963 942 1032 quod
965 961 1112 1018 fecit.
1139 961 1246 1018 Sed
1269 974 1326 1020 et
1342 965 1571 1036 mystice
1594 965 1852 1021 Dominus

274 1062 481 1127 noster,
508 1054 596 1122 qui
628 1053 825 1109 missus
862 1052 1042 1109 fuerat
1072 1053 1141 1108 ad
1168 1055 1481 1110 salvandam
1520 1055 1770 1121 Niniven,
1797 1057 1851 1111 id

268 1154 354 1204 est
391 1144 745 1214 gentilitatem
769 1185 787 1212 ,
825 1155 884 1201 et
928 1146 1327 1215 quodammodo
1375 1144 1559 1215 fugere
1593 1147 1847 1215 volebat,

270 1252 534 1292 recusans
547 1239 889 1307 passionem,
918 1246 973 1293 et
1000 1238 1186 1295 dicens
1211 1257 1226 1294 :
1258 1257 1277 1290 ι
1309 1238 1490 1303 Pater,
1518 1239 1562 1294 si
1589 1240 1849 1309 possibile

268 1335 378 1392 est,
406 1335 651 1382 transeat
675 1342 707 1381 a
735 1342 824 1382 me
853 1326 994 1381 calix
1027 1326 1147 1383 iste.
1181 1347 1200 1379 ι
1247 1326 1401 1382 Nunc
1428 1336 1712 1398 postquam
1746 1327 1843 1394 illi,

268 1427 493 1491 propter
512 1432 652 1489 quos
679 1417 790 1488 pati
822 1416 1060 1483 nolebat,
1089 1417 1480 1484 clamaverunt,
1516 1436 1535 1468 ι
1559 1417 1842 1488 Crucifige,

265 1508 549 1576 crucifige,
573 1528 592 1560 ι
623 1515 697 1573 ει,
724 1527 742 1559 ι
769 1507 885 1562 Non
915 1508 1175 1564 habemus
1197 1523 1377 1579 regem
1401 1508 1501 1563 nisi
1523 1507 1839 1575 Caesarem,»

267 1599 510 1655 redditus
535 1600 603 1655 de
629 1608 819 1654 ventre
844 1599 981 1665 ceti,
1013 1599 1067 1655 id
1095 1608 1206 1665 est,
1237 1600 1590 1655 resuscitatus
1631 1616 1661 1655 a
1701 1616 1845 1655 mor-

269 1690 399 1757 tuis,
431 1691 628 1748 iterato
656 1691 911 1764 dirigitur
936 1691 1003 1747 ad
1044 1692 1298 1764 Niniven,
1337 1702 1398 1747 ut
1434 1693 1689 1762 praedicet
1721 1702 1844 1764 post

270 1781 721 1837 resurrectionem
743 1823 760 1848 ,
780 1763 945 1851 quod
975 1783 1025 1838 ei
1054 1798 1085 1837 a
1120 1763 1282 1838 Patre
1316 1781 1491 1838 fuerat
1519 1763 1840 1853 imperatum

1954 698 2120 755 Deum
2153 700 2280 755 luxu
2310 710 2365 756 ct
2392 702 2687 757 ambitione
2711 707 3068 774 pretiosarum
3097 709 3325 765 vestium
3352 709 3522 766 offen-

1953 790 2164 856 derant,
2187 807 2331 847 nunc
2348 790 2557 862 jejunio
2581 801 2638 847 et
2663 793 2838 851 cilicio
2858 811 2981 852 eum
3006 797 3235 869 placent.
3266 798 3331 854 Et
3355 800 3526 870 major

1950 888 2081 936 antas
2107 881 2314 950 incipit,
2345 882 2590 951 sequitur
2615 884 2812 948 minor,
2844 888 2967 954 quia
3001 888 3177 945 nullus
3205 899 3289 947 est
3317 892 3521 961 absque

1948 980 2192 1041 peccato,
2226 988 2327 1029 nec
2365 972 2542 1029 infans
2578 975 2738 1030 unius
2772 975 2879 1030 diei
2912 976 3066 1046 cujus
3103 980 3211 1036 vita
3246 990 3329 1039 est
3348 964 3523 1054 super

1950 1071 2171 1119 terram.

2022 1155 2121 1210 «Et
2144 1155 2388 1225 pervenit
2410 1156 2630 1212 verbum
2657 1157 2723 1213 ad
2753 1172 2933 1228 regem
2958 1155 3179 1224 Ninive,
3204 1170 3258 1215 et
3288 1165 3527 1220 surrexi:

1946 1242 2013 1299 de
2043 1243 2178 1299 solio
2207 1261 2327 1310 suo,
2369 1257 2424 1302 et
2463 1245 2661 1315 abjecit
2688 1248 3013 1303 vestimenta
3038 1263 3134 1303 sua
3168 1268 3196 1303 ιι
3230 1266 3308 1315 se,
3345 1262 3399 1307 et
3434 1254 3519 1309 in-

1946 1333 2106 1389 dutus
2136 1343 2218 1394 est
2246 1350 2427 1401 sacco,
2463 1343 2518 1390 et
2545 1336 2685 1391 sedit
2714 1337 2768 1391 in
2795 1336 2997 1399 cinere,
3041 1345 3096 1392 et
3138 1339 3421 1405 clamavit,
3465 1352 3523 1395 ct

1943 1421 2079 1476 dixit
2101 1424 2153 1478 in
2176 1423 2367 1479 Ninive
2388 1441 2456 1481 ex
2476 1441 2573 1481 ore
2593 1426 2737 1497 regis
2756 1434 2811 1481 et
2831 1426 3131 1497 principum
3150 1428 3284 1497 ejus,
3302 1429 3486 1485 dicens
3502 1452 3523 1507 ξ

1942 1513 2214 1579 Homines,
2238 1524 2294 1572 et
2312 1514 2580 1585 jumenta,
2600 1525 2655 1571 et
2674 1518 2860 1585 boves,
2880 1526 2936 1572 et
2956 1532 3154 1589 pecora
3178 1533 3283 1574 non
3304 1531 3522 1591 gustent

1941 1604 2261 1675 quidquam,
2294 1622 2395 1662 nec
2422 1615 2735 1677 pascantur,
2771 1616 2827 1663 et
2855 1624 3048 1682 aquam
3078 1624 3185 1664 non
3214 1611 3430 1677 bibant;
3464 1623 3520 1669 et

1939 1696 2255 1765 operiuntur
2278 1700 2452 1752 saccis
2482 1698 2751 1765 homines,
2794 1705 2848 1754 et
2884 1698 3122 1770 iumenta
3165 1700 3402 1758 clament
3443 1708 3543 1773 ad,

1940 1782 2105 1838 Deum
2140 1786 2193 1839 in
2230 1783 2568 1852 fortitudine,
2606 1795 2661 1841 et
2697 1795 3040 1842 convertatur
3080 1789 3164 1844 vir
3209 1805 3239 1844 a
3284 1791 3371 1847 via
3416 1809 3514 1861 sua

266 1880 393 1927 ante
420 1871 748 1943 passionem.
796 1871 989 1927 Totum
1032 1882 1211 1928 autem
1232 1873 1344 1928 hoc
1371 1873 1515 1943 quod
1554 1873 1604 1926 ei
1645 1872 1837 1943 prmci-
1868 1857 1915 1917 Β
1944 1875 2115 1942 mala,
2153 1886 2212 1931 et
2246 1878 2313 1933 ab
2342 1876 2623 1948 iniquitate
2657 1894 2776 1949 qua:
2809 1888 2895 1935 est
2930 1880 2987 1936 in
3026 1881 3274 1938 manibus
3302 1857 3510 1939 eorum.

268 1963 437 2033 pitur,
473 1963 614 2034 quod
642 1963 858 2029 obedit,
899 1964 1040 2034 quod
1072 1980 1177 2019 nou
1204 1963 1343 2027 vult,
1386 1972 1441 2020 et
1480 1964 1674 2019 iterum
1706 1963 1841 2019 velle

270 2055 501 2127 cogitur,
528 2055 597 2109 ad
617 2054 845 2110 formam
874 2056 1017 2111 servi
1048 2055 1389 2113 referendum
1419 2064 1523 2112 est.

353 2166 372 2199 ι
404 2148 470 2203 Ει
497 2148 728 2204 surrexit
749 2149 938 2215 Jonas,
965 2158 1018 2205 et
1045 2150 1180 2205 abiit
1208 2150 1263 2205 in
1290 2150 1517 2205 Niniven
1541 2148 1697 2218 juxta
1724 2164 1843 2205 ver-

273 2238 400 2293 bum
420 2237 654 2293 Domini.
678 2258 697 2291 ι
735 2238 1002 2305 Surrexit,
1028 2240 1216 2309 inquit,
1241 2239 1441 2295 nullam
1461 2239 1589 2295 fecit
1610 2254 1838 2305 moram,

264 2331 360 2385 sed
386 2330 642 2385 centiam
668 2346 727 2386 se
749 2333 817 2385 ad
836 2331 1198 2387 obediendnm
1226 2333 1485 2387 accinxit.
1517 2352 1537 2384 ‹
1564 2331 1633 2388 Et
1651 2331 1841 2388 Ninive

261 2429 383 2475 erat
413 2408 610 2477 civitas
644 2437 843 2494 magna
889 2422 1084 2478 itinere
1114 2424 1321 2478 dierum
1364 2423 1546 2478 trium.
1581 2442 1600 2476 ι
1652 2423 1839 2479 Ninive

259 2511 455 2567 civitas
490 2527 523 2566 a
564 2512 701 2568 Nino
744 2511 855 2567 Beli
896 2512 1039 2578 filio,
1083 2513 1259 2583 primo
1297 2528 1422 2584 rege
1458 2515 1837 2586 Assyriorum,

259 2602 482 2657 condita
526 2609 649 2668 est,
696 2618 858 2674 quam
904 2603 1088 2660 ferunt
1132 2604 1267 2659 tanti
1314 2618 1435 2663 esse
1479 2605 1738 2672 ambitus,
1780 2618 1840 2663 ut

261 2691 426 2746 trium
459 2692 668 2748 dierum
698 2693 870 2764 possit
896 2694 1092 2750 itinere
1123 2694 1364 2751 circuiri.
1403 2695 1508 2752 Sed
1538 2695 1703 2754 Jonas
1724 2696 1849 2769 jam

160 2850 167 2855 ,
256 2793 560 2849 correctus,
589 2792 645 2839 et
672 2783 936 2858 naufragii
964 2788 1105 2857 quod
1135 2788 1433 2859 pertulerat
1459 2805 1685 2857 memor,
1737 2792 1840 2847 iter

255 2875 426 2931 trium
448 2875 655 2932 dierum
683 2878 842 2932 unius
863 2877 970 2933 diei
996 2877 1344 2936 festinatione
1364 2881 1671 2952 complevit.
1699 2881 1840 2939 Sunt

254 2968 354 3038 qui
407 2977 619 3039 putant.
644 2970 789 3041 quod
839 2970 894 3027 in
947 2972 1109 3027 tertia
1141 2980 1349 3027 tantum
1399 2983 1554 3043 parte
1600 2975 1841 3032 civitatis

254 3060 668 3131 prmdicaverit.
704 3070 759 3119 et
791 3062 870 3119 sic
899 3062 969 3117 ad
996 3077 1187 3119 omnes
1225 3064 1627 3134 prmdicationis
1655 3081 1837 3121 sermo

254 3154 583 3224 pervenerit.
630 3154 697 3210 Et
729 3154 823 3210 Dei
852 3153 1023 3209 Filius
1057 3155 1297 3211 surrexit
1324 3171 1354 3210 a
1386 3156 1646 3219 mortuis,
1687 3165 1742 3211 et
1782 3157 1833 3211 in

253 3248 518 3321 apostolis
552 3249 791 3320 perrexit
822 3249 897 3315 ad
932 3248 1194 3315 Niniven,
1241 3249 1343 3305 hoc
1387 3257 1503 3315 est,
1549 3249 1603 3305 in
1649 3264 1837 3304 omnes

254 3341 446 3397 mundi
476 3341 731 3396 terminos
758 3342 952 3397 itinere
977 3341 1187 3397 dierum
1217 3343 1402 3407 trium,
1426 3342 1552 3413 quia
1584 3341 1837 3412 praecepit

251 3444 319 3489 ut
351 3432 687 3502 baptizarent
713 3442 902 3506 gentes
948 3432 1003 3488 in
1027 3434 1246 3489 nomine
1279 3434 1476 3496 Patris,
1515 3442 1571 3489 ct
1612 3432 1753 3499 Filii,
1781 3441 1837 3487 et

252 3523 496 3596 Spiritus
524 3525 716 3581 sancti.
767 3525 873 3583 Sed
906 3527 1012 3582 hoc
1046 3528 1149 3581 iter
1179 3528 1342 3582 trium
1374 3527 1583 3583 dierum
1614 3543 1720 3582 una
1749 3528 1834 3582 via

248 3625 375 3681 est,
413 3615 549 3686 quia
576 3632 718 3672 unus
745 3625 828 3673 est
854 3616 997 3673 Deus
1026 3616 1188 3672 Pater
1217 3626 1274 3672 et
1301 3616 1473 3672 Filius
1514 3626 1568 3672 et
1602 3615 1835 3688 Spiritus

213 3718 498 3765 'sanctus.
553 3707 705 3765 Unde
743 3724 852 3763 non
892 3708 947 3763 in
989 3708 1328 3774 nominibus,
1380 3709 1474 3764 sed
1519 3710 1572 3765 in
1620 3709 1837 3765 nomine

249 3797 561 3862 Trinitatis,
605 3814 727 3870 quze
768 3814 908 3854 unus
949 3806 1033 3855 est
1075 3800 1242 3865 Deus,
1291 3809 1690 3855 sacramentum
1737 3800 1833 3854 ba-

248 3888 441 3959 ptismi
472 3889 769 3960 peragitur,
821 3905 927 3945 non
957 3899 1065 3944 tam
1097 3891 1165 3945 ab
1193 3889 1454 3960 apostolis
1483 3906 1645 3961 quam
1672 3907 1703 3947 a
1733 3892 1837 3946 Do-

251 3980 430 4041 mino,
458 3995 616 4048 quem
645 3978 811 4034 Jonas
839 3979 1235 4051 prmligurabat.
1264 3979 1330 4036 Et
1358 3982 1649 4036 notandum
1670 3984 1832 4052 quod,

252 4070 438 4123 tribus
460 4066 648 4121 diebus
674 4069 1126 4128 commemoratis,
1153 4072 1328 4125 noctis
1356 4071 1499 4129 nulla
1527 4070 1586 4124 fit
1612 4071 1835 4135 mentio,

253 4157 391 4228 quia
427 4155 481 4209 iu
517 4164 703 4211 sancta
733 4154 998 4211 Trinitatc
1039 4148 1170 4212 nihil
1216 4168 1298 4213 est
1340 4159 1662 4225 obscurum,
1704 4150 1836 4214 nihil

252 4246 629 4303 tenebrosum.

338 4360 356 4392 ο
384 4340 453 4396 Et
480 4340 644 4411 εωρῆ
666 4338 832 4395 Jonas
865 4339 1090 4396 introire
1120 4339 1171 4394 in
1203 4339 1476 4395 civitatem
1510 4339 1701 4395 itinere
1730 4332 1837 4395 diei

252 4432 452 4498 unius,
501 4439 556 4487 et
598 4432 885 4497 clamavit,
934 4440 989 4486 et
1034 4431 1211 4486 dixit:
1254 4431 1443 4486 Adhuc
1483 4430 1837 4502 quadraginta

1941 1962 2072 2033 Quis
2102 1966 2205 2021 scit
2233 1968 2279 2023 si
2312 1977 2660 2024 convertatur
2684 1976 2742 2024 et
2793 1970 3037 2041 ignoscat
3064 1970 3227 2038 Deus,
3254 1983 3309 2028 et
3336 1989 3537 2033 rever-;

1940 2066 2084 2111 tatur
2112 2073 2142 2113 a
2174 2058 2354 2115 furore
2382 2059 2475 2115 irae
2502 2076 2645 2126 sum,
2675 2069 2730 2118 et
2759 2078 2863 2117 non
2891 2064 3227 2133 peribimus?
3257 2085 3278 2119 ι
3311 2066 3511 2137 Regem

1940 2149 2131 2208 Ninive
2155 2152 2501 2224 philosophos
2525 2155 2803 2226 gentilium
2825 2156 3080 2213 debemus
3105 2160 3372 2229 accipere,
3397 2159 3515 2216 Pla-

1939 2250 2151 2308 tonem,
2198 2243 2580 2311 Aristotelem,
2629 2256 2992 2318 caeterosque,
3039 2249 3131 2319 qni
3171 2251 3326 2318 quasi
3362 2266 3517 2325 reges

1938 2343 2065 2390 sunt
2090 2336 2406 2402 hominum,
2456 2345 2513 2393 et
2542 2353 2731 2393 eorum
2774 2349 3043 2410 prrecepta
3080 2342 3159 2398 sic
3186 2343 3512 2406 observant.

1939 2425 2096 2495 quasi
2142 2426 2363 2483 oracula
2407 2427 2609 2483 divina.
2659 2428 2742 2483 Ad
2784 2430 2883 2485 hos
2929 2431 3222 2488 novissime
3266 2434 3513 2502 pervenit

1938 2518 2191 2584 verbum,
2239 2518 2365 2588 quia
2411 2518 2688 2575 novissimi
2739 2526 2795 2574 et
2839 2518 3105 2576 difﬁcilius
3142 2522 3508 2578 credilerunt.

1939 2607 2171 2665 Stultum
2225 2610 2366 2666 enim
2419 2611 2682 2682 putabant
2728 2610 2897 2667 Deum
2944 2614 3219 2670 hominem
3266 2618 3507 2686 potuisse

1937 2698 2076 2767 ﬁeri,
2108 2710 2162 2759 et
2192 2703 2350 2758 mori.
2396 2703 2597 2758 Verum
2628 2711 2683 2757 et
2712 2698 2838 2770 isti,
2881 2702 3007 2761 licet
3037 2704 3184 2760 tarde
3213 2705 3372 2762 fidem
3403 2705 3511 2777 Do-

1938 2790 2067 2846 mini
2111 2801 2492 2861 susceperunt,
2541 2801 2721 2848 tamen
2749 2793 3008 2865 depositis
3033 2796 3365 2852 ornamentis
3392 2812 3514 2853 ver—

1935 2879 2148 2946 borum,
2173 2890 2227 2936 et
2248 2876 2461 2952 pompis
2489 2883 2797 2954 dogmatum
2826 2884 3186 2950 saecularium,
3212 2885 3510 2957 simplicem

1936 2980 1990 3026 et
2020 2973 2274 3029 rusticam
2312 2973 2647 3044 piscatorum
2676 2970 2977 3030 doctrinam
3016 2977 3171 3048 sequi
3208 2991 3510 3047 cmperunt.

1936 3063 2192 3120 Homines
2219 3075 2398 3122 autem
2440 3075 2497 3122 et
2528 3066 2776 3137 jumenta
2806 3068 3180 3140 intelliguntur
3206 3078 3312 3125 tam
3344 3072 3512 3125 ratio-

1939 3154 2145 3209 nabiles
2173 3170 2335 3224 quam
2366 3156 2797 3222 irrationabiles,
2835 3159 2963 3228 quia
3003 3173 3163 3215 omne
3202 3174 3371 3230 genus
3411 3162 3509 3216 ho-

1939 3248 2146 3304 minum
2176 3256 2287 3304 tam
2323 3249 2533 3305 ratione
2564 3250 2866 3315 utentium,
2911 3265 3071 3320 quam
3112 3259 3168 3305 et
3207 3264 3391 3306 eorum
3418 3253 3514 3322 qui

1937 3356 2088 3398 more
2116 3342 2397 3397 brutornm
2422 3341 2674 3397 vivebant
2698 3341 3032 3404 animalium,
3053 3342 3119 3397 ad
3142 3343 3514 3412 pmnitentiaui

1934 3440 1990 3488 et
2031 3431 2098 3488 ad
2138 3432 2297 3487 fidem
2326 3431 2527 3489 Christi
2559 3447 2879 3489 conversum
2907 3441 3009 3489 est.
3053 3431 3150 3490 Vel
3191 3432 3363 3489 induti
3391 3444 3517 3491 sunt

1936 3535 2115 3588 sacco,
2147 3523 2201 3578 id
2228 3529 2346 3588 est,
2374 3522 2523 3578 luctu
2552 3532 2607 3578 et
2634 3537 2888 3587 mterore,
2917 3537 3077 3595 quem
3106 3523 3392 3579 sumebant
3420 3522 3525 3579 do-.

1936 3612 2107 3668 lentes
2131 3612 2326 3668 damna
2352 3613 2475 3667 vita:
2500 3612 2806 3683 praeteritae.
2841 3612 2993 3680 Quod
3024 3628 3214 3670 saccus
3239 3628 3338 3684 pro
3366 3613 3515 3670 luetn

1934 3712 2189 3775 ponatur,
2230 3702 2469 3758 ostendit
2515 3701 2801 3759 Psalmista
2850 3703 3074 3759 dicens:
3120 3723 3137 3755 ‹
3186 3701 3514 3760 Conscidisti

1937 3810 2153 3850 saccum
2186 3809 2395 3859 meum,
2425 3801 2480 3848 et
2504 3793 2906 3849 circumdedisti
2944 3809 3030 3850 me
3058 3793 3261 3849 iustitia.
3297 3815 3316 3845 ι
3370 3794 3515 3851 Sane

1931 3885 2084 3955 juxta
2112 3883 2376 3948 litteram,
2416 3882 2558 3954 quod
2587 3883 2892 3939 dubitantes
2926 3884 3140 3949 dicunt,
3177 3884 3437 3954 Quis'seit
3467 3887 3515 3943 si

1936 3983 2283 4031 eon'vertatur
2321 3983 2375 4029 et
2418 3975 2659 4046 ignoscat
2685 3974 2856 4039 Deus,
2903 3975 3023 4030 ideo
3044 3976 3301 4048 ambigue
3330 3970 3514 4048 prole-

1939 4072 2095 4129 runt,
2134 4072 2194 4117 ut
2227 4058 2372 4118 dubii
2403 4064 2468 4118 de
2496 4062 2669 4120 salute
2698 4064 2889 4121 fortius
2914 4075 3077 4137 agant
3104 4067 3474 4138 paenitentiam
3498 4111 3513 4134 ,

1937 4166 1993 4211 et
2016 4156 2186 4226 magis
2208 4166 2502 4225 provocent
2529 4156 2696 4211 Deum
2725 4158 2791 4212 ad
2819 4158 3264 4215 misericordiam.

2015 4265 2033 4298 ι
2067 4247 2130 4301 Et
2152 4248 2285 4301 vidit
2307 4247 2447 4303 Deus
2471 4263 2635 4318 opera
2670 4264 2891 4315 eorum,
2927 4250 3050 4321 quia
3090 4254 3339 4309 conversi
3381 4266 3508 4311 sunt

1939 4330 2004 4394 de
2028 4338 2112 4395 via
2137 4354 2232 4394 sua
2272 4333 2409 4394 mala
2429 4381 2443 4404 ,
2493 4351 2546 4395 et
2573 4342 2825 4397 misertus
2854 4352 2940 4398 est
2982 4342 3124 4399 Deus
3152 4360 3314 4415 super
3352 4350 3506 4402 malis

1941 4431 2097 4496 tiam,
2128 4446 2287 4499 quam
2317 4430 2527 4486 locutus
2557 4430 2731 4487 fuerat
2763 4440 2822 4486 ut
2846 4432 3047 4489 faceret
3071 4432 3180 4495 eis,
3211 4444 3264 4490 ει
3291 4451 3395 4491 non
3430 4438 3507 4490 fe-

251 4526 407 4588 dies,
449 4532 505 4579 et
544 4522 735 4579 Ninive
764 4524 1127 4578 subvertctur.
1165 4542 1182 4573 ι
1233 4522 1707 4595 Quadragenarius
1738 4540 1835 4577 nn--
1860 4553 1911 4613 Β
1938 4512 2030 4576 cit.
2067 4541 2084 4573 ι
2115 4514 2266 4574 Sicut
2286 4506 2412 4576 tunc
2433 4520 2665 4593 Assyria:
2688 4523 2827 4585 urbi,
2854 4523 2906 4577 id
2932 4534 3013 4580 est
3036 4523 3247 4590 Ninive,
3280 4528 3359 4583 sic
3376 4546 3510 4600 quo-

252 4632 445 4674 tnerus
480 4603 855 4689 peccatoribus
889 4615 1139 4670 convenit
1177 4615 1231 4669 in
1261 4603 1468 4682 jejunio
1505 4623 1561 4668 ct
1598 4608 1650 4668 in
1690 4604 1827 4669 allii-

251 4706 477 4763 etione:
511 4704 649 4761 unde
676 4712 732 4759 et
760 4703 970 4775 Moyses
1012 4713 1068 4759 et
1111 4704 1256 4759 Elias
1286 4713 1364 4759 tot
1389 4704 1577 4759 diebus
1613 4702 1829 4773 jejuna-

243 4803 485 4861 ,verunt,
534 4794 649 4866 ipse
682 4791 941 4848 Dominus
976 4808 1136 4848 verus
1170 4791 1338 4848 Jonas
1374 4793 1427 4848 in
1467 4793 1724 4847 mundum
1763 4781 1830 4847 ad

253 4884 659 4957 praedicandum
695 4885 892 4943 missus
922 4884 1023 4941 boc
1059 4885 1217 4941 nobis
1247 4885 1513 4957 jejunium
1545 4900 1832 4940 consecra-

253 4975 354 5030 vit.
408 4973 804 5028 Attendendum
847 4976 987 5044 quod
1031 4975 1232 5030 dictum
1274 4982 1394 5039 est,
1450 4993 1469 5026 ι
1503 4974 1772 5030 clamavit.
1810 4994 1827 5026 ι

254 5063 389 5120 Tale
425 5072 482 5119 et
515 5064 580 5119 de
617 5063 843 5119 Domino
885 5064 1141 5135 legimus,
1192 5065 1318 5135 quia
1355 5073 1505 5120 stans
1541 5064 1594 5118 in
1633 5057 1833 5134 templo

254 5154 550 5211 clamavit:
581 5173 600 5206 ι
623 5150 692 5210 ἐἰ
718 5152 842 5225 quis
869 5155 1014 5219 sitit,
1047 5154 1230 5210 veniat
1253 5163 1309 5209 et
1338 5155 1507 5210 bibat.
1539 5172 1557 5204 ι
1610 5144 1833 5226 Magnus

255 5245 466 5302 clamor
496 5254 581 5302 est
613 5246 789 5301 omnis
826 5260 1005 5302 sermo
1040 5236 1277 5312 Christi,
1326 5238 1453 5317 quia
1497 5260 1689 5317 magna
1738 5259 1831 5299 an-

256 5338 493 5393 nuntiat.

337 5446 357 5480 ι
384 5428 452 5484 Ει
475 5429 821 5486 crediderunt
846 5428 949 5483 viri
977 5427 1224 5484 Ninivitze
1252 5420 1307 5482 in
1339 5426 1586 5492 Domino,
1613 5434 1667 5483 et
1693 5441 1832 5498 prae-

258 5519 577 5574 dicaverunt
596 5516 891 5589 jejunium,
927 5529 983 5575 et
1005 5509 1184 5574 vestiti
1215 5528 1341 5575 sunt
1368 5519 1543 5574 saccis
1571 5533 1602 5573 a
1629 5516 1831 5587 majore

261 5624 434 5679 usque
459 5610 526 5665 ad
556 5610 840 5666 minorem.
874 5631 892 5664 ι
946 5611 1117 5683 Major
1139 5620 1272 5667 mtas
1294 5611 1522 5666 credidit
1558 5606 1612 5664 in
1644 5609 1828 5665 Domi-

261 5716 433 5770 num,
474 5702 829 5773 praedicantes
863 5701 1126 5770 jejunium
1152 5744 1166 5766 ,
1215 5710 1269 5757 et
1307 5717 1465 5756 sacco
1506 5700 1827 5756 vcstiuntur.

262 5794 407 5850 Ante
431 5793 573 5866 quod
602 5801 685 5850 est
713 5792 1004 5859 occultum,
1042 5794 1094 5849 id
1120 5802 1220 5857 est,
1242 5791 1529 5861 jejunium,
1554 5801 1677 5865 post
1706 5791 1834 5847 illud

739 5884 1010 5946 Parant.
1055 5884 1305 5946 CXVII.

1939 4606 2068 4666 tidie
2097 4611 2237 4666 Deus
2273 4612 2419 4666 omni
2456 4612 2655 4667 mundo
2694 4613 2934 4668 minatur
2975 4614 3249 4670 interitum
3289 4618 3354 4673 ad
3388 4618 3508 4683 hoc,

1938 4708 1996 4754 ut
2029 4701 2597 4771 agantpcenitentiam.
2631 4699 2688 4756 Si
2712 4717 2855 4757 emm
2880 4714 3225 4761 convertatur
3254 4706 3517 4776 mundus,

1938 4793 2263 4848 convertitur
2311 4794 2568 4849 Dominus
2607 4812 2620 4847 :
2668 4804 2722 4849 et
2762 4796 3136 4865 peccatoribus
3180 4799 3511 4855 mutantibus

1936 4882 2105 4937 vitam
2124 4924 2139 4948 ,
2170 4884 2399 4938 mutabit
2425 4884 2764 4951 sententiam.
2797 4884 3055 4941 Malitiam
3084 4902 3215 4943 sane
3239 4888 3347 4953 hic,
3376 4890 3514 4944 sicut

1940 4983 1994 5029 et
2039 4977 2313 5046 superius,
2357 4990 2455 5047 pro
2499 4968 2785 5033 amictione
2830 4987 2886 5033 et
2929 4977 3206 5050 suppliciis
3255 4978 3512 5035 debemus

1938 5081 2205 5138 accupere.

2548 5200 2775 5258 CAPUT
2811 5202 2901 5258 IV.

1966 5318 1969 5321 ’
2014 5352 2031 5384 ι
2062 5325 2128 5387 Et
2146 5327 2374 5389 afllictus
2399 5343 2483 5391 est
2503 5332 2669 5391 Jonas
2695 5334 2980 5391 alllictione
3006 5347 3229 5404 magna;
3257 5343 3311 5389 et
3342 5335 3508 5390 iratus

1936 5431 2039 5479 est.
2084 5443 2102 5475 ι
2139 5423 2341 5481 Videns
2375 5425 3110 5497 subintrareplenitudinem
3149 5425 3421 5498 gentium,
3453 5434 3509 5482 et

1937 5513 2147 5585 impleri
2189 5516 2331 5586 quod
2376 5516 2429 5570 in
2489 5516 2904 5571 Deuteronomio
2949 5514 3263 5585 praedictum
3310 5513 3507 5580 fuerat,
3594 5552 3600 5558 .

1944 5624 1962 5656 ι
2001 5603 2106 5675 lpsi
2129 5620 2215 5659 me
2238 5615 2668 5677 provocaverunt
2691 5607 2743 5661 in
2774 5622 2837 5660 eo
2865 5604 2956 5674 qui
2980 5618 3087 5659 non
3115 5613 3232 5660 erat
3267 5604 3429 5671 Deus,
3456 5614 3510 5658 et

1940 5711 2039 5766 ego
2065 5697 2369 5768 provocabo
2402 5712 2495 5753 eos
2527 5697 2580 5751 in
2606 5712 2671 5751 eo
2700 5696 2790 5766 qui
2819 5710 2925 5750 non
2957 5702 3041 5751 est
3062 5693 3321 5765 populus,
3361 5714 3380 5746 ι
3414 5696 3507 5749 dc-

1942 5798 2123 5862 sperat
2149 5789 2217 5846 de
2236 5791 2408 5847 salute
2430 5790 2664 5855 lsraelis,
2690 5788 2811 5844 ideo
2834 5787 2995 5857 dolet,
3019 5798 3073 5843 et
3092 5788 3217 5871 ideo
3240 5788 3509 5853 tristatur,

3040 5885 3081 5945 5
