4022 6446
391 445 400 452 σ
459 425 568 479 ’139
961 419 1314 477 HAYMOMS
1350 416 1824 474 HALBERSTAT.
1865 416 1979 473 EPl:

2177 415 2270 472 PP.
2309 416 2489 474 PARS
2524 418 2562 474 l.
2587 419 3024 477 -ΩΟΜΜΕΝῙἏ
3058 422 3231 478 BIBL.
3639 427 3765 488 ηυ

455 546 572 592 ῖιοη
603 537 744 607 quod
779 535 1043 590 invideret
1074 533 1230 588 saluti
1260 533 1524 604 gentium,
1563 529 1656 585 sed
1689 529 1832 600 quod
1861 535 2049 599 pereat
2075 531 2122 589 Α
2152 529 2254 584 hoc
2275 538 2356 584 est
2386 539 2677 601 antequam
2707 542 3025 587 coruscante
3064 532 3355 604 Evangelia
3387 538 3619 594 mundus
3657 557 3757 596 re-

448 618 650 685 ‘lsrael.
676 627 782 683 Sed
811 636 864 681 et
890 625 1145 680 Dominus
1168 635 1353 680 noster
1371 621 1515 676 ﬂevit
1539 635 1701 690 super
1729 627 2046 690 pereuntem
2153 621 2471 688 dimerotur,
2499 635 2553 677 et
2574 623 2726 694 plebs
2755 624 2978 680 Judaica
3011 627 3410 696 reprobaretur,
3443 628 3614 687 Jonas
3643 649 3756 688 no-

459 719 800 777 Hierusalem
823 758 836 782 ,
879 725 929 772 et
958 732 1065 771 non
1104 715 1220 770 vult
1247 717 1378 770 dare
1406 728 1603 783 panem
1643 710 1875 766 filiorum
1902 709 2049 765 cani-
2149 720 2292 774 ster,
2319 711 2371 766 id
2395 722 2478 768 est
2511 712 2758 770 Christus
2780 755 2794 780 ,
2823 717 2922 771 sub
2951 717 3142 771 umbra
3171 727 3321 784 erat,
3347 719 3472 790 quia
3499 723 3754 780 necdum

457 807 595 876 lius,
629 819 685 866 et
722 807 976 880 apostolis
1015 806 1328 877 praecipitur
1369 806 1603 877 primum
1653 811 1713 858 ut
1755 803 2051 873 praedicent
2148 800 2350 855 veritas
2384 803 2697 872 apparebat,
2730 805 2822 859 sed
2855 805 2906 858 in
2945 814 3070 876 typo
3093 815 3147 860 et
3175 797 3361 878 figuris
3393 809 3598 866 ﬁebant
3622 828 3758 868 ont-

461 903 666 960 lsraeli.
702 901 972 956 Tristatur
995 915 1126 970 ergo
1148 899 1215 953 ad
1251 907 1480 952 mortem
1502 937 1516 961 ,
1541 893 1728 949 dolens
1750 893 1930 963 perire
1959 905 2050 962 po-
2150 889 2258 944 nia.
2296 889 2531 946 Sedebat
2571 901 2754 948 autem
2791 894 2990 949 dicitur
3020 896 3074 951 in
3103 897 3288 952 habitu
3325 895 3525 967 judicts
3549 942 3563 966 ,
3606 904 3752 974 quia

463 993 648 1064 pulum
668 1006 780 1064 pro
801 1005 910 1061 quo
938 1005 1132 1060 passus
1158 997 1262 1044 est.
2149 981 2338 1036 sedere
2383 981 2710 1050 judicantis,
2770 975 2854 1040 vei
2904 987 3030 1056 quia
3096 995 3154 1042 se‘
3207 980 3622 1057 humiliaverat,
3692 1005 3754 1050 et

538 1102 558 1136 σ
588 1072 654 1138 Et
679 1082 856 1138 oravit
881 1081 949 1136 ad
981 1079 1266 1134 Dominum
1287 1118 1302 1142 ,
1339 1084 1394 1131 et
1423 1075 1559 1130 dixit
1593 1091 1607 1128 :
1637 1073 1910 1137 Obsecro,
1935 1070 2045 1125 Do-
2148 1071 2447 1129 divinitatis
2471 1072 2805 1143 maiestatem
2835 1077 2886 1131 in
2914 1079 3201 1148 quamdam
3234 1090 3584 1139 contraxerat
3607 1085 3753 1140 bre-

464 1176 629 1240 mine,
657 1173 898 1244 nunquid
931 1188 1035 1227 non
1071 1172 1173 1225 hoc
1197 1178 1279 1224 est
1308 1169 1534 1223 verbum
1561 1181 1760 1228 meum,
1792 1181 1914 1220 cum
1947 1164 2045 1219 ad-
2147 1161 2391 1217 vitalem.
2445 1163 2545 1230 Qui
2600 1165 2746 1219 enim
2799 1167 2968 1232 sedet,
3021 1168 3237 1224 videtur
3272 1180 3450 1228 stante
3491 1174 3751 1230 brevior.

462 1266 567 1319 huc
588 1277 763 1319 essent
791 1264 843 1316 in
869 1271 1011 1317 terra
1034 1259 1187 1314 mea?
1214 1258 1444 1328 Propter
1464 1257 1566 1312 hoc
1595 1254 1964 1328 pra-occupavi
1989 1263 2047 1307 ut
2148 1251 2300 1318 Quod
2328 1262 2506 1307 autem
2529 1254 2605 1307 ait
2630 1264 2686 1309 ut
2709 1257 2939 1323 videret,
2970 1258 3037 1312 ad
3059 1259 3295 1314 hominis
3318 1260 3572 1318 effectum
3601 1265 3756 1321 refe-

462 1352 704 1426 fugeretn
737 1353 787 1406 in
814 1351 1056 1406 Tharsis.
1087 1349 1212 1406 Scio
1235 1350 1379 1404 enim
1404 1347 1530 1418 quia
1557 1357 1610 1402 ttt
1646 1347 1786 1401 Deus
1811 1345 2048 1402 clemens
2146 1335 2347 1398 ranius.
2388 1344 2520 1399 Nam
2561 1344 2649 1402 ille
2677 1349 2856 1403 omnia
2893 1347 3038 1405 videt
3075 1357 3366 1422 antequam
3406 1354 3558 1410 ﬂant.

462 1456 518 1501 et
549 1446 862 1501 misericors
891 1459 970 1508 es,
1001 1444 1214 1514 patiens
1235 1449 1289 1497 et
1312 1440 1494 1495 multa:
1519 1439 1906 1503 miserationis,
1945 1457 1961 1488 ι
1992 1445 2046 1492 et
2221 1452 2240 1484 «
2272 1433 2340 1487 Ει
2369 1437 2691 1505 prcharavit
2717 1436 2974 1494 Dominus
2999 1439 3139 1498 Deus
3161 1443 3434 1508 hederam,
3463 1455 3518 1502 et
3543 1453 3753 1504 ascen-

463 1539 748 1608 ignoscens
771 1551 932 1607 super
959 1534 1244 1589 malitiam.
1281 1552 1298 1583 ›
1327 1531 1530 1586 Partim
1553 1539 1674 1584 orat
1698 1528 1885 1593 Jonas,
1922 1542 2046 1598 par-
2147 1523 2223 1578 dit
2261 1539 2424 1594 super
2458 1536 2619 1594 caput
2645 1526 2825 1592 J0me,
2872 1539 2932 1584 ut
2970 1540 3114 1586 esset
3151 1536 3340 1589 umbra
3374 1551 3538 1608 super
3571 1549 3750 1611 caput

464 1631 562 1684 tim
589 1629 964 1698 conqueritur,
999 1626 1184 1682 dicens
1222 1639 1280 1680 se
1317 1623 1500 1694 fugere
1537 1621 1796 1676 noluisse.
1840 1618 1946 1674 Sed
1978 1619 2044 1674 ab
2145 1612 2282 1682 ejus,
2319 1624 2374 1670 et
2395 1625 2704 1688 protegeret
2729 1633 2872 1684 eum,
2913 1619 3256 1678 laboraverat
3286 1625 3451 1680 enim.
3483 1627 3551 1681 Et
3586 1628 3750 1682 laeta-

462 1719 838 1774 obsecratione
885 1717 1179 1788 incipiens,
1225 1723 1491 1785 temperat
1531 1712 1810 1784 querelam
1865 1725 2040 1766 suam.
2149 1711 2232 1758 tus
2266 1713 2348 1759 est
2381 1704 2545 1760 Jonas
2565 1721 2728 1777 super
2757 1709 2952 1764 hedera
2983 1710 3165 1766 laetitia
3197 1725 3414 1785 magna.
3451 1735 3470 1767 ι
3507 1715 3750 1774 Hedera?

463 1808 704 1863 Obsecro
727 1805 958 1888 (inquit)
983 1848 996 1872 ,
1029 1803 1535 1874 Domine,nunquid
1557 1819 1662 1856 non
1692 1803 1795 1858 hoc
1823 1809 1906 1856 est
1928 1816 2046 1856 ver-
2083 1869 2123 1888 Ι.
2149 1804 2340 1888 natura
2371 1804 2482 1861 est,
2509 1806 2684 1868 utper
2709 1809 2908 1854 terram
2937 1805 3242 1860 errabundo
3265 1805 3407 1861 ﬂexu
3455 1820 3610 1879 repat
3629 1852 3644 1874 ,
3689 1823 3750 1866 et

463 1902 590 1953 bum
628 1903 802 1952 mcum
822 1939 835 1962 ,
865 1869 985 1952 cuin
1014 1897 1192 1951 adhuc
1225 1910 1400 1950 essem
1441 1895 1493 1947 in
1529 1894 1673 1948 terra
1703 1891 1860 1946 mea?
1897 1891 2047 1946 Scie-
2083 1869 2124 1926 Β
2151 1887 2267 1941 sine
2288 1887 2630 1944 adminiculis
2655 1891 2740 1946 vel
2768 1889 2984 1947 ferculis
3009 1893 3076 1947 ad
3114 1894 3306 1951 altiora
3330 1914 3437 1954 non
3469 1915 3750 1958 conscen.

460 1987 583 2045 bam
609 1987 826 2061 (inquit)
862 1987 1299 2050 misericordem,
1325 1985 1570 2040 nolebam
1603 1993 1654 2038 te
1681 1983 2044 2038 trucuientum
2148 1977 2261 2032 dat.
2306 1978 2412 2033 Per
2452 1980 2709 2035 hederam
2754 1998 2880 2037 vero
2931 1983 3232 2052 infirmam,
3279 1997 3333 2042 et
3377 1989 3489 2045 suis
3527 1992 3752 2047 viribus

462 2089 514 2135 et
543 2079 816 2136 crudelem
851 2077 1122 2142 nuntiare,
1149 2086 1201 2130 et
1223 2076 1427 2131 idcirco
1453 2075 1592 2129 volui
1626 2073 1831 2142 fugere.
1859 2072 1966 2129 sed
1989 2081 2044 2127 et
2148 2069 2279 2124 nihil
2324 2069 2627 2137 valentem,
2675 2071 2824 2142 plebs
2869 2072 3090 2130 Judaica
3130 2086 3309 2145 potest
3354 2080 3579 2151 signari,
3614 2084 3741 2137 cito

465 2172 723 2227 Dominus
747 2170 997 2226 Christus
1033 2184 1154 2223 cum
1183 2167 1390 2222 videret
1420 2167 1722 2222 obstinatos
1743 2164 1954 2220 Judzeos
1990 2164 2044 2218 in
2147 2175 2426 2227 crescens,
2485 2169 2542 2216 et
2591 2164 2773 2218 omnia
2827 2180 2886 2220 se
2937 2164 3200 2222 facturam
3237 2172 3557 2239 promittens
3609 2179 3746 2244 qua:

466 2277 620 2317 suam
664 2262 901 2330 ipsorum
933 2258 1326 2329 perditionem,
1359 2256 1512 2327 quasi
1542 2257 1753 2311 ditebat
1781 2255 1848 2310 ad
1877 2255 2042 2309 Deum
2147 2253 2289 2308 Deus
2344 2254 2637 2325 prxecepit,
2688 2255 2784 2310 sed
2831 2257 2992 2312 citius
3045 2258 3417 2330 languescens,
3476 2273 3530 2318 et
3587 2280 3745 2334 pre-‘-

464 2351 994 2422 PatremzNunquid
1031 2367 1135 2405 non
1167 2350 1401 2406 sciebam
1426 2349 1685 2411 futurum,
1715 2345 1965 2402 videiice't
1987 2355 2044 2400 ut
2147 2356 2304 2413 cepta
2375 2360 2482 2399 non
2549 2345 2799 2415 implens.
2856 2346 2980 2402 llaec
3054 2351 3323 2418 quondam
3380 2351 3608 2419 Jonam,
3681 2356 3748 2410 id

462 2446 665 2514 periret
685 2445 871 2512 lsrael,
895 2460 1016 2499 cum
1039 2444 1214 2499 adhuc
1243 2452 1415 2498 tecum
1435 2457 1612 2496 essem
1637 2439 1836 2494 Pater?
1870 2447 1923 2492 et
1951 2453 2048 2508 per
2144 2441 2233 2490 ἐει
2257 2435 2534 2491 Christum
2563 2439 2884 2508 protegebat
2922 2453 3015 2508 spe
3038 2454 3148 2494 suae
3175 2441 3514 2510 salvationis,
3542 2455 3598 2500 et
3623 2461 3746 2500 non

463 2539 654 2594 isaiam
691 2541 931 2594 dixeram
953 2581 966 2605 ,
991 2539 1046 2594 ln
1075 2553 1304 2592 vacuum
1339 2535 1578 2592 laboravi
1614 2533 1730 2589 sine
1769 2548 1930 2588 causa
1950 2573 1964 2599 ,
1994 2541 2048 2586 et
2147 2541 2370 2597 parvam
2396 2529 2444 2583 ei
2469 2528 2710 2582 laetitiam
2739 2528 3002 2596 faeicbat,
3031 2532 3125 2588 sed
3153 2534 3263 2587 cito
3285 2541 3534 2606 percussa
3561 2539 3742 2603 aruit,

464 2647 604 2687 vane
630 2631 1000 2687 fortitudinem
1030 2645 1204 2686 meam
1233 2629 1561 2699 consumpsi.
2148 2620 2273 2691 quia
2299 2621 2535 2676 radicem
2566 2620 2776 2677 firmam
2811 2622 2932 2679 fidei
2962 2638 3066 2679 non
3094 2624 3353 2690 habebat,
3385 2635 3441 2681 et
3463 2629 3618 2698 quasi
3645 2637 3739 2684 ta-

540 2745 556 2775 σ
592 2724 661 2777 Ει
691 2739 854 2788 nunc,
879 2723 1126 2788 Domine,
1157 2720 1301 2784 tolle,
1329 2736 1530 2791 quzeso,
1551 2719 1784 2774 animam
1817 2733 1989 2774 meam
2017 2731 2046 2771 a
2149 2711 2499 2766 bernaculum
2545 2713 2709 2779 tecti,
2760 2713 3054 2783 praeferens
3097 2715 3387 2787 imaginem
3443 2719 3741 2777 domorum

465 2831 584 2880 me,
623 2816 747 2886 quia
786 2815 978 2869 melius
1009 2822 1091 2870 est
1131 2813 1261 2868 mihi
1302 2828 1448 2867 mors
1491 2827 1654 2882 quam
1695 2812 1823 2865 vita.
1862 2830 1878 2861 ι
1913 2809 2048 2876 Quia
2151 2817 2258 2856 non
2290 2803 2496 2858 habens
2527 2802 2954 2872 fundamentum,
2985 2806 3050 2861 de
3076 2821 3182 2876 quo
3210 2807 3377 2864 Isaias
3407 2811 3519 2864 ait:
3549 2811 3746 2867 Belin-

463 2925 626 2964 unam
647 2917 860 2980 gentem
883 2907 1048 2963 lsracl
1071 2906 1284 2962 salvare
1306 2920 1410 2960 non
1441 2905 1610 2977 potui,
1639 2905 1862 2969 moriar,
1885 2912 1939 2958 et
1969 2912 2050 2958 to-

2155 2904 2348 2962 quetur
2393 2893 2500 2948 filia
2545 2894 2680 2950 Sion
2730 2904 2787 2950 ut
2829 2897 3203 2953 umbraculum
3247 2899 3300 2955 in
3331 2901 3509 2968 vinea,
3564 2916 3743 2975 quam

464 3011 553 3056 tus
579 3001 810 3055 mundus
841 2999 1154 3055 salvabitur.
2151 2987 2288 3041 bene
2325 2985 2547 3041 locustae
2606 2987 2658 3042 in
2713 2987 3005 3060 Evangelio
3053 2989 3746 3061 designassecreduntur,

540 3111 559 3143 ι
599 3092 665 3147 Ει
694 3091 830 3146 dixit
854 3091 1111 3146 Dominus
1140 3103 1154 3142 :
1183 3081 1416 3144 Putasne
1442 3087 1580 3142 bene
1605 3085 1857 3142 iraSCeris
1893 3085 1987 3139 tu?
2025 3104 2044 3136 ι
2154 3078 2353 3134 animal
2374 3094 2596 3149 parvum
2621 3121 2635 3144 ,
2664 3079 2731 3137 de
2759 3089 2902 3136 terra
2933 3081 3150 3151 quidem
3177 3083 3475 3140 exsiliendo
3502 3101 3747 3141 consur-

466 3185 642 3239 lratus
683 3181 860 3236 fuerat
895 3179 1076 3244 Jonas,
1104 3179 1189 3234 vel
1215 3180 1338 3251 quia
1364 3177 1650 3233 videbatur
1676 3177 1817 3248 apud
1843 3175 2050 3230 Ninivl-
2077 3227 2119 3254 Π
2155 3186 2285 3242 gens
2304 3213 2318 3238 ,
2348 3172 2440 3227 sed
2467 3172 2636 3254 altius
2661 3189 2766 3229 non
2796 3175 2981 3231 valens
3025 3175 3209 3231 volare
3228 3217 3242 3242 ,
3287 3179 3410 3248 quia
3455 3189 3506 3234 et
3554 3178 3747 3236 Judaei

463 3285 547 3330 tas
574 3274 739 3329 fuisse
775 3273 1034 3328 mentitus
1058 3313 1072 3337 ,
1107 3271 1190 3326 vel
1232 3227 1364 3341 lquia
1396 3269 1725 3340 intelligebat
1749 3269 2049 3340 periturum
2077 3227 2122 3288 Ο
2153 3267 2432 3321 audientes
2455 3248 2647 3336 legem,
2674 3267 2923 3322 dixerunt
2961 3287 2976 3322 τ
3018 3267 3209 3324 Omnia
3255 3283 3375 3339 qua:
3413 3273 3750 3341 prmceperit

462 3365 650 3420 Israel.
686 3362 795 3418 Nec
826 3361 1266 3427 dicit_Dominus,
1295 3361 1436 3415 male
1479 3360 1653 3414 iratus
1691 3373 1750 3412 cs
1770 3399 1784 3424 ,
1810 3373 1878 3413 ne
1910 3359 2052 3412 vide-
2151 3359 2307 3414 nobis
2337 3353 2596 3414 Dominus
2620 3360 2790 3423 Deus,
2818 3359 3101 3426 faciemus,
3130 3370 3186 3414 et
3206 3361 3516 3416 obedientes
3541 3361 3591 3416 ei
3620 3363 3746 3416 eri-

466 3464 616 3510 retur
640 3453 1039 3522 reprehendere
1065 3452 1442 3506 contristatum
1465 3468 1478 3516 ;
1504 3467 1605 3505 nec
1644 3465 1858 3505 rursum
1889 3449 2050 3517 dicit,
2153 3469 2292 3509 mus.
2333 3452 2440 3508 Sed
2469 3469 2590 3508 mox
2621 3453 2867 3508 conversi
2903 3461 3029 3508 sunt
3066 3453 3120 3508 in
3161 3468 3347 3508 arcum
3383 3468 3644 3525 pravum,
3681 3466 3746 3510 et

465 3545 606 3600 bene
635 3543 804 3598 iratus
835 3557 895 3597 es
915 3583 929 3607 ,
969 3557 1036 3596 ne
1058 3556 1169 3596 sua:
1192 3541 1472 3596 sententia:
1511 3540 1819 3596 contrarius
1845 3542 1934 3596 sit.
1968 3533 2053 3595 in-
2154 3559 2259 3598 non
2289 3543 2658 3598 custodierunt
2681 3549 3064 3598 testamentum
3089 3543 3202 3598 Dei.

468 3642 710 3706 terrogat
736 3649 865 3705 ergo
893 3634 1068 3703 ipsum
1109 3649 1304 3689 causas
1341 3633 1594 3688 mmroris
1630 3633 1710 3687 sui
1743 3641 1802 3686 ut
1829 3648 2051 3704 respon-
2232 3658 2249 3689 ι
2299 3633 2366 3693 Ει
2413 3638 2626 3707 paravit
2665 3639 2806 3693 Deus
2853 3651 3089 3693 vermem
3131 3652 3358 3693 ascensu
3407 3624 3629 3694 diluculi
3678 3639 3742 3694 in

468 3726 613 3792 deat,
641 3734 733 3781 aut
756 3725 802 3781 si
833 3725 1094 3794 tacuerit,
1126 3723 1500 3793 Deijudicium
1537 3739 1634 3780 suo
1663 3723 1877 3780 silentio
1908 3741 2054 3781 cont—
2155 3729 2483 3794 crastinum,
2527 3738 2584 3784 et
2613 3728 2881 3798 percussit
2915 3728 3207 3794 hederam,
3250 3737 3304 3782 et
3339 3729 3574 3784 exaruit.
3617 3749 3636 3782 ›
3674 3729 3741 3784 ιη

471 3819 684 3889 probet.
2154 3823 2362 3895 psalmo
2384 3823 2473 3892 qui
2496 3822 2832 3887 inseribitur,
2863 3839 2882 3872 ι
2909 3833 3006 3891 pro
3029 3819 3393 3890 assumptione
3415 3822 3701 3885 matutina,
3716 3835 3738 3871 ι

549 3932 566 3963 ε
605 3912 670 3967 Et
700 3927 950 3984 egressus
975 3919 1057 3966 est
1077 3911 1243 3968 Jonas
1267 3911 1332 3966 de
1354 3910 1594 3976 civitate,
1619 3919 1674 3966 et
1705 3911 1841 3966 sedit
1864 3919 2052 3966 contra
2157 3931 2216 3970 se
2237 3914 2497 3970 Dominus
2523 3929 2761 3968 vermem
2802 3913 3064 3983 appellat,
3095 3913 3279 3968 dicens
3310 3930 3322 3966 :
3359 3932 3378 3964 ι
3409 3913 3522 3984 Ego
3556 3921 3743 3968 autem

469 4003 732 4059 orientem
760 4002 1015 4066 civitatis,
1044 4011 1098 4057 et
1126 4001 1253 4058 fecit
1273 4002 1374 4057 sibi
1399 4000 1796 4067 umbraculum,
1821 4012 1874 4057 et
1903 4002 2056 4056 scde-
2157 4025 2275 4065 sum
2333 4008 2534 4062 vermis
2569 4015 2624 4060 et
2670 4020 2776 4060 non
2810 4005 2992 4059 homo.
3036 4025 3054 4056 ›
3087 4005 3298 4061 Vermis
3340 4020 3574 4075 namque
3620 4005 3747 4059 sine

467 4096 562 4152 bat
587 4093 772 4149 subter
811 4094 941 4150 illud
975 4094 1028 4148 in
1060 4095 1251 4149 umbra
1272 4135 1286 4160 ,
1319 4095 1489 4149 donec
1528 4093 1735 4148 Viderel
1759 4094 1887 4163 quid
1913 4094 2056 4149 θεοί·
2136 4099 2364 4156 semine
2401 4099 2466 4153 de
2495 4102 2636 4153 terra
2669 4097 2878 4163 oritur;
2906 4097 3046 4167 repit
3075 4097 3323 4162 humilis,
3351 4107 3599 4152 movetur
3625 4098 3746 4153 sine

470 4187 624 4242 deret
652 4185 881 4240 civitati.
914 4205 933 4238 ι
962 4184 1165 4240 Civitas
1201 4186 1414 4255 quando
1448 4184 1501 4238 in
1543 4184 1683 4240 malo
1713 4185 1960 4254 ponitur,
1996 4185 2058 4239 fi-

2157 4190 2358 4255 sonitu,
2380 4198 2434 4244 et
2463 4188 2711 4243 Christus
2735 4187 2802 4243 de
2824 4187 3033 4258 virgine
3061 4192 3205 4242 terra
3231 4197 3389 4242 natus
3422 4196 3537 4254 est,
3565 4189 3745 4242 humi-

468 4279 678 4333 duciam
701 4287 928 4331 terrenae
949 4277 1063 4346 spei
1089 4277 1469 4346 etcupiditatis
1485 4278 1768 4331 mundanae
1787 4276 2053 4348 designat.
2157 4281 2225 4336 lis
2256 4280 2394 4335 inter
2418 4279 2644 4350 probra,
2673 4292 2780 4333 non
2819 4277 3119 4334 reclamans
3161 4280 3212 4334 in
3249 4280 3519 4349 passione.
3553 4280 3746 4349 Itaque

467 4371 606 4426 Nam
656 4369 819 4434 Cain,
851 4369 943 4438 qui
971 4369 1228 4446 mundum
1261 4368 1558 4423 fratricidio
1581 4370 1914 4433 cruentavit,
1948 4369 2058 4439 pri-
2161 4380 2451 4441 antequam
2487 4369 2728 4425 oriretur
2751 4368 2830 4423 sol
2857 4408 2873 4434 ,
2915 4369 2966 4423 id
2998 4376 3081 4423 est
3109 4380 3397 4438 antequam
3433 4381 3751 4440 resurgeret

445 4451 449 4454 ’
472 4476 593 4515 mus
613 4459 1117 4529 legiturzedificasse
1140 4460 1435 4515 civitatem.
1463 4459 1628 4515 Jonas
1645 4476 1770 4530 ergo
1785 4462 2058 4532 egreditur
2160 4464 2429 4528 Christus,
2455 4463 2664 4517 virebat
2687 4461 2889 4517 hedera
2911 4502 2924 4525 ,
2956 4461 3184 4516 ﬂorebat
3209 4460 3414 4526 Judaza.
3445 4461 3747 4531 Postquam

471 4555 538 4608 de
552 4551 1164 4626 civitate,quicolumba
1187 4551 1270 4606 vel
1287 4552 1472 4607 dolens
1495 4552 1712 4617 dicitur,
1731 4553 1856 4622 quia
1879 4553 2056 4607 omnis
2084 4593 2135 4652 Β
2160 4571 2290 4610 vero
2313 4555 2398 4614 ille
2429 4554 2697 4621 surrexit,
2731 4563 2786 4609 et
2816 4553 3008 4607 Ninive
3031 4593 3046 4617 ,
3085 4552 3137 4607 id
3164 4561 3247 4607 est
3283 4553 3516 4608 mundus
3542 4555 3750 4609 erroris

472 4642 698 4712 simplex
720 4650 774 4698 et
802 4641 988 4697 dolens
1023 4657 1120 4712 pro
1148 4643 1383 4713 peccatis
1405 4643 1543 4709 suis,
1576 4643 1813 4698 alienum
1836 4657 1893 4698 se
1920 4643 2052 4698 facit
2085 4641 2129 4652 ’⁷
2163 4647 2408 4702 umbram
2456 4645 2673 4715 repulit,
2729 4644 2978 4699 veritatis
3019 4642 3204 4696 lumen
3250 4643 3472 4712 recepit,
3521 4652 3750 4713 paratus

473 4745 503 4786 a
547 4733 730 4815 saeculi
759 4734 1173 4812 cupiditatibus,
1199 4735 1398 4812 nullam
1434 4736 1487 4790 in
1518 4735 1846 4790 vanitatibus
1874 4735 2055 4790 szeculi
2163 4739 2362 4794 vermis
2393 4737 2658 4808 percussit
2677 4736 2934 4790 hederam
2965 4733 3205 4788 Judaicze
3233 4733 3424 4802 plebis,
3449 4742 3506 4788 et
3532 4733 3751 4787 exaruit

473 4813 627 4896 spem
655 4813 839 4896 punit,
868 4825 961 4880 sed
991 4825 1196 4882 habitat
1220 4837 1411 4882 contra
1449 4827 1749 4892 orientem,
1789 4825 1901 4881 veri
1929 4825 2056 4881 solis
2165 4827 2258 4882 Dei
2286 4827 2487 4880 auxilio
2504 4826 2776 4881 destituta.
2811 4824 2923 4878 lloe
2945 4832 3124 4877 autem
3150 4821 3349 4877 factum
3376 4831 3460 4876 est
3480 4823 3533 4876 in
3558 4838 3752 4877 ascen-

474 4923 725 4970 ortum-et
755 4925 1058 4986 respectum
1079 4925 1418 4986 exspectans.
1444 4917 1511 4971 Et
1534 4916 1740 4971 habitat
1763 4916 1815 4970 in
1839 4915 2057 4970 umbrae
2164 4919 2316 4974 sione
2364 4917 2608 4984 diluculi,
2660 4916 2786 4986 quia
2825 4915 3073 4971 Christus
3111 4929 3271 4970 mane
3314 4914 3485 4984 prima
3535 4913 3749 4968 sabbati

475 5006 618 5070 culo,
647 5005 750 5062 hoc
772 5015 856 5061 est
886 5007 1162 5062 in‘mentis
1190 5024 1301 5064 sua:
1327 5007 1592 5073 custodia,
1623 5008 1775 5076 quasi
1805 5007 1857 5061 in
1884 5008 2058 5062 taber-
2162 5008 2420 5065 surrexit.

475 5097 668 5153 naeulo
716 5098 1036 5166 requiescit,
1087 5098 1215 5169 quid
1277 5099 1482 5154 civitati
1537 5098 1730 5153 Ninive
1782 5099 2061 5168 contingat
2242 5117 2261 5150 ι
2295 5097 2364 5153 Ει
2413 5113 2536 5153 cum
2582 5106 2732 5154 ortus
2777 5093 2968 5152 fuisset
3022 5095 3136 5162 sol,
3180 5095 3438 5166 pmcepit
3483 5093 3750 5149 Dominus

476 5191 615 5261 (hoc
653 5198 738 5246 est
777 5189 906 5261 quid
956 5191 1157 5245 mundo
1206 5188 1444 5244 futurum
1492 5189 1594 5260 sit)
1650 5175 2062 5259 contemplanda
2143 5199 2328 5246 "vento
2355 5188 2538 5245 calido
2556 5197 2611 5244 et
2642 5189 2852 5253 urenti,
2885 5198 2939 5244 et
2963 5188 3230 5258 percussit
3261 5185 3340 5241 sol
3383 5201 3546 5256 super
3586 5195 3752 5255 caput

475 5283 814 5354 prtestolans.
838 5282 915 5338 De
950 5283 1052 5338 hac
1081 5282 1298 5338 civitate
1324 5281 1584 5336 Dominus
1605 5295 1700 5350 per
1721 5281 1858 5336 Osee
1888 5281 2017 5336 dicit
2045 5299 2058 5335 :
2129 5289 2134 5292 '
2163 5277 2330 5346 J0me,
2357 5289 2410 5334 et
2437 5281 2714 5334 :esluabat.
2756 5299 2773 5331 ι
2796 5279 2855 5336 ld
2880 5289 2986 5344 est,
3005 5279 3168 5337 etiam
3196 5286 3316 5348 post
3335 5276 3536 5333 Christi
3569 5292 3754 5331 resur-

477 5374 534 5430 Iu
565 5376 738 5430 medio
776 5376 850 5432 tui
882 5392 999 5432 sum
1035 5362 1286 5437 Sanctus,
1325 5383 1379 5428 et
1416 5361 1528 5429 non.
1562 5374 1836 5444 ingrediar
1872 5373 2061 5429 civita-
2165 5373 2459 5426 rectionem
2482 5380 2538 5424 et
2562 5369 2870 5449 Judaeorum
2901 5371 3358 5442 reprobatiouem,
3385 5370 3564 5423 adhuc
3596 5383 3755 5422 mens

477 5476 607 5521 tem.
651 5467 718 5522 Et
755 5468 808 5523 in
851 5467 1266 5523 Deuteronomio
1310 5481 1415 5521 una
1469 5465 1814 5536 fugitivorum
1867 5466 2061 5521 civitas
2166 5463 2377 5518 Domini
2422 5462 2708 5517 salvatoris
2741 5463 3012 5518 desiderio
3051 5461 3242 5518 salutis
3284 5463 3426 5516 illius
3456 5462 3753 5525 :cstuabat,

477 5551 709 5614 Rameth
745 5560 962 5626 dicitur,
991 5575 1110 5630 qure
1134 5559 1520 5627 interpretatur
1549 5557 1685 5610 visio
1717 5556 1924 5612 mortis.
1957 5556 2060 5623 Qui
2165 5554 2484 5623 praecipiens
2522 5553 2780 5623 apostolis
2817 5563 2870 5608 et
2899 5555 3084 5608 dicens
3114 5573 3126 5607 :
3158 5573 3176 5606 ι
3213 5553 3378 5609 Erilis
3413 5554 3546 5608 mihi
3585 5562 3757 5611 lc5tes

477 5654 620 5708 enim
641 5655 706 5709 de
733 5655 1063 5710 Hierusalem
1095 5653 1328 5722 ejicitur,
1355 5666 1472 5719 (pne
1503 5663 1586 5706 est
1609 5651 1743 5706 visio
1773 5649 1938 5722 pacis,
1974 5652 2064 5704 ha-
2167 5645 2219 5697 in
2247 5643 2580 5698 Hierusalem
2611 5653 2668 5698 et
2698 5645 2751 5698 in
2776 5646 2920 5699 omni
2943 5645 3126 5700 Jnd:ea
3157 5655 3211 5701 et
3241 5645 3507 5700 Samaria.
3541 5665 3560 5698 ι
3594 5644 3754 5702 Unde

479 5740 616 5800 bitat
646 5747 698 5801 in
729 5747 985 5810 Ratnoth,
1014 5746 1066 5799 id
1098 5744 1254 5798 estin
1287 5742 1492 5798 visione
1515 5743 1723 5798 mortis.
1749 5742 1852 5797 Sed
1873 5753 1926 5796 et
1952 5757 2066 5811 my-
2165 5741 2220 5788 ct
2264 5735 2330 5787 ab
2377 5735 2708 5790 Hierusalem
2764 5737 3164 5805 prmdicationis
3225 5737 3436 5791 initium
3496 5735 3758 5806 praecepit

481 5837 612 5891 stice
635 5845 924 5908 antequam
955 5833 1033 5889 sol
1063 5834 1316 5901 oriretur,
1349 5834 1819 5911 cxsicca_teturqttc
1844 5831 2061 5897 hedera,
2169 5827 2283 5882 fieri
2305 5868 2318 5891 ,
2350 5827 2534 5883 dicens
2573 5847 2583 5882 :
2631 5847 2646 5880 ι
2677 5828 2974 5899 Oportebat
3017 5830 3121 5900 pati
3166 5829 3445 5887 Christum
3484 5837 3538 5884 et
3569 5842 3755 5883 resur-
