4022 6478
256 435 361 499 με

1192 434 1599 493 ENARRATIO
1635 435 1703 491 ΙΝ
1743 433 2082 491 ΒΙῘΟΗΞΔΗ
2122 432 2568 491 PROPHETAM.

3433 422 3540 491 tu

256 569 386 633 gere
400 586 422 620 ν,
458 563 525 610 'et
562 551 855 624 μηδι-σι
883 552 945 608 in
981 551 1199 606 nomine
1231 547 1352 619 ejus
1379 548 1760 620 pmnitentiam
1796 556 1854 603 et
1879 552 1930 611 Α
1955 545 2359 613 meretricibus,
2406 547 2691 618 pristinam
2741 544 3050 619 reciperent
3090 542 3341 620 gratiam.
3387 545 3545 616 Quod

257 645 642 705 remissionem
661 652 1023 715 peccatorum
1047 642 1102 698 in
1129 655 1322 698 omnes
1350 648 1560 713 gentes,
1584 640 1845 712 incipien-

1953 650 2135 697 autem
2163 641 2241 695 ait
2280 641 2444 705 Deus,
2481 658 2500 691 α
2532 641 2732 697 hedera
2763 643 2864 697 sub
2893 656 2998 697 una
3036 650 3193 697 nocte
3231 652 3355 698 nata
3382 651 3484 708 est,
3520 656 3542 695 ι

256 741 407 797 tibus
428 737 499 792 ab
515 735 887 792 ﬂierusalem.
923 753 944 786 ι
978 753 999 787 ι
1044 733 1112 789 Et
1130 733 1326 804 petivit
1356 753 1375 786 ι
1405 730 1573 787 Jonas
1606 750 1624 783 ι
1653 731 1850 785 animas
1952 750 2061 790 nox
2097 742 2311 804 tempus
2340 733 2611 803 siguilicat
2652 742 2777 789 ante
2810 736 3099 791 adventum
3129 734 3352 791 Christi.
3393 735 3548 805 Quod

258 846 375 888 suae
414 839 476 884 ut
519 837 860 892 moreretur,
892 835 949 883 et
976 826 1116 881 dixit
1145 843 1160 879 :
1191 824 1383 881 Melius
1417 833 1503 881 est
1539 824 1672 881 mihi
1712 821 1849 878 mori

1955 839 2084 881 vero
2112 825 2382 889 subditur,
2411 843 2430 876 ‹
2458 831 2513 879 et
2540 824 2641 879 sub
2662 840 2766 878 una
2791 836 2947 881 nocte
2972 827 3152 897 periit,
3176 845 3195 877 ι
3222 842 3324 882 nox
3349 828 3547 885 iterum

252 922 703 996 Quamviveren
739 920 798 975 in
830 921 1156 990 baptismate
1179 932 1304 973 cum
1336 918 1519 982 lsrael.
1544 925 1605 973 ut
1628 918 1680 975 in
1706 916 1853 970 Iava-
1934 916 2206 990 'designat
2274 927 2486 988 tempus
2558 918 2612 972 in
2673 931 2781 986 quo
2844 917 3122 976 Christum
3182 929 3549 994 negaverunt.
3647 919 3650 923 ’

260 1026 360 1071 cro
388 1013 698 1084 reciperent
736 1012 1017 1067 humorem
1040 1050 1055 1074 ,
1097 1025 1258 1080 quem
1292 1011 1539 1080 negando
1575 1007 1854 1065 Christum
1958 1011 2175 1081 quando
2200 1011 2280 1065 eis
2307 1024 2469 1064 verus
2496 1007 2589 1063 Sol
2611 1007 2836 1079 justitia:
2860 1008 3134 1064 occubuit.
3234 1030 3239 1037 ’
3502 1015 3523 1023 “

260 1107 636 1181 perdiderant.
681 1102 838 1160 Unde
876 1112 932 1159 et
962 1103 1157 1159 Petrus
1196 1102 1667 1173 interrogantibus
1726 1100 1858 1171 quid

251 1208 511 1272 agerent,
538 1198 752 1253 dicebat
776 1216 789 1251 :
820 1217 840 1249 σ
877 1196 1259 1251 Pteniten‘tiam
1284 1196 1449 1267 agite,
1472 1206 1528 1251 et
1556 1195 1863 1264 baptizetur

263 1290 641 1361 unusquisque
680 1297 943 1344 vestrum.
980 1307 997 1340 ι
1026 1285 1185 1355 Quod
1229 1301 1363 1342 vero
1387 1287 1645 1349 diximus,
1674 1287 1730 1340 in
1765 1285 1863 1341 ba-

254 1384 470 1455 éptismo
495 1395 621 1436 eum
668 1378 807 1434 mori
834 1374 996 1440 velle,
1024 1379 1271 1449 Apostoli
1320 1389 1405 1433 est
1446 1376 1739 1441 sententia,
1768 1375 1863 1447 qui

256 1475 437 1531 dicit:
467 1494 488 1527 ι
510 1473 832 1543 Quicunque
846 1472 1101 1541 liaptizati
1129 1485 1317 1527 sumus
1333 1471 1386 1525 in
1402 1469 1627 1526 Christo
1643 1468 1789 1539 Jesu,
1809 1470 1863 1524 in

259 1570 449 1622 ‘morte
484 1566 655 1635 ipsius
694 1564 953 1634 baptizati
984 1578 1192 1618 sumus.
1226 1583 1245 1616 ι
1274 1562 1504 1630 Quidam
1542 1576 1781 1618 vermem
1809 1571 1868 1617 et

260 1660 521 1714 'itrentem
569 1665 789 1711 ventum
819 1704 833 1722 ,
876 1658 1152 1712 Romanus
1197 1652 1541 1729 intelligunt,
1578 1658 1694 1727 qui,
1746 1666 1870 1727 post

272 1748 474 1807 Christi
528 1750 989 1806 resurrectionem
1039 1757 1097 1805 et
1143 1751 1519 1807 ascensionem
1542 1792 1558 1817 ,
1608 1750 1868 1807 lsraeiem

273 1842 492 1913 penitus
536 1840 875 1897 delevemnt.

2035 1121 2055 1154 ι
2083 1102 2148 1157 Ει
2186 1116 2310 1173 ego,
2342 1100 2538 1171 inquit,
2579 1115 2684 1154 non
2717 1114 2934 1170 parcam
2974 1098 3164 1156 Ninivc
3189 1098 3394 1158 civitati
3432 1117 3551 1159 ma-

1961 1188 2100 1270 gna}.
2130 1214 2150 1247 ι
2184 1194 2374 1250 Ninive
2400 1194 2593 1250 civitas
2622 1209 2815 1266 magna
2841 1194 3081 1250 Ecclesia
3107 1204 3212 1260 est,
3239 1210 3307 1253 ex
3337 1199 3556 1255 univer-

1963 1289 2124 1344 sitate
2176 1287 2416 1359 gentium
2473 1294 2818 1358 congregata.
2875 1285 3082 1342 Revera
3138 1303 3371 1359 magna,
3428 1284 3555 1360 quia

1965 1378 2136 1435 multo
2160 1379 2336 1448 major
2362 1386 2448 1434 est
2473 1378 2760 1433 multitudo
2792 1376 3026 1434 ﬁdelium
3057 1392 3123 1433 ex
3151 1378 3401 1435 omnibus
3429 1376 3561 1451 gen-

1966 1471 2130 1534 tibus,
2175 1480 2338 1541 quam
2390 1469 2672 1524 duodecim
2722 1469 2894 1525 tribus
2945 1468 3131 1525 israel.
3174 1468 3328 1537 Quod
3376 1470 3558 1526 autem

1968 1562 2118 1625 dicit,
2158 1580 2177 1613 ι
2209 1562 2263 1616 in
2292 1575 2397 1633 qua
2425 1569 2551 1616 sunt
2588 1560 2710 1631 plus
2738 1576 2901 1630 quam
2927 1569 3144 1616 centum
3172 1559 3362 1630 viginti
3393 1560 3561 1616 millia

1970 1654 2270 1717 hominum,
2302 1653 2393 1725 qui
2442 1653 2693 1710 nesciunt
2735 1654 2862 1724 quid
2894 1654 2967 1709 sit
3010 1644 3154 1709 inter
3184 1654 3465 1711 dexteram
3510 1648 3568 1711 et

1972 1748 2249 1803 sinistram
2281 1763 2456 1812 suam,
2485 1756 2542 1803 et
2576 1748 2823 1819 jumenta
2869 1747 3057 1813 multa,
3087 1767 3106 1800 ι
3136 1748 3292 1820 juxta
3322 1748 3565 1819 litteram

1976 1839 2318 1897 innocentem
2348 1851 2405 1898 et
2442 1840 2738 1913 simplicem
2770 1841 3116 1912 parvulorum
3154 1850 3211 1898 et
3249 1842 3564 1900 iacientium

350 1951 373 1980 σ
394 1931 881 1988 EtdixitDoutinus
904 1930 1451 1993 addonam,'Putasne
1470 1930 1872 1989 beneirasceris
1900 1906 1950 1968 Β
1978 1942 2245 1988 monstrat
2291 1906 2625 1997 mtatemiut
2673 1906 2799 1989 hinc
2827 1931 3115 2005 colligatur
3140 1945 3375 2004 quantus
3405 1934 3569 2001 fuerit

277 2031 334 2078 te
364 2037 529 2093 super
567 2021 865 2078 hederam?
903 2021 972 2077 Et
998 2022 1153 2087 dixit,
1183 2020 1328 2078 Bene
1349 2024 1555 2079 irascor
1576 2039 1678 2095 ego
1703 2036 1872 2094 usque

282 2115 353 2170 ad
384 2122 678 2170 mortem»
705 2113 970 2183 Superius
995 2113 1107 2183 jam
1136 2114 1345 2170 salvato
1370 2129 1468 2187 per
1492 2114 1870 2185 pmnitentiam

284 2202 638 2259 Ninivitarum
672 2202 904 2274 populo,
952 2203 1144 2259 iisdem
1175 2205 1357 2261 verbis
1385 2205 1751 2278 interrogatus
1775 2203 1872 2260 Jo-

272 2310 382 2352 ‘nas
416 2295 548 2352 nihil
593 2294 903 2366 respondit,
942 2295 1076 2351 licet
1097 2296 1315 2353 ‘videret
1349 2312 1454 2353 non
1501 2314 1621 2354 esse
1670 2298 1872 2354 factum

268 2386 426 2458 quod
470 2386 819 2458 praedixerat,
855 2387 952 2442 sed
995 2380 1212 2442 Domini
1263 2387 1744 2460 interrogationem
1776 2404 1875 2444 suo

271 2476 923 2546 silentio‘comprobavit.
977 2473 1200 2532 Sciebat
1241 2477 1386 2532 enim
1436 2476 1725 2533 Dominum
1767 2477 1876 2533 cle-

280 2569 684 2625 mentissimum
712 2582 837 2625 esse
863 2576 914 2623 et
944 2566 1124 2623 multa!
1159 2569 1545 2632 miserationis.
1576 2568 1733 2626 Nunc
1775 2584 1873 2624 au-

270 2662 400 2716 item
424 2673 552 2715 cum
580 2659 634 2714 in
663 2660 962 2715 siccatione
991 2659 1205 2715 hedera:
1243 2660 1509 2717 intellexit
1539 2661 1752 2718 ist-aclis
1788 2677 1876 2718 re-

270 2750 686 2823 ‘probationem,
738 2751 1099 2806 audacissime
1146 2752 1425 2822 respondit
1456 2771 1469 2806 :
1498 2753 1642 2809 Bene
1670 2753 1880 2810 irascor

270 2860 392 2917 ego
419 2859 590 2916 usque
615 2844 683 2901 ad
712 2854 962 2902 mortem.
992 2845 1109 2902 Non
1140 2848 1284 2902 enim
1336 2846 1606 2902 Ninivitas
1654 2846 1736 2903 sie
1773 2846 1881 2902 sal:

275 2944 422 2992 Vare
448 2937 615 3002 volui,
649 2944 711 2992 ut
738 2935 911 2994 Judmi
952 2938 1213 3009 perirent,
1257 2952 1361 2993 nec
1388 2937 1468 2993 sic
1494 2936 1638 2992 volui
1681 2937 1880 2992 lucrari

283 3022 521 3095 alienos,
549 3038 611 3085 ut
650 3030 935 3101 perderem
976 3029 1247 3100 proprios.
1276 3027 1442 3085 Juxta
1475 3038 1708 3099 emptam
1754 3029 1883 3083 alie-

283 3124 500 3197 goriam
545 3124 600 3179 in
628 3123 766 3179 Jona
804 3122 1155 3195 intelligimus
1202 3121 1505 3188 Christum,
1544 3121 1635 3192 qui
1680 3121 1885 3193 plangit

282 3225 610 3290 pereuntem
641 3216 1002 3282 Hierusalem,
1036 3224 1091 3271 et
1118 3215 1324 3287 plangit
1358 3215 1624 3286 usquead
1653 3222 1883 3270 mortem

284 3316 402 3364 non
454 3320 645 3371 suam,
697 3308 792 3363 sed
817 3305 1150 3373 Judaeorum,
1192 3307 1282 3377 qui
1330 3306 1587 3362 exeaeeati
1625 3308 1785 3372 sunt,
1827 3315 1887 3361 ut

283 3397 538 3469 gentium
583 3395 724 3453 oculi
752 3397 1035 3463 viderent,
1064 3395 1264 3453 mortui
1307 3404 1369 3452 ut
1399 3407 1590 3469 gentes
1617 3396 1881 3463 viverent,

283 3488 580 3545 credentes
610 3488 664 3544 in
696 3487 893 3543 Filium
925 3488 1042 3544 Dei.

372 3597 393 3630 ι
427 3578 496 3633 Et
520 3577 658 3633 dixit
686 3577 949 3635 Dominus
975 3596 989 3633 :
1027 3578 1106 3634 Tu
1152 3577 1303 3635 doles
1329 3587 1492 3651 super
1517 3578 1799 3646 hederam,
1830 3579 1885 3635 in

258 3687 461 3745 ,quam
487 3686 594 3726 non
624 3671 903 3739 laborasli,
922 3685 1097 3743 neque
1142 3670 1315 3727 fecisti
1344 3682 1402 3727 ut
1432 3679 1730 3737 cresceret,
1768 3687 1889 3743 qua:

284 3764 401 3820 sub
428 3778 534 3817 una
566 3771 727 3818 nocte
771 3772 897 3818 nata
922 3770 1040 3826 est,
1074 3771 1131 3818 et
1164 3763 1264 3817 sub
1309 3778 1414 3817 una
1464 3769 1622 3817 nocte
1647 3762 1827 3832 periit.
1863 3781 1883 3814 ι

286 3852 416 3909 Non
445 3852 712 3909 laboravit
738 3851 904 3909 Jonas
931 3853 983 3908 in
1015 3853 1237 3917 hedera,
1268 3867 1372 3908 nec
1401 3851 1655 3908 Salvator
1680 3862 1888 3907 tantum

282 3943 568 4002 laboravit
600 3945 663 3999 in
707 3943 923 4008 Judaeis,
952 3959 1115 4014 quam
1162 3944 1215 3997 in
1260 3942 1532 4015 gentibus.
1579 3939 1699 3998 Mox
1745 3942 1891 3997 enim

280 4035 486 4093 'educti
528 4035 594 4089 de
617 4034 883 4104 Egypto,
914 4032 1261 4103 proiecerunt
1306 4034 1465 4097 idola,
1498 4043 1552 4089 et
1597 4049 1698 4106 pro
1739 4043 1893 4104 parte

298 4125 617 4182 servierunt
646 4118 902 4178 Domino.
930 4124 1001 4178 At
1029 4124 1083 4179 in
1135 4126 1374 4193 gentium
1421 4125 1618 4196 populo
1665 4124 1891 4180 multum

292 4215 578 4271 {aboravit
603 4233 617 4269 :
648 4228 747 4285 pro
772 4214 858 4269 eis
882 4214 1044 4269 homo
1070 4211 1245 4269 factus
1263 4224 1368 4280 est,
1392 4230 1515 4271 eum
1537 4225 1682 4271 esset
1704 4215 1849 4271 Dens
1868 4226 1890 4270 ’τ

290 4320 411 4381 pro
438 4307 518 4363 eis
551 4306 752 4377 alapas,
787 4314 965 4376 sputa,
998 4306 1239 4378 spineam
1271 4322 1527 4363 coronam
1557 4317 1896 4379 mortemque

290 4391 605 4456 sustinuit:
633 4398 701 4453 ad
733 4396 936 4454 inferos
977 4397 1278 4461 descendit,
1307 4408 1366 4454 nt
1412 4396 1484 4453 illi
1510 4398 1713 4454 cedrum
1760 4414 1893 4454 con-

291 4488 648 4546 uenderent.
673 4487 828 4545 Unde
864 4485 1033 4543 fratre
1062 4488 1286 4560 prodigo
1318 4489 1385 4543 ad
1409 4498 1625 4559 patrem
1655 4503 1892 4555 tevcrso,

298 4579 625 4651 indignatur
646 4577 815 4634 frater
839 4577 1032 4650 major,
1058 4584 1115 4635 et
1142 4577 1473 4650 querebatur
1499 4579 1639 4650 patri
1665 4580 1851 4635 dicens
1877 4597 1892 4635 :

296 4670 451 4729 Ecce
481 4677 559 4726 tot
586 4670 744 4726 annis
768 4668 952 4726 servio
980 4669 1100 4735 tibi,
1130 4678 1187 4725 et
1212 4684 1491 4743 nunquam
1528 4670 1723 4747 dedisti
1763 4671 1895 4727 mihi

297 4762 547 4828 haedum,
571 4771 634 4819 ut
656 4778 780 4819 eum
805 4761 997 4818 amicis
1022 4761 1159 4818 meis
1180 4761 1451 4833 epularer.
1474 4759 1729 4819 Graviter
1750 4762 1897 4820 enim

299 4852 523 4913 ferebat
548 4851 715 4911 istae]
734 4851 878 4926 quod
898 4862 1123 4926 gentes,
1150 4853 1413 4931 dissipata
1443 4854 1743 4912 substantia
1770 4870 1897 4912 eum

1975 2038 2237 2078 numerus
2279 2022 2507 2093 majoris
2549 2024 2756 2090 aetatis,
2789 2024 2834 2080 si
2871 2031 3056 2081 tantus
3102 2024 3266 2081 fuerit
3312 2018 3567 2099 parvulo-

1976 2131 2118 2170 rum.
2152 2113 2249 2171 Vel
2279 2124 2427 2172 certe
2454 2116 2509 2170 in
2551 2131 2615 2171 ea
2662 2117 2879 2171 civitate
2906 2126 3029 2173 erat
3073 2117 3341 2174 immensa
3392 2117 3569 2176 mulli-

1977 2205 2128 2270 tndo,
2172 2220 2292 2274 qum
2337 2213 2467 2259 ante
2511 2204 2891 2274 paenitentiam
2942 2206 3226 2279 ignorabat
3255 2208 3385 2279 quid
3421 2216 3567 2265 esset

1972 2293 2119 2349 inter
2161 2295 2361 2349 bonum
2409 2302 2465 2349 et
2507 2294 2727 2349 malum.
2764 2295 2899 2351 Boni
2942 2297 3087 2351 enim
3126 2311 3224 2369 per
3262 2299 3563 2363 dexteram.

1974 2400 2031 2439 m
2050 2383 2104 2438 ili
2131 2384 2475 2456 accipiuntur
2495 2400 2593 2455 per
2620 2385 2915 2442 sinistram.
2948 2386 3053 2442 Sed
3085 2388 3138 2442 in
3163 2387 3404 2445 Ecclesia
3426 2391 3570 2446 sicut

1979 2477 2032 2531 in
2058 2490 2255 2547 magna
2283 2477 2443 2533 domo
2471 2485 2597 2534 sunt
2624 2492 2751 2533 vasa
2787 2486 2842 2533 et
2871 2479 2923 2534 in
2954 2479 3215 2535 honorem
3247 2490 3392 2546 sunt,
3419 2490 3474 2537 et
3512 2468 3568 2538 in

1979 2568 2400 2632 contumeliam,
2452 2575 2579 2622 sunt
2628 2567 2916 2635 carnales,
2967 2576 3095 2624 sunt
3147 2577 3205 2625 et
3254 2570 3566 2642 spiritales,

1979 2668 2169 2727 estque
2211 2659 2282 2714 ibi
2331 2658 2576 2714 infinitus
2608 2656 2981 2727 iumentorum
3018 2676 3297 2728 numerus,
3331 2663 3434 2719 hoc
3462 2672 3569 2729 est,

1981 2752 2431 2808 irrationabiiium
2467 2763 2523 2807 et
2560 2753 2736 2807 ventri
2787 2754 3139 2810 servientium
3163 2796 3179 2822 ,
3206 2755 3296 2825 qui
3342 2768 3567 2827 prospe-

1982 2854 2131 2901 ctant
2174 2853 2397 2910 terram,
2427 2845 2671 2915 nunquid
2700 2845 2895 2901 calum
2924 2847 3258 2917 respiciunt?
3287 2847 3365 2903 De
3392 2846 3570 2919 quali-

1980 2937 2084 2995 bus
2115 2939 2242 2994 dicit
2292 2938 2602 3003 Psalmista,
2646 2958 2664 2991 ς
2695 2938 2869 2994 Homo
2899 2954 3021 2995 eum
3067 2940 3122 2996 in
3155 2941 3375 2997 ‘honore
3404 2949 3569 3007 esset,

1984 3044 2093 3084 non
2123 3029 2417 3084 intellexit:
2462 3039 2808 3100 comparatus
2844 3039 2926 3086 est
2968 3031 3228 3101 iumentis
3268 3033 3572 3104 insipienti-

1986 3121 2107 3182 bus,
2146 3128 2201 3175 et
2231 3120 2424 3176 similis
2453 3120 2626 3178 factus
2651 3132 2735 3178 est
2763 3123 2888 3178 illis.
2926 3143 2944 3176 ι
2981 3123 3091 3179 Nec
3135 3114 3571 3195 prmterenndnm

1988 3211 2131 3280 quod
2166 3211 2219 3265 in
2248 3209 2441 3266 Ninive
2468 3211 2588 3282 plus
2620 3225 2781 3281 quam
2804 3221 3025 3293 centum
3056 3214 3246 3285 viginti
3274 3216 3441 3271 millia
3474 3208 3574 3272 ho-

1989 3296 2194 3357 minam
2229 3300 2395 3357 fuisse
2425 3302 2698 3368 dicuntur;
2727 3303 2819 3373 qui
2845 3318 3105 3360 numerus
3134 3319 3388 3375 magnum
3421 3298 3483 3361 in'
3514 3321 3576 3383 se

1982 3395 2230 3451 continet
2250 3396 2564 3467 mysterium
2588 3408 2606 3450 ':
2633 3412 2760 3451 nam
2783 3406 2999 3453 centum
3021 3398 3211 3471 viginti
3241 3399 3396 3467 ﬁunt,
3421 3400 3469 3456 si
3504 3386 3578 3459 ab

1985 3500 2098 3541 uno
2127 3486 2391 3557 incipiens
2416 3502 2588 3558 usque
2629 3488 2696 3543 ad
2724 3489 3031 3560 quindecim
3070 3498 3361 3561 sequentes
3413 3502 3573 3548 natu-

1988 3577 2177 3631 raliter
2207 3593 2464 3632 numeros
2487 3578 2588 3633 sibi
2618 3593 2832 3648 semper
2859 3574 3110 3648 adjicies,
3139 3581 3233 3636 uni
3263 3582 3408 3637 enim
3437 3583 3578 3640 adde

1990 3667 2148 3733 duos,
2175 3668 2309 3723 linnt
2332 3678 2444 3725 tres
2468 3684 2482 3723 :
2511 3669 2649 3725 adde
2679 3680 2810 3735 tres,
2834 3669 2969 3726 litant
2997 3687 3090 3728 sex
3119 3691 3132 3726 :
3162 3672 3299 3729 adde
3321 3664 3573 3747 quatuor,

1993 3755 2129 3813 liunt
2165 3759 2372 3814 decem.
2420 3759 2534 3816 iloe
2577 3761 2621 3816 si
2665 3776 2837 3831 usque
2881 3762 2948 3818 ad
2990 3763 3319 3834 quindecim,
3346 3758 3579 3825 servata

1986 3849 2256 3904 naturalis
2298 3850 2511 3905 numeri
2542 3851 2713 3916 serie,
2756 3850 2878 3915 iiat,
2922 3862 3138 3917 centum
3183 3856 3373 3927 viginti
3425 3845 3578 3928 repe-

1992 3941 2222 3997 rientur.
2257 3941 2431 4011 Super
2461 3952 2537 3997 tot
2566 3943 2856 3999 credentes
2896 3946 3044 4000 venit
3091 3945 3326 4018 Spiritus
3357 3959 3580 4006 sanctus

1986 4029 2048 4090 in
2075 4035 2163 4091 die
2184 4033 2551 4091 Pentecosles.
2576 4035 2977 4103 Quindenarius
3002 4050 3180 4096 autem
3215 4058 3472 4099 numerus
3508 4036 3576 4101 ei

1994 4124 2304 4194 septenario
2325 4135 2381 4181 et
2399 4127 2680 4183 octonario
2700 4138 2933 4183 constat.
2954 4130 3169 4201 Septem
3192 4133 3336 4188 enim
3358 4142 3414 4189 et
3430 4142 3577 4201 octo,
3604 4160 3607 4169 η

1996 4215 2303 4285 quindecim
2333 4227 2477 4281 sunt,
2512 4226 2593 4272 tot
2618 4227 2774 4273 erant
2803 4220 3002 4289 gradus
3026 4221 3080 4276 in
3119 4222 3319 4293 templo
3340 4224 3577 4292 Domini,

1996 4305 2262 4359 totetiam
2292 4311 2417 4361 sunt
2444 4302 2635 4378 psalmi
2661 4307 2858 4378 quibus
2897 4318 3076 4365 exstat
3103 4312 3307 4374 titulus.
3343 4332 3363 4367 ‹
3391 4312 3578 4371 ϐηηιίε

1992 4414 2120 4455 cum
2165 4399 2445 4471 graduum.
2477 4420 2498 4453 ›
2530 4399 2633 4456 Tot
2672 4401 2864 4458 diebus
2909 4400 3107 4458 Paulus
3151 4419 3274 4460 cum
3323 4396 3585 4477 apoSlolis

1999 4489 2185 4554 fuisse,
2226 4499 2283 4546 et
2322 4506 2450 4547 eum
2494 4492 2574 4547 eis
2624 4490 2972 4560 Evangrlinm
3019 4493 3315 4551 contulisse
3361 4492 3580 4571 legitur.

1996 4574 2144 4637 Bene
2173 4596 2304 4651 ergo
2329 4582 2616 4639 multitudo
2635 4583 2887 4640 Ecclesia:
2913 4585 3004 4640 tali
3032 4585 3311 4660 praefulget
3334 4604 3580 4654 numero.

2002 4672 2056 4728 in
2086 4687 2195 4744 quo
2224 4670 2355 4728 Novi
2384 4688 2450 4729 ac
2474 4668 2688 4730 Veteris
2716 4671 3046 4732 Testamenti
3079 4679 3335 4749 mysteria
3364 4684 3424 4736 et
3456 4670 3581 4737 cen-

2004 4765 2213 4821 tenaria
2239 4765 2526 4837 quadrata,
2572 4781 2640 4824 ac
2669 4767 2955 4826 millenarii
2980 4770 3183 4835 cubita,
3214 4767 3269 4829 id
3295 4780 3383 4829 est
3410 4769 3583 4832 solida

2001 4853 2266 4928 perfectio
2293 4855 2619 4913 declaratur.
3417 4860 3421 4864 ’
3564 4848 3569 4853 ’

318 4996 3541 5033 WWWW

1209 5124 1386 5233 "1N
1447 5146 1940 5239 meum
1998 5141 2648 5236 PROPHETAM.

1734 5288 2123 5312 m—

832 5347 1060 5410 CAPUT
1105 5348 1397 5408 PRIMUM.

395 5457 417 5493 ι
450 5432 684 5497 Verbum
726 5441 940 5499 Domini
985 5442 1126 5512 quod
1170 5440 1371 5498 factum
1401 5452 1485 5499 est
1525 5444 1592 5499 ad
1621 5443 1900 5505 Micbream

314 5526 716 5597 Morasthitem,
746 5531 800 5587 in
829 5532 1017 5588 diebus
1038 5530 1313 5598 Joatham,
1339 5533 1545 5596 Achaz.
1575 5544 1629 5591 et
1656 5528 1902 5594 Ezechias

315 5639 509 5695 regum
540 5623 695 5690 Jnda,
722 5626 864 5698 quod
892 5627 1023 5682 vidit
1052 5642 1214 5698 super
1238 5625 1538 5684 Samariam
1566 5639 1621 5687 et
1649 5624 1902 5687 Hierusa-

316 5719 485 5775 lem»
512 5720 1160 5793 Miclneaspt-Opheta,qui
1201 5722 1585 5793 interpretatur
1608 5722 1900 5796 Quidquid,

318 5811 416 5867 vel
443 5811 596 5881 Quis,
624 5813 779 5885 quasi
814 5813 930 5870 sive
965 5810 1272 5880 iiumilitas,
1304 5827 1490 5875 sextus
1523 5818 1688 5875 estin
1711 5816 1904 5877 ordine

318 5901 633 5960 ‘duodccim'
658 5906 1080 5977 prophetarum,
1127 5915 1287 5977 atque
1334 5907 1457 5963 ideo
1487 5907 1749 5979 profunda
1790 5910 1906 5981 ejus

2006 5361 2380 5426 exspectemus
2416 5352 2705 5424 mysteria,
2732 5354 2826 5423 qui
2855 5355 2910 5413 in
2939 5353 3239 5417 meditullio
3261 5362 3321 5421 et
3346 5354 3496 5419 velut
3530 5357 3586 5423 lu

2006 5445 2170 5505 comic
2202 5445 2503 5517 prophetici
2546 5446 2755 5503 ordinis
2786 5447 2995 5519 positus
3020 5454 3125 5503 est.
3160 5447 3287 5505 Fuit
3311 5454 3491 5513 autem
3520 5451 3587 5508 de

2008 5534 2290 5604 Moras'hi,
2318 5543 2409 5611 qui
2440 5548 2524 5595 est
2565 5540 2774 5597 vienius
2823 5540 3143 5603 Paimstiuaa.
3195 5540 3589 5613 interpretatur

2010 5642 2188 5690 autem
2231 5633 2488 5689 Morasthi
2512 5675 2526 5692 .
2570 5634 2766 5690 haeres.
2816 5633 2885 5689 Et
2926 5632 3148 5703 pulchre
3186 5633 3467 5700 Michmas,
3495 5634 3585 5707 qui

2011 5724 2288 5783 humilitas
2314 5724 2718 5795 interpretatur,
2746 5724 2812 5778 de
2839 5738 2935 5793 spe
2973 5724 3301 5785 bterctlitatis
3325 5725 3589 5791 nascitur,

2011 5804 2105 5888 qui
2134 5817 2278 5875 enim
2322 5817 2641 5879 humilitatis
2666 5817 2929 5895 virtutem
2960 5834 3059 5890 pro
3105 5818 3454 5895 Deogteuere‘
3476 5827 3592 5877 stlt-

2014 5910 2208 5982 duerit,
2235 5911 2411 5967 ineres
2434 5910 2533 5985 Dei
2556 5919 2609 5978 et
2634 5909 2875 5976 cobteres
2899 5908 3099 5966 Christi
3126 5926 3244 5969 esse
3275 5908 3588 5973 morabitur,
