4022 6446
468 399 576 465 ηδ

936 398 1028 453 llA
1040 394 1289 473 ι’ζιιΟΝις
1327 392 1806 451 ιιΑιιιειιδτΑτ.
1826 392 2034 459 .EPISC

2134 393 2256 472 lPP._
2285 395 2469 455 PARS
2502 398 2545 452 l.
2586 427 2651 438 -
2685 397 3045 456 COMMENT.
3083 398 3256 456 ΒΖΜ..

3614 399 3728 462 ιιι
3766 354 3782 367 ’

465 515 560 591 qpi
592 514 835 591 seipsum
873 529 972 585 pro
1010 514 1164 579 nobis
1201 511 1536 579 bumiliavit,
1570 512 1773 584 quique
1813 512 1882 567 ad
1926 512 2044 569 imis
2071 518 2119 575 Α
2145 525 2396 582 egressus
2415 523 2703 599 estsermo
2728 526 2758 569 a
2784 512 3030 571 Domino.
3066 515 3352 589 Descendit
3377 529 3511 584 ergo
3534 523 3592 573 et
3612 518 3735 574 est.

469 605 685 671 tandum
717 607 941 660 formam
964 619 1079 669 sua:
1104 602 1422 660 humilitatis
1448 603 1640 659 invitat
1668 618 1788 670 nos,
1815 603 2040 660 dicens:

467 717 491 774 μ
522 697 720 765 Discite
758 712 790 755 a
830 711 947 760 me,
974 694 1098 764 quia
1132 693 1279 749 mitis
1318 710 1436 749 sum
1476 704 1532 750 et
1558 693 1779 750 humilis
1803 694 1987 749 corde.
2015 712 2037 746 ι

468 787 571 845 llic
616 788 890 861 propheta.
923 785 1287 841 comminatur
1343 784 1602 841 Samaria:
1658 786 1795 843 iram
1843 785 1939 840 Dei
1989 794 2047 840 et

467 879 865 952 captivitatem,
908 878 1290 946 interitumque
1329 877 1524 947 populo
1569 876 1730 933 Israel
1755 886 2043 932 venturum

466 970 779 1036 denuntiat,
807 968 957 1040 quia,
990 967 1177 1025 relicto
1205 965 1331 1029 Deo,
1370 966 1607 1021 serviant
1632 966 1806 1021 idolis.
1839 962 2040 1022 Locum

466 1060 629 1127 etiam
657 1060 956 1117 nativitatis
976 1058 1178 1114 Christi
1203 1066 1387 1126 aperte
1412 1057 1713 1111 denuntiat.
1742 1056 1933 1112 Notum
1958 1067 2043 1112 est

464 1155 607 1225 quod
637 1162 897 1225 regnante
926 1150 1154 1206 Ezccliia
1189 1148 1295 1203 lilio
1320 1147 1527 1214 Achaz,
1558 1150 1741 1204 decem
1774 1150 1946 1206 tribus
1972 1150 2040 1205 ab

463 1244 700 1317 Assyriis
724 1242 898 1298 ducta:
926 1251 1050 1297 sunt
1078 1239 1131 1293 in
1157 1238 1545 1309 captivitatem,
1569 1245 1752 1309 postea
1783 1250 2041 1310 regnante

466 1335 750 1395 Sedet-hia.
782 1335 901 1389 dum
927 1347 1047 1403 qua:
1090 1329 1424 1401 appellantur
1449 1327 1605 1394 Juda,
1638 1344 1759 1383 cum
1790 1346 1888 1385 suo
1916 1346 2041 1402 rege

460 1436 667 1503 capue,
702 1434 755 1481 et
783 1422 1114 1480 Hierusalem
1143 1422 1400 1477 subversa
1431 1429 1532 1475 est.
1572 1419 1712 1491 Ergo
1742 1422 2038 1477 sccundmn

462 1520 705 1579 ordinem
735 1516 1060 1589 captivitatis
1090 1513 1360 1585 prophetae
1405 1510 1587 1587 titulus
1627 1513 1847 1582 ponitur
1876 1532 1888 1566 :
1923 1512 2040 1567 Pri-

463 1604 614 1677 mum
656 1607 738 1681 (ιιι
779 1608 979 1663 dictum
1012 1607 1115 1675 est)
1158 1603 1315 1681 capta
1343 1592 1423 1657 est
1455 1600 1697 1658 Samaria
1728 1603 2041 1681 metropolis

463 1677 932 1771 deceni‘tribuunt,
958 1706 1143 1767 postea
1172 1678 1502 1771 Hierusalem
1535 1693 1843 1764 metrbpolis
1861 1677 2033 1771 dudm.

458 1770 694 1865 Pellitur
709 1778 884 1844 autem
911 1764 1154 1861 Samaria
1183 1766 1234 1838 in
1262 1793 1387 1854 typo
1417 1782 1817 1847 lueretieorum,
1849 1764 2039 1838 llieru-

460 1874 707 1953 salent'in
739 1866 906 1955 ligura
938 1875 1209 1932 Ecclesiae.

534 1994 555 2047 ι
584 1972 797 2038 Audite,
828 1970 1009 2042 populi
1038 1983 1248 2033 omnes,
1272 1977 1329 2023 ct
1348 1965 1586 2022 attemlat
1611 1977 1753 2021 terra
1779 1975 1834 2020 et
1863 1964 2037 2047 pleni-

615 2060 750 2134 eius,
776 2073 831 2119 et
860 2063 930 2118 sit
961 2058 1219 2116 Dominus
1252 2057 1394 2115 Deus
1418 2059 1570 2113 vobis
1611 2058 1662 2112 in
1692 2067 1903 2122 testem,
1937 2044 2038 2141 Do—r

458 2145 637 2233 ntijips
660 2156 725 2212 dc
757 2153 953 2226 templo
980 2162 1168 2210 sancto
1195 2166 1312 2207 suo.
1346 2171 1364 2203 ι
1405 2148 1707 2205 Notandum
1752 2146 1894 2220 quod
1935 2144 2036 2218 po-

458 2232 573 2320 puli
598 2247 806 2313 audire,
833 2256 972 2315 terra
994 2246 1213 2318 jubetur
1235 2243 1537 2299 attendere.
1565 2242 1623 2297 ιιι
1649 2244 1863 2315 populo,
1892 2243 2040 2298 viros

457 2322 853 2407 ecclesiasticos
871 2359 896 2404 ,ε
928 2339 982 2411 in
1014 2349 1183 2405 terra,
1206 2338 1515 2400 haereticos,
1551 2354 1779 2409 quorum
1808 2348 1892 2394 est
1932 2347 2039 2395 ter-

459 2420 586 2505 rena
614 2431 877 2487 doctrina.
910 2414 1045 2484 ﬁam
1076 2439 1129 2485 et
1153 2428 1443 2506 Apostolus
1478 2429 1713 2485 lnereses
1756 2429 1896 2484 inter
1918 2444 2039 2484 car-

459 2504 741 2597 nis-opera
779 2530 1188 2579 connucmorat.
1224 2504 1298 2577 Et
1332 2504 1394 2576 lii
1424 2536 1552 2597 ergo
1580 2521 1669 2590 qui
1701 2521 1757 2599 in
1796 2518 2037 2576 Ecclesia

458 2627 606 2685 ιιιιιι,
636 2618 681 2672 si
708 2616 998 2680 audierint,
1020 2600 1083 2671 ct
1127 2614 1203 2668 illi
1246 2616 1337 2686 qui
1384 2613 1518 2669 loris
1546 2620 1691 2679 'sunt,
1718 2614 1763 2669 si
1797 2614 2037 2668 attende-

458 2686 593 2781 rint,
620 2717 873 2778 poterunt
897 2703 1131 2777 ell‘ugere
1156 2704 1299 2774 quod
1325 2720 1504 2760 sermo
1526 2705 1873 2774 prepheticns
1890 2718 2036 2758 eom-

460 2792 716 2856 minatur.
749 2794 910 2869 Optat
938 2810 1068 2866 ergo
1114 2794 1376 2866 propheta
1400 2836 1417 2860 ,
1455 2803 1511 2849 ut
1559 2796 1630 2849 sit
1674 2795 1754 2850 eis
1798 2794 1941 2849 Deus
1982 2794 2035 2849 in

461 2888 868 2972 testimonium,
911 2901 1018 2971 non
1063 2885 1281 2943 aliunde
1322 2902 1442 2958 qua:
1489 2886 1554 2942 de
1601 2886 1799 2957 templo
1848 2894 2037 2942 sancto

457 2964 740 3059 Seriphos
778 2989 889 3044 est,
938 2968 1211 3044 Ecclesia,
1253 2993 1354 3049 per
1394 2993 1556 3049 quam
1604 2977 1743 3035 Deus
1797 2979 2035 3036 testimo-

458 3054 613 3153 nium
624 3054 876 3160 perhibet
900 3073 1138 3159 veritati,
1168 3073 1283 3129 sive
1308 3071 1565 3144 templum
1589 3072 1707 3138 Dei,
1731 3072 1845 3144 ipse
1864 3072 2033 3129 Filius

454 3178 541 3244 est
569 3168 623 3243 in
662 3181 773 3238 quo
806 3158 1220 3245 lla'bitatil’atcr,
1247 3172 1304 3220 et
1334 3162 1485 3234 cujus
1519 3179 1614 3221 ore
1639 3164 1896 3236 loquitur.

532 3223 741 3326 (Qu-ia
783 3240 911 3314 ecce
945 3223 1217 3312 Dominus
1244 3223 1549 3327 egredietur
1571 3254 1639 3311 de
1667 3223 1788 3311 loco
1828 3269 1945 3317 suo,
1977 3261 2033 3309 et
2059 3223 2104 3286 (ἶ

453 3349 768 3417 descendet,
795 3356 851 3405 et
875 3346 1106 3404 calcabit
1128 3345 1292 3418 super
1314 3330 1525 3425 excelsa
1551 3356 1729 3410 teme,
1758 3353 1812 3400 ct
1834 3360 2033 3400 consu-

456 3449 672 3498 Iuentur
694 3447 905 3494 moutes
936 3437 1130 3493 subtus
1146 3451 1293 3502 eum,
1321 3442 1377 3491 et
1399 3434 1567 3493 valles
1590 3432 1905 3490 scindentur
1926 3433 2031 3488 sic-

454 3542 515 3589 ut
552 3544 678 3591 cera
716 3543 746 3583 a
780 3526 916 3584 facie
964 3526 1120 3598 ignis,
1152 3526 1290 3582 sicut
1323 3538 1476 3596 aqua:
1506 3540 1626 3595 qua:
1655 3525 1949 3580 decurrunt
1974 3523 2030 3580 in

454 3636 712 3697 pra‘ceps.
740 3618 795 3675 in
819 3618 1024 3676 scelere
1048 3615 1213 3674 Jacoli
1239 3632 1401 3673 omne
1429 3616 1594 3682 istud,
1626 3627 1678 3671 et
1710 3617 1761 3671 in
1793 3606 2031 3688 peccatis

452 3699 646 3771 diuuus
666 3711 847 3769 Israel.
873 3710 1024 3780 Quod
1051 3706 1443 3767 scelusJacob?
1468 3722 1643 3763 nonne
1669 3705 1949 3763 Samaria?
1976 3716 2032 3765 et

454 3820 574 3875 qua:
617 3801 829 3858 excelsa
873 3799 1052 3855 inda?
1082 3815 1258 3856 nonne
1295 3798 1631 3855 Jerusalem?
1664 3819 1683 3852 ι
1717 3796 1894 3855 Laeus
1933 3799 2030 3875 Dei

456 3891 827 3950 misericordia
857 3901 960 3955 est,
1008 3890 1133 3962 quia
1182 3888 1498 3945 naturaliter
1539 3888 1776 3946 clemens
1814 3899 1863 3945 et
1912 3892 2031 3963 pius

453 3997 556 4043 est.
590 3972 693 4041 Sed
720 3983 810 4056 qui
856 3982 1001 4038 mitis
1029 3979 1111 4037 est
1142 3992 1195 4037 et
1225 3981 1530 4039 misericors
1563 3982 1718 4038 nobis
1757 3982 2031 4053 peccanti-

453 4074 818 4149 bus,togitur
857 4075 1250 4148 ipimlannnodo
1301 4084 1511 4133 Inutare
1557 4086 1804 4133 naturam
1853 4092 2027 4132 suam.

455 4152 738 4245 Egreditur
765 4172 830 4226 de
858 4170 973 4227 loco
997 4186 1118 4235 suo,
1148 4170 1376 4226 assumit
1416 4186 1699 4241 personam
1741 4170 2032 4239 crudelitaf

456 4264 546 4327 tis,
573 4279 735 4334 quant
770 4277 877 4333 .per
917 4273 1165 4317 naturam
1198 4278 1302 4317 non
1350 4249 1533 4319 habet.
1570 4263 1879 4318 Desccnsus
1913 4263 2031 4333 ejus

452 4358 535 4409 εει
577 4344 874 4419 tinuit-statis
899 4348 1015 4423 ejus
1043 4351 1110 4406 ad
1140 4340 1392 4429 inferiora
1424 4350 1713 4421 decursus.
1747 4351 1922 4421 Super
1943 4367 2033 4424 ex:

453 4432 597 4501 celsa
632 4438 788 4519 terra:
826 4428 1060 4508 calcare,
1107 4452 1189 4498 est
1230 4450 1482 4512 potentes
1522 4450 1679 4495 terrae
1726 4451 2026 4519 uniter-ere.

458 4556 476 4591 ι
511 4522 572 4609 lit
593 4512 978 4613 ςιιιιέιιιιιυιιιιιιδ
1003 4545 1210 4613 montes
1222 4534 1421 4613 subtus
1441 4547 1588 4609 eum,
1611 4538 1666 4586 et
1692 4516 1861 4604 valles
1887 4532 2028 4587 sciu-

454 4606 733 4685 dcutur..i'
770 4610 822 4682 lii
870 4606 1141 4680 montibus
1181 4606 1467 4701 principes,
1504 4606 1821 4701 iu'vallibus
1849 4622 2026 4695 subje-

454 4731 570 4776 ctus
598 4710 825 4789 populos
855 4716 1220 4787 intelligimus.
1266 4715 1415 4770 Sicut
1442 4700 1657 4784 (inquit)
1686 4728 1810 4768 cera
1850 4712 2027 4767 vicino

450 4793 578 4881 igne
601 4808 853 4872 tabescit,
874 4818 928 4861 et
957 4806 1095 4862 sicut
1135 4820 1287 4875 aqum
1313 4819 1483 4875 prono
1500 4792 1951 4858 'cursu‘l'e'runlur
1975 4798 2027 4857 in

453 4899 713 4969 pra-citius,
738 4897 816 4951 sic
841 4896 1018 4951 onmis
1049 4895 1331 4963 impiorum
1356 4884 1625 4964 superbia,
1653 4893 1898 4951 veniente
1928 4892 2029 4947 De;

454 4987 620 5052 mino,
654 4986 894 5042 solvetur
930 4996 984 5041 et
1016 4984 1248 5041 dellciet.
1293 4983 1407 5039 lloc
1458 4988 1640 5037 autem
1688 4984 1777 5037 [iet
1806 4980 2029 5053 propter

450 5081 656 5136 scelera
678 5068 864 5135 ilecem
893 5079 1152 5143 tribuum,
1188 5093 1321 5148 quas
1347 5086 1500 5133 vocat
1531 5074 1697 5133 Jacob
1727 5077 1810 5133 vcl
1838 5076 2028 5137 Sama-

454 5172 590 5228 l'iam
618 5181 674 5228 et
714 5170 899 5235 Israel,
931 5181 986 5226 ct
1017 5177 1232 5240 propter
1263 5158 1758 5241 przevaricatiouem
1789 5165 1941 5223 Juda.
1968 5166 2026 5223 in

451 5258 639 5319 decem
666 5262 810 5318 enim
840 5260 1085 5316 tribubus
1112 5259 1421 5329 metmpolis
1445 5268 1564 5313 erat
1605 5258 1874 5324 Samaria,
1908 5274 2029 5329 quae

451 5348 846 5417 nunc'Scbaste
869 5342 1087 5423 dicitur,
1117 5365 1172 5411 et
1198 5356 1249 5410 in
1284 5353 1417 5410 Juda
1447 5355 1848 5426 principaliamr
1874 5354 2029 5410 .leru-

453 5452 641 5519 Balatu.
676 5450 1030 5524 Tropologicc
1052 5450 1207 5506 locus
1240 5447 1334 5502 Dei
1364 5447 1537 5503 sancti
1567 5456 1711 5511 sunt,
1739 5448 1805 5501 de
1833 5447 2029 5516 quibus

453 5538 584 5601 dieit
612 5560 626 5599 :
663 5563 683 5598 ι
712 5543 1027 5599 lnhabitabo
1064 5540 1117 5596 ln
1158 5528 1262 5593 illis
1291 5545 1347 5593 et
1374 5537 1733 5592 inamlmlabo.
1778 5555 1796 5589 ι
1831 5537 1912 5591 Alt
1945 5537 2029 5593 ln's

446 5642 584 5707 ergo
603 5637 809 5692 sanctis
834 5633 1111 5704 egreditur
1141 5629 1414 5695 Domitios,
1446 5645 1552 5686 non
1573 5645 1669 5685 eos
1694 5628 2026 5699 relianens,

452 5725 548 5782 led
588 5739 686 5796 per
715 5738 810 5781 cos
846 5721 1144 5793 praedicans
1184 5728 1239 5776 ct
1294 5721 1619 5775 annuntians
1672 5718 2026 5791 reproborum

446 5816 736 5889 supplicia,
781 5815 1049 5890 iustorum
1097 5811 1337 5886 praemia.
1390 5811 1639 5884 Legimus
1697 5811 1843 5868 enim
1899 5811 2026 5880 quia

2057 4580 2105 4640 D
2134 4582 2143 4640 ζ

2143 614 2247 669 eat,
2291 621 2399 661 non
2428 622 2592 676 super
2634 604 2890 662 humikm
2921 614 3143 670 terram,
3178 606 3234 661 id
3268 614 3378 671 est,
3413 620 3521 663 non
3561 621 3755 680 super.

2142 711 2238 751 eos
2277 697 2366 766 qui
2397 697 2647 753 deorsum
2679 705 2827 761 sunt,
2873 697 2968 751 sed
3011 711 3179 768 super
3204 697 3419 753 excelsa
3450 707 3632 764 terrae,
3671 700 3731 756 id

2141 793 2225 843 est
2262 796 2498 850 sanctos,
2543 787 2635 857 qui
2693 786 2997 857 intelligunt
3048 787 3317 843 venientis
3357 786 3735 856 majestatem,

2141 881 2340 948 quique
2386 878 2511 933 licet
2534 878 2709 934 sancti
2734 879 2868 944 sint,
2898 880 3383 934 commovebuntur
3430 886 3636 945 tamen,
3671 880 3737 936 id

2140 978 2244 1035 est,
2275 970 2510 1025 timebun
2562 968 3066 1052 ejuspraeseptiam.
3092 970 3273 1028 Valles
3302 980 3512 1039 autem,
3534 973 3589 1028 id
3613 982 3729 1037 est,

2140 1069 2451 1131 peccatores
2483 1068 2537 1117 et
2562 1075 2683 1130 quae
2709 1068 2837 1115 sunt
2865 1060 2960 1116 Dei
2991 1075 3099 1116 non
3124 1070 3450 1130 querentes,
3483 1076 3592 1116 non
3619 1078 3730 1132 po.

2144 1160 2325 1205 terunt
2346 1148 2462 1219 ejus
2482 1148 2623 1206 l‘crre
2648 1151 3017 1220 praesentiam,
3040 1151 3134 1206 sed
3158 1153 3435 1207 scindetur
3460 1152 3733 1222 quidquid

2142 1246 2195 1300 in
2225 1243 2307 1298 eis
2329 1243 2518 1297 durum
2546 1250 2651 1309 est,
2691 1253 2746 1298 et
2774 1243 2948 1298 instar
2968 1259 3121 1314 aqua:
3147 1243 3361 1300 detinet.
3391 1243 3460 1300 Et
3485 1245 3589 1300 hoc
3617 1247 3732 1302 erit

2140 1342 2359 1403 prepter
2402 1333 2733 1404 impietatem
2767 1332 2951 1397 Jacob,
2986 1334 3042 1391 id
3081 1344 3168 1390 est
3210 1336 3617 1402 bznreticorum,
3668 1345 3733 1393 et

2139 1433 2358 1497 propter
2375 1433 2655 1495 peccaturo
2677 1423 2834 1490 Juda,
2859 1426 2911 1479 id
2932 1434 3039 1490 est,
3070 1441 3258 1482 eorum
3287 1428 3378 1496 qui
3400 1428 3455 1482 in
3477 1426 3733 1484 Ecclesia

2139 1516 2325 1587 positi,
2365 1517 2689 1572 conﬁtentur
2722 1531 2780 1571 se
2812 1530 2971 1572 nosse
3000 1516 3191 1584 Deum,
3224 1516 3385 1573 factis
3411 1527 3593 1574 autem
3631 1534 3727 1575 ne-

2140 1620 2355 1681 negant.
2383 1606 2543 1663 Juxta
2563 1610 2727 1665 alium
2756 1607 3111 1673 intellectum,
3140 1624 3397 1681 egressus
3417 1619 3505 1667 est
3539 1610 3731 1666 Domi—

2141 1717 2241 1758 nus
2279 1702 2343 1757 de
2392 1701 2511 1756 loco
2537 1717 2656 1766 suo,
2687 1699 2971 1769 dereliquit
2993 1699 3228 1766 Judtcos,
3254 1701 3309 1757 in
3334 1702 3530 1771 quibus
3550 1717 3719 1771 quon»

2140 1793 2262 1848 dam
2302 1792 2659 1857 habitaverat,
2692 1801 2913 1862 propter
2949 1803 3228 1861 peccatum
3273 1794 3417 1863 quod
3467 1795 3521 1850 iu
3563 1794 3728 1849 (Ebrio

2067 1872 2113 1934 Β
2139 1892 2282 1939 stum
2322 1870 2726 1947 commiserunt,
2753 1883 2897 1938 sicut
2922 1883 3006 1938 eis
3033 1882 3147 1952 ipse
3188 1883 3446 1939 minatur.
3480 1903 3502 1936 ι
3536 1885 3729 1939 Belin-

2139 1983 2335 2044 quctur
2363 1973 2515 2028 vobis
2539 1973 2733 2028 domus
2755 1980 2931 2027 vestra
2968 1973 3205 2028 deserta.
3236 1990 3256 2025 ι
3285 1970 3523 2028 Calcavit
3556 1987 3753 2041 super:

2139 2063 2349 2121 excelsa
2384 2072 2560 2129 teme,
2583 2062 2730 2118 venit
2750 2062 2816 2117 ad
2842 2071 3051 2133 gentes,
3078 2078 3196 2132 qua:
3229 2076 3326 2133 per
3352 2061 3470 2132 ejus
3486 2063 3731 2134 gratiam

2139 2157 2367 2213 excelsa:
2406 2155 2564 2212 factm
2603 2165 2751 2222 sunt,
2787 2165 2842 2211 et
2878 2172 2911 2212 a
2948 2156 3177 2211 terrenis
3205 2156 3477 2212 sublevari
3508 2171 3727 2221 merue-

2143 2255 2287 2303 runt.
2316 2246 2588 2301 Commoti
2633 2254 2758 2301 sunt
2790 2255 3020 2309 montes,
3049 2247 3100 2300 id
3128 2254 3231 2311 est,
3278 2245 3730 2317 philosophorum

2138 2338 2406 2407 dogmata,
2461 2345 2515 2392 et
2562 2352 2752 2407 regum
2814 2337 3050 2406 potentia
3116 2337 3454 2407 perturbata,
3494 2347 3548 2392 et
3588 2353 3731 2395 cono

2138 2437 2350 2498 sumpta
2378 2430 2431 2483 in
2461 2429 2542 2484 eis
2565 2429 2711 2483 oumi
2739 2428 3015 2499 impietate
3040 2429 3214 2485 erevit
3237 2428 3480 2500 iustitia;
3504 2430 3743 2501 destru«_

2137 2526 2224 2574 cta
2253 2519 2530 2588 superbia,
2575 2529 2754 2575 erecta
2777 2528 2860 2576 est
2889 2520 3185 2575 humilitas.

2212 2629 2231 2664 ι
2267 2611 2332 2666 Et
2357 2626 2554 2689 ponam
2596 2612 2900 2667 Samariam
2928 2613 3082 2682 quasi
3116 2628 3369 2669 acervum
3393 2612 3628 2684 lapidum
3659 2614 3729 2670 ita

2136 2718 2267 2775 agro
2295 2719 2418 2759 cum
2445 2704 2718 2774 plantatur
2750 2706 2924 2769 vinea,
2949 2716 3004 2761 et
3033 2705 3313 2763 detraham
3340 2707 3395 2762 in
3424 2706 3612 2762 vallem
3636 2707 3724 2762 la-

2136 2795 2286 2866 pides
2313 2794 2454 2864 ejus,
2496 2804 2550 2849 et
2579 2794 2925 2851 fnndmnenta
2963 2794 3083 2864 ejus
3125 2796 3397 2852 revelabo.
3424 2797 3490 2859 Et
3528 2798 3723 2867 ontnia

2135 2886 2403 2956 sculptilia
2433 2886 2549 2957 ejus
2574 2886 2945 2952 coneidentur,
2975 2896 3032 2941 et
3064 2903 3266 2959 omnes
3293 2891 3567 2947 mercedes
3594 2887 3729 2959 ejus»

2135 2979 2521 3034 comburentur
2557 2978 2698 3049 igne,
2740 2987 2796 3033 et
2842 2978 3023 3033 omnia
3064 2973 3208 3034 idola
3263 2978 3379 3048 ejus
3415 2996 3611 3051 ponam
3653 2983 3737 3051 in,

2133 3068 2515 3139 perditionem,
2544 3068 2669 3139 quia
2696 3068 2767 3124 de
2800 3069 3138 3124 mercedibus
3165 3070 3465 3125 meretricis
3488 3083 3725 3141 congre-

2133 3168 2254 3229 gata
2276 3168 2422 3214 sunt.
2462 3178 2482 3211 ι
2516 3159 2650 3225 Quia
2685 3158 2917 3229 primum
2942 3158 3186 3229 peccavit
3216 3158 3481 3225 Samaria,
3519 3160 3571 3213 id
3596 3169 3725 3233 est,

2133 3252 2319 3307 decem
2351 3250 2544 3316 trilms,
2571 3259 2626 3305 et
2656 3236 2843 3306 relicto
2875 3250 3070 3322 templo
3097 3252 3192 3308 Dei
3217 3251 3345 3308 fecit
3367 3252 3464 3308 sibi
3507 3249 3725 3309 vitulos

2134 3355 2351 3407 aureos,
2382 3342 2498 3396 ideo
2519 3340 2630 3412 ipsa
2655 3342 2829 3412 prima
2851 3342 3128 3398 destructa
3140 3352 3224 3399 est
3247 3343 3583 3399 venientibus
3604 3343 3737 3398 As-_

2133 3434 2313 3507 syriis.
2373 3433 2573 3488 l’ouam
2624 3434 2842 3505 (inquit)
2899 3434 3200 3492 Samariam
3250 3436 3406 3508 quasi
3457 3452 3725 3493 acervum

2134 3526 2387 3596 lapidum.
2422 3524 2558 3593 Quia
2590 3525 2786 3582 civitas
2835 3524 3082 3582 Samaria
3129 3526 3183 3582 in
3232 3537 3417 3584 monte
3459 3529 3560 3582 sita
3604 3538 3723 3596 est,

2131 3617 2355 3688 pulchre
2378 3619 2429 3672 in
2456 3617 2703 3674 cumulos
2723 3616 2957 3689 lapidum
2983 3619 3231 3697 ponenda
3259 3619 3474 3682 dieitur,
3508 3628 3569 3695 ut
3603 3635 3723 3675 non

2133 3703 2340 3765 tantum
2367 3720 2605 3779 parietes
2629 3720 2681 3765 et
2709 3709 2960 3773 :uditicia,
2989 3708 3084 3766 s'ed
3128 3710 3240 3780 ipsa
3271 3726 3485 3780 quoque
3523 3710 3720 3766 funda-

2133 3813 2317 3858 menta
2368 3818 2539 3873 usque
2581 3802 2646 3856 ad
2701 3794 3005 3856 extremum
3075 3801 3306 3872 lapidem
3361 3804 3719 3859 subrnantur.

2132 3890 2413 3963 Scolptilia
2442 3909 2653 3963 quoque
2689 3894 2744 3948 et
2773 3892 2912 3947 iJola
2943 3910 3063 3963 qua:
3086 3894 3384 3960 coluerunt,
3409 3904 3464 3948 et
3483 3911 3720 3965 operum

2131 3984 2470 4041 diversorum
2498 3984 2810 4056 congeries.
2838 3987 3215 4055 praedicantur
3240 3990 3366 4059 igne
3389 3990 3721 4045 comburen-
3758 4058 3761 4061 _

2131 4075 2216 4131 da.
2251 4073 2403 4142 Quod
2435 4090 2561 4129 vero
2585 4074 2738 4138 dicit,
2769 4092 2787 4125 ι
2822 4084 2877 4129 et
2907 4091 3079 4146 usque
3101 4081 3167 4131 ad
3200 4079 3501 4133 mercedem
3531 4095 3683 4135 mere
3711 4110 3725 4118 ι

2133 4166 2283 4221 tricis
2330 4176 2694 4229 revertentur,
2734 4186 2751 4217 ι
2786 4166 2887 4220 hoc
2932 4175 3036 4227 est.
3088 4176 3147 4222 ut
3173 4170 3441 4239 quomodo
3478 4168 3535 4223 in
3564 4179 3721 4226 terra

2131 4272 2227 4313 sua
2262 4255 2506 4311 fortncati
2545 4266 2666 4311 sunt
2701 4272 2824 4311 cum
2867 4244 3022 4311 idolis
3069 4272 3188 4328 qua:
3215 4258 3479 4322 fecerunt,
3509 4260 3589 4337 sie
3614 4276 3719 4315 va-

2131 4348 2348 4403 dantad
2383 4350 2541 4401 aliam
2568 4347 2936 4403 fornicationis
2966 4358 3192 4415 terram,
3225 4348 3279 4407 id
3307 4341 3409 4415 est,
3443 4349 3513 4404 ad
3543 4350 3731 4424 Assy-.

2133 4440 2265 4503 rios,
2291 4448 2341 4494 et
2376 4439 2722 4509 ibi‘similtter
2746 4427 2887 4499 idola
2917 4442 3164 4499 adorent.

2144 4602 2149 4605 τ
2208 4548 2226 4580 ι
2259 4528 2432 4599 Super
2471 4530 2571 4599 hoc
2629 4529 2883 4601 plangam,
2925 4540 2981 4586 et
3021 4531 3261 4598 ululabo,
3295 4530 3487 4589 vadam
3513 4535 3719 4606 spolias

2134 4627 2222 4695 tos
2241 4626 2294 4674 et
2319 4620 2511 4695 nudus.
2539 4618 2754 4701 Faciam
2798 4622 3248 4692 planctmirvelut
3287 4622 3629 4691 draconum,
3658 4637 3717 4689 ct

2131 4710 2334 4766 luctum
2361 4713 2512 4782 quasi
2558 4706 2942 4779 struthionuni,
2981 4714 3106 4785 quia
3128 4715 3413 4785 desperata
3443 4726 3529 4771 est
3552 4717 3719 4790 plaga

2131 4798 2417 4885 ejus,'quia
2442 4806 2585 4860 venit
2608 4821 2777 4876 usque
2798 4808 2866 4861 ad
2890 4806 3116 4875 ludam;
3147 4811 3320 4881 tetigit
3359 4821 3568 4880 portam
3609 4828 3720 4883 po-

2104 4895 2238 4965 .puli
2264 4896 2382 4952 ιιιεί
2415 4912 2583 4965 usque
2610 4897 2677 4952 ad
2698 4896 3065 4954 .llicrusalcm.
3103 4920 3120 4951 ι
3161 4901 3277 4957 ΙηΙιιο
3306 4918 3474 4972 usque
3504 4903 3570 4957 de
3609 4902 3714 4958 Sa-

2133 4984 2322 5047 maria,
2352 4980 2494 5041 nunc
2522 4988 2765 5056 prmdicit
2807 4988 2947 5043 mala
2975 4988 3148 5055 .ludm,
3183 5008 3302 5063 qua:
3331 4994 3489 5048 simili
3521 5010 3719 5052 errore

2127 5085 2464 5150 peccaverat.
2506 5077 2750 5159 Assumit
2793 5095 2922 5150 ergo
2972 5082 3232 5152 propheta
3284 5084 3585 5155 plangentis
3634 5090 3696 5143 at

2128 5166 2347 5224 fectum.
2372 5168 2589 5224 Faciam
2620 5162 2887 5241 planctum
2909 5174 3061 5243 quasi
3093 5176 3410 5244 draconum,
3438 5188 3498 5233 ut
3519 5195 3715 5250 supra.

2104 5257 2282 5313 ~Sicut
2307 5259 2572 5314 dracones
2598 5275 2718 5316 cum
2748 5262 2815 5315 ab
2866 5263 3170 5335 elephantis
3202 5267 3510 5335 vincuntur,
3550 5272 3717 5326 terri-

2129 5351 2220 5407 bili
2244 5352 2400 5407 sibilo
2421 5365 2743 5422 personant;
2772 5364 2827 5412 et
2857 5356 2996 5412 sicut
3026 5348 3390 5416 strutliioaum
3415 5376 3564 5426 aves,
3589 5378 3716 5432 qum

2129 5446 2198 5500 ob
2217 5445 2537 5502 brevitatem
2564 5460 2859 5515 pennarum
2882 5449 3094 5521 longius
3117 5452 3300 5508 volare
3326 5468 3431 5508 non
3459 5446 3715 5524 possunt,
3748 5522 3755 5527 Ἰ

2128 5537 2343 5606 quando
2367 5552 2468 5592 ova
2496 5554 2592 5593 sua
2618 5538 2965 5597 immemores
2989 5542 3295 5613 relinquunt
3318 5544 3371 5598 in
3395 5547 3577 5601 arenis
3593 5547 3713 5600 (yd-

2129 5629 2300 5681 eanda
2344 5628 2572 5697 pedibus
2612 5630 2929 5697 bestiarum,
2973 5635 3074 5689 etsi
3124 5651 3233 5689 non
3280 5636 3561 5705 perierint,
3611 5655 3715 5708 pro

2129 5717 2378 5772 cantibus
2407 5717 2608 5776 luctum
2656 5719 2881 5789 faciunt,
2915 5724 2993 5779 sic
3032 5731 3089 5778 et
3111 5738 3212 5793 ego
3242 5724 3439 5797 (inquit
3472 5727 3717 5797 prepheg

2132 5811 2208 5879 ta)
2235 5810 2450 5869 amissis
2498 5811 2626 5870 ﬁliis
2672 5820 2726 5869 et
2769 5814 2823 5870 in
2872 5815 3241 5886 captivitatem
3279 5816 3477 5885 ductis,
3513 5818 3712 5873 vadam
