4022 6442
305 403 334 459 ι
345 400 410 461 η

1236 399 1634 479 ENABRATIO
1672 405 1737 461 ΙΝ
1790 402 2127 461 ΗΙΟΠᾹΑΜ
2167 404 2606 463 PROPHETAM.

3467 406 3569 464 £50

296 513 398 586 qui
445 512 696 584 regiones
738 520 955 572 nostras
1003 511 1248 570 dividat?
1273 533 1294 568 ι
1339 515 1465 572 Haec
1520 519 1677 590 quasi
1719 517 1883 574 verba
1911 519 1962 577 Α
1990 516 2158 581 rltatl,
2181 519 2526 576 convenistis
2545 519 2598 575 in
2620 519 2840 585 bellum,
2862 527 2920 574 ut
2941 533 3044 573 non
3073 519 3372 589 reciperent
3391 521 3564 576 edicta

302 611 436 664 sunt
464 603 753 660 metuentis
785 602 987 681 populi.
1026 602 1395 662 Sennacherib
1421 607 1566 663 enim
1598 623 1691 664 rex
1723 609 1886 681 Assy-

298 697 511 756 riorum
539 710 664 750 cum
711 696 918 753 veniret
945 696 1234 753 adversum
1280 697 1647 773 Hierusalem,
1679 703 1886 758 audivit

303 789 372 845 de
412 789 692 844 Tharacha
741 803 865 861 rege
909 788 1200 861 Ethiopize
1250 792 1492 849 dicentes
1525 812 1537 848 :
1575 813 1593 845 ‹
1626 793 1885 865 Egressus

301 889 390 936 est
417 889 477 934 ut
503 888 702 950 pugnet
729 889 916 935 contra
946 890 1015 935 te.
1046 900 1065 934 ι
1094 881 1244 938 Tunc
1280 885 1504 939 recessit
1526 883 1595 939 ab
1631 885 1885 941 Hierusa-

299 971 442 1037 lem,
494 971 569 1026 ita
613 981 822 1036 tamen,
863 973 1020 1042 quasi
1072 982 1196 1044 post
1227 974 1506 1030 victoriam
1546 991 1878 1032 reversurus.

301 1061 537 1133 Populus
567 1077 697 1134 ergo
735 1062 828 1134 qui
871 1078 995 1118 eum
1042 1065 1328 1121 recessisse
1357 1078 1701 1136 cognoverat,
1739 1069 1884 1124 dice-

297 1159 396 1211 bat
440 1173 455 1212 :
505 1155 786 1224 Quomodo
831 1158 1034 1224 dicitis,
1067 1160 1282 1216 recedet
1328 1175 1358 1213 a
1408 1161 1563 1216 nobis
1606 1161 1879 1232 Assyrius,

297 1245 394 1313 qui
434 1260 558 1300 mox
605 1254 908 1302 revertetur
947 1257 1007 1302 ut
1054 1261 1213 1318 agros
1246 1257 1464 1304 nostros
1507 1258 1656 1312 sorte
1699 1251 1881 1306 distri-

297 1335 532 1390 buatur?

379 1443 396 1476 ι
428 1424 656 1496 Propter
681 1426 783 1482 hoc
810 1442 917 1482 non
945 1427 1050 1483 erit
1078 1429 1169 1484 tibi
1199 1429 1415 1484 mittens
1445 1429 1737 1485 funiculum
1764 1444 1881 1486 sor-

298 1513 368 1568 tis
399 1514 452 1568 in
495 1523 638 1570 caatu
676 1516 907 1570 Domini.
941 1535 958 1567 ι
991 1517 1126 1584 Quia
1159 1518 1374 1588 (inquit)
1413 1519 1526 1573 hzec
1560 1517 1732 1574 fecisti
1762 1535 1880 1590 qua!

295 1604 608 1674 supradicta
646 1614 801 1672 sunt,
832 1622 865 1662 ο
895 1606 1096 1661 familia
1146 1607 1346 1673 Israel,
1385 1625 1546 1680 supra
1589 1625 1750 1680 quam
1780 1625 1878 1682 ego

293 1699 497 1766 malum
529 1701 730 1771 cogito,
762 1717 869 1758 non
899 1702 1123 1758 habebis
1151 1713 1360 1772 partem
1386 1704 1439 1758 in
1468 1711 1612 1758 coetu
1643 1704 1873 1771 Domini,

293 1794 402 1848 hoc
439 1803 551 1858 est,
601 1794 656 1849 in
698 1794 1015 1850 liaareditate
1037 1794 1328 1864 iustorum.
1358 1796 1544 1852 Potest
1582 1797 1685 1852 hoc
1721 1805 1776 1852 et
1811 1796 1878 1852 ad

1986 606 2392 677 magistrorum,
2425 624 2492 664 ne
2535 610 2646 667 suis
2676 607 2989 665 doctoribus
3019 608 3319 664 crederent.
3371 609 3476 666 Sed
3509 617 3565 666 et

1987 696 2140 751 nobis
2172 698 2448 752 moraliter
2476 699 2807 774 praecipitur,
2845 713 2914 754 ne
2956 714 3054 753 nos
3095 698 3147 753 in
3186 699 3289 754 hoc
3315 707 3564 770 putemus

1985 786 2198 857 placere
2226 786 2358 854 Deo,
2385 788 2428 845 si
2457 789 2618 851 verba
2647 788 2762 857 ejus
2789 791 2842 844 in
2877 790 3093 860 scriptis
3122 790 3382 862 legamus.
3412 788 3564 847 Tunc

1984 879 2127 934 enim
2153 879 2293 934 bona
2321 889 2446 934 sunt
2473 881 2633 938 verba
2662 880 2874 939 Domini
2901 889 2955 934 et
2986 889 3211 950 prosunt
3239 880 3561 951 legentibus,

1984 971 2028 1025 si
2057 985 2221 1041 opere
2247 971 2590 1040 impleantur,
2618 972 2661 1027 si
2692 986 2787 1030 cor
2809 978 2864 1026 et
2891 971 3029 1025 labia
3067 975 3427 1030 consentiant.
3456 973 3563 1038 Tu-

1983 1060 2101 1115 nica
2139 1070 2195 1116 et
2232 1062 2449 1131 pallium
2496 1062 2806 1120 indumenta
2853 1071 2978 1118 sunt
3015 1048 3136 1118 ﬁdei
3179 1072 3234 1118 et
3279 1065 3560 1128 virtutum,

1981 1151 2192 1208 dicente
2217 1153 2470 1223 Apostolo
2500 1171 2512 1208 :
2544 1154 2750 1210 lnduite
2779 1170 2876 1210 vos
2906 1153 3046 1209 sicut
3067 1154 3222 1210 electi
3263 1156 3356 1211 Dei
3383 1198 3397 1221 ,
3437 1172 3582 1212 sano-

1981 1244 2074 1310 cli,
2120 1254 2175 1300 et
2219 1246 2420 1312 dilecti,
2469 1247 2676 1302 viscera
2728 1247 3134 1310 misericordiae,
3181 1247 3558 1313 humilitatem,

1979 1346 2106 1401 etc.,
2150 1336 2233 1391 vel
2282 1340 2443 1393 etiam
2467 1338 2724 1393 auxilium
2773 1347 2829 1392 et
2872 1339 3134 1408 protectio
3181 1337 3382 1392 divina.
3429 1339 3580 1417 Quae.

1978 1427 2158 1480 omnia
2206 1427 2443 1482 hzeretici
2475 1428 2559 1482 vel
2591 1427 2900 1484 sacerdotes
2947 1428 3099 1498 pravi
3145 1443 3174 1482 a
3215 1427 3412 1499 populo
3458 1431 3558 1484 sibi

1979 1516 2206 1581 credito,
2239 1517 2378 1572 male
2407 1519 2634 1573 vivendo
2665 1519 2873 1573 tollunt.

2052 1627 2070 1660 ‹
2107 1609 2353 1666 Mulieres
2377 1611 2555 1682 populi
2582 1613 2683 1666 mei
2711 1610 2946 1680 ejccistis
2971 1611 3035 1667 de
3061 1612 3220 1666 domo
3247 1611 3556 1666 deliciarum

1978 1716 2197 1756 suarum
2225 1720 2238 1758 :
2271 1719 2302 1758 a
2324 1703 2563 1774 parvulis
2592 1720 2776 1759 earum
2809 1704 3006 1760 tulistis
3044 1705 3254 1760 laudem
3295 1721 3468 1760 meam
3506 1706 3561 1758 in

1978 1801 2317 1864 perpetuum.
2350 1813 2369 1844 ι
2424 1792 2538 1848 Νοη
2588 1794 2762 1849 solum
2817 1793 3055 1864 (inquit)
3097 1809 3158 1849 ea
3197 1794 3400 1850 fecistis
3441 1810 3560 1863 qua:

295 1891 593 1938 extremam
614 1884 1004 1953 captivitatem,
1026 1901 1146 1955 qua;
1165 1901 1197 1940 a
1225 1886 1347 1942 Tito
1365 1886 1507 1942 facta
1526 1894 1630 1953 est,
1655 1887 1870 1953 referri,
1904 1881 1951 1942 Β
1980 1885 2110 1950 dixi,
2143 1885 2236 1940 sed
2257 1886 2418 1941 etiam
2441 1895 2720 1951 matronas
2764 1887 3034 1955 quondam
3066 1886 3342 1950 delicatas,
3358 1884 3562 1940 fecistis

291 1974 440 2042 quod
477 1973 597 2029 ideo
623 1975 738 2030 haec
763 1976 944 2031 omnia
970 1978 1114 2046 passi
1146 1987 1302 2044 sunt,
1333 1979 1458 2048 quia
1483 1989 1672 2034 contra
1708 1980 1875 2036 Deum

299 2067 712 2136 superbierunt,
767 2077 823 2124 et
875 2069 1150 2124 Christum
1203 2071 1352 2126 cruci
1410 2069 1872 2139 adjudicaverunt.

295 2155 530 2216 Possunt
557 2159 672 2214 haec
696 2159 976 2216 moraliter
1015 2161 1208 2217 referri
1259 2161 1327 2216 ad
1375 2163 1611 2218 animam
1650 2177 1877 2234 peccan-

296 2256 424 2310 tem,
456 2263 575 2317 qua:
606 2250 659 2303 in
690 2260 900 2306 secreto
937 2253 1117 2308 cordis
1147 2254 1346 2324 cogitat
1375 2253 1602 2320 malum,
1634 2265 1687 2312 et
1715 2271 1876 2325 opere

286 2338 523 2416 perﬁcit.
554 2339 762 2398 idcirco
795 2342 1056 2400 Dominus
1095 2347 1297 2417 cogitat
1336 2362 1497 2416 super
1525 2363 1623 2403 nos
1650 2349 1871 2414 malum,

289 2429 358 2485 de
385 2445 493 2500 quo
531 2447 637 2488 non
667 2448 954 2503 possumus
986 2435 1164 2492 levare
1199 2438 1460 2508 cervices,
1485 2447 1542 2494 et
1568 2441 1700 2495 recti
1731 2441 1876 2497 ince-

280 2519 441 2587 ,ἀει-θ,
470 2522 613 2578 unde
639 2523 927 2580 mittuntur
947 2527 1177 2597 apostoli
1201 2528 1293 2598 qui
1317 2545 1437 2584 cum
1464 2527 1697 2585 Jeremia
1724 2531 1875 2602 plan-

285 2622 420 2682 gant
451 2627 572 2679 nos,
603 2623 659 2669 et
690 2626 970 2672 assumant
997 2635 1160 2690 super
1187 2635 1286 2676 nos
1314 2621 1642 2691 parabolam,
1671 2630 1726 2678 et
1749 2638 1872 2678 cum

279 2702 547 2774 Apostoto
575 2705 793 2778 lugeant
827 2709 1026 2766 multos
1053 2727 1118 2766 ex
1150 2711 1235 2767 his
1277 2713 1366 2783 qui
1398 2721 1779 2782 peccaverunt,
1815 2723 1874 2770 et

246 2808 400 2888 orion
428 2788 654 2866 egerunt
682 2799 1075 2868 paenitentiam.
1107 2800 1241 2856 Pars
1263 2803 1427 2856 etiam
1454 2803 1634 2873 populi
1661 2803 1871 2859 Domini

278 2883 463 2940 divisa
507 2893 592 2942 est
628 2886 896 2956 funiculo,
928 2906 1051 2946 cum
1080 2892 1274 2946 animae
1311 2893 1626 2950 recedentes
1669 2909 1764 2964 per
1791 2894 1872 2949 di-

282 2990 448 3032 versa
486 2978 616 3034 vitia
661 2993 693 3034 a
727 2981 1062 3038 daemonibus
1099 2983 1441 3049 dividuntur,
1472 2993 1526 3040 et
1559 2985 1696 3040 alius
1731 2985 1872 3040 funi-

274 3067 471 3126 ..culum
513 3070 792 3138 avaritire,
838 3073 976 3130 alius
1016 3073 1242 3128 luxuria:
1291 3075 1486 3130 lineam
1529 3077 1771 3131 extendit
1813 3078 1870 3134 in

275 3160 660 3224 haereditatem
705 3164 916 3220 Domini
957 3174 1012 3222 et
1055 3166 1168 3236 agri
1209 3167 1544 3232 sanctitatis,
1578 3167 1869 3239 fragrantis

1979 1977 2059 2032 ire
2083 1977 2325 2046 captivas
2351 1991 2366 2030 :
2397 1977 2482 2032 vel
2520 1978 2682 2031 etiam
2719 1978 2882 2032 urbes
2909 1976 3222 2041 desolastis,
3251 1976 3447 2047 fugatis
3476 1975 3560 2030 vel

1977 2067 2279 2124 interfectis
2310 2067 2724 2132 habitatoribus,
2749 2081 2882 2136 quas
2911 2082 3008 2137 per
3039 2066 3409 2135 metaphoram
3440 2081 3559 2119 mu-

1977 2161 2138 2217 lieres
2168 2162 2249 2217 vel
2291 2161 2425 2216 filias
2459 2159 2708 2231 appellat.
2743 2157 3005 2214 Desolatis
3031 2171 3160 2227 ergo
3187 2155 3410 2210 urbibus
3436 2155 3559 2208 nul-

1976 2252 2060 2308 lus
2110 2255 2411 2317 remansit,
2455 2269 2556 2309 nec
2601 2251 2792 2307 saltem
2839 2250 3095 2320 parvulus
3135 2249 3424 2313 remansit,
3465 2249 3557 2318 qui

1976 2344 2212 2416 psalmos
2236 2354 2290 2399 et
2320 2344 2503 2399 laudes
2530 2345 2619 2399 Dei
2650 2351 2887 2398 caneret.

2053 2453 2071 2485 ι
2101 2433 2318 2506 Surgite
2347 2455 2364 2486 ι
2397 2449 2526 2506 ergo
2563 2454 2580 2486 ε
2609 2443 2662 2488 et
2707 2435 2808 2498 ite,
2842 2452 2860 2484 ›
2896 2431 3151 2488 subaudis
3187 2432 3241 2486 in
3278 2431 3558 2500 captivita-

1976 2534 2083 2581 tem
2105 2565 2124 2593 ,
2161 2545 2178 2577 ι
2207 2527 2331 2596 quia
2362 2545 2380 2578 ι
2415 2525 2671 2580 subaudis
2700 2525 2754 2584 in
2799 2525 2902 2580 hac
2932 2532 3106 2592 terra,
3139 2543 3164 2576 ι
3195 2539 3300 2580 ιιοη
3349 2523 3558 2578 habetis

1975 2619 2214 2688 requiem
2243 2636 2256 2673 :
2288 2628 2509 2690 propter
2533 2617 2923 2674 immunditiam
2950 2618 3115 2688 ejus,»
3153 2617 3203 2671 id
3233 2624 3317 2672 est
3338 2628 3560 2685 pr0pier

1973 2710 2176 2766 scelera
2207 2719 2259 2765 et
2282 2712 2600 2780 impietates,
2625 2730 2641 2762 ι
2666 2719 3062 2780 corrumpetur,
3079 2728 3096 2762 ι
3129 2708 3385 2774 subaudis
3410 2717 3553 2772 terr;

1974 2809 2175 2867 vestra,
2227 2819 2244 2852 ε
2277 2801 2560 2872 putredine
2606 2800 2858 2871 pessima.
2889 2819 2907 2852 ι
2959 2799 3074 2855 Νοη
3121 2799 3337 2871 (inquit)
3380 2799 3558 2860 brevis

1972 2892 2078 2945 erit
2106 2901 2284 2947 vestra
2311 2893 2614 2962 captivitas,
2645 2893 2738 2948 sed
2775 2893 2932 2964 longo
2969 2893 3186 2948 durabit
3213 2903 3474 2962 tempore,
3503 2901 3558 2947 et

1974 2991 2352 3051 corrumpetur
2396 2983 2678 3052 putredine
2721 2984 2977 3054 pessima,
3026 2985 3076 3038 id
3122 2993 3204 3039 est
3231 2983 3556 3056 Babylonica

1973 3069 2058 3125 vel
2090 3070 2332 3126 Romana
2357 3075 2688 3143 captivitate.
2728 3076 2835 3130 Sed
2863 3084 2918 3130 et
2947 3075 3222 3130 moraliter
3249 3076 3374 3130 mali
3413 3077 3560 3146 priu-

1973 3161 2120 3231 cipes
2156 3162 2429 3227 Ecclesire,
2457 3164 2712 3220 mulieres
2743 3164 2818 3235 (id
2850 3174 2952 3229 est,
2979 3166 3184 3220 animas
3207 3166 3479 3236 simplices
3502 3176 3557 3222 et

277 3252 547 3308 virtutum
571 3255 847 3322 odoribus,
871 3258 1164 3314 secundum
1187 3259 1327 3328 quod
1355 3258 1506 3314 lsaac
1523 3260 1696 3315 dixit:
1732 3261 1870 3318 Ecce
1896 3241 1943 3305 (ἶ
1974 3269 2070 3324 per
2117 3270 2176 3310 se
2219 3254 2482 3326 inﬁrmas)
2525 3255 2680 3310 malis
2729 3255 2842 3310 suis
2889 3255 3149 3324 exemplis
3197 3256 3261 3310 de
3309 3256 3556 3310 domibus

275 3343 425 3398 odor
447 3344 541 3400 ﬁlii
569 3347 675 3403 mei
702 3349 842 3404 sicut
871 3350 1007 3406 odor
1030 3351 1144 3422 agri
1174 3351 1339 3422 pleni,
1380 3352 1562 3407 traditi
1593 3361 1718 3408 sunt
1756 3355 1866 3424 regi

273 3434 631 3506 Assyriorum
663 3448 715 3494 et
743 3439 1180 3511 Babyloniorum,
1214 3441 1266 3496 id
1294 3450 1378 3497 est
1399 3443 1630 3500 diabolo.

359 3525 404 3582 Ο
433 3526 620 3594 Israel,
653 3549 671 3582 ι
704 3547 770 3586 ne
798 3531 1090 3601 loquamini
1131 3533 1412 3603 loquentes
1444 3552 1456 3586 :
1491 3533 1603 3588 Non
1643 3535 1870 3599 stillabit

273 3632 448 3688 super
467 3620 622 3686 istos,
646 3637 752 3677 non
769 3625 1190 3693 comprehendet
1210 3624 1484 3692 confusio,
1517 3628 1649 3694 dicit
1676 3630 1866 3684 domus

267 3708 469 3770 Jacob.
503 3711 753 3783 Nunquid
786 3714 1129 3772 abbreviatus
1155 3726 1237 3773 est
1270 3718 1490 3789 spiritus
1518 3721 1748 3788 Domini,
1775 3732 1868 3778 aut

277 3801 420 3858 tales
441 3813 565 3860 sunt
592 3806 945 3876 cogitationes
970 3807 1118 3877 ejus?
1146 3829 1163 3860 ι
1196 3810 1241 3867 0
1270 3811 1462 3867 domus
1486 3810 1672 3879 Jacob,
1699 3814 1864 3874 nolite

270 3907 380 3949 vos
408 3893 690 3965 decipere,
720 3911 1107 3968 praesumentes
1132 3901 1358 3959 nimium
1397 3905 1462 3959 de
1493 3905 1862 3961 misericordia

273 3983 402 4049 Dei,
435 3994 490 4040 et
523 3986 689 4041 nolite
714 3988 894 4043 dicere
919 3992 1061 4058 quod
1093 3992 1269 4047 adhuc
1301 3993 1450 4048 multi
1486 3994 1690 4059 dicunt,
1723 3995 1863 4052 Deus

272 4076 460 4130 bonus
495 4084 576 4130 est
613 4084 666 4130 et
713 4078 1043 4145 misericors,
1073 4097 1179 4136 non
1211 4083 1388 4148 veniet
1435 4100 1592 4154 super
1625 4100 1722 4140 nos
1751 4101 1864 4144 ma-

271 4165 396 4227 lum
425 4167 770 4237 captivitatis,
802 4169 944 4238 quod
992 4171 1259 4240 timemus,
1307 4174 1407 4242 Qui
1437 4176 1582 4231 enim
1613 4177 1864 4234 omnibus

269 4256 531 4328 copiosus
560 4265 642 4314 est
677 4257 730 4313 in
774 4259 1182 4334 misericordia,
1219 4265 1374 4319 nobis
1414 4266 1576 4320 etiam
1622 4267 1861 4328 clemens

268 4347 401 4411 erit,
449 4361 551 4404 nec
595 4358 816 4420 propter
862 4366 962 4407 nos
1009 4351 1154 4413 solos
1199 4353 1602 4419 abbreviabitur
1646 4359 1862 4415 bonitas

266 4436 414 4507 ejus.
451 4435 568 4494 Non
594 4441 737 4495 enim
767 4440 902 4502 tales
939 4452 1066 4500 sunt
1098 4445 1454 4516 cogitationes
1483 4449 1599 4518 ejus
1619 4491 1633 4514 ,
1674 4451 1860 4530 quales

265 4539 403 4587 sunt
434 4531 736 4600 hominum,
765 4542 824 4588 ut
867 4534 1008 4596 sicut
1037 4535 1200 4592 homo
1242 4539 1422 4594 subito
1466 4542 1767 4597 concitetur
1803 4544 1854 4598 in

265 4620 535 4692 furorem.
569 4624 692 4680 Haec
715 4626 870 4695 quasi
897 4628 1058 4684 verba
1083 4639 1209 4686 sunt
1234 4630 1469 4700 illorum,
1497 4635 1692 4704 quibus
1720 4635 1855 4692 dici-

264 4721 380 4778 tur,
415 4712 489 4768 Ne
523 4713 814 4783 loquamini
841 4716 1142 4788 loquentes.

347 4823 366 4857 r
398 4803 584 4860 Nonne
623 4809 788 4862 verba
833 4824 950 4866 mea
993 4811 1132 4869 bona
1169 4822 1294 4871 sunt
1334 4830 1456 4871 cum
1481 4831 1550 4875 eo
1575 4819 1665 4890 qui
1711 4831 1855 4878 recte

264 4899 547 4971 graditur?
567 4900 634 4954 Et
653 4903 969 4958 econtrario
989 4907 1216 4977 populus
1240 4923 1391 4965 meus
1411 4911 1463 4965 in
1481 4911 1848 4969 adversarium

259 4993 632 5048 consurrexit.
667 5013 686 5047 ι
717 4994 1014 5052 introducit
1043 5001 1456 5071 respondentem
1491 5004 1771 5061 Dominum
1799 5018 1853 5064 et

262 5080 535 5137 dicentem
565 5101 578 5136 :
609 5082 790 5140 Bonus
825 5101 973 5150 sum,
1003 5095 1064 5142 ut
1090 5089 1290 5156 dicitis,
1317 5101 1372 5146 et
1397 5095 1559 5148 verba
1595 5110 1712 5150 mea
1745 5097 1852 5152 cle-

263 5175 524 5228 mentiam
555 5185 779 5244 sonant,
809 5180 903 5234 sed
931 5180 998 5234 ad
1041 5197 1137 5237 eos
1164 5184 1256 5252 qui
1290 5192 1436 5240 recte
1465 5202 1571 5241 una
1597 5191 1852 5260 gradiun-

264 5272 375 5319 tur.
411 5265 517 5320 Sed
547 5281 642 5321 vos
672 5283 776 5323 non
804 5268 976 5324 solum
1019 5281 1166 5327 recte
1198 5288 1302 5328 non
1332 5275 1510 5346 agitis,
1542 5279 1637 5332 sed
1663 5296 1694 5334 e
1722 5296 1850 5336 con-

263 5368 349 5414 tra
379 5369 568 5414 contra
609 5376 694 5415 me
737 5360 1046 5434 insurgitis,
1081 5374 1136 5419 et
1171 5367 1452 5437 tyrannico
1493 5370 1685 5439 spiritu
1715 5374 1847 5428 mihi

262 5449 645 5506 adversamini.
671 5451 872 5524 Deinde
899 5468 1288 5510 commemorat
1317 5472 1381 5512 ea
1407 5449 1528 5529 quin
1558 5461 1843 5524 faciebant.

269 5557 288 5590 ι
319 5540 549 5611 desuper
587 5543 764 5598 tunica
806 5545 1027 5614 pallium
1071 5547 1386 5614 sustulistis,
1418 5568 1436 5602 ι
1498 5550 1548 5606 id
1605 5563 1849 5624 estspe-

261 5629 438 5692 liastis
484 5637 805 5693 vestimento
841 5639 926 5694 vel
971 5639 1156 5696 divino
1203 5643 1426 5709 auxilio,
1463 5661 1482 5694 ‹
1519 5653 1573 5700 et
1619 5659 1712 5701 ecs
1755 5633 1844 5718 qui

260 5729 582 5801 simpliciter
611 5731 914 5787 transibant
945 5753 961 5784 ι
1011 5742 1066 5788 et
1099 5734 1327 5792 innocue
1370 5755 1389 5789 ‹
1412 5740 1753 5795 convcrtistls
1793 5742 1843 5795 in

261 5820 477 5876 lvi-llum.
515 5842 531 5875 ι
571 5821 695 5877 Sive
727 5833 820 5878 eos
847 5823 938 5894 qui
971 5824 1194 5892 aliorum
1218 5829 1630 5897 acquieseebant
1665 5841 1842 5888 aucto-

1974 3346 2086 3401 suis
2120 3345 2196 3417 (id
2229 3348 2402 3401 estde
2430 3344 2691 3418 Ecclesia)
2719 3345 2959 3414 ejiciunt,
2985 3355 3039 3401 et
3070 3346 3288 3400 mittunt
3317 3347 3368 3400 in
3403 3355 3554 3400 tene-

1969 3439 2093 3494 bras
2129 3440 2446 3495 exteriores.
2491 3440 2556 3506 Et
2592 3439 2794 3500 idcirco
2824 3439 2954 3510 ipsis
2993 3453 3207 3510 quoque
3242 3438 3460 3504 dicitur,
3499 3449 3561 3494 ut

1970 3541 2193 3603 surgant
2222 3541 2277 3586 et
2303 3540 2451 3598 eant,
2484 3532 2606 3602 quia
2639 3532 2879 3602 corrupti
2913 3539 3038 3586 sunt
3069 3529 3350 3602 putredine
3390 3531 3558 3600 pessi-

1969 3639 2074 3688 ma,
2101 3622 2154 3677 id
2175 3632 2258 3678 est
2279 3623 2434 3694 longa
2459 3624 2713 3691 peccandi
2733 3622 3145 3687 consuetudine,
3162 3637 3192 3676 a
3211 3621 3555 3691 corruptiOne

1968 3715 2161 3769 anima:
2193 3724 2247 3770 et
2271 3716 2536 3786 corporis.

2047 3825 2064 3857 ‹
2099 3806 2315 3872 Utinam
2343 3822 2451 3862 non
2483 3822 2660 3866 essem
2688 3807 2770 3861 vir
2799 3806 3005 3864 habens
3031 3806 3298 3877 spiritum,
3323 3815 3377 3872 et
3403 3821 3553 3861 men-

1971 3900 2184 3955 dacium
2212 3901 2392 3982 potius
2418 3900 2668 3971 loquerer
2693 3918 2705 3953 :
2737 3899 2950 3954 stillabo
2979 3899 3076 3955 tibi
3111 3898 3164 3952 in
3199 3899 3381 3960 vinum
3411 3907 3466 3958 et
3495 3899 3550 3954 in

1967 3989 2284 4045 ebrietatem
2335 4008 2348 4044 :
2397 4000 2452 4044 et
2496 3991 2601 4045 erit
2640 4002 2802 4062 super
2841 4002 3003 4058 quem
3041 3987 3277 4042 stillatur
3322 3987 3551 4056 populus

1964 4081 2085 4144 iste.
2119 4101 2135 4132 ι
2185 4080 2229 4135 Ο
2272 4081 2464 4156 popule
2509 4079 2762 4144 Judaice,
2807 4078 2874 4132 ad
2920 4091 3057 4147 quos
3101 4077 3552 4145 repromissione:

1967 4171 2122 4226 facta:
2150 4180 2305 4236 sunt,
2337 4179 2393 4225 et
2443 4184 2508 4224 ex
2555 4169 2751 4239 quibus
2793 4169 3088 4224 secundum
3133 4183 3350 4223 carnem
3391 4177 3550 4228 natus

1964 4271 2049 4318 est
2076 4261 2362 4326 Christus,
2403 4273 2509 4316 non
2559 4274 2646 4314 me
2683 4259 2884 4329 putetis
2927 4258 3194 4315 volentem
3241 4257 3421 4329 loqui,
3456 4267 3551 4315 aut

1965 4359 2154 4424 sponte
2182 4367 2301 4406 mea
2338 4353 2453 4406 haec
2488 4351 2640 4406 vobis
2674 4348 2815 4404 mala
2844 4349 3160 4420 praulicere.
3188 4348 3406 4406 Utinam
3439 4364 3547 4416 non

1963 4456 2139 4496 essem
2163 4441 2247 4495 vir
2267 4440 2473 4495 habens
2503 4439 2764 4511 Spiritum
2799 4447 3064 4503 sanctum,
3097 4439 3193 4495 sed
3229 4439 3408 4509 potius
3432 4438 3543 4495 da:-

1965 4534 2210 4586 moniaco
2270 4532 2461 4602 spiritu
2518 4531 2787 4601 loquerer,
2821 4539 2877 4587 et
2906 4531 3053 4586 inter
3104 4530 3543 4602 pseudoprophe-

1961 4629 2044 4676 tas
2083 4630 2384 4690 reputarer,
2415 4629 2471 4675 et
2499 4636 2604 4675 non
2647 4629 2830 4675 essent
2857 4634 2985 4675 vera
3027 4635 3148 4691 qua:
3181 4619 3327 4684 dico,
3355 4630 3409 4676 et
3436 4637 3548 4690 non

1959 4711 2206 4767 venirent
2255 4712 2393 4765 mala
2431 4726 2550 4781 qua:
2594 4711 2914 4781 praenuntia.
2964 4711 3072 4772 Sed
3113 4711 3243 4782 quia
3280 4712 3546 4782 propheta

1956 4820 2098 4869 sum,
2147 4813 2202 4860 et
2251 4804 2454 4874 Spiritu
2501 4815 2690 4861 sancto
2735 4805 2946 4879 loquor,
2977 4805 3192 4862 stillabo
3235 4805 3330 4862 tibi
3374 4806 3428 4862 in
3458 4807 3544 4863 vi:

1956 4912 2104 4960 num,
2139 4903 2197 4950 ut
2216 4897 2368 4966 quasi
2398 4896 2522 4951 vino
2548 4897 2918 4958 meracissimo
2947 4896 3232 4965 inebrigris
3261 4897 3535 4954 sermoni-

1954 4987 2056 5042 bus
2084 4986 2218 5042 meis
2238 5027 2253 5049 ,
2288 4994 2345 5041 et
2374 5001 2618 5051 corruas.
2651 4987 2734 5044 Me
2762 4997 2942 5044 autem
2974 4987 3210 5054 stillante
3232 5029 3246 5054 ,
3279 4988 3545 5059 suscipiet

1957 5076 2187 5149 populus
2216 5077 2317 5133 iste
2359 5087 2540 5150 guttas
2573 5079 2868 5150 prophetiae
2914 5094 3078 5144 mete,
3121 5088 3176 5136 et
3217 5078 3343 5137 velit
3384 5078 3537 5146 nolit,

1957 5170 2247 5233 sustinebit
2297 5169 2441 5240 quod
2491 5169 2636 5230 dico.
2682 5169 2788 5226 Sed
2835 5186 2905 5226 ue
2955 5170 3159 5241 putetis
3204 5185 3291 5228 me
3333 5177 3543 5237 tantum

1957 5265 2182 5320 adversa
2209 5264 2554 5335 prophetare,
2586 5265 2848 5319 nuntiabo
2874 5264 3028 5320 vobis
3053 5276 3331 5333 prospera.
3364 5262 3542 5318 latro-

1953 5355 2104 5410 ducit
2147 5367 2278 5424 ergo
2322 5353 2498 5422 ipsum
2554 5352 2841 5412 Dominum
2892 5352 3203 5424 loquentem
3230 5391 3247 5422 ,
3291 5359 3350 5416 et
3398 5351 3539 5420 bona

1921 5467 1925 5471 ·
1954 5445 2376 5516 promittentem.

2033 5575 2052 5610 α
2103 5557 2553 5630 Congregatione-
2593 5559 2932 5630 congregatio
2985 5555 3172 5613 Iacob.
3227 5578 3245 5612 ο
3310 5557 3537 5620 Veniam

1953 5649 2170 5722 (inquit)
2216 5665 2316 5720 per
2359 5664 2472 5714 me,
2525 5665 2719 5705 nascar
2747 5650 2814 5704 de
2837 5648 3088 5720 Virgine,
3113 5657 3170 5706 et
3195 5651 3544 5724 congregata

1953 5743 2118 5796 Jacol)
2143 5784 2156 5806 ,
2203 5743 2305 5797 hoc
2349 5751 2467 5807 est,
2509 5743 2791 5797 credentes
2827 5755 2894 5796 ex
2927 5740 3418 5817 Judais-eo‘lligam
3459 5748 3540 5813 ad

1957 5833 2112 5888 fidem
2166 5847 2360 5888 meam.
2404 5833 2528 5888 Sive
2574 5833 2678 5889 alio
2701 5848 2872 5890 sensu
2902 5848 2916 5888 :
2946 5833 3084 5903 Quia
3127 5835 3183 5890 in
3231 5827 3542 5910 humilitate:
