  <div class='ocr_page' id='page_1' title='image "/cluster/home/n/w/nwhite01/storage/ocr_20150623/117/hvd.32044015466899/081.png"; bbox 0 0 4022 6448; ppageno 0'>
   <div class='ocr_carea' id='block_1_1' title="bbox 460 419 590 477">
    <p class='ocr_par' dir='ltr' id='par_1_1' title="bbox 460 419 590 477">
     <span class='ocr_line' id='line_1_1' title="bbox 460 419 590 477; baseline 0 -1"><span class='ocrx_word' id='word_1_1' title='bbox 460 419 559 477; x_wconf 60' lang='grc' dir='ltr'><strong>ηε</strong></span> <span class='ocrx_word' id='word_1_2' title='bbox 587 454 590 458; x_wconf 55' lang='grc' dir='ltr'>λ</span> 
     </span>
    </p>
   </div>
   <div class='ocr_carea' id='block_1_2' title="bbox 939 394 2041 473">
    <p class='ocr_par' dir='ltr' id='par_1_2' title="bbox 939 394 2041 473">
     <span class='ocr_line' id='line_1_2' title="bbox 939 394 2041 473; baseline -0.003 -3"><span class='ocrx_word' id='word_1_3' title='bbox 939 417 1298 472; x_wconf 73' lang='lat' dir='ltr'><strong>HAYMONIS</strong></span> <span class='ocrx_word' id='word_1_4' title='bbox 1338 394 1820 473; x_wconf 60' lang='lat' dir='ltr'><strong>m‘tususrar.</strong></span> <span class='ocrx_word' id='word_1_5' title='bbox 1862 412 2041 469; x_wconf 73' lang='lat' dir='ltr'><strong>Eptsc</strong></span> 
     </span>
    </p>
   </div>
   <div class='ocr_carea' id='block_1_3' title="bbox 2142 394 3261 473">
    <p class='ocr_par' dir='ltr' id='par_1_3' title="bbox 2142 411 3261 468">
     <span class='ocr_line' id='line_1_3' title="bbox 2142 411 3261 468; baseline 0 -1"><span class='ocrx_word' id='word_1_6' title='bbox 2142 411 2271 467; x_wconf 83' lang='lat' dir='ltr'><strong>)PP.</strong></span> <span class='ocrx_word' id='word_1_7' title='bbox 2311 411 2492 467; x_wconf 74' lang='lat' dir='ltr'><strong>PARS</strong></span> <span class='ocrx_word' id='word_1_8' title='bbox 2530 411 2570 466; x_wconf 80' lang='grc' dir='ltr'><strong>Ι.</strong></span> <span class='ocrx_word' id='word_1_9' title='bbox 2606 438 2670 451; x_wconf 67' lang='grc' dir='ltr'><strong>-ι</strong></span> <span class='ocrx_word' id='word_1_10' title='bbox 2698 411 3051 468; x_wconf 73' lang='grc' dir='ltr'><strong>ΕΟΜΜΕΝΤ.</strong></span> <span class='ocrx_word' id='word_1_11' title='bbox 3091 412 3261 467; x_wconf 80' lang='lat' dir='ltr'><strong>BIBL.</strong></span> 
     </span>
    </p>
   </div>
   <div class='ocr_carea' id='block_1_4' title="bbox 3610 415 3719 472">
    <p class='ocr_par' dir='ltr' id='par_1_4' title="bbox 3610 415 3719 472">
     <span class='ocr_line' id='line_1_4' title="bbox 3610 415 3719 472; baseline 0.037 -4"><span class='ocrx_word' id='word_1_12' title='bbox 3610 415 3719 472; x_wconf 67' lang='lat'><strong>15!</strong></span> 
     </span>
    </p>
   </div>
   <div class='ocr_carea' id='block_1_5' title="bbox 461 506 3713 595">
    <p class='ocr_par' dir='ltr' id='par_1_5' title="bbox 461 506 3713 595">
     <span class='ocr_line' id='line_1_5' title="bbox 461 506 3713 595; baseline -0.002 -5"><span class='ocrx_word' id='word_1_13' title='bbox 461 534 647 595; x_wconf 78' lang='lat' dir='ltr'><strong>carnis</strong></span> <span class='ocrx_word' id='word_1_14' title='bbox 670 532 801 590; x_wconf 81' lang='lat' dir='ltr'><strong>mibi</strong></span> <span class='ocrx_word' id='word_1_15' title='bbox 828 533 1047 587; x_wconf 82' lang='lat' dir='ltr'><strong>credere</strong></span> <span class='ocrx_word' id='word_1_16' title='bbox 1072 530 1339 595; x_wconf 86' lang='lat' dir='ltr'><strong>noluistis,</strong></span> <span class='ocrx_word' id='word_1_17' title='bbox 1369 531 1579 593; x_wconf 79' lang='lat' dir='ltr'><strong>veniam</strong></span> <span class='ocrx_word' id='word_1_18' title='bbox 1610 545 1663 584; x_wconf 91' lang='lat' dir='ltr'><strong>tn</strong></span> <span class='ocrx_word' id='word_1_19' title='bbox 1694 542 2031 585; x_wconf 87' lang='lat' dir='ltr'><strong>consumma-</strong></span> <span class='ocrx_word' id='word_1_20' title='bbox 2059 531 2107 589; x_wconf 76' lang='grc' dir='ltr'><strong>Α</strong></span> <span class='ocrx_word' id='word_1_21' title='bbox 2134 525 2416 593; x_wconf 87' lang='lat' dir='ltr'><strong>divinatio,</strong></span> <span class='ocrx_word' id='word_1_22' title='bbox 2454 540 2556 584; x_wconf 86' lang='lat' dir='ltr'><strong>nec</strong></span> <span class='ocrx_word' id='word_1_23' title='bbox 2586 528 2785 584; x_wconf 97' lang='lat' dir='ltr'><strong>habeat</strong></span> <span class='ocrx_word' id='word_1_24' title='bbox 2808 527 3015 593; x_wconf 80' lang='lat' dir='ltr'><strong>iumen,</strong></span> <span class='ocrx_word' id='word_1_25' title='bbox 3050 527 3145 584; x_wconf 77' lang='lat' dir='ltr'><strong>sed</strong></span> <span class='ocrx_word' id='word_1_26' title='bbox 3181 536 3434 584; x_wconf 79' lang='lat' dir='ltr'><strong>tenebras</strong></span> <span class='ocrx_word' id='word_1_27' title='bbox 3459 506 3518 583; x_wconf 77' lang='lat' dir='ltr'><strong>et</strong></span> <span class='ocrx_word' id='word_1_28' title='bbox 3552 542 3713 584; x_wconf 87' lang='lat' dir='ltr'><strong>erro-</strong></span> 
     </span>
    </p>
   </div>
   <div class='ocr_carea' id='block_1_6' title="bbox 461 616 2036 692">
    <p class='ocr_par' dir='ltr' id='par_1_6' title="bbox 461 616 2036 692">
     <span class='ocr_line' id='line_1_6' title="bbox 461 616 2036 692; baseline -0.005 -10"><span class='ocrx_word' id='word_1_29' title='bbox 461 628 610 684; x_wconf 85' lang='lat' dir='ltr'><strong>tione</strong></span> <span class='ocrx_word' id='word_1_30' title='bbox 637 624 814 682; x_wconf 79' lang='lat' dir='ltr'><strong>saeculi</strong></span> <span class='ocrx_word' id='word_1_31' title='bbox 842 623 894 677; x_wconf 92' lang='lat' dir='ltr'><strong>in</strong></span> <span class='ocrx_word' id='word_1_32' title='bbox 927 622 1226 692; x_wconf 74' lang='lat' dir='ltr'><strong>majestate,</strong></span> <span class='ocrx_word' id='word_1_33' title='bbox 1253 632 1307 676; x_wconf 89' lang='lat' dir='ltr'><strong>et</strong></span> <span class='ocrx_word' id='word_1_34' title='bbox 1329 629 1456 676; x_wconf 91' lang='lat' dir='ltr'><strong>tunc</strong></span> <span class='ocrx_word' id='word_1_35' title='bbox 1483 616 1699 677; x_wconf 88' lang='lat' dir='ltr'><strong>stillabo</strong></span> <span class='ocrx_word' id='word_1_36' title='bbox 1732 620 1848 685; x_wconf 93' lang='lat' dir='ltr'><strong>tibi,</strong></span> <span class='ocrx_word' id='word_1_37' title='bbox 1878 619 1929 674; x_wconf 91' lang='lat' dir='ltr'><strong>id</strong></span> <span class='ocrx_word' id='word_1_38' title='bbox 1952 628 2036 674; x_wconf 85' lang='lat' dir='ltr'><strong>est</strong></span> 
     </span>
    </p>
   </div>
   <div class='ocr_carea' id='block_1_7' title="bbox 458 711 2037 791">
    <p class='ocr_par' dir='ltr' id='par_1_7' title="bbox 458 711 2037 791">
     <span class='ocr_line' id='line_1_7' title="bbox 458 711 2037 791; baseline -0.004 -18"><span class='ocrx_word' id='word_1_39' title='bbox 458 718 755 791; x_wconf 81' lang='lat' dir='ltr'><strong>propinabo</strong></span> <span class='ocrx_word' id='word_1_40' title='bbox 782 716 961 769; x_wconf 88' lang='lat' dir='ltr'><strong>vinum</strong></span> <span class='ocrx_word' id='word_1_41' title='bbox 990 711 1225 783; x_wconf 85' lang='lat' dir='ltr'><strong>Spiritus</strong></span> <span class='ocrx_word' id='word_1_42' title='bbox 1274 713 1477 778; x_wconf 90' lang='lat' dir='ltr'><strong>sancti,</strong></span> <span class='ocrx_word' id='word_1_43' title='bbox 1506 714 1689 767; x_wconf 87' lang='lat' dir='ltr'><strong>vinum</strong></span> <span class='ocrx_word' id='word_1_44' title='bbox 1727 711 1889 768; x_wconf 78' lang='lat' dir='ltr'><strong>divini</strong></span> <span class='ocrx_word' id='word_1_45' title='bbox 1923 714 2037 767; x_wconf 87' lang='lat' dir='ltr'><strong>ser-</strong></span> 
     </span>
    </p>
   </div>
   <div class='ocr_carea' id='block_1_8' title="bbox 464 802 2033 876">
    <p class='ocr_par' dir='ltr' id='par_1_8' title="bbox 464 802 2033 876">
     <span class='ocr_line' id='line_1_8' title="bbox 464 802 2033 876; baseline -0.004 -13"><span class='ocrx_word' id='word_1_46' title='bbox 464 808 638 863; x_wconf 87' lang='lat' dir='ltr'><strong>monis</strong></span> <span class='ocrx_word' id='word_1_47' title='bbox 668 821 771 876; x_wconf 89' lang='lat' dir='ltr'><strong>quo</strong></span> <span class='ocrx_word' id='word_1_48' title='bbox 812 803 1041 875; x_wconf 81' lang='lat' dir='ltr'><strong>apostoli</strong></span> <span class='ocrx_word' id='word_1_49' title='bbox 1085 803 1172 858; x_wconf 90' lang='lat' dir='ltr'><strong>die</strong></span> <span class='ocrx_word' id='word_1_50' title='bbox 1207 802 1556 860; x_wconf 86' lang='lat' dir='ltr'><strong>Pentecostes</strong></span> <span class='ocrx_word' id='word_1_51' title='bbox 1594 803 1845 858; x_wconf 87' lang='lat' dir='ltr'><strong>inebriati</strong></span> <span class='ocrx_word' id='word_1_52' title='bbox 1887 812 2033 870; x_wconf 90' lang='lat' dir='ltr'><strong>sunt,</strong></span> 
     </span>
    </p>
   </div>
   <div class='ocr_carea' id='block_1_9' title="bbox 463 892 2035 966">
    <p class='ocr_par' dir='ltr' id='par_1_9' title="bbox 463 892 2035 966">
     <span class='ocr_line' id='line_1_9' title="bbox 463 892 2035 966; baseline -0.004 -13"><span class='ocrx_word' id='word_1_53' title='bbox 463 906 517 953; x_wconf 85' lang='lat' dir='ltr'><strong>et</strong></span> <span class='ocrx_word' id='word_1_54' title='bbox 542 899 612 965; x_wconf 87' lang='lat' dir='ltr'><strong>de</strong></span> <span class='ocrx_word' id='word_1_55' title='bbox 640 912 744 966; x_wconf 89' lang='lat' dir='ltr'><strong>quo</strong></span> <span class='ocrx_word' id='word_1_56' title='bbox 772 911 867 965; x_wconf 86' lang='lat' dir='ltr'><strong>per</strong></span> <span class='ocrx_word' id='word_1_57' title='bbox 891 892 1233 950; x_wconf 85' lang='lat' dir='ltr'><strong>Psalmistam</strong></span> <span class='ocrx_word' id='word_1_58' title='bbox 1275 893 1509 949; x_wconf 86' lang='lat' dir='ltr'><strong>dicitur:</strong></span> <span class='ocrx_word' id='word_1_59' title='bbox 1547 893 1751 949; x_wconf 81' lang='lat' dir='ltr'><strong>Potasti</strong></span> <span class='ocrx_word' id='word_1_60' title='bbox 1782 908 1881 949; x_wconf 91' lang='lat' dir='ltr'><strong>nos</strong></span> <span class='ocrx_word' id='word_1_61' title='bbox 1911 893 2035 947; x_wconf 92' lang='lat' dir='ltr'><strong>vino</strong></span> 
     </span>
    </p>
   </div>
   <div class='ocr_carea' id='block_1_10' title="bbox 462 983 2036 1056">
    <p class='ocr_par' dir='ltr' id='par_1_10' title="bbox 462 983 2036 1056">
     <span class='ocr_line' id='line_1_10' title="bbox 462 983 2036 1056; baseline -0.004 -12"><span class='ocrx_word' id='word_1_62' title='bbox 462 985 905 1056; x_wconf 84' lang='lat' dir='ltr'><strong>compunctionis.</strong></span> <span class='ocrx_word' id='word_1_63' title='bbox 945 1003 963 1036; x_wconf 74' lang='grc' dir='ltr'><strong><em>ι</em></strong></span> <span class='ocrx_word' id='word_1_64' title='bbox 1017 983 1209 1039; x_wconf 84' lang='lat' dir='ltr'><strong>Totum</strong></span> <span class='ocrx_word' id='word_1_65' title='bbox 1239 992 1292 1038; x_wconf 91' lang='lat' dir='ltr'><strong>te</strong></span> <span class='ocrx_word' id='word_1_66' title='bbox 1335 985 1387 1038; x_wconf 90' lang='lat' dir='ltr'><strong>in</strong></span> <span class='ocrx_word' id='word_1_67' title='bbox 1418 999 1580 1038; x_wconf 89' lang='lat' dir='ltr'><strong>unum</strong></span> <span class='ocrx_word' id='word_1_68' title='bbox 1620 983 1915 1038; x_wconf 90' lang='lat' dir='ltr'><strong>condttcam</strong></span> <span class='ocrx_word' id='word_1_69' title='bbox 1952 996 2036 1037; x_wconf 82' lang='lat' dir='ltr'><strong>re-</strong></span> 
     </span>
    </p>
   </div>
   <div class='ocr_carea' id='block_1_11' title="bbox 462 1075 2033 1149">
    <p class='ocr_par' dir='ltr' id='par_1_11' title="bbox 462 1075 2033 1149">
     <span class='ocr_line' id='line_1_11' title="bbox 462 1075 2033 1149; baseline -0.001 -18"><span class='ocrx_word' id='word_1_70' title='bbox 462 1079 656 1148; x_wconf 87' lang='lat' dir='ltr'><strong>liquias</strong></span> <span class='ocrx_word' id='word_1_71' title='bbox 683 1077 870 1143; x_wconf 88' lang='lat' dir='ltr'><strong>lsrael,</strong></span> <span class='ocrx_word' id='word_1_72' title='bbox 901 1077 1108 1148; x_wconf 87' lang='lat' dir='ltr'><strong>pariter</strong></span> <span class='ocrx_word' id='word_1_73' title='bbox 1137 1091 1333 1147; x_wconf 89' lang='lat' dir='ltr'><strong>ponam</strong></span> <span class='ocrx_word' id='word_1_74' title='bbox 1375 1075 1522 1130; x_wconf 89' lang='lat' dir='ltr'><strong>illum</strong></span> <span class='ocrx_word' id='word_1_75' title='bbox 1556 1076 1705 1149; x_wconf 89' lang='lat' dir='ltr'><strong>quasi</strong></span> <span class='ocrx_word' id='word_1_76' title='bbox 1736 1088 1948 1146; x_wconf 78' lang='lat' dir='ltr'><strong>gregem</strong></span> <span class='ocrx_word' id='word_1_77' title='bbox 1979 1075 2033 1129; x_wconf 92' lang='lat' dir='ltr'><strong>in</strong></span> 
     </span>
    </p>
   </div>
   <div class='ocr_carea' id='block_1_12' title="bbox 459 1165 2036 1241">
    <p class='ocr_par' dir='ltr' id='par_1_12' title="bbox 459 1165 2036 1241">
     <span class='ocr_line' id='line_1_12' title="bbox 459 1165 2036 1241; baseline -0.004 -16"><span class='ocrx_word' id='word_1_78' title='bbox 459 1170 606 1235; x_wconf 91' lang='lat' dir='ltr'><strong>ovili,</strong></span> <span class='ocrx_word' id='word_1_79' title='bbox 636 1171 790 1241; x_wconf 87' lang='lat' dir='ltr'><strong>quasi</strong></span> <span class='ocrx_word' id='word_1_80' title='bbox 819 1183 983 1239; x_wconf 89' lang='lat' dir='ltr'><strong>pecus</strong></span> <span class='ocrx_word' id='word_1_81' title='bbox 1012 1168 1067 1222; x_wconf 92' lang='lat' dir='ltr'><strong>in</strong></span> <span class='ocrx_word' id='word_1_82' title='bbox 1096 1167 1270 1221; x_wconf 90' lang='lat' dir='ltr'><strong>medio</strong></span> <span class='ocrx_word' id='word_1_83' title='bbox 1293 1166 1591 1229; x_wconf 87' lang='lat' dir='ltr'><strong>caularum,</strong></span> <span class='ocrx_word' id='word_1_84' title='bbox 1617 1186 1633 1217; x_wconf 73' lang='grc' dir='ltr'><strong><em>ι</em></strong></span> <span class='ocrx_word' id='word_1_85' title='bbox 1664 1165 1764 1220; x_wconf 89' lang='lat' dir='ltr'><strong>hoc</strong></span> <span class='ocrx_word' id='word_1_86' title='bbox 1788 1173 1889 1230; x_wconf 89' lang='lat' dir='ltr'><strong>est,</strong></span> <span class='ocrx_word' id='word_1_87' title='bbox 1918 1179 2036 1219; x_wconf 85' lang='lat' dir='ltr'><strong>cre-</strong></span> 
     </span>
    </p>
   </div>
   <div class='ocr_carea' id='block_1_13' title="bbox 461 1253 2036 1328">
    <p class='ocr_par' dir='ltr' id='par_1_13' title="bbox 461 1253 2036 1328">
     <span class='ocr_line' id='line_1_13' title="bbox 461 1253 2036 1328; baseline -0.002 -17"><span class='ocrx_word' id='word_1_88' title='bbox 461 1260 651 1315; x_wconf 80' lang='lat' dir='ltr'><strong>dentes</strong></span> <span class='ocrx_word' id='word_1_89' title='bbox 688 1274 752 1314; x_wconf 80' lang='lat' dir='ltr'><strong>ex</strong></span> <span class='ocrx_word' id='word_1_90' title='bbox 801 1267 1030 1327; x_wconf 88' lang='lat' dir='ltr'><strong>utroque</strong></span> <span class='ocrx_word' id='word_1_91' title='bbox 1078 1257 1274 1328; x_wconf 90' lang='lat' dir='ltr'><strong>populo</strong></span> <span class='ocrx_word' id='word_1_92' title='bbox 1321 1256 1524 1326; x_wconf 87' lang='lat' dir='ltr'><strong>pariter</strong></span> <span class='ocrx_word' id='word_1_93' title='bbox 1568 1256 1618 1308; x_wconf 92' lang='lat' dir='ltr'><strong>in</strong></span> <span class='ocrx_word' id='word_1_94' title='bbox 1670 1253 1794 1309; x_wconf 82' lang='lat' dir='ltr'><strong>ovili</strong></span> <span class='ocrx_word' id='word_1_95' title='bbox 1840 1253 2036 1323; x_wconf 82' lang='lat' dir='ltr'><strong>quietis</strong></span> 
     </span>
    </p>
   </div>
   <div class='ocr_carea' id='block_1_14' title="bbox 462 1344 2035 1419">
    <p class='ocr_par' dir='ltr' id='par_1_14' title="bbox 462 1344 2035 1419">
     <span class='ocr_line' id='line_1_14' title="bbox 462 1344 2035 1419; baseline -0.004 -14"><span class='ocrx_word' id='word_1_96' title='bbox 462 1360 679 1407; x_wconf 73' lang='lat' dir='ltr'><strong>:eternte</strong></span> <span class='ocrx_word' id='word_1_97' title='bbox 717 1349 996 1419; x_wconf 86' lang='lat' dir='ltr'><strong>copulabo.</strong></span> <span class='ocrx_word' id='word_1_98' title='bbox 1042 1367 1060 1398; x_wconf 75' lang='grc' dir='ltr'><strong><em>ι</em></strong></span> <span class='ocrx_word' id='word_1_99' title='bbox 1090 1346 1581 1402; x_wconf 84' lang='lat' dir='ltr'><strong>Tumultuabuntur</strong></span> <span class='ocrx_word' id='word_1_100' title='bbox 1623 1360 1652 1398; x_wconf 89' lang='lat' dir='ltr'><strong>a</strong></span> <span class='ocrx_word' id='word_1_101' title='bbox 1698 1344 2035 1398; x_wconf 87' lang='lat' dir='ltr'><strong>multitudine</strong></span> 
     </span>
    </p>
   </div>
   <div class='ocr_carea' id='block_1_15' title="bbox 463 1434 2033 1508">
    <p class='ocr_par' dir='ltr' id='par_1_15' title="bbox 463 1434 2033 1508">
     <span class='ocr_line' id='line_1_15' title="bbox 463 1434 2033 1508; baseline -0.004 -15"><span class='ocrx_word' id='word_1_102' title='bbox 463 1440 760 1494; x_wconf 86' lang='lat' dir='ltr'><strong>hominum.</strong></span> <span class='ocrx_word' id='word_1_103' title='bbox 786 1459 803 1491; x_wconf 77' lang='grc' dir='ltr'><strong><em>ι</em></strong></span> <span class='ocrx_word' id='word_1_104' title='bbox 832 1437 948 1494; x_wconf 82' lang='lat' dir='ltr'><strong>Jam</strong></span> <span class='ocrx_word' id='word_1_105' title='bbox 971 1448 1155 1508; x_wconf 87' lang='lat' dir='ltr'><strong>aperte</strong></span> <span class='ocrx_word' id='word_1_106' title='bbox 1175 1437 1409 1492; x_wconf 90' lang='lat' dir='ltr'><strong>ostendit</strong></span> <span class='ocrx_word' id='word_1_107' title='bbox 1435 1437 1499 1491; x_wconf 91' lang='lat' dir='ltr'><strong>de</strong></span> <span class='ocrx_word' id='word_1_108' title='bbox 1522 1435 1718 1505; x_wconf 80' lang='lat' dir='ltr'><strong>quibus</strong></span> <span class='ocrx_word' id='word_1_109' title='bbox 1739 1436 1928 1490; x_wconf 86' lang='lat' dir='ltr'><strong>ovibus</strong></span> <span class='ocrx_word' id='word_1_110' title='bbox 1953 1434 2033 1488; x_wconf 86' lang='lat' dir='ltr'><strong>vel</strong></span> 
     </span>
    </p>
   </div>
   <div class='ocr_carea' id='block_1_16' title="bbox 460 1525 2036 1600">
    <p class='ocr_par' dir='ltr' id='par_1_16' title="bbox 460 1525 2036 1600">
     <span class='ocr_line' id='line_1_16' title="bbox 460 1525 2036 1600; baseline -0.001 -18"><span class='ocrx_word' id='word_1_111' title='bbox 460 1530 711 1600; x_wconf 78' lang='lat' dir='ltr'><strong>gregibus</strong></span> <span class='ocrx_word' id='word_1_112' title='bbox 739 1529 952 1583; x_wconf 80' lang='lat' dir='ltr'><strong>dixerit.</strong></span> <span class='ocrx_word' id='word_1_113' title='bbox 982 1526 1495 1588; x_wconf 88' lang='lat' dir='ltr'><strong>Tumultuabuntur,</strong></span> <span class='ocrx_word' id='word_1_114' title='bbox 1547 1525 1599 1580; x_wconf 90' lang='lat' dir='ltr'><strong>id</strong></span> <span class='ocrx_word' id='word_1_115' title='bbox 1630 1534 1744 1591; x_wconf 89' lang='lat' dir='ltr'><strong>est,</strong></span> <span class='ocrx_word' id='word_1_116' title='bbox 1774 1525 2036 1580; x_wconf 86' lang='lat' dir='ltr'><strong>vocifera-</strong></span> 
     </span>
    </p>
   </div>
   <div class='ocr_carea' id='block_1_17' title="bbox 462 1616 2036 1689">
    <p class='ocr_par' dir='ltr' id='par_1_17' title="bbox 462 1616 2036 1689">
     <span class='ocr_line' id='line_1_17' title="bbox 462 1616 2036 1689; baseline -0.001 -17"><span class='ocrx_word' id='word_1_117' title='bbox 462 1618 696 1686; x_wconf 89' lang='lat' dir='ltr'><strong>buntur,</strong></span> <span class='ocrx_word' id='word_1_118' title='bbox 722 1619 919 1674; x_wconf 88' lang='lat' dir='ltr'><strong>bonum</strong></span> <span class='ocrx_word' id='word_1_119' title='bbox 958 1628 1225 1689; x_wconf 84' lang='lat' dir='ltr'><strong>pastorem</strong></span> <span class='ocrx_word' id='word_1_120' title='bbox 1255 1616 1534 1672; x_wconf 82' lang='lat' dir='ltr'><strong>laudantes</strong></span> <span class='ocrx_word' id='word_1_121' title='bbox 1554 1657 1569 1681; x_wconf 92' lang='lat'><strong>,</strong></span> <span class='ocrx_word' id='word_1_122' title='bbox 1597 1617 1686 1686; x_wconf 89' lang='lat' dir='ltr'><strong>qui</strong></span> <span class='ocrx_word' id='word_1_123' title='bbox 1718 1631 1812 1671; x_wconf 89' lang='lat' dir='ltr'><strong>eos</strong></span> <span class='ocrx_word' id='word_1_124' title='bbox 1836 1631 2036 1686; x_wconf 60' lang='lat' dir='ltr'><strong>praece-</strong></span> 
     </span>
    </p>
   </div>
   <div class='ocr_carea' id='block_1_18' title="bbox 465 1709 2035 1783">
    <p class='ocr_par' dir='ltr' id='par_1_18' title="bbox 465 1709 2035 1783">
     <span class='ocr_line' id='line_1_18' title="bbox 465 1709 2035 1783; baseline 0 -18"><span class='ocrx_word' id='word_1_125' title='bbox 465 1713 577 1777; x_wconf 85' lang='lat' dir='ltr'><strong>det,</strong></span> <span class='ocrx_word' id='word_1_126' title='bbox 607 1721 661 1767; x_wconf 88' lang='lat' dir='ltr'><strong>et</strong></span> <span class='ocrx_word' id='word_1_127' title='bbox 691 1712 792 1768; x_wconf 85' lang='lat' dir='ltr'><strong>iter</strong></span> <span class='ocrx_word' id='word_1_128' title='bbox 814 1712 1010 1783; x_wconf 81' lang='lat' dir='ltr'><strong>pandet</strong></span> <span class='ocrx_word' id='word_1_129' title='bbox 1051 1720 1175 1767; x_wconf 81' lang='lat' dir='ltr'><strong>ante</strong></span> <span class='ocrx_word' id='word_1_130' title='bbox 1213 1725 1325 1767; x_wconf 79' lang='lat' dir='ltr'><strong>eos.</strong></span> <span class='ocrx_word' id='word_1_131' title='bbox 1366 1709 1483 1780; x_wconf 81' lang='lat' dir='ltr'><strong>ipse</strong></span> <span class='ocrx_word' id='word_1_132' title='bbox 1510 1724 1603 1766; x_wconf 89' lang='lat' dir='ltr'><strong>eos</strong></span> <span class='ocrx_word' id='word_1_133' title='bbox 1644 1724 1741 1781; x_wconf 85' lang='lat' dir='ltr'><strong>per</strong></span> <span class='ocrx_word' id='word_1_134' title='bbox 1772 1724 1831 1765; x_wconf 89' lang='lat' dir='ltr'><strong>se</strong></span> <span class='ocrx_word' id='word_1_135' title='bbox 1877 1709 2035 1765; x_wconf 80' lang='lat' dir='ltr'><strong>ducet</strong></span> 
     </span>
    </p>
   </div>
   <div class='ocr_carea' id='block_1_19' title="bbox 463 1802 1127 1874">
    <p class='ocr_par' dir='ltr' id='par_1_19' title="bbox 463 1802 1127 1874">
     <span class='ocr_line' id='line_1_19' title="bbox 463 1802 1127 1874; baseline 0.002 -17"><span class='ocrx_word' id='word_1_136' title='bbox 463 1803 530 1857; x_wconf 85' lang='lat' dir='ltr'><strong>ad</strong></span> <span class='ocrx_word' id='word_1_137' title='bbox 559 1819 637 1859; x_wconf 88' lang='lat' dir='ltr'><strong>se.</strong></span> <span class='ocrx_word' id='word_1_138' title='bbox 667 1802 817 1859; x_wconf 89' lang='lat' dir='ltr'><strong>Unde</strong></span> <span class='ocrx_word' id='word_1_139' title='bbox 846 1806 1087 1874; x_wconf 80' lang='lat' dir='ltr'><strong>sequitur</strong></span> <span class='ocrx_word' id='word_1_140' title='bbox 1111 1822 1127 1858; x_wconf 86' lang='lat'><strong>:</strong></span> 
     </span>
    </p>
   </div>
   <div class='ocr_carea' id='block_1_20' title="bbox 2134 617 3717 690">
    <p class='ocr_par' dir='ltr' id='par_1_20' title="bbox 2134 617 3717 690">
     <span class='ocr_line' id='line_1_20' title="bbox 2134 617 3717 690; baseline 0.001 -17"><span class='ocrx_word' id='word_1_141' title='bbox 2134 631 2268 673; x_wconf 87' lang='lat' dir='ltr'><strong>rem.</strong></span> <span class='ocrx_word' id='word_1_142' title='bbox 2309 617 2376 672; x_wconf 84' lang='lat' dir='ltr'><strong>Et</strong></span> <span class='ocrx_word' id='word_1_143' title='bbox 2415 634 2536 674; x_wconf 93' lang='lat' dir='ltr'><strong>cum</strong></span> <span class='ocrx_word' id='word_1_144' title='bbox 2579 633 2684 674; x_wconf 91' lang='lat' dir='ltr'><strong>non</strong></span> <span class='ocrx_word' id='word_1_145' title='bbox 2727 619 2976 674; x_wconf 80' lang='lat' dir='ltr'><strong>venerint</strong></span> <span class='ocrx_word' id='word_1_146' title='bbox 3011 633 3131 689; x_wconf 61' lang='lat' dir='ltr'><strong>quae</strong></span> <span class='ocrx_word' id='word_1_147' title='bbox 3162 619 3542 690; x_wconf 83' lang='lat' dir='ltr'><strong>promiserant,</strong></span> <span class='ocrx_word' id='word_1_148' title='bbox 3580 627 3717 675; x_wconf 76' lang='lat' dir='ltr'><strong>tunc</strong></span> 
     </span>
    </p>
   </div>
   <div class='ocr_carea' id='block_1_21' title="bbox 2132 710 3714 780">
    <p class='ocr_par' dir='ltr' id='par_1_21' title="bbox 2132 710 3714 780">
     <span class='ocr_line' id='line_1_21' title="bbox 2132 710 3714 780; baseline -0.003 -12"><span class='ocrx_word' id='word_1_149' title='bbox 2132 713 2421 768; x_wconf 81' lang='lat' dir='ltr'><strong>occumbat</strong></span> <span class='ocrx_word' id='word_1_150' title='bbox 2459 712 2539 767; x_wconf 90' lang='lat' dir='ltr'><strong>eis</strong></span> <span class='ocrx_word' id='word_1_151' title='bbox 2579 710 2690 776; x_wconf 91' lang='lat' dir='ltr'><strong>sol,</strong></span> <span class='ocrx_word' id='word_1_152' title='bbox 2737 718 2791 766; x_wconf 92' lang='lat' dir='ltr'><strong>et</strong></span> <span class='ocrx_word' id='word_1_153' title='bbox 2832 713 3147 780; x_wconf 80' lang='lat' dir='ltr'><strong>aperiantur</strong></span> <span class='ocrx_word' id='word_1_154' title='bbox 3192 711 3539 776; x_wconf 89' lang='lat' dir='ltr'><strong>confusione,</strong></span> <span class='ocrx_word' id='word_1_155' title='bbox 3579 710 3714 780; x_wconf 83' lang='lat' dir='ltr'><strong>quia</strong></span> 
     </span>
    </p>
   </div>
   <div class='ocr_carea' id='block_1_22' title="bbox 2133 801 3720 873">
    <p class='ocr_par' dir='ltr' id='par_1_22' title="bbox 2133 801 3720 873">
     <span class='ocr_line' id='line_1_22' title="bbox 2133 801 3720 873; baseline -0.001 -15"><span class='ocrx_word' id='word_1_156' title='bbox 2133 803 2336 858; x_wconf 86' lang='lat' dir='ltr'><strong>scietur</strong></span> <span class='ocrx_word' id='word_1_157' title='bbox 2362 803 2503 873; x_wconf 93' lang='lat' dir='ltr'><strong>quod</strong></span> <span class='ocrx_word' id='word_1_158' title='bbox 2522 816 2625 857; x_wconf 91' lang='lat' dir='ltr'><strong>non</strong></span> <span class='ocrx_word' id='word_1_159' title='bbox 2642 802 2711 857; x_wconf 90' lang='lat' dir='ltr'><strong>sit</strong></span> <span class='ocrx_word' id='word_1_160' title='bbox 2738 816 3054 872; x_wconf 85' lang='lat' dir='ltr'><strong>responsum</strong></span> <span class='ocrx_word' id='word_1_161' title='bbox 3079 802 3199 869; x_wconf 88' lang='lat' dir='ltr'><strong>Dei,</strong></span> <span class='ocrx_word' id='word_1_162' title='bbox 3215 803 3309 859; x_wconf 83' lang='lat' dir='ltr'><strong>sed</strong></span> <span class='ocrx_word' id='word_1_163' title='bbox 3339 801 3489 858; x_wconf 82' lang='lat' dir='ltr'><strong>fraus</strong></span> <span class='ocrx_word' id='word_1_164' title='bbox 3502 802 3720 859; x_wconf 64' lang='lat' dir='ltr'><strong>dtemoo</strong></span> 
     </span>
    </p>
   </div>
   <div class='ocr_carea' id='block_1_23' title="bbox 2133 893 3146 963">
    <p class='ocr_par' dir='ltr' id='par_1_23' title="bbox 2133 893 3146 963">
     <span class='ocr_line' id='line_1_23' title="bbox 2133 893 3146 963; baseline -0.001 -14"><span class='ocrx_word' id='word_1_165' title='bbox 2133 909 2261 949; x_wconf 89' lang='lat' dir='ltr'><strong>num</strong></span> <span class='ocrx_word' id='word_1_166' title='bbox 2290 893 2536 948; x_wconf 81' lang='lat' dir='ltr'><strong>homines</strong></span> <span class='ocrx_word' id='word_1_167' title='bbox 2564 893 2811 963; x_wconf 86' lang='lat' dir='ltr'><strong>decipere</strong></span> <span class='ocrx_word' id='word_1_168' title='bbox 2832 893 3146 949; x_wconf 87' lang='lat' dir='ltr'><strong>volentium.</strong></span> 
     </span>
    </p>
   </div>
   <div class='ocr_carea' id='block_1_24' title="bbox 2209 980 3717 1055">
    <p class='ocr_par' dir='ltr' id='par_1_24' title="bbox 2209 980 3717 1055">
     <span class='ocr_line' id='line_1_24' title="bbox 2209 980 3717 1055; baseline 0.003 -21"><span class='ocrx_word' id='word_1_169' title='bbox 2209 1001 2227 1034; x_wconf 88' lang='grc'><strong>‹</strong></span> <span class='ocrx_word' id='word_1_170' title='bbox 2255 980 2636 1038; x_wconf 79' lang='lat' dir='ltr'><strong>Verumtamen</strong></span> <span class='ocrx_word' id='word_1_171' title='bbox 2676 997 2776 1054; x_wconf 79' lang='lat' dir='ltr'><strong>ego</strong></span> <span class='ocrx_word' id='word_1_172' title='bbox 2815 983 3052 1054; x_wconf 84' lang='lat' dir='ltr'><strong>repletus</strong></span> <span class='ocrx_word' id='word_1_173' title='bbox 3086 1000 3205 1040; x_wconf 88' lang='lat' dir='ltr'><strong>sum</strong></span> <span class='ocrx_word' id='word_1_174' title='bbox 3241 983 3558 1040; x_wconf 77' lang='lat' dir='ltr'><strong>fortitudine</strong></span> <span class='ocrx_word' id='word_1_175' title='bbox 3585 984 3717 1055; x_wconf 68' lang='lat' dir='ltr'><strong>Spi-</strong></span> 
     </span>
    </p>
   </div>
   <div class='ocr_carea' id='block_1_25' title="bbox 2134 1073 3716 1144">
    <p class='ocr_par' dir='ltr' id='par_1_25' title="bbox 2134 1073 3716 1144">
     <span class='ocr_line' id='line_1_25' title="bbox 2134 1073 3716 1144; baseline 0.001 -18"><span class='ocrx_word' id='word_1_176' title='bbox 2134 1073 2271 1126; x_wconf 86' lang='lat' dir='ltr'><strong>ritus</strong></span> <span class='ocrx_word' id='word_1_177' title='bbox 2298 1073 2529 1136; x_wconf 88' lang='lat' dir='ltr'><strong>Domini,</strong></span> <span class='ocrx_word' id='word_1_178' title='bbox 2559 1073 2784 1144; x_wconf 85' lang='lat' dir='ltr'><strong>judicio,</strong></span> <span class='ocrx_word' id='word_1_179' title='bbox 2826 1081 2882 1128; x_wconf 90' lang='lat' dir='ltr'><strong>et</strong></span> <span class='ocrx_word' id='word_1_180' title='bbox 2908 1074 3136 1139; x_wconf 88' lang='lat' dir='ltr'><strong>virtute;</strong></span> <span class='ocrx_word' id='word_1_181' title='bbox 3174 1084 3234 1130; x_wconf 87' lang='lat' dir='ltr'><strong>ut</strong></span> <span class='ocrx_word' id='word_1_182' title='bbox 3269 1075 3584 1130; x_wconf 79' lang='lat' dir='ltr'><strong>annuntiem</strong></span> <span class='ocrx_word' id='word_1_183' title='bbox 3614 1073 3716 1129; x_wconf 74' lang='lat' dir='ltr'><strong>Ja-</strong></span> 
     </span>
    </p>
   </div>
   <div class='ocr_carea' id='block_1_26' title="bbox 2133 1161 3718 1234">
    <p class='ocr_par' dir='ltr' id='par_1_26' title="bbox 2133 1161 3718 1234">
     <span class='ocr_line' id='line_1_26' title="bbox 2133 1161 3718 1234; baseline 0.001 -17"><span class='ocrx_word' id='word_1_184' title='bbox 2133 1161 2235 1217; x_wconf 90' lang='lat' dir='ltr'><strong>cob</strong></span> <span class='ocrx_word' id='word_1_185' title='bbox 2266 1162 2441 1217; x_wconf 86' lang='lat' dir='ltr'><strong>scelus</strong></span> <span class='ocrx_word' id='word_1_186' title='bbox 2476 1177 2651 1229; x_wconf 90' lang='lat' dir='ltr'><strong>suum,</strong></span> <span class='ocrx_word' id='word_1_187' title='bbox 2695 1171 2749 1218; x_wconf 91' lang='lat' dir='ltr'><strong>et</strong></span> <span class='ocrx_word' id='word_1_188' title='bbox 2779 1161 2941 1219; x_wconf 80' lang='lat' dir='ltr'><strong>Israel</strong></span> <span class='ocrx_word' id='word_1_189' title='bbox 2971 1173 3249 1234; x_wconf 90' lang='lat' dir='ltr'><strong>peccatum</strong></span> <span class='ocrx_word' id='word_1_190' title='bbox 3276 1180 3454 1221; x_wconf 88' lang='lat' dir='ltr'><strong>suum.</strong></span> <span class='ocrx_word' id='word_1_191' title='bbox 3486 1183 3506 1217; x_wconf 75' lang='grc' dir='ltr'><strong><em>ι</em></strong></span> <span class='ocrx_word' id='word_1_192' title='bbox 3545 1163 3625 1219; x_wconf 88' lang='lat' dir='ltr'><strong>De</strong></span> <span class='ocrx_word' id='word_1_193' title='bbox 3655 1180 3718 1219; x_wconf 79' lang='lat' dir='ltr'><strong>se</strong></span> 
     </span>
    </p>
   </div>
   <div class='ocr_carea' id='block_1_27' title="bbox 2133 1252 3717 1326">
    <p class='ocr_par' dir='ltr' id='par_1_27' title="bbox 2133 1252 3717 1326">
     <span class='ocr_line' id='line_1_27' title="bbox 2133 1252 3717 1326; baseline -0.001 -17"><span class='ocrx_word' id='word_1_194' title='bbox 2133 1270 2277 1309; x_wconf 89' lang='lat' dir='ltr'><strong>nunc</strong></span> <span class='ocrx_word' id='word_1_195' title='bbox 2305 1252 2435 1310; x_wconf 87' lang='lat' dir='ltr'><strong>dicit</strong></span> <span class='ocrx_word' id='word_1_196' title='bbox 2461 1256 2720 1325; x_wconf 88' lang='lat' dir='ltr'><strong>propheta</strong></span> <span class='ocrx_word' id='word_1_197' title='bbox 2758 1255 2883 1325; x_wconf 84' lang='lat' dir='ltr'><strong>quia</strong></span> <span class='ocrx_word' id='word_1_198' title='bbox 2909 1256 3392 1326; x_wconf 86' lang='lat' dir='ltr'><strong>pseudoprophetis</strong></span> <span class='ocrx_word' id='word_1_199' title='bbox 3415 1254 3549 1309; x_wconf 76' lang='lat' dir='ltr'><strong>falsa</strong></span> <span class='ocrx_word' id='word_1_200' title='bbox 3569 1255 3717 1309; x_wconf 53' lang='lat' dir='ltr'><strong>vati-</strong></span> 
     </span>
    </p>
   </div>
   <div class='ocr_carea' id='block_1_28' title="bbox 2134 1344 3722 1416">
    <p class='ocr_par' dir='ltr' id='par_1_28' title="bbox 2134 1344 3722 1416">
     <span class='ocr_line' id='line_1_28' title="bbox 2134 1344 3722 1416; baseline 0.001 -18"><span class='ocrx_word' id='word_1_201' title='bbox 2134 1344 2440 1400; x_wconf 86' lang='lat' dir='ltr'><strong>cinantibtts</strong></span> <span class='ocrx_word' id='word_1_202' title='bbox 2459 1354 2516 1400; x_wconf 89' lang='lat' dir='ltr'><strong>et</strong></span> <span class='ocrx_word' id='word_1_203' title='bbox 2541 1346 2745 1416; x_wconf 89' lang='lat' dir='ltr'><strong>opertis</strong></span> <span class='ocrx_word' id='word_1_204' title='bbox 2768 1345 3106 1411; x_wconf 80' lang='lat' dir='ltr'><strong>confusione,</strong></span> <span class='ocrx_word' id='word_1_205' title='bbox 3131 1346 3244 1416; x_wconf 89' lang='lat' dir='ltr'><strong>ipse</strong></span> <span class='ocrx_word' id='word_1_206' title='bbox 3274 1346 3445 1402; x_wconf 85' lang='lat' dir='ltr'><strong>sancti</strong></span> <span class='ocrx_word' id='word_1_207' title='bbox 3473 1344 3722 1416; x_wconf 83' lang='lat' dir='ltr'><strong>Spiritus</strong></span> 
     </span>
    </p>
   </div>
   <div class='ocr_carea' id='block_1_29' title="bbox 2135 1427 3721 1506">
    <p class='ocr_par' dir='ltr' id='par_1_29' title="bbox 2135 1427 3721 1506">
     <span class='ocr_line' id='line_1_29' title="bbox 2135 1427 3721 1506; baseline 0.001 -17"><span class='ocrx_word' id='word_1_208' title='bbox 2135 1434 2393 1489; x_wconf 89' lang='lat' dir='ltr'><strong>instinctu</strong></span> <span class='ocrx_word' id='word_1_209' title='bbox 2421 1435 2691 1505; x_wconf 85' lang='lat' dir='ltr'><strong>loquatur,</strong></span> <span class='ocrx_word' id='word_1_210' title='bbox 2722 1443 2778 1491; x_wconf 91' lang='lat' dir='ltr'><strong>et</strong></span> <span class='ocrx_word' id='word_1_211' title='bbox 2804 1427 3092 1491; x_wconf 80' lang='lat' dir='ltr'><strong>annuntiet</strong></span> <span class='ocrx_word' id='word_1_212' title='bbox 3119 1434 3382 1506; x_wconf 84' lang='lat' dir='ltr'><strong>judicium</strong></span> <span class='ocrx_word' id='word_1_213' title='bbox 3414 1436 3626 1491; x_wconf 88' lang='lat' dir='ltr'><strong>Domini</strong></span> <span class='ocrx_word' id='word_1_214' title='bbox 3659 1447 3721 1490; x_wconf 84' lang='lat' dir='ltr'><strong>et</strong></span> 
     </span>
    </p>
   </div>
   <div class='ocr_carea' id='block_1_30' title="bbox 2132 1525 3723 1608">
    <p class='ocr_par' dir='ltr' id='par_1_30' title="bbox 2132 1525 3723 1608">
     <span class='ocr_line' id='line_1_30' title="bbox 2132 1525 3723 1608; baseline 0.001 -30"><span class='ocrx_word' id='word_1_215' title='bbox 2132 1525 2439 1591; x_wconf 76' lang='lat' dir='ltr'><strong>veritatem,</strong></span> <span class='ocrx_word' id='word_1_216' title='bbox 2469 1541 2568 1581; x_wconf 88' lang='lat' dir='ltr'><strong>nec</strong></span> <span class='ocrx_word' id='word_1_217' title='bbox 2595 1540 2780 1594; x_wconf 84' lang='lat' dir='ltr'><strong>pacem</strong></span> <span class='ocrx_word' id='word_1_218' title='bbox 2812 1526 2950 1582; x_wconf 85' lang='lat' dir='ltr'><strong>sicut</strong></span> <span class='ocrx_word' id='word_1_219' title='bbox 2978 1527 3054 1581; x_wconf 87' lang='lat' dir='ltr'><strong>illi</strong></span> <span class='ocrx_word' id='word_1_220' title='bbox 3080 1527 3355 1608; x_wconf 69' lang='lat' dir='ltr'><strong>praulicct,</strong></span> <span class='ocrx_word' id='word_1_221' title='bbox 3380 1534 3445 1585; x_wconf 77' lang='lat' dir='ltr'><strong>ut.</strong></span> <span class='ocrx_word' id='word_1_222' title='bbox 3466 1525 3723 1581; x_wconf 85' lang='lat' dir='ltr'><strong>mordeat</strong></span> 
     </span>
    </p>
   </div>
   <div class='ocr_carea' id='block_1_31' title="bbox 2135 1615 3719 1687">
    <p class='ocr_par' dir='ltr' id='par_1_31' title="bbox 2135 1615 3719 1687">
     <span class='ocr_line' id='line_1_31' title="bbox 2135 1615 3719 1687; baseline 0.001 -16"><span class='ocrx_word' id='word_1_223' title='bbox 2135 1615 2354 1687; x_wconf 91' lang='lat' dir='ltr'><strong>aliquid,</strong></span> <span class='ocrx_word' id='word_1_224' title='bbox 2384 1617 2480 1674; x_wconf 86' lang='lat' dir='ltr'><strong>sed</strong></span> <span class='ocrx_word' id='word_1_225' title='bbox 2508 1619 2791 1674; x_wconf 79' lang='lat' dir='ltr'><strong>annuntiat</strong></span> <span class='ocrx_word' id='word_1_226' title='bbox 2830 1617 2996 1674; x_wconf 67' lang='lat' dir='ltr'><strong>Iacob</strong></span> <span class='ocrx_word' id='word_1_227' title='bbox 3034 1619 3213 1674; x_wconf 73' lang='lat' dir='ltr'><strong>scenis</strong></span> <span class='ocrx_word' id='word_1_228' title='bbox 3252 1634 3431 1685; x_wconf 80' lang='lat' dir='ltr'><strong>suout,</strong></span> <span class='ocrx_word' id='word_1_229' title='bbox 3461 1627 3516 1675; x_wconf 88' lang='lat' dir='ltr'><strong>et</strong></span> <span class='ocrx_word' id='word_1_230' title='bbox 3542 1618 3719 1673; x_wconf 78' lang='lat' dir='ltr'><strong>Israel</strong></span> 
     </span>
    </p>
   </div>
   <div class='ocr_carea' id='block_1_32' title="bbox 2133 1709 3719 1783">
    <p class='ocr_par' dir='ltr' id='par_1_32' title="bbox 2133 1709 3719 1783">
     <span class='ocr_line' id='line_1_32' title="bbox 2133 1709 3719 1783; baseline 0.002 -21"><span class='ocrx_word' id='word_1_231' title='bbox 2133 1717 2415 1778; x_wconf 79' lang='lat' dir='ltr'><strong>peccatum</strong></span> <span class='ocrx_word' id='word_1_232' title='bbox 2435 1710 2751 1779; x_wconf 90' lang='lat' dir='ltr'><strong>suum,quia</strong></span> <span class='ocrx_word' id='word_1_233' title='bbox 2776 1709 2911 1764; x_wconf 84' lang='lat' dir='ltr'><strong>idola</strong></span> <span class='ocrx_word' id='word_1_234' title='bbox 2932 1725 3031 1780; x_wconf 89' lang='lat' dir='ltr'><strong>pro</strong></span> <span class='ocrx_word' id='word_1_235' title='bbox 3056 1710 3164 1766; x_wconf 88' lang='lat' dir='ltr'><strong>Deo</strong></span> <span class='ocrx_word' id='word_1_236' title='bbox 3185 1711 3485 1776; x_wconf 88' lang='lat' dir='ltr'><strong>coluerunt,</strong></span> <span class='ocrx_word' id='word_1_237' title='bbox 3510 1721 3566 1767; x_wconf 86' lang='lat' dir='ltr'><strong>et</strong></span> <span class='ocrx_word' id='word_1_238' title='bbox 3584 1710 3719 1783; x_wconf 82' lang='lat' dir='ltr'><strong>quia</strong></span> 
     </span>
    </p>
   </div>
   <div class='ocr_carea' id='block_1_33' title="bbox 2133 1798 3723 1857">
    <p class='ocr_par' dir='ltr' id='par_1_33' title="bbox 2133 1798 3723 1857">
     <span class='ocr_line' id='line_1_33' title="bbox 2133 1798 3723 1857; baseline 0.001 -3"><span class='ocrx_word' id='word_1_239' title='bbox 2133 1798 2408 1855; x_wconf 83' lang='lat' dir='ltr'><strong>Christum</strong></span> <span class='ocrx_word' id='word_1_240' title='bbox 2437 1799 2837 1855; x_wconf 80' lang='lat' dir='ltr'><strong>cruciﬁxerunt.</strong></span> <span class='ocrx_word' id='word_1_241' title='bbox 2873 1799 3105 1856; x_wconf 81' lang='lat' dir='ltr'><strong>Possunt</strong></span> <span class='ocrx_word' id='word_1_242' title='bbox 3132 1800 3249 1856; x_wconf 67' lang='lat' dir='ltr'><strong>haec</strong></span> <span class='ocrx_word' id='word_1_243' title='bbox 3275 1800 3467 1857; x_wconf 85' lang='lat' dir='ltr'><strong>referri</strong></span> <span class='ocrx_word' id='word_1_244' title='bbox 3503 1801 3573 1855; x_wconf 77' lang='lat' dir='ltr'><strong>ad</strong></span> <span class='ocrx_word' id='word_1_245' title='bbox 3611 1800 3723 1855; x_wconf 64' lang='lat' dir='ltr'><strong>do-</strong></span> 
     </span>
    </p>
   </div>
   <div class='ocr_carea' id='block_1_34' title="bbox 538 1880 3723 1964">
    <p class='ocr_par' dir='ltr' id='par_1_34' title="bbox 538 1880 3723 1964">
     <span class='ocr_line' id='line_1_34' title="bbox 538 1880 3723 1964; baseline -0.001 -18"><span class='ocrx_word' id='word_1_246' title='bbox 538 1912 556 1944; x_wconf 73' lang='grc' dir='ltr'>ι</span> <span class='ocrx_word' id='word_1_247' title='bbox 583 1893 851 1949; x_wconf 76' lang='lat' dir='ltr'><strong>Ascendet</strong></span> <span class='ocrx_word' id='word_1_248' title='bbox 884 1894 1024 1948; x_wconf 91' lang='lat' dir='ltr'><strong>enim</strong></span> <span class='ocrx_word' id='word_1_249' title='bbox 1060 1893 1299 1964; x_wconf 85' lang='lat' dir='ltr'><strong>pandens</strong></span> <span class='ocrx_word' id='word_1_250' title='bbox 1341 1894 1443 1948; x_wconf 90' lang='lat' dir='ltr'><strong>iter</strong></span> <span class='ocrx_word' id='word_1_251' title='bbox 1478 1901 1603 1948; x_wconf 90' lang='lat' dir='ltr'><strong>ante</strong></span> <span class='ocrx_word' id='word_1_252' title='bbox 1635 1908 1761 1959; x_wconf 86' lang='lat' dir='ltr'><strong>eos;</strong></span> <span class='ocrx_word' id='word_1_253' title='bbox 1792 1891 2034 1947; x_wconf 87' lang='lat' dir='ltr'><strong>divideut</strong></span> <span class='ocrx_word' id='word_1_254' title='bbox 2063 1880 2107 1940; x_wconf 83' lang='grc' dir='ltr'><strong>Β</strong></span> <span class='ocrx_word' id='word_1_255' title='bbox 2133 1901 2314 1964; x_wconf 81' lang='lat' dir='ltr'><strong>etores</strong></span> <span class='ocrx_word' id='word_1_256' title='bbox 2339 1891 2622 1963; x_wconf 86' lang='lat' dir='ltr'><strong>pessimos,</strong></span> <span class='ocrx_word' id='word_1_257' title='bbox 2654 1891 2745 1961; x_wconf 87' lang='lat' dir='ltr'><strong>qui</strong></span> <span class='ocrx_word' id='word_1_258' title='bbox 2771 1890 2862 1946; x_wconf 91' lang='lat' dir='ltr'><strong>Dei</strong></span> <span class='ocrx_word' id='word_1_259' title='bbox 2885 1891 3139 1961; x_wconf 86' lang='lat' dir='ltr'><strong>populum</strong></span> <span class='ocrx_word' id='word_1_260' title='bbox 3168 1890 3437 1946; x_wconf 84' lang='lat' dir='ltr'><strong>adulando</strong></span> <span class='ocrx_word' id='word_1_261' title='bbox 3458 1889 3723 1961; x_wconf 80' lang='lat' dir='ltr'><strong>supplan-</strong></span> 
     </span>
    </p>
   </div>
   <div class='ocr_carea' id='block_1_35' title="bbox 462 1986 2032 2058">
    <p class='ocr_par' dir='ltr' id='par_1_35' title="bbox 462 1986 2032 2058">
     <span class='ocr_line' id='line_1_35' title="bbox 462 1986 2032 2058; baseline -0.001 -17"><span class='ocrx_word' id='word_1_262' title='bbox 462 1996 516 2041; x_wconf 87' lang='lat' dir='ltr'><strong>ct</strong></span> <span class='ocrx_word' id='word_1_263' title='bbox 552 1986 855 2042; x_wconf 86' lang='lat' dir='ltr'><strong>transibunt</strong></span> <span class='ocrx_word' id='word_1_264' title='bbox 895 1995 1137 2057; x_wconf 89' lang='lat' dir='ltr'><strong>portam,</strong></span> <span class='ocrx_word' id='word_1_265' title='bbox 1182 1994 1237 2042; x_wconf 90' lang='lat' dir='ltr'><strong>et</strong></span> <span class='ocrx_word' id='word_1_266' title='bbox 1275 1987 1621 2058; x_wconf 74' lang='lat' dir='ltr'><strong>egrediantur</strong></span> <span class='ocrx_word' id='word_1_267' title='bbox 1645 2002 1744 2057; x_wconf 90' lang='lat' dir='ltr'><strong>per</strong></span> <span class='ocrx_word' id='word_1_268' title='bbox 1771 2001 1891 2042; x_wconf 91' lang='lat' dir='ltr'><strong>eam</strong></span> <span class='ocrx_word' id='word_1_269' title='bbox 1926 2004 1940 2040; x_wconf 93' lang='lat'><strong>:</strong></span> <span class='ocrx_word' id='word_1_270' title='bbox 1980 1994 2032 2041; x_wconf 89' lang='lat' dir='ltr'><strong>et</strong></span> 
     </span>
    </p>
   </div>
   <div class='ocr_carea' id='block_1_36' title="bbox 462 2075 2035 2141">
    <p class='ocr_par' dir='ltr' id='par_1_36' title="bbox 462 2075 2035 2141">
     <span class='ocr_line' id='line_1_36' title="bbox 462 2075 2035 2141; baseline -0.001 -10"><span class='ocrx_word' id='word_1_271' title='bbox 462 2076 715 2132; x_wconf 88' lang='lat' dir='ltr'><strong>transibit</strong></span> <span class='ocrx_word' id='word_1_272' title='bbox 753 2092 850 2132; x_wconf 80' lang='lat' dir='ltr'><strong>rex</strong></span> <span class='ocrx_word' id='word_1_273' title='bbox 896 2092 1082 2132; x_wconf 90' lang='lat' dir='ltr'><strong>eorum</strong></span> <span class='ocrx_word' id='word_1_274' title='bbox 1122 2091 1303 2132; x_wconf 86' lang='lat' dir='ltr'><strong>coram</strong></span> <span class='ocrx_word' id='word_1_275' title='bbox 1342 2076 1443 2141; x_wconf 91' lang='lat' dir='ltr'><strong>eis,</strong></span> <span class='ocrx_word' id='word_1_276' title='bbox 1471 2086 1525 2132; x_wconf 90' lang='lat' dir='ltr'><strong>et</strong></span> <span class='ocrx_word' id='word_1_277' title='bbox 1562 2075 1821 2131; x_wconf 87' lang='lat' dir='ltr'><strong>Dominus</strong></span> <span class='ocrx_word' id='word_1_278' title='bbox 1858 2076 1912 2130; x_wconf 91' lang='lat' dir='ltr'><strong>in</strong></span> <span class='ocrx_word' id='word_1_279' title='bbox 1946 2089 2035 2131; x_wconf 61' lang='lat' dir='ltr'><strong>ca.</strong></span> 
     </span>
    </p>
   </div>
   <div class='ocr_carea' id='block_1_37' title="bbox 463 2166 2034 2237">
    <p class='ocr_par' dir='ltr' id='par_1_37' title="bbox 463 2166 2034 2237">
     <span class='ocr_line' id='line_1_37' title="bbox 463 2166 2034 2237; baseline -0.001 -17"><span class='ocrx_word' id='word_1_280' title='bbox 463 2169 572 2236; x_wconf 85' lang='lat' dir='ltr'><strong>pite</strong></span> <span class='ocrx_word' id='word_1_281' title='bbox 612 2182 831 2232; x_wconf 90' lang='lat' dir='ltr'><strong>eorum,</strong></span> <span class='ocrx_word' id='word_1_282' title='bbox 863 2186 881 2218; x_wconf 85' lang='grc'><strong>›</strong></span> <span class='ocrx_word' id='word_1_283' title='bbox 937 2166 1189 2224; x_wconf 89' lang='lat' dir='ltr'><strong>subaudis</strong></span> <span class='ocrx_word' id='word_1_284' title='bbox 1217 2167 1469 2237; x_wconf 85' lang='lat' dir='ltr'><strong>princeps</strong></span> <span class='ocrx_word' id='word_1_285' title='bbox 1504 2174 1559 2222; x_wconf 91' lang='lat' dir='ltr'><strong>et</strong></span> <span class='ocrx_word' id='word_1_286' title='bbox 1590 2172 2034 2235; x_wconf 63' lang='lat' dir='ltr'><strong>praemonstrator</strong></span> 
     </span>
    </p>
   </div>
   <div class='ocr_carea' id='block_1_38' title="bbox 463 2258 1124 2329">
    <p class='ocr_par' dir='ltr' id='par_1_38' title="bbox 463 2258 1124 2329">
     <span class='ocr_line' id='line_1_38' title="bbox 463 2258 1124 2329; baseline -0.002 -19"><span class='ocrx_word' id='word_1_287' title='bbox 463 2258 763 2313; x_wconf 70' lang='lat' dir='ltr'><strong>t&#39;telestium</strong></span> <span class='ocrx_word' id='word_1_288' title='bbox 786 2273 1124 2329; x_wconf 87' lang='lat' dir='ltr'><strong>pascuarum.</strong></span> 
     </span>
    </p>
   </div>
   <div class='ocr_carea' id='block_1_39' title="bbox 1063 2390 1437 2453">
    <p class='ocr_par' dir='ltr' id='par_1_39' title="bbox 1063 2390 1437 2453">
     <span class='ocr_line' id='line_1_39' title="bbox 1063 2390 1437 2453; baseline 0.016 -5"><span class='ocrx_word' id='word_1_289' title='bbox 1063 2390 1286 2451; x_wconf 75' lang='lat' dir='ltr'><strong>CAPUT</strong></span> <span class='ocrx_word' id='word_1_290' title='bbox 1339 2391 1437 2453; x_wconf 83' lang='grc' dir='ltr'><strong>ιιι..</strong></span> 
     </span>
    </p>
   </div>
   <div class='ocr_carea' id='block_1_40' title="bbox 540 2524 2035 2598">
    <p class='ocr_par' dir='ltr' id='par_1_40' title="bbox 540 2524 2035 2598">
     <span class='ocr_line' id='line_1_40' title="bbox 540 2524 2035 2598; baseline 0.002 -18"><span class='ocrx_word' id='word_1_291' title='bbox 540 2546 559 2580; x_wconf 86' lang='grc'><em>‹</em></span> <span class='ocrx_word' id='word_1_292' title='bbox 590 2526 655 2580; x_wconf 72' lang='lat' dir='ltr'><strong>Et.</strong></span> <span class='ocrx_word' id='word_1_293' title='bbox 681 2526 815 2592; x_wconf 79' lang='lat' dir='ltr'><strong>dixi,</strong></span> <span class='ocrx_word' id='word_1_294' title='bbox 842 2524 1054 2592; x_wconf 84' lang='lat' dir='ltr'><strong>Audite,</strong></span> <span class='ocrx_word' id='word_1_295' title='bbox 1082 2528 1353 2598; x_wconf 85' lang='lat' dir='ltr'><strong>principes</strong></span> <span class='ocrx_word' id='word_1_296' title='bbox 1378 2527 1632 2593; x_wconf 84' lang='lat' dir='ltr'><strong>Jacob,et</strong></span> <span class='ocrx_word' id='word_1_297' title='bbox 1659 2527 1821 2582; x_wconf 90' lang='lat' dir='ltr'><strong>duces</strong></span> <span class='ocrx_word' id='word_1_298' title='bbox 1845 2527 2035 2583; x_wconf 84' lang='lat' dir='ltr'><strong>demus</strong></span> 
     </span>
    </p>
   </div>
   <div class='ocr_carea' id='block_1_41' title="bbox 462 2614 2031 2689">
    <p class='ocr_par' dir='ltr' id='par_1_41' title="bbox 462 2614 2031 2689">
     <span class='ocr_line' id='line_1_41' title="bbox 462 2614 2031 2689; baseline 0.001 -18"><span class='ocrx_word' id='word_1_299' title='bbox 462 2617 626 2672; x_wconf 73' lang='lat' dir='ltr'><strong>lsrael</strong></span> <span class='ocrx_word' id='word_1_300' title='bbox 673 2636 686 2672; x_wconf 90' lang='lat'>:</span> <span class='ocrx_word' id='word_1_301' title='bbox 733 2618 982 2689; x_wconf 79' lang='lat' dir='ltr'><strong>Nunquid</strong></span> <span class='ocrx_word' id='word_1_302' title='bbox 1022 2633 1128 2673; x_wconf 89' lang='lat' dir='ltr'><strong>non</strong></span> <span class='ocrx_word' id='word_1_303' title='bbox 1170 2628 1405 2674; x_wconf 86' lang='lat' dir='ltr'><strong>vestrum</strong></span> <span class='ocrx_word' id='word_1_304' title='bbox 1453 2627 1536 2675; x_wconf 91' lang='lat' dir='ltr'><strong>est</strong></span> <span class='ocrx_word' id='word_1_305' title='bbox 1581 2618 1720 2674; x_wconf 88' lang='lat' dir='ltr'><strong>scire</strong></span> <span class='ocrx_word' id='word_1_306' title='bbox 1748 2614 2031 2688; x_wconf 89' lang='lat' dir='ltr'><strong>jttdicium,</strong></span> 
     </span>
    </p>
   </div>
   <div class='ocr_carea' id='block_1_42' title="bbox 463 2709 2036 2785">
    <p class='ocr_par' dir='ltr' id='par_1_42' title="bbox 463 2709 2036 2785">
     <span class='ocr_line' id='line_1_42' title="bbox 463 2709 2036 2785; baseline 0.001 -22"><span class='ocrx_word' id='word_1_307' title='bbox 463 2711 558 2778; x_wconf 71' lang='lat' dir='ltr'><strong>qui</strong></span> <span class='ocrx_word' id='word_1_308' title='bbox 581 2710 705 2765; x_wconf 80' lang='lat' dir='ltr'><strong>odio</strong></span> <span class='ocrx_word' id='word_1_309' title='bbox 731 2709 941 2765; x_wconf 88' lang='lat' dir='ltr'><strong>habetis</strong></span> <span class='ocrx_word' id='word_1_310' title='bbox 968 2710 1166 2765; x_wconf 90' lang='lat' dir='ltr'><strong>bonum</strong></span> <span class='ocrx_word' id='word_1_311' title='bbox 1199 2718 1253 2763; x_wconf 91' lang='lat' dir='ltr'><strong>et</strong></span> <span class='ocrx_word' id='word_1_312' title='bbox 1282 2709 1503 2785; x_wconf 72' lang='lat' dir='ltr'><strong>diligitis</strong></span> <span class='ocrx_word' id='word_1_313' title='bbox 1531 2711 1771 2766; x_wconf 84' lang='lat' dir='ltr'><strong>malum?</strong></span> <span class='ocrx_word' id='word_1_314' title='bbox 1802 2710 1892 2781; x_wconf 89' lang='lat' dir='ltr'><strong>qui</strong></span> <span class='ocrx_word' id='word_1_315' title='bbox 1925 2710 2036 2765; x_wconf 84' lang='lat' dir='ltr'><strong>vio—</strong></span> 
     </span>
    </p>
   </div>
   <div class='ocr_carea' id='block_1_43' title="bbox 462 2792 2034 2877">
    <p class='ocr_par' dir='ltr' id='par_1_43' title="bbox 462 2792 2034 2877">
     <span class='ocr_line' id='line_1_43' title="bbox 462 2792 2034 2877; baseline -0.003 -20"><span class='ocrx_word' id='word_1_316' title='bbox 462 2792 638 2863; x_wconf 70' lang='lat' dir='ltr'><strong>lenter</strong></span> <span class='ocrx_word' id='word_1_317' title='bbox 667 2802 853 2860; x_wconf 74' lang='lat' dir='ltr'><strong>tollitis</strong></span> <span class='ocrx_word' id='word_1_318' title='bbox 887 2801 1055 2877; x_wconf 81' lang='lat' dir='ltr'><strong>pelles</strong></span> <span class='ocrx_word' id='word_1_319' title='bbox 1098 2820 1285 2859; x_wconf 89' lang='lat' dir='ltr'><strong>eorum</strong></span> <span class='ocrx_word' id='word_1_320' title='bbox 1325 2805 1554 2874; x_wconf 87' lang='lat' dir='ltr'><strong>desuper</strong></span> <span class='ocrx_word' id='word_1_321' title='bbox 1588 2802 1687 2866; x_wconf 85' lang='lat' dir='ltr'><strong>eis,</strong></span> <span class='ocrx_word' id='word_1_322' title='bbox 1729 2809 1781 2856; x_wconf 88' lang='lat' dir='ltr'><strong>et</strong></span> <span class='ocrx_word' id='word_1_323' title='bbox 1815 2813 2034 2855; x_wconf 89' lang='lat' dir='ltr'><strong>carnem</strong></span> 
     </span>
    </p>
   </div>
   <div class='ocr_carea' id='block_1_44' title="bbox 464 2890 2036 2966">
    <p class='ocr_par' dir='ltr' id='par_1_44' title="bbox 464 2890 2036 2966">
     <span class='ocr_line' id='line_1_44' title="bbox 464 2890 2036 2966; baseline -0.005 -18"><span class='ocrx_word' id='word_1_324' title='bbox 464 2912 651 2951; x_wconf 74' lang='lat' dir='ltr'><strong>eorum</strong></span> <span class='ocrx_word' id='word_1_325' title='bbox 681 2897 913 2966; x_wconf 89' lang='lat' dir='ltr'><strong>desuper</strong></span> <span class='ocrx_word' id='word_1_326' title='bbox 938 2894 1149 2949; x_wconf 88' lang='lat' dir='ltr'><strong>ossibus</strong></span> <span class='ocrx_word' id='word_1_327' title='bbox 1173 2908 1382 2955; x_wconf 86' lang='lat' dir='ltr'><strong>eorum,</strong></span> <span class='ocrx_word' id='word_1_328' title='bbox 1420 2892 1510 2962; x_wconf 90' lang='lat' dir='ltr'><strong>qui</strong></span> <span class='ocrx_word' id='word_1_329' title='bbox 1541 2890 1890 2947; x_wconf 87' lang='lat' dir='ltr'><strong>comederunt</strong></span> <span class='ocrx_word' id='word_1_330' title='bbox 1918 2902 2036 2941; x_wconf 86' lang='lat' dir='ltr'><strong>car-</strong></span> 
     </span>
    </p>
   </div>
   <div class='ocr_carea' id='block_1_45' title="bbox 466 2978 2033 3060">
    <p class='ocr_par' dir='ltr' id='par_1_45' title="bbox 466 2978 2033 3060">
     <span class='ocr_line' id='line_1_45' title="bbox 466 2978 2033 3060; baseline -0.008 -16"><span class='ocrx_word' id='word_1_331' title='bbox 466 3004 588 3045; x_wconf 68' lang='lat' dir='ltr'><strong>nem</strong></span> <span class='ocrx_word' id='word_1_332' title='bbox 617 2987 794 3060; x_wconf 89' lang='lat' dir='ltr'><strong>populi</strong></span> <span class='ocrx_word' id='word_1_333' title='bbox 827 2988 952 3050; x_wconf 88' lang='lat' dir='ltr'><strong>mei,</strong></span> <span class='ocrx_word' id='word_1_334' title='bbox 992 2994 1047 3040; x_wconf 85' lang='lat' dir='ltr'><strong>et</strong></span> <span class='ocrx_word' id='word_1_335' title='bbox 1082 2985 1275 3055; x_wconf 88' lang='lat' dir='ltr'><strong>pellem</strong></span> <span class='ocrx_word' id='word_1_336' title='bbox 1311 2998 1497 3038; x_wconf 89' lang='lat' dir='ltr'><strong>eorum</strong></span> <span class='ocrx_word' id='word_1_337' title='bbox 1537 2982 1765 3052; x_wconf 89' lang='lat' dir='ltr'><strong>desuper</strong></span> <span class='ocrx_word' id='word_1_338' title='bbox 1787 2978 2033 3034; x_wconf 79' lang='lat' dir='ltr'><strong>excoria-</strong></span> 
     </span>
    </p>
   </div>
   <div class='ocr_carea' id='block_1_46' title="bbox 467 3073 2038 3146">
    <p class='ocr_par' dir='ltr' id='par_1_46' title="bbox 467 3073 2038 3146">
     <span class='ocr_line' id='line_1_46' title="bbox 467 3073 2038 3146; baseline -0.005 -13"><span class='ocrx_word' id='word_1_339' title='bbox 467 3090 681 3145; x_wconf 86' lang='lat' dir='ltr'><strong>verunt,</strong></span> <span class='ocrx_word' id='word_1_340' title='bbox 711 3088 764 3134; x_wconf 91' lang='lat' dir='ltr'><strong>et</strong></span> <span class='ocrx_word' id='word_1_341' title='bbox 792 3093 913 3134; x_wconf 88' lang='lat' dir='ltr'><strong>ossa</strong></span> <span class='ocrx_word' id='word_1_342' title='bbox 943 3093 1128 3132; x_wconf 86' lang='lat' dir='ltr'><strong>eorum</strong></span> <span class='ocrx_word' id='word_1_343' title='bbox 1155 3075 1554 3146; x_wconf 73' lang='lat' dir='ltr'><strong>confregerunt,</strong></span> <span class='ocrx_word' id='word_1_344' title='bbox 1594 3081 1649 3130; x_wconf 89' lang='lat' dir='ltr'><strong>et</strong></span> <span class='ocrx_word' id='word_1_345' title='bbox 1688 3073 2038 3128; x_wconf 89' lang='lat' dir='ltr'><strong>conciderunt</strong></span> 
     </span>
    </p>
   </div>
   <div class='ocr_carea' id='block_1_47' title="bbox 466 3156 2035 3238">
    <p class='ocr_par' dir='ltr' id='par_1_47' title="bbox 466 3156 2035 3238">
     <span class='ocr_line' id='line_1_47' title="bbox 466 3156 2035 3238; baseline -0.008 -10"><span class='ocrx_word' id='word_1_346' title='bbox 466 3156 605 3228; x_wconf 84' lang='lat' dir='ltr'><strong>sicut</strong></span> <span class='ocrx_word' id='word_1_347' title='bbox 632 3173 683 3225; x_wconf 93' lang='lat' dir='ltr'><strong>in</strong></span> <span class='ocrx_word' id='word_1_348' title='bbox 714 3170 907 3233; x_wconf 90' lang='lat' dir='ltr'><strong>lebete,</strong></span> <span class='ocrx_word' id='word_1_349' title='bbox 936 3177 992 3223; x_wconf 89' lang='lat' dir='ltr'><strong>et</strong></span> <span class='ocrx_word' id='word_1_350' title='bbox 1014 3167 1164 3238; x_wconf 88' lang='lat' dir='ltr'><strong>quasi</strong></span> <span class='ocrx_word' id='word_1_351' title='bbox 1196 3180 1412 3221; x_wconf 84' lang='lat' dir='ltr'><strong>carnem</strong></span> <span class='ocrx_word' id='word_1_352' title='bbox 1441 3166 1493 3219; x_wconf 92' lang='lat' dir='ltr'><strong>in</strong></span> <span class='ocrx_word' id='word_1_353' title='bbox 1519 3165 1695 3219; x_wconf 90' lang='lat' dir='ltr'><strong>medio</strong></span> <span class='ocrx_word' id='word_1_354' title='bbox 1717 3161 1856 3218; x_wconf 67' lang='lat' dir='ltr'><strong>ollae.</strong></span> <span class='ocrx_word' id='word_1_355' title='bbox 1885 3160 2035 3216; x_wconf 84' lang='lat' dir='ltr'><strong>Tunc</strong></span> 
     </span>
    </p>
   </div>
   <div class='ocr_carea' id='block_1_48' title="bbox 466 3236 2106 3320">
    <p class='ocr_par' dir='ltr' id='par_1_48' title="bbox 466 3236 2106 3320">
     <span class='ocr_line' id='line_1_48' title="bbox 466 3236 2106 3320; baseline -0.009 -3"><span class='ocrx_word' id='word_1_356' title='bbox 466 3262 775 3317; x_wconf 82' lang='lat' dir='ltr'><strong>clamabunt</strong></span> <span class='ocrx_word' id='word_1_357' title='bbox 822 3260 885 3315; x_wconf 90' lang='lat' dir='ltr'><strong>ad</strong></span> <span class='ocrx_word' id='word_1_358' title='bbox 932 3236 1235 3320; x_wconf 81' lang='lat' dir='ltr'><strong>Dominum,</strong></span> <span class='ocrx_word' id='word_1_359' title='bbox 1285 3265 1341 3311; x_wconf 89' lang='lat' dir='ltr'><strong>et</strong></span> <span class='ocrx_word' id='word_1_360' title='bbox 1385 3270 1491 3310; x_wconf 92' lang='lat' dir='ltr'><strong>non</strong></span> <span class='ocrx_word' id='word_1_361' title='bbox 1535 3254 1785 3309; x_wconf 79' lang='lat' dir='ltr'><strong>exaudiet</strong></span> <span class='ocrx_word' id='word_1_362' title='bbox 1826 3266 1938 3319; x_wconf 91' lang='lat' dir='ltr'><strong>eos,</strong></span> <span class='ocrx_word' id='word_1_363' title='bbox 1979 3236 2106 3307; x_wconf 87' lang='lat' dir='ltr'><strong>etC</strong></span> 
     </span>
    </p>
   </div>
   <div class='ocr_carea' id='block_1_49' title="bbox 468 3341 2038 3415">
    <p class='ocr_par' dir='ltr' id='par_1_49' title="bbox 468 3341 2038 3415">
     <span class='ocr_line' id='line_1_49' title="bbox 468 3341 2038 3415; baseline -0.009 -7"><span class='ocrx_word' id='word_1_364' title='bbox 468 3348 763 3408; x_wconf 77' lang='lat' dir='ltr'><strong>abscondet</strong></span> <span class='ocrx_word' id='word_1_365' title='bbox 790 3350 978 3405; x_wconf 84' lang='lat' dir='ltr'><strong>faciem</strong></span> <span class='ocrx_word' id='word_1_366' title='bbox 1011 3362 1165 3404; x_wconf 85' lang='lat' dir='ltr'><strong>suam</strong></span> <span class='ocrx_word' id='word_1_367' title='bbox 1196 3346 1263 3401; x_wconf 89' lang='lat' dir='ltr'><strong>ab</strong></span> <span class='ocrx_word' id='word_1_368' title='bbox 1308 3346 1393 3401; x_wconf 83' lang='lat' dir='ltr'><strong>eis</strong></span> <span class='ocrx_word' id='word_1_369' title='bbox 1424 3346 1478 3399; x_wconf 86' lang='lat' dir='ltr'><strong>in</strong></span> <span class='ocrx_word' id='word_1_370' title='bbox 1528 3355 1767 3415; x_wconf 85' lang='lat' dir='ltr'><strong>tempore</strong></span> <span class='ocrx_word' id='word_1_371' title='bbox 1796 3341 1905 3406; x_wconf 90' lang='lat' dir='ltr'><strong>illo,</strong></span> <span class='ocrx_word' id='word_1_372' title='bbox 1934 3342 2038 3396; x_wconf 86' lang='lat' dir='ltr'><strong>sic-</strong></span> 
     </span>
    </p>
   </div>
   <div class='ocr_carea' id='block_1_50' title="bbox 478 3429 2037 3511">
    <p class='ocr_par' dir='ltr' id='par_1_50' title="bbox 478 3429 2037 3511">
     <span class='ocr_line' id='line_1_50' title="bbox 478 3429 2037 3511; baseline -0.009 -14"><span class='ocrx_word' id='word_1_373' title='bbox 478 3454 540 3497; x_wconf 91' lang='lat' dir='ltr'><strong>ut</strong></span> <span class='ocrx_word' id='word_1_374' title='bbox 576 3442 821 3511; x_wconf 87' lang='lat' dir='ltr'><strong>nequiter</strong></span> <span class='ocrx_word' id='word_1_375' title='bbox 848 3444 1071 3509; x_wconf 82' lang='lat' dir='ltr'><strong>egerunt</strong></span> <span class='ocrx_word' id='word_1_376' title='bbox 1111 3437 1166 3491; x_wconf 92' lang='lat' dir='ltr'><strong>in</strong></span> <span class='ocrx_word' id='word_1_377' title='bbox 1204 3434 1673 3491; x_wconf 85' lang='lat' dir='ltr'><strong>adinventionibus</strong></span> <span class='ocrx_word' id='word_1_378' title='bbox 1702 3433 1834 3487; x_wconf 83' lang='lat' dir='ltr'><strong>suis.</strong></span> <span class='ocrx_word' id='word_1_379' title='bbox 1865 3450 1884 3482; x_wconf 80' lang='grc'><strong>›</strong></span> <span class='ocrx_word' id='word_1_380' title='bbox 1924 3429 2037 3484; x_wconf 85' lang='lat' dir='ltr'><strong>Sub</strong></span> 
     </span>
    </p>
   </div>
   <div class='ocr_carea' id='block_1_51' title="bbox 470 3519 2039 3600">
    <p class='ocr_par' dir='ltr' id='par_1_51' title="bbox 470 3519 2039 3600">
     <span class='ocr_line' id='line_1_51' title="bbox 470 3519 2039 3600; baseline -0.01 -13"><span class='ocrx_word' id='word_1_381' title='bbox 470 3532 782 3600; x_wconf 87' lang='lat' dir='ltr'><strong>metaphora</strong></span> <span class='ocrx_word' id='word_1_382' title='bbox 814 3529 1025 3584; x_wconf 90' lang='lat' dir='ltr'><strong>leonum</strong></span> <span class='ocrx_word' id='word_1_383' title='bbox 1052 3526 1135 3582; x_wconf 88' lang='lat' dir='ltr'><strong>vel</strong></span> <span class='ocrx_word' id='word_1_384' title='bbox 1160 3526 1427 3582; x_wconf 89' lang='lat' dir='ltr'><strong>latronum</strong></span> <span class='ocrx_word' id='word_1_385' title='bbox 1457 3524 1783 3579; x_wconf 87' lang='lat' dir='ltr'><strong>describitur</strong></span> <span class='ocrx_word' id='word_1_386' title='bbox 1813 3519 2039 3576; x_wconf 60' lang='lat' dir='ltr'><strong>crudeli.</strong></span> 
     </span>
    </p>
   </div>
   <div class='ocr_carea' id='block_1_52' title="bbox 469 3613 2039 3689">
    <p class='ocr_par' dir='ltr' id='par_1_52' title="bbox 469 3613 2039 3689">
     <span class='ocr_line' id='line_1_52' title="bbox 469 3613 2039 3689; baseline -0.008 -14"><span class='ocrx_word' id='word_1_387' title='bbox 469 3632 557 3676; x_wconf 85' lang='lat' dir='ltr'><strong>tas</strong></span> <span class='ocrx_word' id='word_1_388' title='bbox 585 3619 885 3689; x_wconf 86' lang='lat' dir='ltr'><strong>principum</strong></span> <span class='ocrx_word' id='word_1_389' title='bbox 921 3616 1247 3683; x_wconf 77' lang='lat' dir='ltr'><strong>Judzeorum,</strong></span> <span class='ocrx_word' id='word_1_390' title='bbox 1295 3616 1387 3686; x_wconf 88' lang='lat' dir='ltr'><strong>qui</strong></span> <span class='ocrx_word' id='word_1_391' title='bbox 1434 3613 1739 3685; x_wconf 87' lang='lat' dir='ltr'><strong>spoliabant</strong></span> <span class='ocrx_word' id='word_1_392' title='bbox 1776 3624 2039 3681; x_wconf 81' lang='lat' dir='ltr'><strong>pauperes</strong></span> 
     </span>
    </p>
   </div>
   <div class='ocr_carea' id='block_1_53' title="bbox 470 3704 2040 3776">
    <p class='ocr_par' dir='ltr' id='par_1_53' title="bbox 470 3704 2040 3776">
     <span class='ocr_line' id='line_1_53' title="bbox 470 3704 2040 3776; baseline -0.008 -12"><span class='ocrx_word' id='word_1_393' title='bbox 470 3720 526 3764; x_wconf 86' lang='lat' dir='ltr'><strong>et</strong></span> <span class='ocrx_word' id='word_1_394' title='bbox 555 3708 969 3772; x_wconf 87' lang='lat' dir='ltr'><strong>iutcrliciebant,</strong></span> <span class='ocrx_word' id='word_1_395' title='bbox 994 3713 1049 3762; x_wconf 91' lang='lat' dir='ltr'><strong>et</strong></span> <span class='ocrx_word' id='word_1_396' title='bbox 1072 3706 1226 3776; x_wconf 89' lang='lat' dir='ltr'><strong>quasi</strong></span> <span class='ocrx_word' id='word_1_397' title='bbox 1257 3704 1388 3761; x_wconf 68' lang='lat' dir='ltr'><strong>ferae</strong></span> <span class='ocrx_word' id='word_1_398' title='bbox 1411 3704 1600 3759; x_wconf 61' lang='lat' dir='ltr'><strong>bestiae</strong></span> <span class='ocrx_word' id='word_1_399' title='bbox 1628 3714 1818 3758; x_wconf 89' lang='lat' dir='ltr'><strong>carnes</strong></span> <span class='ocrx_word' id='word_1_400' title='bbox 1842 3707 1896 3753; x_wconf 91' lang='lat' dir='ltr'><strong>et</strong></span> <span class='ocrx_word' id='word_1_401' title='bbox 1916 3714 2040 3754; x_wconf 88' lang='lat' dir='ltr'><strong>ossa</strong></span> 
     </span>
    </p>
   </div>
   <div class='ocr_carea' id='block_1_54' title="bbox 471 3793 2043 3859">
    <p class='ocr_par' dir='ltr' id='par_1_54' title="bbox 471 3793 2043 3859">
     <span class='ocr_line' id='line_1_54' title="bbox 471 3793 2043 3859; baseline -0.008 -3"><span class='ocrx_word' id='word_1_402' title='bbox 471 3815 660 3856; x_wconf 83' lang='lat' dir='ltr'><strong>eorum</strong></span> <span class='ocrx_word' id='word_1_403' title='bbox 693 3796 1079 3853; x_wconf 85' lang='lat' dir='ltr'><strong>conterebant:</strong></span> <span class='ocrx_word' id='word_1_404' title='bbox 1111 3805 1167 3852; x_wconf 87' lang='lat' dir='ltr'><strong>et</strong></span> <span class='ocrx_word' id='word_1_405' title='bbox 1188 3795 1337 3851; x_wconf 90' lang='lat' dir='ltr'><strong>velut</strong></span> <span class='ocrx_word' id='word_1_406' title='bbox 1370 3794 1422 3849; x_wconf 93' lang='lat' dir='ltr'><strong>in</strong></span> <span class='ocrx_word' id='word_1_407' title='bbox 1451 3793 1556 3850; x_wconf 89' lang='lat' dir='ltr'><strong>olla</strong></span> <span class='ocrx_word' id='word_1_408' title='bbox 1584 3806 1774 3847; x_wconf 89' lang='lat' dir='ltr'><strong>carnes</strong></span> <span class='ocrx_word' id='word_1_409' title='bbox 1803 3804 2043 3859; x_wconf 89' lang='lat' dir='ltr'><strong>coquun-</strong></span> 
     </span>
    </p>
   </div>
   <div class='ocr_carea' id='block_1_55' title="bbox 388 3879 2042 3956">
    <p class='ocr_par' dir='ltr' id='par_1_55' title="bbox 388 3879 2042 3956">
     <span class='ocr_line' id='line_1_55' title="bbox 388 3879 2042 3956; baseline -0.007 -11"><span class='ocrx_word' id='word_1_410' title='bbox 388 3900 400 3909; x_wconf 88' lang='lat'><strong><em>‘</em></strong></span> <span class='ocrx_word' id='word_1_411' title='bbox 471 3900 582 3956; x_wconf 91' lang='lat' dir='ltr'><strong>tur,</strong></span> <span class='ocrx_word' id='word_1_412' title='bbox 610 3890 687 3944; x_wconf 85' lang='lat' dir='ltr'><strong>sic</strong></span> <span class='ocrx_word' id='word_1_413' title='bbox 713 3889 765 3942; x_wconf 88' lang='lat' dir='ltr'><strong>in</strong></span> <span class='ocrx_word' id='word_1_414' title='bbox 795 3886 928 3941; x_wconf 84' lang='lat' dir='ltr'><strong>urbe</strong></span> <span class='ocrx_word' id='word_1_415' title='bbox 953 3886 1286 3942; x_wconf 86' lang='lat' dir='ltr'><strong>Hierusalem</strong></span> <span class='ocrx_word' id='word_1_416' title='bbox 1314 3885 1651 3938; x_wconf 88' lang='lat' dir='ltr'><strong>innumeram</strong></span> <span class='ocrx_word' id='word_1_417' title='bbox 1674 3881 1883 3951; x_wconf 90' lang='lat' dir='ltr'><strong>plebem</strong></span> <span class='ocrx_word' id='word_1_418' title='bbox 1908 3879 2042 3935; x_wconf 81' lang='lat' dir='ltr'><strong>allii-</strong></span> 
     </span>
    </p>
   </div>
   <div class='ocr_carea' id='block_1_56' title="bbox 471 3972 2042 4052">
    <p class='ocr_par' dir='ltr' id='par_1_56' title="bbox 471 3972 2042 4052">
     <span class='ocr_line' id='line_1_56' title="bbox 471 3972 2042 4052; baseline -0.006 -16"><span class='ocrx_word' id='word_1_419' title='bbox 471 3982 691 4052; x_wconf 76' lang='lat' dir='ltr'><strong>gebant.</strong></span> <span class='ocrx_word' id='word_1_420' title='bbox 735 3979 887 4036; x_wconf 81' lang='lat' dir='ltr'><strong>Unde</strong></span> <span class='ocrx_word' id='word_1_421' title='bbox 929 3979 1168 4034; x_wconf 82' lang='lat' dir='ltr'><strong>minatur</strong></span> <span class='ocrx_word' id='word_1_422' title='bbox 1203 3977 1286 4032; x_wconf 89' lang='lat' dir='ltr'><strong>eis</strong></span> <span class='ocrx_word' id='word_1_423' title='bbox 1329 3975 1526 4030; x_wconf 87' lang='lat' dir='ltr'><strong>malum</strong></span> <span class='ocrx_word' id='word_1_424' title='bbox 1567 3974 1916 4044; x_wconf 84' lang='lat' dir='ltr'><strong>captivitatis,</strong></span> <span class='ocrx_word' id='word_1_425' title='bbox 1959 3972 2042 4028; x_wconf 89' lang='lat' dir='ltr'><strong>vel</strong></span> 
     </span>
    </p>
   </div>
   <div class='ocr_carea' id='block_1_57' title="bbox 466 4065 2041 4133">
    <p class='ocr_par' dir='ltr' id='par_1_57' title="bbox 466 4065 2041 4133">
     <span class='ocr_line' id='line_1_57' title="bbox 466 4065 2041 4133; baseline -0.007 -4"><span class='ocrx_word' id='word_1_426' title='bbox 466 4072 773 4129; x_wconf 60' lang='lat' dir='ltr'><strong>Chaldaicis</strong></span> <span class='ocrx_word' id='word_1_427' title='bbox 809 4070 894 4127; x_wconf 85' lang='lat' dir='ltr'><strong>vel</strong></span> <span class='ocrx_word' id='word_1_428' title='bbox 934 4070 1209 4133; x_wconf 77' lang='lat' dir='ltr'><strong>Romanae,</strong></span> <span class='ocrx_word' id='word_1_429' title='bbox 1256 4075 1311 4123; x_wconf 91' lang='lat' dir='ltr'><strong>et</strong></span> <span class='ocrx_word' id='word_1_430' title='bbox 1351 4066 1481 4122; x_wconf 87' lang='lat' dir='ltr'><strong>licet</strong></span> <span class='ocrx_word' id='word_1_431' title='bbox 1523 4065 1755 4123; x_wconf 87' lang='lat' dir='ltr'><strong>clament</strong></span> <span class='ocrx_word' id='word_1_432' title='bbox 1795 4065 1859 4120; x_wconf 86' lang='lat' dir='ltr'><strong>ad</strong></span> <span class='ocrx_word' id='word_1_433' title='bbox 1894 4080 2041 4130; x_wconf 91' lang='lat' dir='ltr'><strong>eum,</strong></span> 
     </span>
    </p>
   </div>
   <div class='ocr_carea' id='block_1_58' title="bbox 470 4157 2041 4229">
    <p class='ocr_par' dir='ltr' id='par_1_58' title="bbox 470 4157 2041 4229">
     <span class='ocr_line' id='line_1_58' title="bbox 470 4157 2041 4229; baseline -0.007 -8"><span class='ocrx_word' id='word_1_434' title='bbox 470 4182 581 4222; x_wconf 86' lang='lat' dir='ltr'><strong>non</strong></span> <span class='ocrx_word' id='word_1_435' title='bbox 612 4182 706 4222; x_wconf 89' lang='lat' dir='ltr'><strong>eos</strong></span> <span class='ocrx_word' id='word_1_436' title='bbox 732 4167 1006 4229; x_wconf 81' lang='lat' dir='ltr'><strong>exaudiet,</strong></span> <span class='ocrx_word' id='word_1_437' title='bbox 1041 4162 1138 4217; x_wconf 86' lang='lat' dir='ltr'><strong>sed</strong></span> <span class='ocrx_word' id='word_1_438' title='bbox 1184 4161 1434 4215; x_wconf 85' lang='lat' dir='ltr'><strong>restituet</strong></span> <span class='ocrx_word' id='word_1_439' title='bbox 1471 4160 1580 4224; x_wconf 91' lang='lat' dir='ltr'><strong>eis,</strong></span> <span class='ocrx_word' id='word_1_440' title='bbox 1632 4159 1772 4213; x_wconf 84' lang='lat' dir='ltr'><strong>sicut</strong></span> <span class='ocrx_word' id='word_1_441' title='bbox 1807 4157 1907 4227; x_wconf 87' lang='lat' dir='ltr'><strong>ipsi</strong></span> <span class='ocrx_word' id='word_1_442' title='bbox 1944 4172 2041 4211; x_wconf 86' lang='lat' dir='ltr'><strong>ne-</strong></span> 
     </span>
    </p>
   </div>
   <div class='ocr_carea' id='block_1_59' title="bbox 471 4249 2043 4328">
    <p class='ocr_par' dir='ltr' id='par_1_59' title="bbox 471 4249 2043 4328">
     <span class='ocr_line' id='line_1_59' title="bbox 471 4249 2043 4328; baseline -0.005 -17"><span class='ocrx_word' id='word_1_443' title='bbox 471 4259 652 4327; x_wconf 83' lang='lat' dir='ltr'><strong>quiter</strong></span> <span class='ocrx_word' id='word_1_444' title='bbox 678 4268 904 4328; x_wconf 80' lang='lat' dir='ltr'><strong>egerunt</strong></span> <span class='ocrx_word' id='word_1_445' title='bbox 933 4256 985 4309; x_wconf 94' lang='lat' dir='ltr'><strong>in</strong></span> <span class='ocrx_word' id='word_1_446' title='bbox 1020 4253 1490 4308; x_wconf 85' lang='lat' dir='ltr'><strong>adiuventionibus</strong></span> <span class='ocrx_word' id='word_1_447' title='bbox 1521 4252 1654 4315; x_wconf 81' lang='lat' dir='ltr'><strong>suis,</strong></span> <span class='ocrx_word' id='word_1_448' title='bbox 1705 4250 1807 4305; x_wconf 87' lang='lat' dir='ltr'><strong>hoc</strong></span> <span class='ocrx_word' id='word_1_449' title='bbox 1848 4258 1950 4315; x_wconf 87' lang='lat' dir='ltr'><strong>est,</strong></span> <span class='ocrx_word' id='word_1_450' title='bbox 1989 4249 2043 4303; x_wconf 87' lang='lat' dir='ltr'><strong>itt</strong></span> 
     </span>
    </p>
   </div>
   <div class='ocr_carea' id='block_1_60' title="bbox 473 4342 1733 4417">
    <p class='ocr_par' dir='ltr' id='par_1_60' title="bbox 473 4342 1733 4417">
     <span class='ocr_line' id='line_1_60' title="bbox 473 4342 1733 4417; baseline -0.01 -11"><span class='ocrx_word' id='word_1_451' title='bbox 473 4349 786 4412; x_wconf 84' lang='lat' dir='ltr'><strong>sceleribus,</strong></span> <span class='ocrx_word' id='word_1_452' title='bbox 815 4362 935 4417; x_wconf 86' lang='lat' dir='ltr'><strong>quae</strong></span> <span class='ocrx_word' id='word_1_453' title='bbox 961 4359 1100 4402; x_wconf 87' lang='lat' dir='ltr'><strong>nova</strong></span> <span class='ocrx_word' id='word_1_454' title='bbox 1133 4357 1346 4413; x_wconf 89' lang='lat' dir='ltr'><strong>semper</strong></span> <span class='ocrx_word' id='word_1_455' title='bbox 1371 4342 1733 4398; x_wconf 85' lang='lat' dir='ltr'><strong>inveniebant.</strong></span> 
     </span>
    </p>
   </div>
   <div class='ocr_carea' id='block_1_61' title="bbox 540 4425 2047 4503">
    <p class='ocr_par' dir='ltr' id='par_1_61' title="bbox 540 4425 2047 4503">
     <span class='ocr_line' id='line_1_61' title="bbox 540 4425 2047 4503; baseline -0.003 -13"><span class='ocrx_word' id='word_1_456' title='bbox 540 4436 568 4490; x_wconf 72' lang='grc' dir='ltr'>ἰ</span> <span class='ocrx_word' id='word_1_457' title='bbox 597 4425 723 4494; x_wconf 71' lang='lat' dir='ltr'><strong>Haec</strong></span> <span class='ocrx_word' id='word_1_458' title='bbox 749 4438 879 4493; x_wconf 89' lang='lat' dir='ltr'><strong>dicit</strong></span> <span class='ocrx_word' id='word_1_459' title='bbox 917 4436 1175 4490; x_wconf 89' lang='lat' dir='ltr'><strong>Dominus</strong></span> <span class='ocrx_word' id='word_1_460' title='bbox 1211 4434 1277 4488; x_wconf 90' lang='lat' dir='ltr'><strong>ad</strong></span> <span class='ocrx_word' id='word_1_461' title='bbox 1317 4432 1608 4503; x_wconf 87' lang='lat' dir='ltr'><strong>prophetas</strong></span> <span class='ocrx_word' id='word_1_462' title='bbox 1651 4430 1741 4500; x_wconf 90' lang='lat' dir='ltr'><strong>qui</strong></span> <span class='ocrx_word' id='word_1_463' title='bbox 1787 4431 2047 4486; x_wconf 87' lang='lat' dir='ltr'><strong>seducunt</strong></span> 
     </span>
    </p>
   </div>
   <div class='ocr_carea' id='block_1_62' title="bbox 2134 1981 3720 2049">
    <p class='ocr_par' dir='ltr' id='par_1_62' title="bbox 2134 1981 3720 2049">
     <span class='ocr_line' id='line_1_62' title="bbox 2134 1981 3720 2049; baseline -0.001 -11"><span class='ocrx_word' id='word_1_464' title='bbox 2134 1991 2281 2049; x_wconf 89' lang='lat' dir='ltr'><strong>tant,</strong></span> <span class='ocrx_word' id='word_1_465' title='bbox 2321 1982 2600 2038; x_wconf 87' lang='lat' dir='ltr'><strong>dicentes:</strong></span> <span class='ocrx_word' id='word_1_466' title='bbox 2636 1981 2785 2037; x_wconf 83' lang='lat' dir='ltr'><strong>Habe</strong></span> <span class='ocrx_word' id='word_1_467' title='bbox 2825 1981 3018 2047; x_wconf 79' lang='lat' dir='ltr'><strong>tidem,</strong></span> <span class='ocrx_word' id='word_1_468' title='bbox 3066 1982 3156 2037; x_wconf 81' lang='lat' dir='ltr'><strong>illa</strong></span> <span class='ocrx_word' id='word_1_469' title='bbox 3200 1994 3254 2037; x_wconf 90' lang='lat' dir='ltr'><strong>te</strong></span> <span class='ocrx_word' id='word_1_470' title='bbox 3289 1981 3550 2047; x_wconf 85' lang='lat' dir='ltr'><strong>saivabit;</strong></span> <span class='ocrx_word' id='word_1_471' title='bbox 3602 1997 3720 2036; x_wconf 76' lang='lat' dir='ltr'><strong>no-</strong></span> 
     </span>
    </p>
   </div>
   <div class='ocr_carea' id='block_1_63' title="bbox 2132 2070 3723 2136">
    <p class='ocr_par' dir='ltr' id='par_1_63' title="bbox 2132 2070 3723 2136">
     <span class='ocr_line' id='line_1_63' title="bbox 2132 2070 3723 2136; baseline -0.002 -7"><span class='ocrx_word' id='word_1_472' title='bbox 2132 2086 2355 2129; x_wconf 85' lang='lat' dir='ltr'><strong>neeesse</strong></span> <span class='ocrx_word' id='word_1_473' title='bbox 2382 2080 2466 2127; x_wconf 82' lang='lat' dir='ltr'><strong>est</strong></span> <span class='ocrx_word' id='word_1_474' title='bbox 2488 2079 2546 2126; x_wconf 89' lang='lat' dir='ltr'><strong>ut</strong></span> <span class='ocrx_word' id='word_1_475' title='bbox 2572 2072 2914 2130; x_wconf 80' lang='lat' dir='ltr'><strong>continenter</strong></span> <span class='ocrx_word' id='word_1_476' title='bbox 2939 2072 3109 2126; x_wconf 68' lang='lat' dir='ltr'><strong>vivas.</strong></span> <span class='ocrx_word' id='word_1_477' title='bbox 3151 2071 3220 2126; x_wconf 84' lang='lat' dir='ltr'><strong>Et</strong></span> <span class='ocrx_word' id='word_1_478' title='bbox 3253 2071 3357 2126; x_wconf 84' lang='lat' dir='ltr'><strong>hoc</strong></span> <span class='ocrx_word' id='word_1_479' title='bbox 3390 2070 3616 2136; x_wconf 71' lang='lat' dir='ltr'><strong>faciunt,</strong></span> <span class='ocrx_word' id='word_1_480' title='bbox 3657 2081 3723 2126; x_wconf 88' lang='lat' dir='ltr'><strong>ut</strong></span> 
     </span>
    </p>
   </div>
   <div class='ocr_carea' id='block_1_64' title="bbox 2134 2162 3731 2234">
    <p class='ocr_par' dir='ltr' id='par_1_64' title="bbox 2134 2162 3731 2234">
     <span class='ocr_line' id='line_1_64' title="bbox 2134 2162 3731 2234; baseline -0.003 -15"><span class='ocrx_word' id='word_1_481' title='bbox 2134 2163 2400 2234; x_wconf 82' lang='lat' dir='ltr'><strong>accipiant</strong></span> <span class='ocrx_word' id='word_1_482' title='bbox 2425 2163 2703 2218; x_wconf 82' lang='lat' dir='ltr'><strong>commoda</strong></span> <span class='ocrx_word' id='word_1_483' title='bbox 2734 2171 2971 2228; x_wconf 77' lang='lat' dir='ltr'><strong>terrena,</strong></span> <span class='ocrx_word' id='word_1_484' title='bbox 2998 2170 3051 2217; x_wconf 92' lang='lat' dir='ltr'><strong>ct</strong></span> <span class='ocrx_word' id='word_1_485' title='bbox 3079 2170 3139 2216; x_wconf 88' lang='lat' dir='ltr'><strong>ut</strong></span> <span class='ocrx_word' id='word_1_486' title='bbox 3168 2176 3262 2217; x_wconf 91' lang='lat' dir='ltr'><strong>eos</strong></span> <span class='ocrx_word' id='word_1_487' title='bbox 3287 2162 3569 2226; x_wconf 81' lang='lat' dir='ltr'><strong>devorent,</strong></span> <span class='ocrx_word' id='word_1_488' title='bbox 3600 2163 3731 2217; x_wconf 72' lang='lat' dir='ltr'><strong>sive</strong></span> 
     </span>
    </p>
   </div>
   <div class='ocr_carea' id='block_1_65' title="bbox 2134 2254 3720 2325">
    <p class='ocr_par' dir='ltr' id='par_1_65' title="bbox 2134 2254 3720 2325">
     <span class='ocr_line' id='line_1_65' title="bbox 2134 2254 3720 2325; baseline -0.001 -15"><span class='ocrx_word' id='word_1_489' title='bbox 2134 2255 2449 2325; x_wconf 84' lang='lat' dir='ltr'><strong>accipiendo</strong></span> <span class='ocrx_word' id='word_1_490' title='bbox 2494 2254 2635 2309; x_wconf 87' lang='lat' dir='ltr'><strong>bona</strong></span> <span class='ocrx_word' id='word_1_491' title='bbox 2674 2254 2918 2322; x_wconf 88' lang='lat' dir='ltr'><strong>illorum,</strong></span> <span class='ocrx_word' id='word_1_492' title='bbox 2974 2255 3089 2310; x_wconf 87' lang='lat' dir='ltr'><strong>sive</strong></span> <span class='ocrx_word' id='word_1_493' title='bbox 3141 2254 3495 2325; x_wconf 84' lang='lat' dir='ltr'><strong>spiritualiter</strong></span> <span class='ocrx_word' id='word_1_494' title='bbox 3521 2255 3720 2310; x_wconf 86' lang='lat' dir='ltr'><strong>interi-</strong></span> 
     </span>
    </p>
   </div>
   <div class='ocr_carea' id='block_1_66' title="bbox 2135 2344 3724 2415">
    <p class='ocr_par' dir='ltr' id='par_1_66' title="bbox 2135 2344 3724 2415">
     <span class='ocr_line' id='line_1_66' title="bbox 2135 2344 3724 2415; baseline -0.001 -13"><span class='ocrx_word' id='word_1_495' title='bbox 2135 2347 2329 2402; x_wconf 86' lang='lat' dir='ltr'><strong>mendo</strong></span> <span class='ocrx_word' id='word_1_496' title='bbox 2354 2345 2563 2400; x_wconf 86' lang='lat' dir='ltr'><strong>animas</strong></span> <span class='ocrx_word' id='word_1_497' title='bbox 2588 2360 2795 2401; x_wconf 88' lang='lat' dir='ltr'><strong>eorum.</strong></span> <span class='ocrx_word' id='word_1_498' title='bbox 2824 2345 3001 2415; x_wconf 85' lang='lat' dir='ltr'><strong>Super</strong></span> <span class='ocrx_word' id='word_1_499' title='bbox 3026 2344 3392 2414; x_wconf 82' lang='lat' dir='ltr'><strong>hujuscemodi</strong></span> <span class='ocrx_word' id='word_1_500' title='bbox 3418 2344 3724 2414; x_wconf 78' lang='lat' dir='ltr'><strong>prophetas</strong></span> 
     </span>
    </p>
   </div>
   <div class='ocr_carea' id='block_1_67' title="bbox 2133 2434 3724 2508">
    <p class='ocr_par' dir='ltr' id='par_1_67' title="bbox 2133 2434 3724 2508">
     <span class='ocr_line' id='line_1_67' title="bbox 2133 2434 3724 2508; baseline -0.001 -14"><span class='ocrx_word' id='word_1_501' title='bbox 2133 2436 2345 2494; x_wconf 80' lang='lat' dir='ltr'><strong>occidet</strong></span> <span class='ocrx_word' id='word_1_502' title='bbox 2370 2434 2463 2493; x_wconf 85' lang='lat' dir='ltr'><strong>Sci</strong></span> <span class='ocrx_word' id='word_1_503' title='bbox 2496 2434 2752 2506; x_wconf 71' lang='lat' dir='ltr'><strong>justitire,</strong></span> <span class='ocrx_word' id='word_1_504' title='bbox 2791 2444 2847 2490; x_wconf 91' lang='lat' dir='ltr'><strong>et</strong></span> <span class='ocrx_word' id='word_1_505' title='bbox 2881 2443 3010 2490; x_wconf 88' lang='lat' dir='ltr'><strong>tunc</strong></span> <span class='ocrx_word' id='word_1_506' title='bbox 3049 2434 3464 2502; x_wconf 66' lang='lat' dir='ltr'><strong>confundatur,</strong></span> <span class='ocrx_word' id='word_1_507' title='bbox 3501 2444 3559 2491; x_wconf 87' lang='lat' dir='ltr'><strong>et</strong></span> <span class='ocrx_word' id='word_1_508' title='bbox 3587 2451 3724 2508; x_wconf 81' lang='lat' dir='ltr'><strong>ope-</strong></span> 
     </span>
    </p>
   </div>
   <div class='ocr_carea' id='block_1_68' title="bbox 2135 2526 3599 2586">
    <p class='ocr_par' dir='ltr' id='par_1_68' title="bbox 2135 2526 3599 2586">
     <span class='ocr_line' id='line_1_68' title="bbox 2135 2526 3599 2586; baseline -0.002 0"><span class='ocrx_word' id='word_1_509' title='bbox 2135 2532 2340 2586; x_wconf 91' lang='lat' dir='ltr'><strong>rientnr</strong></span> <span class='ocrx_word' id='word_1_510' title='bbox 2367 2530 2544 2585; x_wconf 88' lang='lat' dir='ltr'><strong>vultus</strong></span> <span class='ocrx_word' id='word_1_511' title='bbox 2573 2544 2757 2584; x_wconf 89' lang='lat' dir='ltr'><strong>eorum</strong></span> <span class='ocrx_word' id='word_1_512' title='bbox 2787 2526 3124 2585; x_wconf 70' lang='lat' dir='ltr'><strong>confusione.</strong></span> <span class='ocrx_word' id='word_1_513' title='bbox 3592 2534 3599 2541; x_wconf 91' lang='lat'><strong>&#39;</strong></span> 
     </span>
    </p>
   </div>
   <div class='ocr_carea' id='block_1_69' title="bbox 2209 2618 3722 2693">
    <p class='ocr_par' dir='ltr' id='par_1_69' title="bbox 2209 2618 3722 2693">
     <span class='ocr_line' id='line_1_69' title="bbox 2209 2618 3722 2693; baseline 0 -16"><span class='ocrx_word' id='word_1_514' title='bbox 2209 2642 2229 2677; x_wconf 68' lang='grc' dir='ltr'><em>ς</em></span> <span class='ocrx_word' id='word_1_515' title='bbox 2277 2623 2474 2679; x_wconf 76' lang='lat' dir='ltr'><strong>Audite</strong></span> <span class='ocrx_word' id='word_1_516' title='bbox 2507 2624 2644 2688; x_wconf 67' lang='lat' dir='ltr'><strong>haec,</strong></span> <span class='ocrx_word' id='word_1_517' title='bbox 2692 2623 2962 2693; x_wconf 82' lang='lat' dir='ltr'><strong>principes</strong></span> <span class='ocrx_word' id='word_1_518' title='bbox 2991 2622 3180 2677; x_wconf 91' lang='lat' dir='ltr'><strong>domus</strong></span> <span class='ocrx_word' id='word_1_519' title='bbox 3207 2618 3392 2687; x_wconf 66' lang='lat' dir='ltr'><strong>Iacuit,</strong></span> <span class='ocrx_word' id='word_1_520' title='bbox 3423 2627 3477 2676; x_wconf 90' lang='lat' dir='ltr'><strong>et</strong></span> <span class='ocrx_word' id='word_1_521' title='bbox 3502 2620 3722 2691; x_wconf 70' lang='lat' dir='ltr'><strong>judice:</strong></span> 
     </span>
    </p>
   </div>
   <div class='ocr_carea' id='block_1_70' title="bbox 2135 2713 3719 2787">
    <p class='ocr_par' dir='ltr' id='par_1_70' title="bbox 2135 2713 3719 2787">
     <span class='ocr_line' id='line_1_70' title="bbox 2135 2713 3719 2787; baseline -0.001 -14"><span class='ocrx_word' id='word_1_522' title='bbox 2135 2716 2325 2773; x_wconf 84' lang='lat' dir='ltr'><strong>domus</strong></span> <span class='ocrx_word' id='word_1_523' title='bbox 2352 2717 2536 2781; x_wconf 89' lang='lat' dir='ltr'><strong>lsrael,</strong></span> <span class='ocrx_word' id='word_1_524' title='bbox 2568 2716 2658 2787; x_wconf 88' lang='lat' dir='ltr'><strong>qui</strong></span> <span class='ocrx_word' id='word_1_525' title='bbox 2694 2716 3077 2771; x_wconf 86' lang='lat' dir='ltr'><strong>abominamini</strong></span> <span class='ocrx_word' id='word_1_526' title='bbox 3109 2713 3392 2784; x_wconf 84' lang='lat' dir='ltr'><strong>judicium,</strong></span> <span class='ocrx_word' id='word_1_527' title='bbox 3430 2725 3487 2771; x_wconf 88' lang='lat' dir='ltr'><strong>et</strong></span> <span class='ocrx_word' id='word_1_528' title='bbox 3527 2715 3719 2772; x_wconf 76' lang='lat' dir='ltr'><strong>omnia</strong></span> 
     </span>
    </p>
   </div>
   <div class='ocr_carea' id='block_1_71' title="bbox 2135 2806 3759 2878">
    <p class='ocr_par' dir='ltr' id='par_1_71' title="bbox 2135 2806 3759 2878">
     <span class='ocr_line' id='line_1_71' title="bbox 2135 2806 3759 2878; baseline -0.002 -14"><span class='ocrx_word' id='word_1_529' title='bbox 2135 2816 2280 2864; x_wconf 88' lang='lat' dir='ltr'><strong>recta</strong></span> <span class='ocrx_word' id='word_1_530' title='bbox 2310 2807 2638 2878; x_wconf 82' lang='lat' dir='ltr'><strong>pervertitis,</strong></span> <span class='ocrx_word' id='word_1_531' title='bbox 2669 2807 2758 2875; x_wconf 86' lang='lat' dir='ltr'><strong>qui</strong></span> <span class='ocrx_word' id='word_1_532' title='bbox 2789 2806 3067 2862; x_wconf 64' lang='lat' dir='ltr'><strong>aedilicatis</strong></span> <span class='ocrx_word' id='word_1_533' title='bbox 3090 2806 3222 2862; x_wconf 85' lang='lat' dir='ltr'><strong>Sion</strong></span> <span class='ocrx_word' id='word_1_534' title='bbox 3250 2808 3303 2861; x_wconf 90' lang='lat' dir='ltr'><strong>in</strong></span> <span class='ocrx_word' id='word_1_535' title='bbox 3335 2808 3717 2878; x_wconf 74' lang='lat' dir='ltr'><strong>sanguinibus,</strong></span> <span class='ocrx_word' id='word_1_536' title='bbox 3736 2855 3759 2877; x_wconf 81' lang='grc'><em>,</em></span> 
     </span>
    </p>
   </div>
   <div class='ocr_carea' id='block_1_72' title="bbox 2133 2899 3717 2979">
    <p class='ocr_par' dir='ltr' id='par_1_72' title="bbox 2133 2899 3717 2979">
     <span class='ocr_line' id='line_1_72' title="bbox 2133 2899 3717 2979; baseline -0.002 -22"><span class='ocrx_word' id='word_1_537' title='bbox 2133 2911 2188 2957; x_wconf 88' lang='lat' dir='ltr'><strong>et</strong></span> <span class='ocrx_word' id='word_1_538' title='bbox 2224 2900 2555 2957; x_wconf 86' lang='lat' dir='ltr'><strong>Hierusalem</strong></span> <span class='ocrx_word' id='word_1_539' title='bbox 2584 2902 2638 2956; x_wconf 89' lang='lat' dir='ltr'><strong>in</strong></span> <span class='ocrx_word' id='word_1_540' title='bbox 2671 2899 2975 2979; x_wconf 87' lang='lat' dir='ltr'><strong>iniquitate.</strong></span> <span class='ocrx_word' id='word_1_541' title='bbox 3022 2900 3300 2971; x_wconf 78' lang='lat' dir='ltr'><strong>Principes</strong></span> <span class='ocrx_word' id='word_1_542' title='bbox 3340 2899 3457 2969; x_wconf 84' lang='lat' dir='ltr'><strong>ejus</strong></span> <span class='ocrx_word' id='word_1_543' title='bbox 3499 2900 3553 2954; x_wconf 89' lang='lat' dir='ltr'><strong>in</strong></span> <span class='ocrx_word' id='word_1_544' title='bbox 3588 2915 3717 2954; x_wconf 82' lang='lat' dir='ltr'><strong>tnu-</strong></span> 
     </span>
    </p>
   </div>
   <div class='ocr_carea' id='block_1_73' title="bbox 2135 2990 3722 3062">
    <p class='ocr_par' dir='ltr' id='par_1_73' title="bbox 2135 2990 3722 3062">
     <span class='ocr_line' id='line_1_73' title="bbox 2135 2990 3722 3062; baseline 0 -14"><span class='ocrx_word' id='word_1_545' title='bbox 2135 2993 2352 3049; x_wconf 87' lang='lat' dir='ltr'><strong>neribus</strong></span> <span class='ocrx_word' id='word_1_546' title='bbox 2382 2991 2727 3062; x_wconf 70' lang='lat' dir='ltr'><strong>judicabant,</strong></span> <span class='ocrx_word' id='word_1_547' title='bbox 2771 3001 2826 3046; x_wconf 88' lang='lat' dir='ltr'><strong>et</strong></span> <span class='ocrx_word' id='word_1_548' title='bbox 2860 2994 3169 3048; x_wconf 80' lang='lat' dir='ltr'><strong>sacerdotes</strong></span> <span class='ocrx_word' id='word_1_549' title='bbox 3206 2990 3323 3061; x_wconf 81' lang='lat' dir='ltr'><strong>ejus</strong></span> <span class='ocrx_word' id='word_1_550' title='bbox 3368 2992 3419 3046; x_wconf 89' lang='lat' dir='ltr'><strong>in</strong></span> <span class='ocrx_word' id='word_1_551' title='bbox 3463 2992 3722 3048; x_wconf 83' lang='lat' dir='ltr'><strong>mercede</strong></span> 
     </span>
    </p>
   </div>
   <div class='ocr_carea' id='block_1_74' title="bbox 2136 3080 3720 3154">
    <p class='ocr_par' dir='ltr' id='par_1_74' title="bbox 2136 3080 3720 3154">
     <span class='ocr_line' id='line_1_74' title="bbox 2136 3080 3720 3154; baseline 0 -16"><span class='ocrx_word' id='word_1_552' title='bbox 2136 3082 2421 3145; x_wconf 86' lang='lat' dir='ltr'><strong>docebant,</strong></span> <span class='ocrx_word' id='word_1_553' title='bbox 2449 3091 2505 3137; x_wconf 89' lang='lat' dir='ltr'><strong>et</strong></span> <span class='ocrx_word' id='word_1_554' title='bbox 2529 3082 2806 3153; x_wconf 52' lang='lat' dir='ltr'><strong>prophetae</strong></span> <span class='ocrx_word' id='word_1_555' title='bbox 2831 3080 2948 3150; x_wconf 88' lang='lat' dir='ltr'><strong>ejus</strong></span> <span class='ocrx_word' id='word_1_556' title='bbox 2973 3082 3026 3136; x_wconf 90' lang='lat' dir='ltr'><strong>in</strong></span> <span class='ocrx_word' id='word_1_557' title='bbox 3050 3083 3274 3154; x_wconf 87' lang='lat' dir='ltr'><strong>pecunia</strong></span> <span class='ocrx_word' id='word_1_558' title='bbox 3299 3082 3629 3147; x_wconf 81' lang='lat' dir='ltr'><strong>divinabam,</strong></span> <span class='ocrx_word' id='word_1_559' title='bbox 3655 3091 3720 3138; x_wconf 84' lang='lat' dir='ltr'><strong>et</strong></span> 
     </span>
    </p>
   </div>
   <div class='ocr_carea' id='block_1_75' title="bbox 2137 3154 3720 3243">
    <p class='ocr_par' dir='ltr' id='par_1_75' title="bbox 2137 3154 3720 3243">
     <span class='ocr_line' id='line_1_75' title="bbox 2137 3154 3720 3243; baseline -0.001 -15"><span class='ocrx_word' id='word_1_560' title='bbox 2137 3188 2298 3243; x_wconf 86' lang='lat' dir='ltr'><strong>super</strong></span> <span class='ocrx_word' id='word_1_561' title='bbox 2340 3154 2625 3227; x_wconf 77' lang='lat' dir='ltr'><strong>Dominum</strong></span> <span class='ocrx_word' id='word_1_562' title='bbox 2669 3173 3110 3243; x_wconf 79' lang='lat' dir='ltr'><strong>reqtticscebant,</strong></span> <span class='ocrx_word' id='word_1_563' title='bbox 3149 3173 3426 3228; x_wconf 85' lang='lat' dir='ltr'><strong>dicentes:</strong></span> <span class='ocrx_word' id='word_1_564' title='bbox 3457 3171 3720 3243; x_wconf 74' lang='lat' dir='ltr'><strong>Nunquid</strong></span> 
     </span>
    </p>
   </div>
   <div class='ocr_carea' id='block_1_76' title="bbox 2139 3263 3723 3332">
    <p class='ocr_par' dir='ltr' id='par_1_76' title="bbox 2139 3263 3723 3332">
     <span class='ocr_line' id='line_1_76' title="bbox 2139 3263 3723 3332; baseline -0.001 -11"><span class='ocrx_word' id='word_1_565' title='bbox 2139 3282 2244 3321; x_wconf 91' lang='lat' dir='ltr'><strong>non</strong></span> <span class='ocrx_word' id='word_1_566' title='bbox 2273 3265 2529 3322; x_wconf 85' lang='lat' dir='ltr'><strong>Dominus</strong></span> <span class='ocrx_word' id='word_1_567' title='bbox 2559 3266 2613 3320; x_wconf 91' lang='lat' dir='ltr'><strong>in</strong></span> <span class='ocrx_word' id='word_1_568' title='bbox 2654 3266 2828 3320; x_wconf 85' lang='lat' dir='ltr'><strong>medio</strong></span> <span class='ocrx_word' id='word_1_569' title='bbox 2859 3265 3136 3320; x_wconf 81' lang='lat' dir='ltr'><strong>nostrum?</strong></span> <span class='ocrx_word' id='word_1_570' title='bbox 3185 3264 3301 3318; x_wconf 81' lang='lat' dir='ltr'><strong>Non</strong></span> <span class='ocrx_word' id='word_1_571' title='bbox 3349 3263 3520 3317; x_wconf 83' lang='lat' dir='ltr'><strong>veniet</strong></span> <span class='ocrx_word' id='word_1_572' title='bbox 3543 3277 3723 3332; x_wconf 81' lang='lat' dir='ltr'><strong>super</strong></span> 
     </span>
    </p>
   </div>
   <div class='ocr_carea' id='block_1_77' title="bbox 2140 3355 3722 3428">
    <p class='ocr_par' dir='ltr' id='par_1_77' title="bbox 2140 3355 3722 3428">
     <span class='ocr_line' id='line_1_77' title="bbox 2140 3355 3722 3428; baseline -0.003 -15"><span class='ocrx_word' id='word_1_573' title='bbox 2140 3372 2237 3413; x_wconf 89' lang='lat' dir='ltr'><strong>nos</strong></span> <span class='ocrx_word' id='word_1_574' title='bbox 2264 3356 2423 3411; x_wconf 90' lang='lat' dir='ltr'><strong>mala.</strong></span> <span class='ocrx_word' id='word_1_575' title='bbox 2455 3377 2474 3408; x_wconf 77' lang='grc' dir='ltr'><strong><em>ι</em></strong></span> <span class='ocrx_word' id='word_1_576' title='bbox 2505 3356 2639 3422; x_wconf 83' lang='lat' dir='ltr'><strong>Quia</strong></span> <span class='ocrx_word' id='word_1_577' title='bbox 2666 3358 2914 3428; x_wconf 83' lang='lat' dir='ltr'><strong>superius</strong></span> <span class='ocrx_word' id='word_1_578' title='bbox 2937 3358 3219 3411; x_wconf 84' lang='lat' dir='ltr'><strong>adversum</strong></span> <span class='ocrx_word' id='word_1_579' title='bbox 3246 3355 3456 3426; x_wconf 84' lang='lat' dir='ltr'><strong>judices</strong></span> <span class='ocrx_word' id='word_1_580' title='bbox 3474 3364 3529 3409; x_wconf 92' lang='lat' dir='ltr'><strong>et</strong></span> <span class='ocrx_word' id='word_1_581' title='bbox 3552 3369 3722 3424; x_wconf 58' lang='lat' dir='ltr'><strong>pseuc</strong></span> 
     </span>
    </p>
   </div>
   <div class='ocr_carea' id='block_1_78' title="bbox 2139 3447 3723 3518">
    <p class='ocr_par' dir='ltr' id='par_1_78' title="bbox 2139 3447 3723 3518">
     <span class='ocr_line' id='line_1_78' title="bbox 2139 3447 3723 3518; baseline -0.003 -16"><span class='ocrx_word' id='word_1_582' title='bbox 2139 3447 2499 3518; x_wconf 82' lang='lat' dir='ltr'><strong>doprOphetas</strong></span> <span class='ocrx_word' id='word_1_583' title='bbox 2527 3447 2873 3502; x_wconf 87' lang='lat' dir='ltr'><strong>comminatio</strong></span> <span class='ocrx_word' id='word_1_584' title='bbox 2902 3454 3271 3518; x_wconf 83' lang='lat' dir='ltr'><strong>processerat,</strong></span> <span class='ocrx_word' id='word_1_585' title='bbox 3315 3460 3458 3501; x_wconf 84' lang='lat' dir='ltr'><strong>nunc</strong></span> <span class='ocrx_word' id='word_1_586' title='bbox 3487 3459 3723 3516; x_wconf 60' lang='lat' dir='ltr'><strong>generare</strong></span> 
     </span>
    </p>
   </div>
   <div class='ocr_carea' id='block_1_79' title="bbox 2137 3534 3719 3609">
    <p class='ocr_par' dir='ltr' id='par_1_79' title="bbox 2137 3534 3719 3609">
     <span class='ocr_line' id='line_1_79' title="bbox 2137 3534 3719 3609; baseline -0.004 -16"><span class='ocrx_word' id='word_1_587' title='bbox 2137 3537 2262 3593; x_wconf 89' lang='lat' dir='ltr'><strong>liter</strong></span> <span class='ocrx_word' id='word_1_588' title='bbox 2289 3539 2353 3593; x_wconf 83' lang='lat' dir='ltr'><strong>ad</strong></span> <span class='ocrx_word' id='word_1_589' title='bbox 2382 3539 2547 3609; x_wconf 88' lang='lat' dir='ltr'><strong>ipsos,</strong></span> <span class='ocrx_word' id='word_1_590' title='bbox 2576 3544 2630 3591; x_wconf 92' lang='lat' dir='ltr'><strong>et</strong></span> <span class='ocrx_word' id='word_1_591' title='bbox 2655 3537 2723 3592; x_wconf 92' lang='lat' dir='ltr'><strong>ad</strong></span> <span class='ocrx_word' id='word_1_592' title='bbox 2752 3538 3081 3603; x_wconf 87' lang='lat' dir='ltr'><strong>sacerdotes,</strong></span> <span class='ocrx_word' id='word_1_593' title='bbox 3110 3546 3165 3593; x_wconf 86' lang='lat' dir='ltr'><strong>et</strong></span> <span class='ocrx_word' id='word_1_594' title='bbox 3193 3537 3261 3593; x_wconf 84' lang='lat' dir='ltr'><strong>ad</strong></span> <span class='ocrx_word' id='word_1_595' title='bbox 3284 3550 3473 3592; x_wconf 71' lang='lat' dir='ltr'><strong>omnes</strong></span> <span class='ocrx_word' id='word_1_596' title='bbox 3491 3535 3583 3604; x_wconf 82' lang='lat' dir='ltr'><strong>qui</strong></span> <span class='ocrx_word' id='word_1_597' title='bbox 3610 3534 3719 3588; x_wconf 83' lang='lat' dir='ltr'><strong>sibi</strong></span> 
     </span>
    </p>
   </div>
   <div class='ocr_carea' id='block_1_80' title="bbox 2137 3626 3721 3696">
    <p class='ocr_par' dir='ltr' id='par_1_80' title="bbox 2137 3626 3721 3696">
     <span class='ocr_line' id='line_1_80' title="bbox 2137 3626 3721 3696; baseline -0.003 -12"><span class='ocrx_word' id='word_1_598' title='bbox 2137 3628 2206 3684; x_wconf 82' lang='lat' dir='ltr'><strong>de</strong></span> <span class='ocrx_word' id='word_1_599' title='bbox 2249 3628 2344 3684; x_wconf 82' lang='lat' dir='ltr'><strong>Dei</strong></span> <span class='ocrx_word' id='word_1_600' title='bbox 2397 3627 2586 3683; x_wconf 86' lang='lat' dir='ltr'><strong>notitia</strong></span> <span class='ocrx_word' id='word_1_601' title='bbox 2634 3626 3084 3690; x_wconf 88' lang='lat' dir='ltr'><strong>blandiebantur,</strong></span> <span class='ocrx_word' id='word_1_602' title='bbox 3131 3643 3311 3683; x_wconf 87' lang='lat' dir='ltr'><strong>sermo</strong></span> <span class='ocrx_word' id='word_1_603' title='bbox 3349 3626 3617 3696; x_wconf 77' lang='lat' dir='ltr'><strong>dirigitur,</strong></span> <span class='ocrx_word' id='word_1_604' title='bbox 3658 3634 3721 3679; x_wconf 85' lang='lat' dir='ltr'><strong>et</strong></span> 
     </span>
    </p>
   </div>
   <div class='ocr_carea' id='block_1_81' title="bbox 2139 3713 3722 3790">
    <p class='ocr_par' dir='ltr' id='par_1_81' title="bbox 2139 3713 3722 3790">
     <span class='ocr_line' id='line_1_81' title="bbox 2139 3713 3722 3790; baseline -0.003 -17"><span class='ocrx_word' id='word_1_605' title='bbox 2139 3716 2439 3790; x_wconf 72' lang='lat' dir='ltr'><strong>arguuntur</strong></span> <span class='ocrx_word' id='word_1_606' title='bbox 2463 3719 2587 3789; x_wconf 91' lang='lat' dir='ltr'><strong>quia</strong></span> <span class='ocrx_word' id='word_1_607' title='bbox 2614 3733 2719 3774; x_wconf 90' lang='lat' dir='ltr'><strong>non</strong></span> <span class='ocrx_word' id='word_1_608' title='bbox 2750 3718 2922 3773; x_wconf 89' lang='lat' dir='ltr'><strong>solum</strong></span> <span class='ocrx_word' id='word_1_609' title='bbox 2951 3733 3057 3773; x_wconf 90' lang='lat' dir='ltr'><strong>non</strong></span> <span class='ocrx_word' id='word_1_610' title='bbox 3086 3717 3311 3780; x_wconf 83' lang='lat' dir='ltr'><strong>faciunt,</strong></span> <span class='ocrx_word' id='word_1_611' title='bbox 3336 3729 3523 3770; x_wconf 90' lang='lat' dir='ltr'><strong>verum</strong></span> <span class='ocrx_word' id='word_1_612' title='bbox 3549 3713 3722 3769; x_wconf 86' lang='lat' dir='ltr'><strong>etiam</strong></span> 
     </span>
    </p>
   </div>
   <div class='ocr_carea' id='block_1_82' title="bbox 2140 3803 3718 3878">
    <p class='ocr_par' dir='ltr' id='par_1_82' title="bbox 2140 3803 3718 3878">
     <span class='ocr_line' id='line_1_82' title="bbox 2140 3803 3718 3878; baseline -0.004 -14"><span class='ocrx_word' id='word_1_613' title='bbox 2140 3810 2518 3865; x_wconf 71' lang='lat' dir='ltr'><strong>abominantur</strong></span> <span class='ocrx_word' id='word_1_614' title='bbox 2552 3808 2847 3878; x_wconf 88' lang='lat' dir='ltr'><strong>judicium,</strong></span> <span class='ocrx_word' id='word_1_615' title='bbox 2897 3817 2952 3863; x_wconf 90' lang='lat' dir='ltr'><strong>ct</strong></span> <span class='ocrx_word' id='word_1_616' title='bbox 2995 3817 3142 3863; x_wconf 88' lang='lat' dir='ltr'><strong>recta</strong></span> <span class='ocrx_word' id='word_1_617' title='bbox 3187 3812 3528 3878; x_wconf 85' lang='lat' dir='ltr'><strong>pervertant,</strong></span> <span class='ocrx_word' id='word_1_618' title='bbox 3572 3803 3718 3874; x_wconf 83' lang='lat' dir='ltr'><strong>quod</strong></span> 
     </span>
    </p>
   </div>
   <div class='ocr_carea' id='block_1_83' title="bbox 2141 3896 3719 3969">
    <p class='ocr_par' dir='ltr' id='par_1_83' title="bbox 2141 3896 3719 3969">
     <span class='ocr_line' id='line_1_83' title="bbox 2141 3896 3719 3969; baseline -0.004 -13"><span class='ocrx_word' id='word_1_619' title='bbox 2141 3901 2330 3956; x_wconf 91' lang='lat' dir='ltr'><strong>domos</strong></span> <span class='ocrx_word' id='word_1_620' title='bbox 2361 3914 2487 3955; x_wconf 88' lang='lat' dir='ltr'><strong>suas</strong></span> <span class='ocrx_word' id='word_1_621' title='bbox 2521 3897 2790 3954; x_wconf 77' lang='lat' dir='ltr'><strong>aediﬁcent</strong></span> <span class='ocrx_word' id='word_1_622' title='bbox 2832 3899 2886 3953; x_wconf 87' lang='lat' dir='ltr'><strong>in</strong></span> <span class='ocrx_word' id='word_1_623' title='bbox 2928 3898 3300 3969; x_wconf 81' lang='lat' dir='ltr'><strong>sanguinibus,</strong></span> <span class='ocrx_word' id='word_1_624' title='bbox 3348 3904 3402 3951; x_wconf 90' lang='lat' dir='ltr'><strong>et</strong></span> <span class='ocrx_word' id='word_1_625' title='bbox 3442 3896 3719 3951; x_wconf 85' lang='lat' dir='ltr'><strong>civitatem</strong></span> 
     </span>
    </p>
   </div>
   <div class='ocr_carea' id='block_1_84' title="bbox 2141 3984 3722 4059">
    <p class='ocr_par' dir='ltr' id='par_1_84' title="bbox 2141 3984 3722 4059">
     <span class='ocr_line' id='line_1_84' title="bbox 2141 3984 3722 4059; baseline -0.006 -12"><span class='ocrx_word' id='word_1_626' title='bbox 2141 3991 2476 4047; x_wconf 87' lang='lat' dir='ltr'><strong>Hierusalem</strong></span> <span class='ocrx_word' id='word_1_627' title='bbox 2527 3990 2583 4043; x_wconf 91' lang='lat' dir='ltr'><strong>in</strong></span> <span class='ocrx_word' id='word_1_628' title='bbox 2628 3988 2913 4059; x_wconf 83' lang='lat' dir='ltr'><strong>iniquitate</strong></span> <span class='ocrx_word' id='word_1_629' title='bbox 2955 3997 3010 4043; x_wconf 83' lang='lat' dir='ltr'><strong>et</strong></span> <span class='ocrx_word' id='word_1_630' title='bbox 3051 3987 3255 4058; x_wconf 81' lang='lat' dir='ltr'><strong>rapinis</strong></span> <span class='ocrx_word' id='word_1_631' title='bbox 3301 3984 3552 4041; x_wconf 82' lang='lat' dir='ltr'><strong>videlicet</strong></span> <span class='ocrx_word' id='word_1_632' title='bbox 3586 3999 3722 4056; x_wconf 86' lang='lat' dir='ltr'><strong>pau-</strong></span> 
     </span>
    </p>
   </div>
   <div class='ocr_carea' id='block_1_85' title="bbox 2140 4079 3723 4154">
    <p class='ocr_par' dir='ltr' id='par_1_85' title="bbox 2140 4079 3723 4154">
     <span class='ocr_line' id='line_1_85' title="bbox 2140 4079 3723 4154; baseline -0.004 -17"><span class='ocrx_word' id='word_1_633' title='bbox 2140 4097 2351 4154; x_wconf 90' lang='lat' dir='ltr'><strong>perum,</strong></span> <span class='ocrx_word' id='word_1_634' title='bbox 2378 4080 2619 4137; x_wconf 62' lang='lat' dir='ltr'><strong>caedibus</strong></span> <span class='ocrx_word' id='word_1_635' title='bbox 2644 4082 2955 4143; x_wconf 86' lang='lat' dir='ltr'><strong>insontium,</strong></span> <span class='ocrx_word' id='word_1_636' title='bbox 2999 4090 3160 4151; x_wconf 88' lang='lat' dir='ltr'><strong>atque</strong></span> <span class='ocrx_word' id='word_1_637' title='bbox 3194 4079 3569 4135; x_wconf 77' lang='lat' dir='ltr'><strong>interiectione</strong></span> <span class='ocrx_word' id='word_1_638' title='bbox 3592 4093 3723 4133; x_wconf 77' lang='lat' dir='ltr'><strong>san-</strong></span> 
     </span>
    </p>
   </div>
   <div class='ocr_carea' id='block_1_86' title="bbox 2141 4172 3723 4244">
    <p class='ocr_par' dir='ltr' id='par_1_86' title="bbox 2141 4172 3723 4244">
     <span class='ocr_line' id='line_1_86' title="bbox 2141 4172 3723 4244; baseline -0.003 -14"><span class='ocrx_word' id='word_1_639' title='bbox 2141 4182 2351 4230; x_wconf 87' lang='lat' dir='ltr'><strong>ctorum</strong></span> <span class='ocrx_word' id='word_1_640' title='bbox 2380 4191 2394 4227; x_wconf 92' lang='lat'><strong>:</strong></span> <span class='ocrx_word' id='word_1_641' title='bbox 2422 4181 2684 4244; x_wconf 65' lang='lat' dir='ltr'><strong>praeterea</strong></span> <span class='ocrx_word' id='word_1_642' title='bbox 2702 4174 2829 4244; x_wconf 90' lang='lat' dir='ltr'><strong>quia</strong></span> <span class='ocrx_word' id='word_1_643' title='bbox 2854 4172 3124 4244; x_wconf 85' lang='lat' dir='ltr'><strong>principes</strong></span> <span class='ocrx_word' id='word_1_644' title='bbox 3149 4172 3382 4244; x_wconf 86' lang='lat' dir='ltr'><strong>acceptis</strong></span> <span class='ocrx_word' id='word_1_645' title='bbox 3407 4173 3723 4226; x_wconf 85' lang='lat' dir='ltr'><strong>muneribus</strong></span> 
     </span>
    </p>
   </div>
   <div class='ocr_carea' id='block_1_87' title="bbox 2136 4263 3721 4336">
    <p class='ocr_par' dir='ltr' id='par_1_87' title="bbox 2136 4263 3721 4336">
     <span class='ocr_line' id='line_1_87' title="bbox 2136 4263 3721 4336; baseline -0.001 -21"><span class='ocrx_word' id='word_1_646' title='bbox 2136 4265 2413 4336; x_wconf 86' lang='lat' dir='ltr'><strong>judicent,</strong></span> <span class='ocrx_word' id='word_1_647' title='bbox 2462 4274 2517 4318; x_wconf 90' lang='lat' dir='ltr'><strong>et</strong></span> <span class='ocrx_word' id='word_1_648' title='bbox 2558 4265 2835 4335; x_wconf 67' lang='lat' dir='ltr'><strong>prophetae</strong></span> <span class='ocrx_word' id='word_1_649' title='bbox 2859 4280 2956 4335; x_wconf 89' lang='lat' dir='ltr'><strong>pro</strong></span> <span class='ocrx_word' id='word_1_650' title='bbox 2989 4265 3302 4320; x_wconf 87' lang='lat' dir='ltr'><strong>muneribus</strong></span> <span class='ocrx_word' id='word_1_651' title='bbox 3333 4263 3721 4323; x_wconf 85' lang='lat' dir='ltr'><strong>vaticineutur,</strong></span> 
     </span>
    </p>
   </div>
   <div class='ocr_carea' id='block_1_88' title="bbox 2143 4353 3721 4429">
    <p class='ocr_par' dir='ltr' id='par_1_88' title="bbox 2143 4353 3721 4429">
     <span class='ocr_line' id='line_1_88' title="bbox 2143 4353 3721 4429; baseline -0.003 -19"><span class='ocrx_word' id='word_1_652' title='bbox 2143 4364 2199 4410; x_wconf 89' lang='lat' dir='ltr'><strong>et</strong></span> <span class='ocrx_word' id='word_1_653' title='bbox 2228 4355 2453 4426; x_wconf 80' lang='lat' dir='ltr'><strong>gratiam</strong></span> <span class='ocrx_word' id='word_1_654' title='bbox 2484 4355 2574 4409; x_wconf 87' lang='lat' dir='ltr'><strong>Dei</strong></span> <span class='ocrx_word' id='word_1_655' title='bbox 2605 4355 2854 4418; x_wconf 86' lang='lat' dir='ltr'><strong>vendant,</strong></span> <span class='ocrx_word' id='word_1_656' title='bbox 2884 4363 2938 4409; x_wconf 93' lang='lat' dir='ltr'><strong>et</strong></span> <span class='ocrx_word' id='word_1_657' title='bbox 2965 4370 3087 4410; x_wconf 89' lang='lat' dir='ltr'><strong>cum</strong></span> <span class='ocrx_word' id='word_1_658' title='bbox 3111 4356 3228 4411; x_wconf 63' lang='lat' dir='ltr'><strong>haec</strong></span> <span class='ocrx_word' id='word_1_659' title='bbox 3252 4354 3434 4411; x_wconf 86' lang='lat' dir='ltr'><strong>omnia</strong></span> <span class='ocrx_word' id='word_1_660' title='bbox 3456 4353 3721 4429; x_wconf 78' lang='lat' dir='ltr'><strong>facerent,</strong></span> 
     </span>
    </p>
   </div>
   <div class='ocr_carea' id='block_1_89' title="bbox 2146 4442 3725 4514">
    <p class='ocr_par' dir='ltr' id='par_1_89' title="bbox 2146 4442 3725 4514">
     <span class='ocr_line' id='line_1_89' title="bbox 2146 4442 3725 4514; baseline -0.001 -15"><span class='ocrx_word' id='word_1_661' title='bbox 2146 4444 2556 4512; x_wconf 87' lang='lat' dir='ltr'><strong>requiescebant</strong></span> <span class='ocrx_word' id='word_1_662' title='bbox 2594 4458 2756 4514; x_wconf 88' lang='lat' dir='ltr'><strong>super</strong></span> <span class='ocrx_word' id='word_1_663' title='bbox 2793 4445 3111 4512; x_wconf 88' lang='lat' dir='ltr'><strong>Dominum,</strong></span> <span class='ocrx_word' id='word_1_664' title='bbox 3153 4443 3393 4499; x_wconf 88' lang='lat' dir='ltr'><strong>dicentes</strong></span> <span class='ocrx_word' id='word_1_665' title='bbox 3426 4461 3445 4498; x_wconf 85' lang='lat'><strong>:</strong></span> <span class='ocrx_word' id='word_1_666' title='bbox 3486 4442 3725 4514; x_wconf 86' lang='lat' dir='ltr'><strong>Populus</strong></span> 
     </span>
    </p>
   </div>
   <div class='ocr_carea' id='block_1_90' title="bbox 458 4524 2041 4604">
    <p class='ocr_par' dir='ltr' id='par_1_90' title="bbox 458 4524 2041 4604">
     <span class='ocr_line' id='line_1_90' title="bbox 458 4524 2041 4604; baseline -0.006 -16"><span class='ocrx_word' id='word_1_667' title='bbox 458 4532 729 4604; x_wconf 78' lang='lat' dir='ltr'><strong>populum</strong></span> <span class='ocrx_word' id='word_1_668' title='bbox 771 4544 981 4594; x_wconf 90' lang='lat' dir='ltr'><strong>meum,</strong></span> <span class='ocrx_word' id='word_1_669' title='bbox 1012 4546 1033 4580; x_wconf 75' lang='grc' dir='ltr'><strong><em>ι</em></strong></span> <span class='ocrx_word' id='word_1_670' title='bbox 1085 4527 1177 4598; x_wconf 91' lang='lat' dir='ltr'><strong>qui</strong></span> <span class='ocrx_word' id='word_1_671' title='bbox 1222 4526 1468 4582; x_wconf 90' lang='lat' dir='ltr'><strong>mordent</strong></span> <span class='ocrx_word' id='word_1_672' title='bbox 1514 4524 1767 4579; x_wconf 78' lang='lat' dir='ltr'><strong>dentibus</strong></span> <span class='ocrx_word' id='word_1_673' title='bbox 1812 4524 1952 4587; x_wconf 87' lang='lat' dir='ltr'><strong>suis,</strong></span> <span class='ocrx_word' id='word_1_674' title='bbox 1991 4534 2041 4579; x_wconf 90' lang='lat' dir='ltr'><strong>et</strong></span> 
     </span>
    </p>
   </div>
   <div class='ocr_carea' id='block_1_91' title="bbox 2142 4524 3722 4604">
    <p class='ocr_par' dir='ltr' id='par_1_91' title="bbox 2148 4531 3722 4597">
     <span class='ocr_line' id='line_1_91' title="bbox 2148 4531 3722 4597; baseline -0.002 -11"><span class='ocrx_word' id='word_1_675' title='bbox 2148 4531 2243 4586; x_wconf 87' lang='lat' dir='ltr'><strong>Dei</strong></span> <span class='ocrx_word' id='word_1_676' title='bbox 2273 4547 2480 4597; x_wconf 85' lang='lat' dir='ltr'><strong>smnus,</strong></span> <span class='ocrx_word' id='word_1_677' title='bbox 2515 4532 2774 4587; x_wconf 90' lang='lat' dir='ltr'><strong>Dominus</strong></span> <span class='ocrx_word' id='word_1_678' title='bbox 2798 4532 2851 4588; x_wconf 91' lang='lat' dir='ltr'><strong>in</strong></span> <span class='ocrx_word' id='word_1_679' title='bbox 2875 4533 3054 4588; x_wconf 89' lang='lat' dir='ltr'><strong>medio</strong></span> <span class='ocrx_word' id='word_1_680' title='bbox 3081 4542 3324 4588; x_wconf 92' lang='lat' dir='ltr'><strong>nostrum</strong></span> <span class='ocrx_word' id='word_1_681' title='bbox 3351 4542 3455 4596; x_wconf 90' lang='lat' dir='ltr'><strong>est,</strong></span> <span class='ocrx_word' id='word_1_682' title='bbox 3488 4548 3595 4587; x_wconf 90' lang='lat' dir='ltr'><strong>non</strong></span> <span class='ocrx_word' id='word_1_683' title='bbox 3625 4549 3722 4584; x_wconf 74' lang='lat' dir='ltr'><strong>Vr-</strong></span> 
     </span>
    </p>
   </div>
   <div class='ocr_carea' id='block_1_92' title="bbox 473 4598 3729 4696">
    <p class='ocr_par' dir='ltr' id='par_1_92' title="bbox 473 4598 3729 4696">
     <span class='ocr_line' id='line_1_92' title="bbox 473 4598 3729 4696; baseline -0 -18"><span class='ocrx_word' id='word_1_684' title='bbox 473 4598 771 4696; x_wconf 51' lang='lat' dir='ltr'><strong>prtedicant</strong></span> <span class='ocrx_word' id='word_1_685' title='bbox 793 4634 979 4694; x_wconf 82' lang='lat' dir='ltr'><strong>pacem</strong></span> <span class='ocrx_word' id='word_1_686' title='bbox 1013 4634 1026 4673; x_wconf 73' lang='grc' dir='ltr'><strong>ε</strong></span> <span class='ocrx_word' id='word_1_687' title='bbox 1064 4627 1120 4675; x_wconf 82' lang='lat' dir='ltr'><strong>et</strong></span> <span class='ocrx_word' id='word_1_688' title='bbox 1147 4619 1192 4672; x_wconf 84' lang='lat' dir='ltr'><strong>si</strong></span> <span class='ocrx_word' id='word_1_689' title='bbox 1227 4617 1349 4688; x_wconf 81' lang='lat' dir='ltr'><strong>quis</strong></span> <span class='ocrx_word' id='word_1_690' title='bbox 1376 4630 1483 4671; x_wconf 80' lang='lat' dir='ltr'><strong>non</strong></span> <span class='ocrx_word' id='word_1_691' title='bbox 1518 4614 1725 4670; x_wconf 65' lang='lat' dir='ltr'><strong>deder“</strong></span> <span class='ocrx_word' id='word_1_692' title='bbox 1754 4615 1807 4667; x_wconf 76' lang='lat' dir='ltr'><strong>in</strong></span> <span class='ocrx_word' id='word_1_693' title='bbox 1839 4629 1933 4668; x_wconf 72' lang='lat' dir='ltr'><strong>Ore</strong></span> <span class='ocrx_word' id='word_1_694' title='bbox 1956 4629 2046 4669; x_wconf 76' lang='lat'><strong>80-</strong></span> <span class='ocrx_word' id='word_1_695' title='bbox 2073 4598 2123 4659; x_wconf 78' lang='lat' dir='ltr'><strong>D</strong></span> <span class='ocrx_word' id='word_1_696' title='bbox 2150 4622 2299 4678; x_wconf 85' lang='lat' dir='ltr'><strong>nient</strong></span> <span class='ocrx_word' id='word_1_697' title='bbox 2334 4638 2494 4694; x_wconf 89' lang='lat' dir='ltr'><strong>super</strong></span> <span class='ocrx_word' id='word_1_698' title='bbox 2522 4638 2620 4679; x_wconf 88' lang='lat' dir='ltr'><strong>nos</strong></span> <span class='ocrx_word' id='word_1_699' title='bbox 2651 4623 2815 4680; x_wconf 90' lang='lat' dir='ltr'><strong>mala.</strong></span> <span class='ocrx_word' id='word_1_700' title='bbox 2849 4624 2957 4679; x_wconf 91' lang='lat' dir='ltr'><strong>Pro</strong></span> <span class='ocrx_word' id='word_1_701' title='bbox 2986 4624 3072 4680; x_wconf 89' lang='lat' dir='ltr'><strong>his</strong></span> <span class='ocrx_word' id='word_1_702' title='bbox 3107 4626 3356 4680; x_wconf 89' lang='lat' dir='ltr'><strong>omnibus</strong></span> <span class='ocrx_word' id='word_1_703' title='bbox 3382 4626 3619 4685; x_wconf 88' lang='lat' dir='ltr'><strong>minatur</strong></span> <span class='ocrx_word' id='word_1_704' title='bbox 3641 4624 3729 4679; x_wconf 84' lang='lat' dir='ltr'><strong>eis</strong></span> 
     </span>
    </p>
   </div>
   <div class='ocr_carea' id='block_1_93' title="bbox 478 4703 2041 4784">
    <p class='ocr_par' dir='ltr' id='par_1_93' title="bbox 478 4703 2041 4784">
     <span class='ocr_line' id='line_1_93' title="bbox 478 4703 2041 4784; baseline -0.006 -14"><span class='ocrx_word' id='word_1_705' title='bbox 478 4730 599 4770; x_wconf 86' lang='lat' dir='ltr'><strong>rum</strong></span> <span class='ocrx_word' id='word_1_706' title='bbox 640 4713 948 4784; x_wconf 89' lang='lat' dir='ltr'><strong>quidpiam,</strong></span> <span class='ocrx_word' id='word_1_707' title='bbox 1002 4707 1341 4766; x_wconf 84' lang='lat' dir='ltr'><strong>sanetiileant</strong></span> <span class='ocrx_word' id='word_1_708' title='bbox 1403 4718 1564 4776; x_wconf 91' lang='lat' dir='ltr'><strong>super</strong></span> <span class='ocrx_word' id='word_1_709' title='bbox 1608 4720 1729 4760; x_wconf 90' lang='lat' dir='ltr'><strong>eum</strong></span> <span class='ocrx_word' id='word_1_710' title='bbox 1779 4703 2041 4776; x_wconf 55' lang='lat' dir='ltr'><strong>praelium.</strong></span> 
     </span>
    </p>
   </div>
   <div class='ocr_carea' id='block_1_94' title="bbox 458 4797 2047 4879">
    <p class='ocr_par' dir='ltr' id='par_1_94' title="bbox 458 4797 2047 4879">
     <span class='ocr_line' id='line_1_94' title="bbox 458 4797 2047 4879; baseline -0.008 -15"><span class='ocrx_word' id='word_1_711' title='bbox 458 4810 769 4879; x_wconf 80' lang='lat' dir='ltr'><strong>‘Prepterea</strong></span> <span class='ocrx_word' id='word_1_712' title='bbox 794 4819 901 4860; x_wconf 80' lang='lat' dir='ltr'><strong>nox</strong></span> <span class='ocrx_word' id='word_1_713' title='bbox 930 4803 1083 4859; x_wconf 85' lang='lat' dir='ltr'><strong>vobis</strong></span> <span class='ocrx_word' id='word_1_714' title='bbox 1103 4815 1203 4872; x_wconf 91' lang='lat' dir='ltr'><strong>pro</strong></span> <span class='ocrx_word' id='word_1_715' title='bbox 1223 4799 1429 4855; x_wconf 87' lang='lat' dir='ltr'><strong>visione</strong></span> <span class='ocrx_word' id='word_1_716' title='bbox 1456 4798 1582 4862; x_wconf 89' lang='lat' dir='ltr'><strong>erit,</strong></span> <span class='ocrx_word' id='word_1_717' title='bbox 1609 4808 1663 4852; x_wconf 87' lang='lat' dir='ltr'><strong>et</strong></span> <span class='ocrx_word' id='word_1_718' title='bbox 1694 4797 1925 4852; x_wconf 65' lang='lat' dir='ltr'><strong>tenebrae</strong></span> <span class='ocrx_word' id='word_1_719' title='bbox 1950 4812 2047 4867; x_wconf 87' lang='lat' dir='ltr'><strong>pro</strong></span> 
     </span>
    </p>
   </div>
   <div class='ocr_carea' id='block_1_95' title="bbox 476 4887 2048 4962">
    <p class='ocr_par' dir='ltr' id='par_1_95' title="bbox 476 4887 2048 4962">
     <span class='ocr_line' id='line_1_95' title="bbox 476 4887 2048 4962; baseline -0.006 -10"><span class='ocrx_word' id='word_1_720' title='bbox 476 4898 832 4962; x_wconf 88' lang='lat' dir='ltr'><strong>divinatione,</strong></span> <span class='ocrx_word' id='word_1_721' title='bbox 870 4902 926 4949; x_wconf 92' lang='lat' dir='ltr'><strong>et</strong></span> <span class='ocrx_word' id='word_1_722' title='bbox 949 4892 1233 4949; x_wconf 90' lang='lat' dir='ltr'><strong>occumbet</strong></span> <span class='ocrx_word' id='word_1_723' title='bbox 1259 4904 1421 4960; x_wconf 87' lang='lat' dir='ltr'><strong>super</strong></span> <span class='ocrx_word' id='word_1_724' title='bbox 1447 4889 1767 4959; x_wconf 80' lang='lat' dir='ltr'><strong>prophetas,</strong></span> <span class='ocrx_word' id='word_1_725' title='bbox 1803 4897 1855 4943; x_wconf 92' lang='lat' dir='ltr'><strong>et</strong></span> <span class='ocrx_word' id='word_1_726' title='bbox 1891 4887 2048 4944; x_wconf 81' lang='lat' dir='ltr'><strong>obte-</strong></span> 
     </span>
    </p>
   </div>
   <div class='ocr_carea' id='block_1_96' title="bbox 456 4976 2049 5054">
    <p class='ocr_par' dir='ltr' id='par_1_96' title="bbox 456 4976 2049 5054">
     <span class='ocr_line' id='line_1_96' title="bbox 456 4976 2049 5054; baseline -0.008 -9"><span class='ocrx_word' id='word_1_727' title='bbox 456 4986 799 5046; x_wconf 85' lang='lat' dir='ltr'><strong>-ttcbrabitur</strong></span> <span class='ocrx_word' id='word_1_728' title='bbox 824 4997 985 5054; x_wconf 88' lang='lat' dir='ltr'><strong>super</strong></span> <span class='ocrx_word' id='word_1_729' title='bbox 1010 4997 1104 5039; x_wconf 90' lang='lat' dir='ltr'><strong>eos</strong></span> <span class='ocrx_word' id='word_1_730' title='bbox 1137 4982 1271 5046; x_wconf 88' lang='lat' dir='ltr'><strong>dies,</strong></span> <span class='ocrx_word' id='word_1_731' title='bbox 1318 4989 1375 5035; x_wconf 87' lang='lat' dir='ltr'><strong>et</strong></span> <span class='ocrx_word' id='word_1_732' title='bbox 1410 4976 1806 5035; x_wconf 85' lang='lat' dir='ltr'><strong>confundentur</strong></span> <span class='ocrx_word' id='word_1_733' title='bbox 1841 4978 1930 5050; x_wconf 91' lang='lat' dir='ltr'><strong>qui</strong></span> <span class='ocrx_word' id='word_1_734' title='bbox 1968 4979 2049 5032; x_wconf 83' lang='lat' dir='ltr'><strong>vi-</strong></span> 
     </span>
    </p>
   </div>
   <div class='ocr_carea' id='block_1_97' title="bbox 478 5071 2051 5142">
    <p class='ocr_par' dir='ltr' id='par_1_97' title="bbox 478 5071 2051 5142">
     <span class='ocr_line' id='line_1_97' title="bbox 478 5071 2051 5142; baseline -0.01 -3"><span class='ocrx_word' id='word_1_735' title='bbox 478 5086 610 5141; x_wconf 87' lang='lat' dir='ltr'><strong>dent</strong></span> <span class='ocrx_word' id='word_1_736' title='bbox 634 5077 892 5142; x_wconf 86' lang='lat' dir='ltr'><strong>visiones,</strong></span> <span class='ocrx_word' id='word_1_737' title='bbox 922 5083 978 5131; x_wconf 89' lang='lat' dir='ltr'><strong>et</strong></span> <span class='ocrx_word' id='word_1_738' title='bbox 1002 5072 1396 5130; x_wconf 77' lang='lat' dir='ltr'><strong>confundantur</strong></span> <span class='ocrx_word' id='word_1_739' title='bbox 1426 5071 1624 5135; x_wconf 80' lang='lat' dir='ltr'><strong>divini,</strong></span> <span class='ocrx_word' id='word_1_740' title='bbox 1667 5087 1684 5120; x_wconf 76' lang='grc' dir='ltr'>σ</span> <span class='ocrx_word' id='word_1_741' title='bbox 1712 5079 1768 5124; x_wconf 91' lang='lat' dir='ltr'><strong>et</strong></span> <span class='ocrx_word' id='word_1_742' title='bbox 1806 5071 2051 5140; x_wconf 85' lang='lat' dir='ltr'><strong>operient</strong></span> 
     </span>
    </p>
   </div>
   <div class='ocr_carea' id='block_1_98' title="bbox 480 5160 2042 5233">
    <p class='ocr_par' dir='ltr' id='par_1_98' title="bbox 480 5160 2042 5233">
     <span class='ocr_line' id='line_1_98' title="bbox 480 5160 2042 5233; baseline -0.006 -14"><span class='ocrx_word' id='word_1_743' title='bbox 480 5167 662 5224; x_wconf 88' lang='lat' dir='ltr'><strong>vultus</strong></span> <span class='ocrx_word' id='word_1_744' title='bbox 686 5180 814 5223; x_wconf 87' lang='lat' dir='ltr'><strong>suos</strong></span> <span class='ocrx_word' id='word_1_745' title='bbox 839 5179 1051 5229; x_wconf 88' lang='lat' dir='ltr'><strong>omnes.</strong></span> <span class='ocrx_word' id='word_1_746' title='bbox 1093 5163 1220 5233; x_wconf 88' lang='lat' dir='ltr'><strong>quia</strong></span> <span class='ocrx_word' id='word_1_747' title='bbox 1260 5176 1366 5216; x_wconf 90' lang='lat' dir='ltr'><strong>non</strong></span> <span class='ocrx_word' id='word_1_748' title='bbox 1407 5167 1491 5216; x_wconf 85' lang='lat' dir='ltr'><strong>est</strong></span> <span class='ocrx_word' id='word_1_749' title='bbox 1527 5174 1843 5229; x_wconf 89' lang='lat' dir='ltr'><strong>responsum</strong></span> <span class='ocrx_word' id='word_1_750' title='bbox 1873 5160 1986 5215; x_wconf 86' lang='lat' dir='ltr'><strong>Dei.</strong></span> <span class='ocrx_word' id='word_1_751' title='bbox 2023 5177 2042 5210; x_wconf 74' lang='grc' dir='ltr'><strong><em>ι</em></strong></span> 
     </span>
    </p>
   </div>
   <div class='ocr_carea' id='block_1_99' title="bbox 479 5248 2046 5326">
    <p class='ocr_par' dir='ltr' id='par_1_99' title="bbox 479 5248 2046 5326">
     <span class='ocr_line' id='line_1_99' title="bbox 479 5248 2046 5326; baseline -0.008 -11"><span class='ocrx_word' id='word_1_752' title='bbox 479 5264 650 5321; x_wconf 79' lang='lat' dir='ltr'><strong>Erant</strong></span> <span class='ocrx_word' id='word_1_753' title='bbox 678 5257 771 5313; x_wconf 91' lang='lat' dir='ltr'><strong>illo</strong></span> <span class='ocrx_word' id='word_1_754' title='bbox 799 5264 1044 5326; x_wconf 86' lang='lat' dir='ltr'><strong>tempore</strong></span> <span class='ocrx_word' id='word_1_755' title='bbox 1065 5252 1542 5324; x_wconf 60' lang='lat' dir='ltr'><strong>pseudoprophetis</strong></span> <span class='ocrx_word' id='word_1_756' title='bbox 1564 5250 1617 5306; x_wconf 91' lang='lat' dir='ltr'><strong>in</strong></span> <span class='ocrx_word' id='word_1_757' title='bbox 1640 5250 1838 5321; x_wconf 92' lang='lat' dir='ltr'><strong>populo</strong></span> <span class='ocrx_word' id='word_1_758' title='bbox 1861 5248 2046 5312; x_wconf 86' lang='lat' dir='ltr'><strong>lsrael,</strong></span> 
     </span>
    </p>
   </div>
   <div class='ocr_carea' id='block_1_100' title="bbox 462 5340 2048 5421">
    <p class='ocr_par' dir='ltr' id='par_1_100' title="bbox 462 5340 2048 5421">
     <span class='ocr_line' id='line_1_100' title="bbox 462 5340 2048 5421; baseline -0.005 -20"><span class='ocrx_word' id='word_1_759' title='bbox 462 5349 573 5421; x_wconf 62' lang='grc' dir='ltr'><strong>«(1ἰί</strong></span> <span class='ocrx_word' id='word_1_760' title='bbox 602 5354 663 5402; x_wconf 93' lang='lat' dir='ltr'><strong>ut</strong></span> <span class='ocrx_word' id='word_1_761' title='bbox 690 5346 760 5403; x_wconf 80' lang='lat' dir='ltr'><strong>ab</strong></span> <span class='ocrx_word' id='word_1_762' title='bbox 791 5345 873 5402; x_wconf 84' lang='lat' dir='ltr'><strong>eis</strong></span> <span class='ocrx_word' id='word_1_763' title='bbox 899 5344 1039 5400; x_wconf 87' lang='lat' dir='ltr'><strong>dona</strong></span> <span class='ocrx_word' id='word_1_764' title='bbox 1068 5342 1395 5413; x_wconf 87' lang='lat' dir='ltr'><strong>accipereut,</strong></span> <span class='ocrx_word' id='word_1_765' title='bbox 1432 5340 1797 5412; x_wconf 74' lang='lat' dir='ltr'><strong>pmdicabant</strong></span> <span class='ocrx_word' id='word_1_766' title='bbox 1829 5353 2013 5409; x_wconf 84' lang='lat' dir='ltr'><strong>pacem</strong></span> <span class='ocrx_word' id='word_1_767' title='bbox 2031 5376 2048 5402; x_wconf 92' lang='lat'><strong>,</strong></span> 
     </span>
    </p>
   </div>
   <div class='ocr_carea' id='block_1_101' title="bbox 480 5431 2048 5509">
    <p class='ocr_par' dir='ltr' id='par_1_101' title="bbox 480 5431 2048 5509">
     <span class='ocr_line' id='line_1_101' title="bbox 480 5431 2048 5509; baseline -0.008 -10"><span class='ocrx_word' id='word_1_768' title='bbox 480 5455 606 5509; x_wconf 62' lang='lat' dir='ltr'><strong>qua!</strong></span> <span class='ocrx_word' id='word_1_769' title='bbox 632 5438 721 5496; x_wconf 81' lang='lat' dir='ltr'><strong>eis</strong></span> <span class='ocrx_word' id='word_1_770' title='bbox 753 5438 878 5496; x_wconf 83' lang='lat' dir='ltr'><strong>data</strong></span> <span class='ocrx_word' id='word_1_771' title='bbox 922 5452 1029 5494; x_wconf 89' lang='lat' dir='ltr'><strong>non</strong></span> <span class='ocrx_word' id='word_1_772' title='bbox 1072 5444 1211 5493; x_wconf 88' lang='lat' dir='ltr'><strong>erat.</strong></span> <span class='ocrx_word' id='word_1_773' title='bbox 1249 5434 1364 5492; x_wconf 86' lang='lat' dir='ltr'><strong>Hoc</strong></span> <span class='ocrx_word' id='word_1_774' title='bbox 1402 5443 1485 5491; x_wconf 90' lang='lat' dir='ltr'><strong>est</strong></span> <span class='ocrx_word' id='word_1_775' title='bbox 1520 5434 1664 5489; x_wconf 92' lang='lat' dir='ltr'><strong>enim</strong></span> <span class='ocrx_word' id='word_1_776' title='bbox 1698 5432 1841 5503; x_wconf 91' lang='lat' dir='ltr'><strong>quod</strong></span> <span class='ocrx_word' id='word_1_777' title='bbox 1878 5431 2048 5487; x_wconf 89' lang='lat' dir='ltr'><strong>dicit:</strong></span> 
     </span>
    </p>
   </div>
   <div class='ocr_carea' id='block_1_102' title="bbox 498 5526 2048 5598">
    <p class='ocr_par' dir='ltr' id='par_1_102' title="bbox 498 5526 2048 5598">
     <span class='ocr_line' id='line_1_102' title="bbox 498 5526 2048 5598; baseline -0.008 -6"><span class='ocrx_word' id='word_1_778' title='bbox 498 5556 520 5592; x_wconf 75' lang='grc' dir='ltr'>ι</span> <span class='ocrx_word' id='word_1_779' title='bbox 546 5530 793 5590; x_wconf 73' lang='lat' dir='ltr'><strong>mordent</strong></span> <span class='ocrx_word' id='word_1_780' title='bbox 831 5528 1114 5597; x_wconf 85' lang='lat' dir='ltr'><strong>dentibus,</strong></span> <span class='ocrx_word' id='word_1_781' title='bbox 1145 5549 1164 5582; x_wconf 71' lang='grc' dir='ltr'><strong><em>ι</em></strong></span> <span class='ocrx_word' id='word_1_782' title='bbox 1212 5538 1273 5589; x_wconf 89' lang='lat' dir='ltr'><strong>ut</strong></span> <span class='ocrx_word' id='word_1_783' title='bbox 1312 5527 1627 5584; x_wconf 85' lang='lat' dir='ltr'><strong>aviditatem</strong></span> <span class='ocrx_word' id='word_1_784' title='bbox 1671 5526 2048 5598; x_wconf 87' lang='lat' dir='ltr'><strong>accipientium</strong></span> 
     </span>
    </p>
   </div>
   <div class='ocr_carea' id='block_1_103' title="bbox 476 5619 2075 5697">
    <p class='ocr_par' dir='ltr' id='par_1_103' title="bbox 476 5619 2075 5697">
     <span class='ocr_line' id='line_1_103' title="bbox 476 5619 2075 5697; baseline -0.008 -10"><span class='ocrx_word' id='word_1_785' title='bbox 476 5622 749 5687; x_wconf 80' lang='lat' dir='ltr'><strong>ostendat.</strong></span> <span class='ocrx_word' id='word_1_786' title='bbox 771 5620 828 5682; x_wconf 86' lang='lat' dir='ltr'><strong>Si</strong></span> <span class='ocrx_word' id='word_1_787' title='bbox 841 5623 963 5697; x_wconf 85' lang='lat' dir='ltr'><strong>quis</strong></span> <span class='ocrx_word' id='word_1_788' title='bbox 974 5637 1106 5681; x_wconf 88' lang='lat' dir='ltr'><strong>vero</strong></span> <span class='ocrx_word' id='word_1_789' title='bbox 1125 5620 1255 5680; x_wconf 87' lang='lat' dir='ltr'><strong>nihil</strong></span> <span class='ocrx_word' id='word_1_790' title='bbox 1276 5621 1359 5677; x_wconf 85' lang='lat' dir='ltr'><strong>eis</strong></span> <span class='ocrx_word' id='word_1_791' title='bbox 1376 5619 1632 5684; x_wconf 86' lang='lat' dir='ltr'><strong>dedisset,</strong></span> <span class='ocrx_word' id='word_1_792' title='bbox 1648 5619 1891 5691; x_wconf 85' lang='lat' dir='ltr'><strong>quamvis</strong></span> <span class='ocrx_word' id='word_1_793' title='bbox 1910 5620 2075 5676; x_wconf 77' lang='lat' dir='ltr'><strong>esset</strong></span> 
     </span>
    </p>
   </div>
   <div class='ocr_carea' id='block_1_104' title="bbox 484 5709 2047 5788">
    <p class='ocr_par' dir='ltr' id='par_1_104' title="bbox 484 5709 2047 5788">
     <span class='ocr_line' id='line_1_104' title="bbox 484 5709 2047 5788; baseline -0.005 -16"><span class='ocrx_word' id='word_1_794' title='bbox 484 5723 728 5780; x_wconf 73' lang='lat' dir='ltr'><strong>sanctus,</strong></span> <span class='ocrx_word' id='word_1_795' title='bbox 753 5715 1188 5788; x_wconf 70' lang='lat' dir='ltr'><strong>pmmuntiabaut</strong></span> <span class='ocrx_word' id='word_1_796' title='bbox 1210 5714 1349 5770; x_wconf 87' lang='lat' dir='ltr'><strong>iram</strong></span> <span class='ocrx_word' id='word_1_797' title='bbox 1373 5710 1466 5768; x_wconf 91' lang='lat' dir='ltr'><strong>Dei</strong></span> <span class='ocrx_word' id='word_1_798' title='bbox 1501 5709 1577 5767; x_wconf 87' lang='lat' dir='ltr'><strong>illi</strong></span> <span class='ocrx_word' id='word_1_799' title='bbox 1603 5725 1724 5768; x_wconf 87' lang='lat' dir='ltr'><strong>esse</strong></span> <span class='ocrx_word' id='word_1_800' title='bbox 1750 5719 2047 5768; x_wconf 88' lang='lat' dir='ltr'><strong>venturam.</strong></span> 
     </span>
    </p>
   </div>
   <div class='ocr_carea' id='block_1_105' title="bbox 489 5801 2054 5889">
    <p class='ocr_par' dir='ltr' id='par_1_105' title="bbox 489 5801 2054 5889">
     <span class='ocr_line' id='line_1_105' title="bbox 489 5801 2054 5889; baseline -0.006 -22"><span class='ocrx_word' id='word_1_801' title='bbox 489 5803 639 5889; x_wconf 77' lang='lat' dir='ltr'><strong>Unde</strong></span> <span class='ocrx_word' id='word_1_802' title='bbox 669 5808 817 5875; x_wconf 78' lang='lat' dir='ltr'><strong>dicit,</strong></span> <span class='ocrx_word' id='word_1_803' title='bbox 834 5808 976 5879; x_wconf 83' lang='lat' dir='ltr'><strong>quod</strong></span> <span class='ocrx_word' id='word_1_804' title='bbox 1005 5820 1185 5879; x_wconf 79' lang='lat' dir='ltr'><strong>sermo</strong></span> <span class='ocrx_word' id='word_1_805' title='bbox 1211 5817 1527 5869; x_wconf 83' lang='lat' dir='ltr'><strong>eorumnon</strong></span> <span class='ocrx_word' id='word_1_806' title='bbox 1544 5802 1612 5859; x_wconf 84' lang='lat' dir='ltr'><strong>sit</strong></span> <span class='ocrx_word' id='word_1_807' title='bbox 1636 5801 1931 5877; x_wconf 72' lang='lat' dir='ltr'><strong>prophetia,</strong></span> <span class='ocrx_word' id='word_1_808' title='bbox 1960 5802 2054 5858; x_wconf 84' lang='lat' dir='ltr'><strong>sed</strong></span> 
     </span>
    </p>
   </div>
   <div class='ocr_carea' id='block_1_106' title="bbox 2150 4712 3609 4787">
    <p class='ocr_par' dir='ltr' id='par_1_106' title="bbox 2150 4712 3609 4787">
     <span class='ocr_line' id='line_1_106' title="bbox 2150 4712 3609 4787; baseline 0.005 -19"><span class='ocrx_word' id='word_1_809' title='bbox 2150 4715 2429 4785; x_wconf 87' lang='lat' dir='ltr'><strong>propheta,</strong></span> <span class='ocrx_word' id='word_1_810' title='bbox 2455 4715 2564 4769; x_wconf 91' lang='lat' dir='ltr'><strong>imo</strong></span> <span class='ocrx_word' id='word_1_811' title='bbox 2592 4715 2849 4771; x_wconf 91' lang='lat' dir='ltr'><strong>Dominus</strong></span> <span class='ocrx_word' id='word_1_812' title='bbox 2874 4730 2973 4786; x_wconf 91' lang='lat' dir='ltr'><strong>per</strong></span> <span class='ocrx_word' id='word_1_813' title='bbox 2996 4717 3334 4787; x_wconf 89' lang='lat' dir='ltr'><strong>prophetam,</strong></span> <span class='ocrx_word' id='word_1_814' title='bbox 3362 4724 3414 4771; x_wconf 89' lang='lat' dir='ltr'><strong>et</strong></span> <span class='ocrx_word' id='word_1_815' title='bbox 3442 4712 3609 4775; x_wconf 81' lang='lat' dir='ltr'><strong>dicit:</strong></span> 
     </span>
    </p>
   </div>
   <div class='ocr_carea' id='block_1_107' title="bbox 2227 4805 3726 4878">
    <p class='ocr_par' dir='ltr' id='par_1_107' title="bbox 2227 4805 3726 4878">
     <span class='ocr_line' id='line_1_107' title="bbox 2227 4805 3726 4878; baseline 0.001 -20"><span class='ocrx_word' id='word_1_816' title='bbox 2227 4824 2248 4858; x_wconf 71' lang='grc' dir='ltr'>ι</span> <span class='ocrx_word' id='word_1_817' title='bbox 2274 4805 2502 4878; x_wconf 80' lang='lat' dir='ltr'><strong>Propter</strong></span> <span class='ocrx_word' id='word_1_818' title='bbox 2529 4805 2632 4863; x_wconf 88' lang='lat' dir='ltr'><strong>hoc</strong></span> <span class='ocrx_word' id='word_1_819' title='bbox 2659 4820 2823 4861; x_wconf 90' lang='lat' dir='ltr'><strong>causa</strong></span> <span class='ocrx_word' id='word_1_820' title='bbox 2849 4807 3012 4861; x_wconf 83' lang='lat' dir='ltr'><strong>vestri</strong></span> <span class='ocrx_word' id='word_1_821' title='bbox 3045 4807 3173 4862; x_wconf 87' lang='lat' dir='ltr'><strong>Sion</strong></span> <span class='ocrx_word' id='word_1_822' title='bbox 3206 4807 3357 4877; x_wconf 82' lang='lat' dir='ltr'><strong>quasi</strong></span> <span class='ocrx_word' id='word_1_823' title='bbox 3388 4821 3516 4877; x_wconf 75' lang='lat' dir='ltr'><strong>ager</strong></span> <span class='ocrx_word' id='word_1_824' title='bbox 3542 4806 3726 4860; x_wconf 88' lang='lat' dir='ltr'><strong>arabi-</strong></span> 
     </span>
    </p>
   </div>
   <div class='ocr_carea' id='block_1_108' title="bbox 2151 4893 3727 4965">
    <p class='ocr_par' dir='ltr' id='par_1_108' title="bbox 2151 4893 3727 4965">
     <span class='ocr_line' id='line_1_108' title="bbox 2151 4893 3727 4965; baseline 0.002 -17"><span class='ocrx_word' id='word_1_825' title='bbox 2151 4902 2262 4960; x_wconf 88' lang='lat' dir='ltr'><strong>tur,</strong></span> <span class='ocrx_word' id='word_1_826' title='bbox 2306 4903 2369 4952; x_wconf 80' lang='lat' dir='ltr'><strong>et.</strong></span> <span class='ocrx_word' id='word_1_827' title='bbox 2406 4893 2736 4949; x_wconf 85' lang='lat' dir='ltr'><strong>Hierusalem</strong></span> <span class='ocrx_word' id='word_1_828' title='bbox 2765 4894 2917 4963; x_wconf 88' lang='lat' dir='ltr'><strong>quasi</strong></span> <span class='ocrx_word' id='word_1_829' title='bbox 2949 4910 3174 4950; x_wconf 89' lang='lat' dir='ltr'><strong>acervus</strong></span> <span class='ocrx_word' id='word_1_830' title='bbox 3207 4894 3443 4965; x_wconf 89' lang='lat' dir='ltr'><strong>lapidum</strong></span> <span class='ocrx_word' id='word_1_831' title='bbox 3482 4895 3619 4957; x_wconf 86' lang='lat' dir='ltr'><strong>erit,</strong></span> <span class='ocrx_word' id='word_1_832' title='bbox 3665 4905 3727 4951; x_wconf 80' lang='lat' dir='ltr'><strong>et</strong></span> 
     </span>
    </p>
   </div>
   <div class='ocr_carea' id='block_1_109' title="bbox 2154 4983 3725 5054">
    <p class='ocr_par' dir='ltr' id='par_1_109' title="bbox 2154 4983 3725 5054">
     <span class='ocr_line' id='line_1_109' title="bbox 2154 4983 3725 5054; baseline -0.001 -13"><span class='ocrx_word' id='word_1_833' title='bbox 2154 5001 2311 5041; x_wconf 88' lang='lat' dir='ltr'><strong>mons</strong></span> <span class='ocrx_word' id='word_1_834' title='bbox 2339 4983 2521 5053; x_wconf 80' lang='lat' dir='ltr'><strong>templi</strong></span> <span class='ocrx_word' id='word_1_835' title='bbox 2549 4984 2602 5039; x_wconf 94' lang='lat' dir='ltr'><strong>in</strong></span> <span class='ocrx_word' id='word_1_836' title='bbox 2627 4985 2840 5041; x_wconf 79' lang='lat' dir='ltr'><strong>excelsa</strong></span> <span class='ocrx_word' id='word_1_837' title='bbox 2861 4985 3140 5041; x_wconf 84' lang='lat' dir='ltr'><strong>silvarum.</strong></span> <span class='ocrx_word' id='word_1_838' title='bbox 3171 5005 3189 5036; x_wconf 71' lang='grc' dir='ltr'><strong>ι</strong></span> <span class='ocrx_word' id='word_1_839' title='bbox 3234 4985 3398 5040; x_wconf 84' lang='lat' dir='ltr'><strong>Docet</strong></span> <span class='ocrx_word' id='word_1_840' title='bbox 3424 4985 3550 5054; x_wconf 87' lang='lat' dir='ltr'><strong>quia</strong></span> <span class='ocrx_word' id='word_1_841' title='bbox 3579 4993 3725 5040; x_wconf 88' lang='lat' dir='ltr'><strong>tem-</strong></span> 
     </span>
    </p>
   </div>
   <div class='ocr_carea' id='block_1_110' title="bbox 2152 5075 3727 5147">
    <p class='ocr_par' dir='ltr' id='par_1_110' title="bbox 2152 5075 3727 5147">
     <span class='ocr_line' id='line_1_110' title="bbox 2152 5075 3727 5147; baseline 0.001 -18"><span class='ocrx_word' id='word_1_842' title='bbox 2152 5076 2297 5147; x_wconf 82' lang='lat' dir='ltr'><strong>plum</strong></span> <span class='ocrx_word' id='word_1_843' title='bbox 2324 5075 2441 5139; x_wconf 86' lang='lat' dir='ltr'><strong>Dei,</strong></span> <span class='ocrx_word' id='word_1_844' title='bbox 2469 5075 2612 5144; x_wconf 89' lang='lat' dir='ltr'><strong>quod</strong></span> <span class='ocrx_word' id='word_1_845' title='bbox 2642 5077 2794 5146; x_wconf 82' lang='lat' dir='ltr'><strong>prius</strong></span> <span class='ocrx_word' id='word_1_846' title='bbox 2823 5092 2958 5132; x_wconf 79' lang='lat' dir='ltr'><strong>auro</strong></span> <span class='ocrx_word' id='word_1_847' title='bbox 2982 5086 3036 5133; x_wconf 88' lang='lat' dir='ltr'><strong>et</strong></span> <span class='ocrx_word' id='word_1_848' title='bbox 3063 5077 3326 5147; x_wconf 72' lang='lat' dir='ltr'><strong>lapidibus</strong></span> <span class='ocrx_word' id='word_1_849' title='bbox 3350 5078 3598 5147; x_wconf 88' lang='lat' dir='ltr'><strong>pretiosis</strong></span> <span class='ocrx_word' id='word_1_850' title='bbox 3620 5076 3727 5131; x_wconf 83' lang='lat' dir='ltr'><strong>ful-</strong></span> 
     </span>
    </p>
   </div>
   <div class='ocr_carea' id='block_1_111' title="bbox 2150 5166 3729 5239">
    <p class='ocr_par' dir='ltr' id='par_1_111' title="bbox 2150 5166 3729 5239">
     <span class='ocr_line' id='line_1_111' title="bbox 2150 5166 3729 5239; baseline 0.002 -18"><span class='ocrx_word' id='word_1_851' title='bbox 2150 5168 2345 5239; x_wconf 69' lang='lat' dir='ltr'><strong>gebat,</strong></span> <span class='ocrx_word' id='word_1_852' title='bbox 2392 5166 2445 5221; x_wconf 92' lang='lat' dir='ltr'><strong>in</strong></span> <span class='ocrx_word' id='word_1_853' title='bbox 2495 5167 2683 5223; x_wconf 89' lang='lat' dir='ltr'><strong>ruinas</strong></span> <span class='ocrx_word' id='word_1_854' title='bbox 2728 5177 3005 5224; x_wconf 73' lang='lat' dir='ltr'><strong>extremas</strong></span> <span class='ocrx_word' id='word_1_855' title='bbox 3047 5169 3418 5225; x_wconf 81' lang='lat' dir='ltr'><strong>deducendum</strong></span> <span class='ocrx_word' id='word_1_856' title='bbox 3462 5170 3550 5224; x_wconf 88' lang='lat' dir='ltr'><strong>sit.</strong></span> <span class='ocrx_word' id='word_1_857' title='bbox 3594 5168 3729 5224; x_wconf 64' lang='lat' dir='ltr'><strong>Haec</strong></span> 
     </span>
    </p>
   </div>
   <div class='ocr_carea' id='block_1_112' title="bbox 2152 5257 3729 5332">
    <p class='ocr_par' dir='ltr' id='par_1_112' title="bbox 2152 5257 3729 5332">
     <span class='ocr_line' id='line_1_112' title="bbox 2152 5257 3729 5332; baseline 0.002 -20"><span class='ocrx_word' id='word_1_858' title='bbox 2152 5257 2337 5320; x_wconf 84' lang='lat' dir='ltr'><strong>omnia</strong></span> <span class='ocrx_word' id='word_1_859' title='bbox 2365 5257 2707 5329; x_wconf 82' lang='lat' dir='ltr'><strong>contigerunt</strong></span> <span class='ocrx_word' id='word_1_860' title='bbox 2734 5257 2957 5325; x_wconf 76' lang='lat' dir='ltr'><strong>Judaeis,</strong></span> <span class='ocrx_word' id='word_1_861' title='bbox 2984 5267 3204 5332; x_wconf 84' lang='lat' dir='ltr'><strong>propter</strong></span> <span class='ocrx_word' id='word_1_862' title='bbox 3224 5275 3288 5315; x_wconf 87' lang='lat' dir='ltr'><strong>ea</strong></span> <span class='ocrx_word' id='word_1_863' title='bbox 3312 5274 3431 5330; x_wconf 71' lang='lat' dir='ltr'><strong>quae</strong></span> <span class='ocrx_word' id='word_1_864' title='bbox 3458 5274 3618 5330; x_wconf 88' lang='lat' dir='ltr'><strong>supra</strong></span> <span class='ocrx_word' id='word_1_865' title='bbox 3642 5260 3729 5315; x_wconf 89' lang='lat' dir='ltr'><strong>di-</strong></span> 
     </span>
    </p>
   </div>
   <div class='ocr_carea' id='block_1_113' title="bbox 2151 5353 3726 5425">
    <p class='ocr_par' dir='ltr' id='par_1_113' title="bbox 2151 5353 3726 5425">
     <span class='ocr_line' id='line_1_113' title="bbox 2151 5353 3726 5425; baseline 0 -14"><span class='ocrx_word' id='word_1_866' title='bbox 2151 5363 2239 5411; x_wconf 85' lang='lat' dir='ltr'><strong>cta</strong></span> <span class='ocrx_word' id='word_1_867' title='bbox 2266 5362 2423 5421; x_wconf 83' lang='lat' dir='ltr'><strong>sunt,</strong></span> <span class='ocrx_word' id='word_1_868' title='bbox 2464 5361 2519 5409; x_wconf 89' lang='lat' dir='ltr'><strong>et</strong></span> <span class='ocrx_word' id='word_1_869' title='bbox 2555 5353 2793 5410; x_wconf 80' lang='lat' dir='ltr'><strong>maxime</strong></span> <span class='ocrx_word' id='word_1_870' title='bbox 2833 5364 3052 5425; x_wconf 84' lang='lat' dir='ltr'><strong>propter</strong></span> <span class='ocrx_word' id='word_1_871' title='bbox 3098 5354 3412 5412; x_wconf 78' lang='lat' dir='ltr'><strong>eﬂ‘usionem</strong></span> <span class='ocrx_word' id='word_1_872' title='bbox 3457 5354 3726 5411; x_wconf 85' lang='lat' dir='ltr'><strong>Dominici</strong></span> 
     </span>
    </p>
   </div>
   <div class='ocr_carea' id='block_1_114' title="bbox 2155 5441 3729 5516">
    <p class='ocr_par' dir='ltr' id='par_1_114' title="bbox 2155 5441 3729 5516">
     <span class='ocr_line' id='line_1_114' title="bbox 2155 5441 3729 5516; baseline 0.001 -17"><span class='ocrx_word' id='word_1_873' title='bbox 2155 5442 2453 5516; x_wconf 69' lang='lat' dir='ltr'><strong>sanguinis.</strong></span> <span class='ocrx_word' id='word_1_874' title='bbox 2479 5441 2715 5500; x_wconf 83' lang='lat' dir='ltr'><strong>Possunt</strong></span> <span class='ocrx_word' id='word_1_875' title='bbox 2743 5443 2861 5500; x_wconf 55' lang='lat' dir='ltr'><strong>haec</strong></span> <span class='ocrx_word' id='word_1_876' title='bbox 2893 5443 3170 5501; x_wconf 85' lang='lat' dir='ltr'><strong>moraliter</strong></span> <span class='ocrx_word' id='word_1_877' title='bbox 3202 5444 3393 5501; x_wconf 82' lang='lat' dir='ltr'><strong>referri</strong></span> <span class='ocrx_word' id='word_1_878' title='bbox 3433 5445 3501 5500; x_wconf 83' lang='lat' dir='ltr'><strong>ad</strong></span> <span class='ocrx_word' id='word_1_879' title='bbox 3538 5445 3729 5501; x_wconf 73' lang='lat' dir='ltr'><strong>Eccle-</strong></span> 
     </span>
    </p>
   </div>
   <div class='ocr_carea' id='block_1_115' title="bbox 2155 5532 3726 5602">
    <p class='ocr_par' dir='ltr' id='par_1_115' title="bbox 2155 5532 3726 5602">
     <span class='ocr_line' id='line_1_115' title="bbox 2155 5532 3726 5602; baseline -0.001 -14"><span class='ocrx_word' id='word_1_880' title='bbox 2155 5532 2316 5593; x_wconf 84' lang='lat' dir='ltr'><strong>siam.</strong></span> <span class='ocrx_word' id='word_1_881' title='bbox 2347 5532 2465 5602; x_wconf 85' lang='lat' dir='ltr'><strong>ipsa</strong></span> <span class='ocrx_word' id='word_1_882' title='bbox 2495 5540 2579 5589; x_wconf 85' lang='lat' dir='ltr'><strong>est</strong></span> <span class='ocrx_word' id='word_1_883' title='bbox 2607 5532 2753 5595; x_wconf 86' lang='lat' dir='ltr'><strong>enim</strong></span> <span class='ocrx_word' id='word_1_884' title='bbox 2792 5536 2984 5590; x_wconf 90' lang='lat' dir='ltr'><strong>domus</strong></span> <span class='ocrx_word' id='word_1_885' title='bbox 3011 5532 3180 5590; x_wconf 81' lang='lat' dir='ltr'><strong>Jacoh</strong></span> <span class='ocrx_word' id='word_1_886' title='bbox 3213 5542 3270 5590; x_wconf 92' lang='lat' dir='ltr'><strong>et</strong></span> <span class='ocrx_word' id='word_1_887' title='bbox 3306 5534 3499 5591; x_wconf 89' lang='lat' dir='ltr'><strong>domus</strong></span> <span class='ocrx_word' id='word_1_888' title='bbox 3532 5534 3726 5591; x_wconf 83' lang='lat' dir='ltr'><strong>Israel.</strong></span> 
     </span>
    </p>
   </div>
   <div class='ocr_carea' id='block_1_116' title="bbox 2156 5610 3726 5699">
    <p class='ocr_par' dir='ltr' id='par_1_116' title="bbox 2156 5610 3726 5699">
     <span class='ocr_line' id='line_1_116' title="bbox 2156 5610 3726 5699; baseline 0.004 -21"><span class='ocrx_word' id='word_1_889' title='bbox 2156 5620 2300 5680; x_wconf 89' lang='lat' dir='ltr'><strong>Dicit</strong></span> <span class='ocrx_word' id='word_1_890' title='bbox 2320 5638 2451 5697; x_wconf 76' lang='lat' dir='ltr'><strong>ergo</strong></span> <span class='ocrx_word' id='word_1_891' title='bbox 2471 5623 2539 5683; x_wconf 90' lang='lat' dir='ltr'><strong>de</strong></span> <span class='ocrx_word' id='word_1_892' title='bbox 2558 5625 2830 5696; x_wconf 83' lang='lat' dir='ltr'><strong>perversis</strong></span> <span class='ocrx_word' id='word_1_893' title='bbox 2855 5624 3169 5685; x_wconf 87' lang='lat' dir='ltr'><strong>doctoribus</strong></span> <span class='ocrx_word' id='word_1_894' title='bbox 3195 5634 3252 5682; x_wconf 88' lang='lat' dir='ltr'><strong>et</strong></span> <span class='ocrx_word' id='word_1_895' title='bbox 3273 5610 3606 5699; x_wconf 80' lang='lat' dir='ltr'><strong>principibus</strong></span> <span class='ocrx_word' id='word_1_896' title='bbox 3628 5640 3726 5685; x_wconf 77' lang='lat' dir='ltr'><strong>seu</strong></span> 
     </span>
    </p>
   </div>
   <div class='ocr_carea' id='block_1_117' title="bbox 2152 5702 3743 5787">
    <p class='ocr_par' dir='ltr' id='par_1_117' title="bbox 2152 5702 3743 5787">
     <span class='ocr_line' id='line_1_117' title="bbox 2152 5702 3743 5787; baseline 0.004 -19"><span class='ocrx_word' id='word_1_897' title='bbox 2152 5712 2425 5783; x_wconf 90' lang='lat' dir='ltr'><strong>judicibus</strong></span> <span class='ocrx_word' id='word_1_898' title='bbox 2453 5710 2740 5781; x_wconf 57' lang='lat' dir='ltr'><strong>Ecclesiae,</strong></span> <span class='ocrx_word' id='word_1_899' title='bbox 2787 5715 2877 5787; x_wconf 86' lang='lat' dir='ltr'><strong>qui</strong></span> <span class='ocrx_word' id='word_1_900' title='bbox 2919 5712 3045 5775; x_wconf 86' lang='lat' dir='ltr'><strong>cum</strong></span> <span class='ocrx_word' id='word_1_901' title='bbox 3072 5715 3171 5786; x_wconf 86' lang='lat' dir='ltr'><strong>ipsi</strong></span> <span class='ocrx_word' id='word_1_902' title='bbox 3202 5713 3339 5773; x_wconf 86' lang='lat' dir='ltr'><strong>mala</strong></span> <span class='ocrx_word' id='word_1_903' title='bbox 3364 5710 3488 5787; x_wconf 73' lang='lat' dir='ltr'><strong>qua:</strong></span> <span class='ocrx_word' id='word_1_904' title='bbox 3516 5702 3743 5785; x_wconf 28' lang='lat' dir='ltr'><strong>possiiit,</strong></span> 
     </span>
    </p>
   </div>
   <div class='ocr_carea' id='block_1_118' title="bbox 2161 5801 3726 5879">
    <p class='ocr_par' dir='ltr' id='par_1_118' title="bbox 2161 5801 3726 5879">
     <span class='ocr_line' id='line_1_118' title="bbox 2161 5801 3726 5879; baseline 0.003 -23"><span class='ocrx_word' id='word_1_905' title='bbox 2161 5802 2396 5869; x_wconf 87' lang='lat' dir='ltr'><strong>faciant,</strong></span> <span class='ocrx_word' id='word_1_906' title='bbox 2441 5804 2784 5878; x_wconf 83' lang='lat' dir='ltr'><strong>requiescunt</strong></span> <span class='ocrx_word' id='word_1_907' title='bbox 2830 5820 2990 5877; x_wconf 88' lang='lat' dir='ltr'><strong>super</strong></span> <span class='ocrx_word' id='word_1_908' title='bbox 3032 5803 3313 5869; x_wconf 83' lang='lat' dir='ltr'><strong>Dominum</strong></span> <span class='ocrx_word' id='word_1_909' title='bbox 3340 5846 3353 5871; x_wconf 93' lang='lat'><strong>,</strong></span> <span class='ocrx_word' id='word_1_910' title='bbox 3382 5813 3437 5864; x_wconf 85' lang='lat' dir='ltr'><strong>et</strong></span> <span class='ocrx_word' id='word_1_911' title='bbox 3472 5820 3606 5871; x_wconf 74' lang='lat' dir='ltr'><strong>vana</strong></span> <span class='ocrx_word' id='word_1_912' title='bbox 3631 5801 3726 5879; x_wconf 73' lang='lat' dir='ltr'><strong>apo</strong></span> 
     </span>
    </p>
   </div>
  </div>
