4022 6440
238 435 343 491 ιω

1163 430 1562 489 ΕὕΑΒῙὶᾹΤΙΟ
1602 430 1670 485 ιΝ
1708 428 2046 486 ΜΙΟΠΞΑΜ
2082 430 2537 499 'PROPHETAM‘.

2958 380 2965 405 ἕ

232 562 493 624 prospera
515 548 618 604 sibi
642 547 709 603 de
728 546 846 618 ejus
867 546 1151 604 clementia
1171 547 1513 620 pollicentur,
1532 546 1807 602 dicentes:
1840 547 1887 607 Α
1916 546 2102 602 hastas
2137 563 2263 604 suas
2298 550 2350 604 in
2387 549 2609 622 ligones.
2651 552 2769 608 Non
2822 562 2997 609 sumet
3040 570 3173 627 gens
3199 555 3485 615 adversum

239 661 258 699 ι
282 639 407 709 Non
435 637 655 695 venient
689 651 849 706 super
878 651 976 692 nos
1006 635 1164 691 mala.
1198 656 1218 690 ι

844 791 1069 854 CAPUT
1106 792 1193 847 IV.

315 928 334 963 α
361 909 429 965 Et
455 908 591 964 erit:
615 907 667 962 in
707 905 1006 961 novissimo
1042 905 1251 960 dierum
1286 904 1392 959 erit
1425 920 1580 971 mons
1617 906 1809 961 domus

231 1003 466 1065 Domini,
497 1008 830 1070 prteparatus
859 998 911 1053 in
942 998 1147 1053 vertice
1175 998 1460 1062 montium,
1485 1008 1537 1052 et
1563 996 1809 1054 sublimis

230 1108 397 1166 super
416 1091 601 1155 colles,
629 1099 684 1144 et
711 1089 878 1144 tluent
900 1088 967 1143 ad
992 1103 1116 1143 eum
1140 1087 1340 1159 populi,
1367 1096 1422 1142 et
1445 1088 1810 1158 properabant

229 1197 421 1259 gentes
451 1183 655 1248 multm,
702 1191 758 1251 et
803 1182 1024 1236 dicent:
1060 1181 1269 1236 Venite.
1305 1200 1321 1234 ι
1367 1180 1501 1248 Quia
1540 1181 1808 1251 principes

229 1277 536 1333 Judatorum
576 1273 871 1328 abominati
919 1278 1045 1327 sunt
1079 1269 1377 1340 judicium,
1416 1277 1470 1326 et
1502 1270 1804 1325 aediﬁcave—

231 1375 359 1424 runt
386 1365 515 1422 Sion
550 1365 603 1419 in
640 1363 1016 1435 sanguinibus,
1054 1363 1258 1418 idcirco
1308 1375 1407 1432 pro
1450 1371 1630 1417 monte
1676 1361 1805 1418 Sion

228 1460 468 1515 elevatus
489 1466 573 1514 est
593 1472 748 1513 mons
779 1455 1010 1522 Domini,
1039 1456 1101 1511 id
1118 1463 1202 1512 est
1226 1456 1495 1524 Christus.
1530 1452 1628 1519 Hic
1651 1470 1807 1510 mons

228 1561 479 1608 ostensus
518 1559 603 1606 est
647 1549 703 1604 in
748 1548 1054 1603 novissimis
1080 1547 1292 1611 diebus,
1323 1547 1424 1602 hoc
1452 1555 1567 1612 est,
1606 1546 1659 1601 in
1698 1546 1805 1601 line

227 1643 577 1708 saeculorum,
608 1641 825 1712 quando
866 1641 920 1696 in
962 1639 1255 1695 novissima
1293 1638 1473 1694 saeculi
1515 1646 1673 1693 aetate
1706 1652 1805 1708 per

226 1738 458 1805 hostiam
489 1736 782 1791 salutarem
815 1732 1062 1788 Salvator
1087 1731 1383 1805 apparuit,
1406 1731 1495 1801 qui
1529 1730 1650 1785 tulit
1676 1745 1802 1800 pec-

228 1840 351 1885 cata
377 1827 581 1883 mundi.
614 1823 955 1895 Prmparatus
981 1822 1199 1896 (inquit)
1228 1823 1359 1887 erit,
1408 1823 1462 1878 id
1506 1833 1590 1878 est
1633 1820 1803 1876 mani-

1914 647 2126 710 gentem
2172 639 2430 711 gladium,
2462 650 2517 697 et
2565 659 2671 698 non
2712 646 2921 702 discent
2952 646 3092 703 ultra
3145 647 3481 720 belligerare.

1911 731 1977 785 Et
2001 730 2206 785 sedebit
2233 731 2316 786 vir
2355 733 2544 789 subtus
2568 735 2779 791 vineam
2817 753 2995 804 suam,
3025 746 3080 794 et
3104 737 3294 796 subtus
3322 740 3482 796 ticum

1911 837 2084 888 suam,
2116 829 2172 877 et
2192 839 2297 876 non
2327 823 2431 878 erit
2453 824 2545 894 qui
2573 823 2861 882 deterreat.
2893 847 2911 880 ι
2939 828 3107 884 Omne
3130 829 3349 902 (inquit)
3371 839 3486 891 stn-

1910 914 2055 969 dium
2096 913 2444 983 belligerandi
2470 930 2536 970 eo
2579 916 2829 973 veniente
2876 920 3130 987 cessabit,
3168 931 3223 975 et
3250 919 3482 981 transfe-

1909 1012 2060 1067 retur
2083 1005 2152 1059 ad
2175 1020 2383 1075 pacem,
2417 1015 2671 1077 tantaque
2693 1008 2807 1071 erit.
2826 1010 3057 1078 requies,
3089 1020 3147 1066 ut
3175 1028 3282 1068 non
3306 1014 3481 1070 solum

1909 1096 1962 1150 in
1991 1097 2233 1161 urbibus,
2263 1098 2354 1153 sed
2385 1107 2439 1153 et
2461 1098 2514 1165 in
2553 1098 2705 1157 villis
2732 1109 2787 1155 et
2813 1101 2956 1172 agris
2985 1101 3064 1163 sit.
3079 1117 3288 1158 summa
3318 1119 3476 1162 secu-

1910 1190 2063 1254 ritas,
2096 1189 2170 1243 ita
2217 1197 2275 1244 ut
2323 1190 2508 1245 sedeat
2553 1191 2922 1263 unusquisque
2974 1185 3075 1249 su'b
3123 1195 3233 1249 vite
3274 1210 3392 1263 sua,
3419 1204 3524 1269 ut‘

1909 1293 2090 1348 supra.
2125 1297 2144 1331 ι
2181 1278 2313 1348 Quia
2347 1295 2408 1335 os
2438 1280 2648 1337 Domini
2676 1283 3011 1337 exercituum
3055 1282 3290 1340 locutum
3318 1295 3420 1343 est.
3451 1306 3473 1341 ι
3570 1282 3577 1289 “

1906 1369 2172 1441 Legamus
2224 1371 2496 1438 historias,
2551 1382 2607 1429 et
2658 1374 2995 1431 inveniemus
3050 1376 3184 1447 quia
3209 1386 3336 1433 ante
3380 1380 3478 1435 ad-

1906 1472 2124 1530 ventum
2149 1462 2348 1520 Christi
2381 1474 2524 1528 totus
2558 1476 2743 1523 contra
2773 1484 2831 1524 se
2858 1469 3128 1540 pugnabat
3149 1472 3333 1538 orbis;
3365 1472 3474 1528 fcr-

1904 1553 2309 1622 vebantomnia
2359 1564 2477 1623 tam.
2517 1559 2754 1618 externis
2793 1575 2957 1629 quam
3005 1560 3256 1616 civilibus
3300 1562 3476 1627 bellis,

1906 1658 2005 1700 nec
2026 1646 2307 1716 quisquam
2339 1647 2554 1717 impune
2590 1649 2656 1705 de
2704 1659 2861 1722 gente
2896 1650 2949 1705 in
2998 1662 3214 1726 gentem
3247 1653 3478 1709 transire

1903 1741 2133 1804 poterat.
2186 1734 2473 1805 Postquam
2518 1753 2647 1800 vero
2702 1741 2754 1794 in
2810 1741 3040 1804 adventu
3080 1758 3178 1798 suo
3230 1734 3478 1801 Christus

1903 1823 2206 1881 Romanum
2244 1827 2528 1897 imperium
2564 1831 2904 1900 prmdicando
2939 1833 3285 1906 Evangelium
3340 1850 3479 1905 prte-

226 1922 417 1983 festus,
441 1918 532 1989 qui
558 1927 683 1973 ante
705 1931 805 1987 per
825 1924 903 1971 tot
922 1915 1085 1971 millia
1110 1930 1371 1970 annorum
1397 1913 1639 1970 occultus
1661 1921 1797 1969 erat.
1829 1909 1875 1969 B
1903 1921 2113 1991 paravit
2160 1921 2467 1990 apostolica:
2512 1923 2903 2003 prmdicationi,
2932 1927 3151 1996 pervius
3178 1926 3351 1985 factus
3391 1938 3475 1986 est

228 2012 346 2069 Non
375 2011 548 2068 solum
576 2020 751 2065 autem
783 2008 838 2064 in
869 2009 1160 2074 montibus,
1185 2007 1278 2063 sed
1302 2015 1356 2062 et
1378 2022 1540 2077 super
1570 2005 1800 2062 vertices

228 2103 490 2160 montium
516 2108 845 2181 prmparatns
870 2099 993 2154 erit.
1035 2097 1242 2154 Montes
1279 2097 1478 2167 quippe
1510 2105 1636 2151 sunt
1670 2110 1799 2166 pro-

225 2196 404 2281 phetae
428 2194 615 2259 sancti,
643 2192 734 2266 qui
765 2191 890 2246 licet
915 2190 1095 2247 omnia
1127 2198 1311 2245 sancta
1338 2198 1392 2245 et
1414 2188 1483 2255 ad
1506 2189 1799 2256 humanam

221 2287 445 2342 salutem
470 2285 797 2359 pertinentia
824 2283 1274 2354 conscripserint,
1326 2289 1505 2342 tamen
1548 2280 1613 2346 ad
1651 2296 1802 2349 eom-

220 2380 553 2451 paratidnem
600 2374 759 2446 hujus
794 2376 1111 2446 prophetim,
1158 2374 1211 2429 in
1259 2386 1362 2444 qua
1402 2373 1468 2429 de
1503 2371 1802 2436 Salvatoris

219 2456 450 2527 adventu
491 2469 985 2545 prophetaverunt,
1031 2467 1252 2523 humilia
1304 2474 1430 2522 sunt
1477 2475 1697 2527 caetera,
1745 2474 1803 2529 et

219 2577 389 2630 usque
417 2560 484 2623 ad
511 2560 744 2626 vertices
770 2559 1034 2613 montium
1065 2573 1171 2613 non
1204 2556 1585 2629 pertingentia.
1629 2553 1805 2627 Super

216 2654 381 2728 colles
404 2652 675 2708 exaltatus
702 2660 783 2708 est
810 2668 964 2707 mons
993 2652 1119 2717 iste,
1158 2651 1281 2723 quia
1319 2652 1558 2706 omnium
1589 2660 1805 2706 sancto.

219 2759 341 2799 rum
369 2743 618 2815 gratiam,
647 2758 806 2798 omne
848 2741 1097 2797 meritum
1126 2740 1618 2812 supergressus‘est
1641 2740 1803 2795 homo

222 2852 253 2890 a
298 2835 469 2891 verbo
516 2833 611 2890 Dei
655 2842 981 2904 assumptus.
1028 2832 1163 2902 Quia
1210 2833 1353 2889 enim
1399 2849 1456 2889 se
1501 2832 1802 2890 lmm'riiavit

213 2943 389 3001 usque
416 2926 483 2981 ad
507 2934 757 2989 mortem,
785 2925 1049 2981 exultavit
1075 2940 1197 2980 eum
1232 2924 1370 2980 Deus
1398 2924 1581 2991 Pater,
1618 2934 1673 2981 et
1702 2925 1802 2981 do-

211 3016 369 3086 navit
402 3015 477 3082 illi
518 3029 712 3070 nomen
750 3014 894 3097 quod
931 3022 1015 3070 est
1051 3028 1214 3084 super
1247 3030 1408 3068 omne
1445 3030 1662 3069 nomen.
1713 3014 1793 3069 Ad

210 3114 361 3173 hunc
396 3114 632 3169 montem
667 3105 1152 3175 congregabuntur,
1193 3102 1277 3159 vel
1314 3102 1406 3174 (ut
1445 3102 1799 3174 Septuaginta

208 3197 439 3269 dicunt)
472 3194 638 3252 liuent
662 3211 848 3251 omnes
878 3203 1083 3268 gentes,
1115 3205 1169 3250 et
1197 3194 1247 3249 in
1280 3210 1483 3249 morem
1511 3193 1794 3248 ﬂuviorum

1902 2008 2068 2067 orbis.
2095 2011 2445 2085 Tropologice
2478 2016 2714 2070 concisio
2735 2016 3030 2088 gladiorum
3061 2030 3115 2074 et
3140 2019 3474 2087 laneearum,

1901 2101 2023 2157 ﬁnis
2048 2111 2131 2158 est
2167 2103 2261 2158 ine
2292 2112 2347 2159 et
2391 2107 2801 2177 persecutionis,
2849 2123 2953 2178 qua
2998 2112 3151 2179 prius
3202 2111 3513 2170 increduli'

1900 2201 2086 2248 contra
2127 2204 2344 2251 sanctos
2393 2198 2774 2266 praedicatores
2820 2201 3129 2258 steviebant.
3185 2205 3314 2273 Qua:
3343 2222 3473 2263 con-

1871 2284 1874 2288 ‘
1900 2298 2057 2339 versa
2086 2293 2212 2340 sunt
2251 2287 2304 2341 in
2348 2289 2546 2353 ruralia
2575 2290 2951 2360 instrumenta,
2985 2303 3044 2349 ut
3075 2294 3321 2354 conﬂatis
3348 2314 3476 2355 con-

1903 2377 2241 2443 tumeliarum
2269 2377 2486 2447 jaculis,
2515 2381 2721 2439 fructus
2749 2384 3019 2455 spiritales
3045 2402 3468 2446 succrescerent.

1866 2518 1870 2523 .
1903 2466 2028 2522 llaec
2049 2477 2227 2531 autem
2268 2468 2416 2536 ﬁent,
2463 2470 2588 2547 quia
2637 2471 2895 2536 Dominus
2938 2474 3149 2539 locutus
3189 2486 3291 2544 est,
3322 2481 3475 2552 cujus

1902 2560 2081 2616 omnia
2103 2564 2263 2624 verba
2294 2571 2419 2617 sunt
2441 2578 2589 2629 vera,
2622 2572 2676 2620 et
2715 2563 2869 2634 cujus
2906 2566 3127 2633 dixisse,
3158 2569 3346 2625 fecisse
3370 2576 3470 2627 est.
3511 2632 3519 2639 λη

1878 2670 1926 2729 ,ι
1962 2651 2097 2719 Quia
2151 2668 2340 2708 omnes
2377 2653 2555 2723 populi
2595 2653 2965 2721 ambulabunt,
3018 2649 3387 2729 unusquisque
3419 2661 3471 2717 in

1902 2745 2120 2800 nomine
2148 2743 2241 2799 Dei
2267 2746 2371 2812 sui,
2402 2761 2499 2801 nos
2538 2755 2715 2803 autem
2753 2746 3146 2817 ambulabimus
3174 2751 3225 2806 in
3258 2754 3473 2809 nomine

1903 2837 1999 2893 Dei
2046 2838 2215 2893 nostri
2261 2839 2314 2894 in
2345 2848 2606 2895 mternum
2638 2851 2691 2897 ct
2739 2842 2899 2898 ultra.
2932 2862 2952 2897 ι
2999 2843 3218 2899 Castoris
3251 2834 3469 2919 (inquit)

1902 2931 2147 3001 gentibus
2173 2931 2380 2994 cunctis
2413 2941 2533 3002 post
2554 2948 2792 2989 errorem
2834 2951 3010 3000 suum,
3035 2951 3133 2991 nos
3163 2937 3254 3006 qui
3280 2953 3469 2993 ascen-

1903 3022 2080 3077 dimus
2109 3022 2176 3076 ad
2204 3032 2436 3090 montem
2484 3023 2713 3087 Domini,
2744 3024 3135 3081 ambulabimus
3171 3029 3224 3083 in
3256 3030 3472 3084 nomine

1903 3111 2112 3166 Domini
2166 3112 2260 3167 Dei
2310 3113 2480 3167 nostri
2528 3112 2657 3181 Jesu
2700 3112 2922 3179 Christi,
2971 3116 3096 3185 quia
3149 3117 3264 3184 ipse
3310 3132 3471 3173 verus

1904 3213 1986 3261 est
2013 3218 2166 3259 mons
2196 3211 2249 3258 et
2275 3203 2438 3269 Deus,
2468 3213 2520 3258 et
2545 3219 2611 3258 ex
2653 3204 2768 3274 ejus
2798 3204 3012 3262 nomine
3056 3204 3345 3279 Christiani
3376 3221 3469 3261 vo-

209 3265 643 3343 innumerabiles
683 3285 862 3357 populi
885 3265 1230 3353 convenient
1278 3284 1578 3340 credentes.
1631 3282 1793 3339 Vide-
1822 3265 1866 3326 (ἶ
1899 3310 2102 3351 camur,

207 3394 337 3435 mus
373 3379 488 3450 jam
533 3393 601 3433 ex
645 3376 897 3432 omnibus
942 3376 1209 3448 gentibus,
1250 3390 1384 3445 quas
1430 3375 1793 3429 Romanorum

206 3472 367 3529 novit
389 3470 693 3541 imperium,
720 3469 770 3522 in
796 3466 1070 3523 Christum
1098 3465 1411 3530 credidisse,
1437 3476 1493 3519 et
1517 3480 1611 3535 per
1634 3462 1793 3519 ﬁdem

204 3566 273 3633 ad
306 3566 452 3630 hunc
479 3570 717 3630 montem
750 3559 1092 3617 conﬂuxisse.
1122 3557 1228 3614 Sed
1252 3557 1381 3628 quid
1409 3550 1686 3613 venientes
1711 3555 1794 3611 di-

204 3657 378 3717 cunt?
417 3674 436 3706 ‹
464 3653 835 3711 Ascendamus
860 3651 927 3708 ad
954 3659 1188 3707 montem
1218 3649 1446 3705 Domini.
1480 3670 1498 3701 ι
1534 3648 1680 3719 Opus
1709 3655 1795 3702 est

204 3740 643 3815 ascensione,'si
674 3743 919 3799 volumus
945 3744 1010 3797 ad
1038 3742 1312 3799 Christum
1345 3740 1556 3808 venire.
1594 3758 1614 3796 ι
1642 3748 1698 3793 et
1726 3738 1792 3793 ad

204 3846 434 3901 domum
471 3842 565 3898 Dei
603 3839 790 3908 Jacob,
823 3860 842 3893 ι
874 3840 926 3895 id
954 3849 1058 3905 est,
1090 3839 1406 3903 Ecclesium,
1437 3854 1557 3909 qua:
1580 3845 1663 3903 est
1697 3838 1794 3895 do-

201 3950 339 3993 mus
371 3935 491 3999 Dei,
533 3934 827 3990 secundum
862 3933 1198 4003 Apostolunt,
1236 3933 1489 3989 columna
1521 3940 1576 3991 et
1609 3931 1794 3986 ﬁrma-

202 4030 460 4091 mentum
504 4021 772 4075 veritatis.
806 4021 971 4074 Deum
1000 4030 1177 4076 autem
1211 4020 1376 4086 Jacob
1402 4021 1677 4087 Christum
1711 4019 1790 4074 di-

206 4115 313 4177 cit.
354 4110 531 4178 Quare
570 4110 807 4173 veniant,
849 4111 1050 4175 addunt
1087 4128 1105 4176 :,
1147 4131 1165 4161 ι
1194 4120 1248 4165 et
1285 4111 1497 4171 docebit
1538 4126 1637 4166 uos
1677 4111 1793 4165 vias

206 4220 371 4270 suas,
405 4226 422 4257 ι
458 4218 558 4281 per
585 4204 833 4258 doctores
864 4212 920 4258 et
949 4198 1212 4274 pastores,
1244 4206 1335 4273 qui
1366 4206 1651 4275 prtesident
1684 4205 1791 4260 Ec-

205 4298 415 4365 clesiae,
441 4311 577 4365 quos
622 4295 675 4349 in
718 4294 1036 4367 Apocalypsi
1083 4294 1318 4351 Joannes
1358 4294 1574 4365 angelos
1613 4306 1793 4363 vocat,

208 4392 335 4453 sive
361 4403 457 4458 per
484 4386 815 4458 Scripturas,
847 4404 967 4457 quae
994 4387 1282 4444 ostendunt
1309 4389 1453 4443 viam
1483 4390 1717 4456 Domini,
1742 4392 1795 4447 id

208 4491 301 4537 est
328 4477 626 4544 Christum,
659 4480 749 4549 qui
780 4480 910 4537 dicit
938 4499 951 4535 :
1002 4500 1020 4532 ε
1053 4481 1165 4551 Ego
1189 4496 1306 4535 sum
1337 4482 1441 4535 via.
1475 4502 1493 4533 ι
1542 4502 1559 4535 ς
1589 4483 1655 4537 Et
1682 4499 1795 4537 am-

204 4571 522 4629 bulabimus
545 4572 598 4625 in
624 4571 831 4637 semitis
858 4570 994 4641 ejus,
1028 4590 1045 4622 ι
1078 4571 1130 4626 id
1157 4580 1259 4637 est,
1289 4586 1576 4641 sequemur
1599 4581 1652 4627 et
1676 4573 1793 4628 imi-

1817 4618 1867 4676 D

1968 3407 1986 3437 ι
2015 3386 2070 3440 In
2100 3386 2186 3441 die
2212 3386 2321 3452 illa,
2352 3406 2370 3437 ι
2405 3385 2508 3442 hoc
2530 3393 2632 3451 est,
2662 3400 2783 3466 cum
2810 3401 2973 3441 verus
3007 3385 3085 3441 sol
3116 3386 3468 3456 splenduerit,

1897 3497 1915 3529 ‹
1945 3478 2077 3533 dicit
2117 3478 2398 3543 Dominus,
2429 3477 2764 3549 congregabo
2792 3477 3203 3543 claudicantetn,
3233 3487 3287 3534 et
3309 3493 3467 3548 quam

1893 3571 2159 3642 ejeceram
2199 3570 2468 3642 colligam,
2505 3580 2561 3626 et
2585 3586 2746 3641 quam
2790 3570 3084 3627 alllixeram
3123 3571 3465 3636 consolabor,

1890 3675 1946 3723 et
1973 3681 2165 3737 ponam
2188 3665 2577 3721 elaudicantem
2607 3666 2660 3720 in
2707 3666 2988 3736 reliquias,
3014 3674 3067 3723 et
3089 3682 3206 3722 eam
3233 3682 3352 3737 qua:
3386 3669 3466 3722 la-

1889 3759 2197 3822 boraverat,
2231 3757 2284 3811 in
2316 3766 2530 3826 gentem
2576 3756 2870 3814 robustam.
2899 3777 2921 3811 ι
2961 3757 3074 3813 Hoc
3110 3765 3212 3821 est,
3252 3755 3465 3827 plebem

1889 3849 2168 3906 Judaieam
2193 3848 2503 3913 contritam,
2545 3855 2600 3903 et
2640 3858 2790 3905 recto
2845 3860 3034 3918 gressu
3083 3847 3330 3903 incedere
3359 3862 3465 3903 non

1891 3941 2177 4005 valentem,
2206 3948 2260 3994 et
2309 3938 2535 4007 ejectum
2585 3954 2649 3994 ac
2695 3939 3055 4008 reprobatam.
3105 3939 3470 4011 Congregabi—
3510 3944 3513 3947 ‘

1895 4040 1981 4086 tur
2009 4039 2189 4086 autem
2216 4029 2285 4083 ad
2310 4030 2436 4094 hoc,
2475 4038 2535 4084 ut
2557 4029 2880 4099 suscipiatur
2903 4038 2958 4083 et
2992 4039 3222 4098 ponatur
3264 4031 3315 4083 in
3345 4030 3468 4084 reli-

1893 4121 2048 4191 quias
2080 4128 2135 4175 et
2157 4121 2209 4174 in
2237 4128 2448 4189 gentem
2500 4117 2794 4171 robustam.
2846 4116 2957 4172 Hoc
2992 4126 3073 4171 est
3128 4118 3269 4186 quod
3303 4118 3469 4175 Isaias

1894 4211 2043 4276 dicit,
2066 4211 2169 4265 nisi
2200 4209 2460 4265 Dominus
2492 4209 2716 4263 sabaoth
2745 4208 3050 4278 reliquisset
3077 4208 3230 4264 nubis
3259 4224 3465 4275 semen,

1895 4301 2046 4370 quasi
2080 4298 2311 4355 Sodoma
2351 4298 2661 4362 fuissemus,
2693 4307 2748 4353 et
2775 4300 2914 4353 sicut
2941 4298 3240 4366 Gomorrba
3262 4297 3467 4355 similes

1895 4407 2155 4448 essemus.
2194 4389 2307 4444 lloc
2349 4388 2546 4444 factum
2593 4397 2676 4443 est
2725 4388 3143 4455 praedicantibus
3187 4389 3463 4459 apostolis,

1894 4482 2107 4553 quando
2126 4482 2175 4536 in
2200 4482 2424 4537 Actibus
2452 4480 2814 4551 apostolorum
2844 4479 3070 4551 legitur:
3102 4480 3213 4536 Una
3234 4480 3321 4535 die
3350 4495 3468 4534 cre-

1896 4575 2144 4639 diderunt
2191 4574 2291 4638 tria
2335 4572 2521 4635 millia,
2574 4571 2746 4626 altera
2787 4572 2873 4627 die
2918 4574 3155 4643 quinque
3197 4571 3382 4638 millia,
3411 4582 3468 4627 et

208 4665 455 4722 tabimur
483 4662 751 4733 apostolos
778 4663 916 4734 ejus,
965 4667 1054 4733 qui
1094 4673 1219 4719 sunt
1259 4664 1463 4720 semitae
1486 4652 1655 4728 illius,
1695 4680 1791 4735 per
1817 4652 1866 4676 ν
1891 4666 2145 4736 deinceps
2168 4665 2331 4719 multa
2362 4663 2548 4718 millia.
2603 4662 2823 4717 Plenius
2850 4671 3029 4718 autem
3053 4664 3105 4717 in
3140 4664 3244 4717 line
3286 4663 3465 4719 sarculi
3506 4692 3511 4697 λ

209 4772 357 4829 quos
385 4755 656 4811 credimus
683 4755 737 4809 in
762 4770 904 4809 cum.
934 4775 952 4806 ι
976 4754 1112 4821 Quia
1141 4755 1209 4814 de
1234 4755 1389 4820 Sion,
1418 4775 1436 4811 ι
1469 4756 1570 4810 hoc
1593 4766 1697 4821 est,
1722 4756 1789 4811 de

122 4899 134 4908 .
209 4847 494 4921 primitiva
520 4845 780 4912 Ecclesia,
815 4865 833 4896 ι
856 4847 1024 4901 exibit
1049 4846 1133 4908 lex
1165 4866 1182 4898 ι
1215 4847 1531 4917 spiritualis,
1557 4849 1659 4904 hoc
1684 4858 1787 4916 est,

211 4939 528 5010 evangeliea
564 4938 875 5008 prtcdieatio
917 4940 983 4993 ad
1020 4947 1222 5010 gentes.
1270 4959 1287 4990 ‹
1319 4939 1385 4993 Et
1422 4942 1643 4998 verbum
1686 4942 1789 4997 Do—

215 5030 383 5096 mini,
416 5047 434 5080 ι
484 5029 536 5084 id
577 5036 681 5094 est,
724 5028 890 5084 Filius
926 5026 1018 5083 Dei
1054 5027 1249 5093 Patris,
1285 5029 1377 5099 qui
1423 5040 1508 5084 est
1550 5030 1787 5085 Verbum

215 5121 359 5192 ejus,
398 5138 416 5170 ι
445 5119 511 5174 de
539 5117 892 5184 Hierusalem,
924 5137 942 5169 ι
962 5119 1077 5175 hoc
1104 5127 1219 5185 est,
1256 5118 1324 5175 de
1358 5118 1561 5188 Judrea,
1593 5121 1657 5176 de
1684 5136 1791 5192 qua

215 5226 441 5269 carnem
471 5211 780 5281 assumpsit.

296 5323 317 5355 ι
350 5303 699 5374 Etjudicabit
724 5302 867 5364 inter
884 5302 1110 5373 populos
1132 5302 1346 5358 multos.
1384 5323 1403 5355 ›
1430 5303 1565 5371 Quia
1593 5322 1610 5355 ι
1632 5303 1796 5359 Pater

220 5410 331 5452 non
377 5394 586 5464 iudicat
630 5408 977 5465 quemquam,
1011 5393 1106 5449 sed
1157 5410 1317 5450 omne
1343 5395 1603 5466 judicium
1650 5397 1798 5453 dedit

160 5488 167 5495 ’
220 5487 379 5544 Filio.
412 5506 432 5541 ι
471 5504 490 5538 ι
528 5486 594 5542 Et
622 5486 878 5556 corripiet
904 5492 1090 5557 gentes
1114 5484 1281 5541 fortes
1306 5501 1476 5555 usque
1499 5487 1552 5541 in
1574 5485 1789 5558 longin-

220 5594 412 5659 quum,
441 5597 460 5632 ι
495 5579 599 5636 hoc
641 5585 746 5642 est,
790 5576 1064 5661 sapientes
1108 5574 1553 5661 etphilosopbos
1589 5580 1787 5660 seaculi,

222 5658 369 5743 quos
382 5656 799 5748 comprehendit"
823 5656 876 5726 in
913 5656 1108 5728 astutia
1122 5656 1339 5749 eam.
1362 5656 1787 5748 iudicum-ﬁmi,
1800 5664 1835 5688 ι

222 5760 858 5838 populos,-diseeruendo
886 5762 975 5834 qui
1011 5764 1118 5841 sint
1156 5762 1332 5843 salute
1382 5763 1548 5836 digni,
1591 5756 1790 5835 qni'in-
1822 5816 1829 5822 .

224 5854 392 5927 digni.
432 5875 450 5907 ι
482 5855 541 5916 ΕΙ
598 5855 878 5914 concident
928 5856 1133 5927 gladios
1187 5872 1309 5912 suos
1342 5857 1392 5917 in
1443 5873 1703 5924 vomeres,
1735 5867 1789 5922 et

1890 4755 2218 4826 implebitur,
2263 4753 2387 4822 quia
2430 4767 2552 4808 eum
2586 4753 2859 4824 plenitudo
2896 4753 3132 4824 gentium
3162 4754 3464 4820 intraverit,

1892 4859 2021 4910 tunc
2049 4847 2224 4903 omnis
2261 4845 2429 4901 lsracl
2453 4844 2633 4900 salvus
2675 4847 2800 4900 erit.
2850 4866 2868 4897 ι
2916 4846 2980 4900 Ει
3010 4847 3255 4919 regnabit
3288 4848 3468 4902 Domi-

1891 4952 1993 4991 nus
2013 4950 2177 5004 super
2196 4949 2311 4997 eos,
2341 4953 2359 4986 ι
2389 4934 2438 4988 id
2461 4942 2543 4989 est.
2584 4950 2743 5004 super
2766 4944 3138 5006 congregatos,
3165 4954 3182 4986 ι
3213 4935 3265 4989 in
3288 4946 3468 4990 monte

1893 5024 2045 5091 Sion,
2074 5043 2092 5076 ι
2128 5024 2181 5078 id
2208 5032 2291 5078 est
2346 5023 2400 5077 in
2432 5023 2692 5088 Ecclesia,
2745 5039 2865 5094 qum
2911 5033 2995 5080 est
3039 5025 3092 5078 in
3140 5022 3468 5093 contempla-

1891 5115 2040 5170 tione
2063 5113 2185 5169 vita:
2205 5112 2514 5183 spiritualis.
2547 5132 2564 5164 ι
2593 5113 2669 5171 Ex
2693 5115 2798 5171 hoc
2820 5131 2961 5170 nunc
2980 5125 3034 5169 et
3054 5128 3226 5184 usque
3246 5114 3299 5167 in
3319 5121 3452 5167 teter

1894 5223 2046 5272 num,
2105 5225 2122 5259 ι
2196 5205 2249 5267 id
2303 5213 2462 5265 est'a
2524 5204 2723 5261 sarculo
2766 5196 3240 5285 praesentiusque
3277 5203 3332 5257 in
3386 5201 3467 5256 fu-

1895 5307 2097 5359 turum.
2722 5304 2725 5311 ’
2850 5292 2855 5295 ’
2972 5280 2981 5374 ί
3076 5278 3094 5315 θ’
3290 5337 3301 5373 η

1973 5419 1992 5450 ι
2014 5397 2080 5453 Ει
2096 5405 2175 5464 tu,
2203 5396 2367 5452 turris
2388 5397 2567 5469 gregis
2597 5397 2877 5464 nebulosa,
2901 5394 3007 5452 illia
3030 5395 3182 5461 Sion,
3200 5392 3379 5467 usque
3400 5392 3466 5448 ad
3491 5390 3512 5476 "

1899 5498 1953 5545 te
1988 5488 2186 5561 veniet,
2215 5497 2269 5543 et
2318 5488 2499 5544 veniet
2545 5490 2782 5560 potestas
2828 5490 3024 5560 prima,
3076 5488 3298 5557 regnum
3347 5485 3467 5541 illim

1899 5580 2254 5655 Hierusalem.
2288 5566 2568 5654 r'l‘urrem
2601 5564 3154 5653 gregisnehulosam,
3186 5574 3358 5658 locum
3392 5568 3509 5658 diu:

1897 5660 2103 5749 citiqui
2221 5658 2872 5749 Lc‘onvet‘iftiin‘paStot‘u‘m‘,
2893 5662 3077 5745 fidite?“
3102 5667 3181 5743 (id
3194 5654 3320 5747 ‘est,
3352 5654 3479 5720 tur-5"

1900 5766 1983 5822 ris'
1994 5752 2459 5837 'g'i'egisfdicitur.‘_'
2470 5751 2641 5830 Distat
2656 5765 2869 5836 "atoma
2880 5763 2999 5835 uno
3027 5760 3282 5836 milliaria
3315 5781 3346 5817 a
3372 5762 3473 5819 lle;
3492 5816 3497 5819 _

1899 5858 2131 5921 thlehem
2169 5857 2233 5911 ad
2264 5855 2548 5919 orientem.
2594 5855 2645 5909 In
2687 5857 2785 5911 hoc
2817 5855 2931 5912 loco
2972 5854 3140 5914 tribus
3166 5854 3466 5931 pastoribus
