4022 6468
524 387 626 444 153

994 390 1346 450 HAYMONIS
1383 393 1858 451 HALBEBSTAT.
1901 394 2114 450 EPISC.
2155 393 2304 450 OPP.
2345 395 2522 453 PARS
2557 397 2597 453 Ι.
2627 399 3067 457 -COMMENT.
3107 401 3278 459 BlBh.

3683 404 3793 468 156

522 503 746 575 angelus
789 505 1058 574 apparuit,
1086 514 1141 560 et
1163 513 1347 564 natum
1375 506 1546 562 Deum
1595 509 1880 574 nuntiavit,
1907 511 2104 580 quique
2131 510 2179 571 Α
2207 506 2436 578 populus
2458 510 2648 565 ductus
2673 511 2728 566 in
2751 512 3137 582 captivitatem,
3178 523 3300 586 post
3327 518 3671 589 septuaginta
3695 533 3794 572 an.

525 595 724 650 Ibidem
771 595 1150 652 venerabiliter
1196 597 1397 653 conditi
1466 601 1828 670 requiescunt.
1888 599 2104 656 Turrim

529 674 711 741 autem
754 685 1062 740 nebulosam
1097 687 1248 753 dicit,
1298 699 1516 759 propter
1553 692 1933 747 obscuritatem
1985 709 2104 764 my-

524 779 808 834 steriorum
834 778 1153 845 caelestium,
1177 797 1295 850 qua:
1320 783 1388 837 ibi
1414 783 1646 838 revelata
1683 794 1824 840 sunt.
1861 785 2106 846 Potestas

493 888 496 890 ν
528 873 706 923 autem
733 869 931 937 prima,
955 871 1182 926 virtutes
1206 881 1330 927 sunt
1350 875 1617 944 angelicas,
1647 893 1764 946 quae
1794 897 1812 928 ι
1843 877 2020 933 Gloria
2051 880 2105 936 in

527 963 754 1018 excelsis
808 962 935 1028 Deo,
984 983 1002 1016 ι
1037 965 1356 1022 exsultando
1386 969 1759 1035 concinebant,
1800 979 1856 1025 et
1879 971 1992 1040 ipsa
2024 980 2107 1026 est

530 1069 752 1125 regnum
796 1056 918 1112 filia:
949 1056 1312 1123 Hierusalem,
1355 1059 1538 1125 idest,
1579 1077 1824 1132 superna:
1852 1063 2104 1130 civitatis,

528 1147 623 1202 ubi
673 1148 930 1220 angelicae
976 1149 1204 1205 virtutes
1254 1151 1418 1206 Deum
1469 1154 1692 1208 sabaotb
1744 1155 2103 1225 speculantur.

527 1238 830 1310 Allegorice
867 1241 1036 1295 turris
1063 1241 1338 1305 nebusola,
1371 1243 1520 1318 plebs
1550 1255 1632 1298 est
1653 1245 1965 1312 Israelitica,
1993 1247 2108 1303 sive

529 1329 790 1399 templum
815 1331 907 1385 Dei
928 1348 956 1385 a
982 1331 1266 1388 Salomone
1289 1342 1652 1389 constructum
1675 1335 1726 1390 in
1751 1336 2104 1393 Hierusalem.

530 1419 606 1475 De
633 1421 736 1476 bac
788 1430 938 1476 turre
970 1422 1101 1476 dicit
1129 1423 1337 1478 Isaias:
1379 1423 1443 1478 Et
1493 1425 1777 1480 aedificavit
1819 1428 2007 1481 turrim
2053 1427 2106 1482 in

532 1513 712 1567 medio
741 1512 877 1582 ejus,
915 1513 967 1566 id
995 1522 1096 1578 est,
1130 1515 1319 1570 vincte.
1355 1515 1476 1572 Haec
1523 1518 1709 1583 turris,
1740 1518 1794 1572 id
1824 1527 1907 1573 est
1956 1519 2108 1588 plebs

533 1599 782 1665 Iudaica,
812 1604 1044 1671 quandiu
1091 1604 1278 1658 habuit
1315 1607 1632 1673 maceriam,
1674 1608 1726 1663 id
1769 1617 1852 1664 est
1889 1611 2108 1681 angelo-

536 1705 656 1744 rum
688 1691 963 1759 praasidia,
989 1701 1044 1756 et
1073 1693 1329 1760 torcular,
1356 1695 1406 1748 id
1435 1704 1518 1750 est
1561 1696 1750 1760 altare,
1776 1713 1875 1753 nec
1899 1698 2110 1754 diabolo

534 1782 720 1850 pervia
751 1791 891 1847 erat,
922 1797 1022 1845 nec
1060 1783 1334 1850 nebulosa,
1376 1786 1470 1840 sed
1507 1785 1698 1842 civitas
1747 1787 1860 1854 Dei,
1903 1805 2022 1859 quae
2053 1790 2107 1844 in

2206 614 2304 654 nos
2330 599 2428 654 sub
2454 599 2580 655 Iesu
2608 611 2663 656 et
2690 601 2986 658 Zorobabel
3013 611 3070 658 et
3113 603 3285 664 Esdra
3316 605 3576 664 liberatus
3617 619 3706 664 est
3738 621 3795 664 et

2207 705 2474 747 reversus.
2513 693 2790 748 Moraliter
2817 696 2996 748 anima
3029 707 3250 766 propter
3289 708 3568 766 peccatum
3598 698 3666 754 de
3716 701 3798 754 ci-

2205 781 2388 844 vitate,
2445 781 2518 853 (id
2577 792 2661 838 est
2694 782 2956 854 Ecclesia)
3003 786 3179 854 pulsa,
3229 789 3422 842 tradita
3460 788 3688 846 inimico
3738 790 3795 844 in

2207 869 2478 925 interitum
2510 873 2708 938 carnis,
2751 872 2972 941 jubetur
3000 876 3186 930 venire
3225 876 3291 930 ad
3326 877 3685 948 Babylonem,
3741 878 3794 935 id

2205 969 2306 1028 est,
2343 964 2409 1018 ad
2435 963 2804 1021 confusionem
2843 967 3096 1022 vitiorum
3121 976 3178 1022 et
3204 967 3525 1036 dejectionis
3563 985 3706 1035 suae,
3739 979 3800 1024 ut

2204 1062 2487 1128 postquam
2539 1056 2755 1128 dignam
2800 1058 2971 1128 egerit
3016 1059 3412 1128 pmnitentiam,
3464 1059 3733 1115 liberetur
3767 1076 3796 1113 a

2208 1145 2516 1215 captivitate
2542 1148 2774 1216 peccati,
2805 1157 2859 1203 et
2883 1163 3097 1204 reversa
3133 1151 3201 1203 ad
3229 1159 3508 1220 paternam
3539 1152 3792 1214 domum.

2207 1244 2483 1290 mereatur
2510 1238 2675 1306 recipi
2707 1253 2736 1292 a
2790 1238 3212 1295 clementissimo
3239 1240 3419 1295 Patre.
3463 1241 3570 1296 Sed
3599 1251 3659 1296 et
3713 1257 3797 1295 sc-

2207 1327 2439 1381 cundum
2466 1328 2679 1383 beatum
2709 1329 3027 1400 Gregorium
3050 1347 3190 1402 saepe
3217 1333 3478 1403 contingit
3498 1342 3558 1387 ut
3582 1334 3790 1393 anima,

2208 1434 2326 1488 qum
2356 1419 2461 1474 filia
2489 1421 2618 1477 Sion
2645 1430 2888 1487 vocatur,
2918 1438 3036 1492 qua:
3065 1424 3232 1478 Deum
3259 1424 3516 1478 debuerat
3549 1433 3794 1478 contem.

2208 1511 2366 1582 piari,
2396 1513 2577 1583 aliquo
2609 1515 2877 1584 spirituali
2898 1524 2950 1569 et
2976 1515 3190 1571 occulto
3217 1516 3348 1570 vitio
3379 1515 3549 1587 (verbi
3585 1518 3792 1586 gratia,

2209 1603 2514 1672 superbiat,
2579 1605 2813 1677 invidiae)
2869 1607 3195 1670 devastetur.
3251 1605 3422 1673 Quam
3475 1606 3794 1660 misericors

2209 1691 2351 1746 Deus
2397 1707 2785 1761 nonnunquam
2849 1694 3112 1763 permittit
3177 1694 3372 1750 cadere
3427 1694 3481 1748 in
3541 1705 3795 1764 apertum

2211 1780 2390 1834 carnis
2419 1790 2752 1849 peccatum“
2781 1790 2838 1836 et
2883 1782 3036 1852 quasi
3084 1783 3152 1838 ad
3199 1782 3548 1854 Babylonem,
3603 1785 3662 1838 id
3713 1794 3798 1840 est

535 1881 716 1926 monte
749 1873 874 1942 (hoc
917 1883 1001 1929 est
1040 1873 1093 1929 in
1140 1876 1460 1930 celsitudine
1491 1878 1768 1950 virtutum)
1801 1879 1902 1934 sita
1933 1881 2100 1936 latere

2220 1871 2272 1924 Id
2302 1869 2667 1926 confusionem
2720 1873 2922 1936 venire,
2954 1882 3014 1927 ut
3047 1872 3269 1929 confusa
3317 1874 3557 1930 foeditate
3606 1877 3787 1945 aperti

534 1977 640 2016 non
673 1971 900 2031 poterat.
931 1965 1001 2017 At
1038 1975 1321 2034 postquam
1352 1982 1409 2021 se
1452 1969 1711 2038 sanguine
1752 1969 1964 2025 Domini
2010 1970 2112 2027 foe-

535 2053 700 2118 davit,
733 2055 988 2110 nebulosa
1015 2072 1078 2111 ac
1103 2059 1345 2128 squalida
1370 2061 1688 2130 appellatur.
1718 2062 1799 2117 Ad
1830 2063 1968 2119 banc
1990 2080 2114 2137 per-

537 2144 684 2198 venit
712 2153 955 2214 potestas
1002 2147 1198 2216 prima,
1248 2149 1300 2202 id
1357 2161 1460 2215 est,
1512 2151 1760 2206 videlicet
1799 2152 1991 2220 Filius,
2021 2156 2112 2224 qui

535 2231 772 2303 Loquitur
800 2235 852 2288 in
882 2233 1220 2308 Apocalypsi,
1253 2258 1270 2289 ι
1319 2239 1428 2310 Ego
1455 2255 1571 2295 sum
1601 2265 1634 2297 α
1661 2251 1714 2296 et
1736 2267 1792 2306 ω,
1827 2243 2034 2300 initium
2060 2253 2114 2300 et

535 2321 680 2386 finis,
714 2341 732 2373 ι
764 2332 819 2378 et
850 2326 942 2394 qui
987 2341 1052 2380 ex
1099 2344 1327 2398 persona
1378 2333 1636 2400 assumpti
1683 2333 1915 2390 hominis
1962 2336 2111 2402 dicit,

544 2429 563 2462 ο
599 2411 856 2467 Dominus
880 2417 1117 2485 possedit
1139 2434 1224 2474 me
1250 2419 1402 2474 initio
1424 2421 1630 2475 viarum
1661 2438 1899 2477 suarum.
1932 2444 1948 2475 ι
1984 2423 2114 2492 Quae

537 2509 777 2568 potestas
802 2512 888 2559 est
929 2521 1148 2575 regnum
1175 2508 1296 2562 filim
1326 2509 1683 2565 Hierusalem.
1725 2511 1879 2568 Venit
1903 2529 2030 2586 ergo
2060 2516 2115 2570 in

539 2593 683 2646 hunc
707 2594 962 2648 mundum
994 2605 1230 2665 potestas
1269 2601 1466 2669 prima,
1495 2611 1554 2656 ut
1587 2602 1787 2657 faceret
1825 2608 2113 2661 secundam

541 2689 886 2750 potestatem.
914 2684 1029 2739 Non
1053 2688 1194 2740 enim
1222 2699 1397 2758 potest
1419 2691 1522 2745 diei
1570 2693 1765 2761 prima,
1797 2695 1897 2748 nisi
1937 2695 2006 2749 sit
2033 2711 2116 2751 se-

539 2771 736 2826 cunda.
763 2771 913 2827 Fecit
935 2789 1063 2845 ergo
1087 2779 1374 2832 secundam
1398 2789 1715 2848 potestatem
1748 2784 1799 2836 in
1823 2786 2114 2854 apostolos,

543 2870 602 2913 ut
629 2862 768 2916 sicut
795 2864 1136 2932 appellantur
1155 2883 1185 2921 a
1212 2868 1328 2924 luce
1351 2869 1568 2928 Christo,
1586 2872 1693 2936 lux,
1719 2884 1772 2928 et
1795 2889 1821 2926 a
1840 2890 1976 2944 pane
1997 2878 2118 2933 vivo

544 2950 760 3013 Christo
783 2966 1043 3011 vocentur
1062 2961 1233 3028 panis,
1261 2959 1426 3024 Paulo
1451 2963 1665 3020 dicente
1691 2983 1704 3018 :
1736 2985 1754 3016 ‹
1786 2966 1934 3022 Unus
1966 2969 2120 3037 panis

547 3044 705 3100 multi
729 3061 916 3102 sumus
945 3048 997 3102 in
1028 3049 1262 3116 Christo,
1295 3073 1313 3106 ι
1352 3054 1482 3118 ἤδη,
1509 3057 1682 3126 prima
1726 3067 1990 3128 potestate
2019 3074 2118 3138 po—

554 3144 723 3196 testas
747 3146 801 3192 et
828 3154 1048 3209 regnum
1075 3154 1359 3210 vocentur,

626 3245 644 3278 ‹
683 3227 832 3283 Nunc
853 3245 1021 3298 quare
1043 3247 1277 3295 maerore
1300 3238 1676 3295 contraheris?
1702 3259 1720 3292 ι
1746 3241 1877 3296 Cum
1901 3243 2118 3315 (inquit)
2147 3212 2192 3276 δ

548 3316 616 3372 ad
648 3327 698 3373 te
726 3328 951 3376 ventura
1005 3323 1074 3377 sit
1127 3326 1296 3394 prima
1352 3337 1614 3396 potestas,
1670 3346 1836 3399 quare
1887 3347 2127 3388 maerore.

548 3409 889 3468 contraheris
932 3421 987 3466 et
1018 3413 1362 3471 bumiliaris?
1394 3437 1411 3468 ε
1450 3417 1700 3488 Nunquid
1753 3436 1848 3475 rex
1899 3437 2004 3474 non
2040 3430 2124 3476 est

552 3499 672 3564 tibi,
700 3509 792 3554 aut
821 3503 1161 3562 consiliarius
1190 3514 1311 3562 tuus
1352 3509 1532 3579 periit,
1563 3511 1684 3578 quia
1719 3514 2125 3582 comprehendit

553 3596 606 3648 te
651 3588 804 3644 dolor
851 3593 993 3648 sicut
1038 3597 1515 3664 parturientem?»
1563 3599 1944 3671 interrogando
1993 3618 2121 3656 con-

553 3684 902 3754 firmatjuste
955 3703 1074 3742 eam
1117 3691 1296 3744 dolere
1325 3700 1378 3747 et
1418 3707 1662 3756 mmrere,
1705 3694 1829 3763 quia
1889 3711 1982 3749 rex
2010 3696 2124 3762 ejus

552 3777 822 3843 Christus,
844 3780 935 3850 qui
968 3791 1023 3836 et
1051 3783 1392 3838 consiliarius
1442 3793 1493 3838 et
1527 3784 1746 3854 angelus
1776 3787 1952 3856 magni
1992 3802 2124 3840 con-

554 3867 680 3930 silii,
731 3869 889 3937 periit
925 3871 996 3934 ei,
1046 3872 1148 3926 hoc
1177 3882 1280 3937 est,
1331 3874 1622 3935 crucifixus
1671 3885 1755 3930 est
1801 3877 1869 3931 ab
1907 3878 2030 3941 illis,
2073 3889 2126 3934 ct

555 3968 814 4026 quantum
847 3962 897 4015 in
931 3963 1062 4031 ipsis
1089 3962 1208 4028 fuit,
1258 3965 1436 4034 periit,
1471 3974 1526 4020 et
1564 3968 1652 4036 qui
1693 3965 1844 4037 juxta
1885 3968 2127 4041 Evange-

554 4047 714 4110 licam
745 4052 1052 4118 parabolam
1078 4053 1343 4114 limretlem
1366 4054 1591 4124 ejectum
1621 4068 1769 4111 extra
1799 4059 2006 4115 vineam
2040 4077 2127 4116 oc-

557 4139 828 4204 ciderunt,
863 4141 963 4209 ipsi
1011 4158 1225 4212 quoque
1270 4146 1337 4199 ab
1389 4147 1629 4202 exercitu
1664 4148 1904 4205 Romano
1931 4153 2124 4206 vastati

553 4239 697 4285 sunt.
729 4231 795 4284 Et
845 4231 983 4284 sicut
1030 4235 1330 4302 parturiens
1356 4235 1595 4291 dolorem
1649 4253 1754 4292 non
1801 4249 1978 4308 potest
1999 4239 2127 4295 effu-

553 4335 701 4388 gere,
727 4319 805 4378 sic
833 4319 920 4374 ille
944 4323 1169 4390 populus
1215 4325 1501 4388 imminens
1529 4325 1824 4396 periculum
1853 4337 1908 4383 et
1943 4338 2122 4385 vasta-

556 4411 753 4471 tionem
780 4427 882 4464 nou
909 4415 1080 4480 potuit
1111 4415 1396 4470 declinare.

631 4519 650 4551 ι
688 4499 815 4556 Dole
837 4510 891 4556 ct
921 4513 1121 4572 satage,
1155 4504 1259 4557 filia
1288 4505 1438 4570 Sion,
1470 4505 1620 4578 quasi
1651 4508 1974 4580 parturiens,
1998 4510 2123 4578 quia

2211 1960 2474 2027 criminis,
2505 1962 2760 2018 liberetur
2782 1980 2812 2018 a
2835 1964 3144 2034 captivitate
3171 1966 3287 2020 vitii
3309 1965 3546 2022 latentis.

2289 2072 2307 2104 ι
2338 2053 2404 2108 Et
2429 2071 2570 2110 nunc
2594 2065 2929 2126 congregata:
2952 2066 3074 2112 sunt
3105 2072 3266 2127 super
3292 2066 3344 2112 te
3369 2067 3556 2130 gentes
3585 2059 3796 2123 multa,

2212 2160 2332 2215 qua:
2359 2145 2580 2200 dicunt:
2628 2145 2941 2216 Lapidetur,
2974 2156 3029 2209 et
3058 2149 3287 2218 aspiciat
3312 2149 3367 2204 in
3417 2148 3549 2204 Sion
3597 2151 3796 2205 oculus

2214 2246 2418 2290 noster.
2449 2255 2466 2287 ι
2500 2234 2615 2290 Vox
2644 2237 2918 2306 propheta:
2951 2255 2962 2291 :
2989 2236 3032 2292 0
3056 2237 3413 2305 Hierusalem,
3448 2239 3534 2294 cui
3558 2241 3796 2309 praedico

2214 2325 2584 2380 imminentem
2613 2327 3004 2396 captivitatem,
3029 2328 3246 2383 interim
3279 2329 3450 2385 donec
3476 2329 3562 2384 illa
3589 2331 3797 2397 veniat,

2207 2411 2320 2482 jam
2356 2421 2692 2485 congregata:
2737 2423 2862 2468 sunt
2913 2431 3072 2486 super
3107 2424 3157 2472 te
3205 2425 3394 2486 gentes
3427 2417 3633 2483 multze,
3679 2434 3797 2487 qua

2213 2503 2368 2573 quasi
2417 2504 2483 2557 de
2528 2503 2768 2558 adultera
2827 2505 3049 2559 muliere
3092 2505 3383 2574 loquuntur
3454 2517 3510 2562 et
3562 2507 3794 2562 dicunt:

2216 2595 2529 2666 Lapidetur,
2563 2606 2617 2651 et
2638 2597 2865 2667 aspiciat
2891 2596 3076 2652 oculus
3097 2605 3279 2652 noster
3299 2597 3352 2651 in
3379 2595 3530 2662 Sion,
3562 2597 3667 2654 hoc
3690 2608 3794 2664 est,

2219 2698 2407 2744 contra
2451 2688 2604 2754 Sion,
2633 2698 2692 2743 ut
2737 2688 3054 2745 insultemus
3079 2697 3134 2744 et
3175 2688 3506 2747 gaudeamus
3549 2689 3604 2742 in
3634 2689 3796 2746 malis

2216 2780 2351 2850 ejus.
2370 2779 2435 2832 Et
2455 2779 2567 2834 hzec
2587 2779 2798 2833 dicunt:

2296 2887 2315 2922 ι
2348 2869 2452 2939 Ipsi
2473 2877 2649 2923 autem
2680 2885 2785 2924 non
2823 2877 3191 2940 cognoverunt
3228 2869 3586 2938 cogitationes
3613 2871 3798 2926 Domi-

2221 2959 2298 3023 ni,
2320 2966 2502 3015 etnon
2540 2959 2923 3015 intellexerunt
2953 2959 3235 3014 consilium
3258 2960 3398 3030 ejus,
3421 2963 3545 3032 quia
3575 2976 3802 3032 congre-

2223 3051 2368 3121 gavit
2410 3065 2504 3105 eos
2528 3051 2680 3120 quasi
2731 3049 2910 3105 fenum
2954 3066 3112 3106 areae.
3144 3071 3161 3102 ι
3195 3051 3292 3119 Qui
3332 3053 3453 3108 ideo
3496 3053 3629 3110 fecit
3676 3055 3800 3113 illas

2223 3140 2558 3210 congregari,
2591 3151 2652 3198 ut
2696 3149 2748 3193 tu
2779 3139 2897 3205 illas
2925 3149 3175 3199 conteras
3216 3143 3370 3212 quasi
3402 3143 3582 3199 fenum
3611 3154 3670 3202 et
3700 3147 3804 3201 sti-

2222 3230 2398 3311 pulam
2423 3245 2579 3290 arcte.

2302 3338 2318 3370 ε
2349 3319 2520 3391 Surge
2547 3340 2565 3374 ι
2600 3319 2760 3390 igitur
2794 3340 2812 3372 ‹
2841 3331 2896 3376 et
2923 3323 3134 3388 tritura,
3165 3321 3272 3377 filia
3296 3323 3445 3389 Sion,
3473 3323 3600 3395 quia
3630 3340 3803 3380 cornu

2227 3421 2373 3468 tuum
2396 3427 2589 3480 ponam
2612 3409 2864 3480 ferreum,
2884 3421 2937 3468 et
2963 3412 3185 3484 ungulas
3206 3422 3321 3468 luas
3343 3429 3535 3485 ponam
3561 3431 3758 3479 areas,
3781 3433 3798 3468 ι

2227 3502 2328 3556 hoc
2379 3509 2500 3565 est,
2555 3501 2970 3570 insuperabilem
3028 3502 3412 3559 fortitudinem.
3467 3525 3485 3556 ι
3539 3505 3606 3558 Ει
3655 3525 3673 3558 ι
3728 3507 3806 3560 sic

2236 3611 2255 3646 ι
2282 3593 2612 3646 comminues
2660 3591 2880 3661 populos
2910 3593 3126 3657 multos,
3164 3601 3218 3648 et
3245 3593 3538 3649 interﬁcies
3574 3595 3804 3650 Domino

2228 3682 2438 3751 rapinas
2465 3695 2670 3745 eorum,
2705 3689 2757 3733 et
2787 3680 3154 3736 fortitudinem
3185 3697 3371 3736 eorum
3417 3683 3649 3737 Domino
3681 3686 3801 3738 uni-

2227 3787 2400 3835 versa:
2437 3781 2613 3838 terrm,
2661 3790 2677 3822 ›
2723 3779 2780 3825 ιιι
2830 3781 3216 3827 consecreutur
3261 3773 3488 3835 Domino
3541 3775 3653 3828 Deo
3690 3784 3801 3830 tuo.

2230 3861 2342 3915 Tali
2369 3861 2510 3914 enim
2537 3860 2803 3916 sacrificio
2826 3861 3124 3922 delectatur
3146 3862 3433 3918 Dominus:
3461 3865 3606 3933 quod
3625 3874 3802 3928 autem

2229 3969 2396 4012 cornu
2439 3953 2569 4006 dicit
2605 3961 2658 4006 et
2710 3953 2958 4023 ungulas,
3006 3955 3400 4023 metaphoricos
3429 3955 3802 4024 accipiendum

2229 4052 2332 4106 est,
2371 4041 2436 4095 ab
2457 4041 2700 4096 hostibus
2725 4043 3123 4106 triturantibus.
3171 4043 3442 4098 Moraliter
3469 4060 3804 4116 congregan-

2230 4142 2318 4186 tur
2341 4132 2594 4200 adversus
2632 4132 2926 4198 Ecclesium
2976 4133 3092 4198 Dei,
3138 4134 3506 4188 multitudines
3559 4137 3806 4205 spiritua-

2229 4223 2357 4289 lium
2416 4223 2802 4292 nequitiarum,
2848 4233 2902 4278 et
2953 4223 3216 4278 insultant
3262 4234 3424 4296 atque.
3469 4227 3805 4297 exprobrant

2231 4331 2391 4371 neces
2444 4315 2677 4372 filiorum
2727 4314 2863 4383 ejus,
2907 4317 3209 4372 nescientes
3257 4303 3539 4372 consilium
3590 4319 3805 4376 Domini

2230 4423 2328 4462 nec
2348 4407 2698 4476 cogitationes
2725 4406 2862 4476 ejus,
2887 4407 3011 4476 quia
3042 4408 3108 4461 ad
3136 4408 3236 4462 hoc
3264 4409 3528 4478 permittit
3554 4409 3634 4462 eis
3672 4424 3808 4478 prae.

2232 4497 2412 4553 valere
2447 4497 2513 4550 ad
2548 4505 2780 4565 tempus,
2807 4507 2866 4550 ut
2905 4506 2960 4550 et
2988 4497 3200 4551 illorum
3247 4499 3506 4568 patientia
3557 4514 3810 4553 remune-

555 4607 696 4646 nunc
724 4593 1018 4663 egredieris
1049 4595 1116 4658 de
1147 4596 1380 4657 civitate,
1425 4606 1482 4650 et
1511 4596 1776 4650 Itabitabis
1803 4597 1854 4650 in
1889 4599 2121 4668 regione,
2152 4573 2204 4632 Β
2232 4595 2398 4650 retur.
2447 4595 2501 4640 et
2555 4587 2742 4640 horum
2793 4587 2997 4644 malitia
3042 4590 3314 4658 puniatur-
3360 4590 3663 4658 Consrosat
3708 4605 3808 4646 eos

550 4689 610 4736 et
644 4682 826 4736 venies
855 4698 1023 4753 usque
1067 4683 1133 4745 ad
1177 4683 1540 4753 Babylonem:
1591 4683 1660 4737 ibi
1688 4683 2022 4750 liberaberis,
2050 4688 2120 4741 ibi

554 4771 780 4827 redimet
812 4782 860 4828 te
899 4774 1153 4828 Dominus
1179 4775 1244 4828 de
1277 4791 1434 4828 manu
1463 4774 1801 4828 inimicorum
1829 4783 2059 4830 tuorum.
2097 4797 2115 4828 ι

553 4864 870 4933 Ρταςοὶρὶιυι·
901 4865 1022 4924 lilia:
1053 4864 1204 4929 Sion,
1235 4866 1286 4918 id
1315 4874 1416 4928 est,
1473 4880 1613 4934 smpc
1658 4865 1813 4918 dictce
1853 4866 2013 4934 plebi,
2061 4875 2120 4921 ut

552 4954 731 5010 doleat
753 4965 807 5010 et
833 4957 1140 5026 cgrediatur
1167 4955 1232 5009 de
1274 4955 1512 5019 civitate,
1542 4964 1595 5008 et
1632 4954 1836 5009 habitet
1865 4957 1917 5009 in
1946 4957 2118 5025 regio-

554 5063 642 5111 ne,
675 5049 798 5117 quia
828 5048 920 5102 Dei
950 5057 1034 5104 est
1060 5048 1325 5109 sententia
1356 5056 1414 5100 ut
1443 5053 1629 5123 pergat
1649 5047 1700 5100 in
1725 5048 2113 5120 captivitatem,

554 5152 656 5202 nec
695 5146 871 5208 potest
918 5138 1111 5194 mutari
1155 5138 1417 5216 judicium
1445 5137 1576 5204 ejus.
1623 5135 1866 5191 Monetur
1906 5154 2034 5208 ergo
2061 5147 2119 5192 ut

553 5229 822 5307 patienter
849 5228 1132 5294 sus'ineat,
1163 5237 1217 5282 et
1265 5242 1431 5295 usque
1461 5227 1526 5280 ad
1558 5226 1880 5296 Babylonem
1915 5227 2116 5292 veniat,

556 5321 734 5384 sciens
755 5321 876 5390 quia
899 5321 941 5374 si
968 5320 1176 5374 fortiter
1201 5318 1462 5389 flagellum
1492 5319 1820 5381 sustinuerit,
1848 5319 1953 5373 cito
1981 5319 2120 5372 redi-

555 5414 746 5478 menda
773 5415 842 5467 sit
864 5414 929 5468 de
955 5427 1115 5466 manu
1161 5412 1520 5477 inimicorum,
1552 5419 1611 5464 ut
1641 5426 1762 5464 cum
1805 5409 1966 5464 fuerit
1991 5410 2122 5462 libe-

553 5512 669 5568 rata
690 5545 704 5568 ,
738 5504 907 5574 possit
933 5503 1150 5558 dicere:
1184 5521 1200 5552 ε
1233 5503 1307 5557 Ne
1343 5502 1537 5556 laeteris
1567 5501 1779 5556 inimica
1814 5515 1928 5554 mea
1963 5515 2122 5570 super

550 5611 635 5650 me
657 5596 779 5664 quia
798 5596 983 5658 cecidi,
1009 5610 1326 5666 eonsurgam
1353 5613 1368 5644 ι
1390 5610 1404 5658 ;
1428 5602 1613 5648 etcum
1629 5592 1937 5648 Psalmista:
1965 5613 1981 5644 ‹
2007 5593 2119 5646 Non

545 5687 597 5750 in
639 5695 955 5759 perpetuum
987 5687 1246 5741 irascetur
1272 5686 1552 5749 Dominus,
1581 5700 1754 5754 neque
1784 5685 1836 5738 in
1861 5694 2118 5740 aeternum

549 5779 988 5844 columinabitur.
1016 5798 1030 5831 ι
1057 5779 1561 5856 Patetautemjuxta
1585 5778 1840 5841 litteram,
1864 5775 2004 5852 quod
2034 5775 2120 5830 ille

2229 4677 2506 4740 Dominus,
2553 4687 2612 4732 ut
2662 4689 3029 4743 conterantur,
3078 4690 3132 4735 et
3175 4695 3360 4734 eorum
3407 4680 3552 4748 justa
3583 4682 3810 4735 damna.

2225 4768 2301 4821 tio
2353 4767 2599 4836 proﬁciat
2655 4768 2710 4822 in
2765 4769 2975 4823 laudem
3020 4770 3313 4834 Creatoris,
3369 4779 3424 4825 et
3478 4772 3681 4840 rapina:
3741 4786 3810 4825 ac.

2221 4859 2480 4914 fortitudo
2545 4875 2730 4914 eorum
2793 4861 2864 4914 in'
2909 4861 3230 4915 sacrificium
3301 4861 3525 4917 Domino
3579 4878 3812 4918 conver-

2220 4947 2418 5007 tantur.

2855 5020 3078 5076 CAPUT
3122 5021 3178 5075 V.

2300 5148 2318 5184 ί
2357 5127 2505 5184 Nune
2534 5129 2847 5193 vastaberis,
2879 5131 2983 5184 filia
3024 5129 3287 5186 latronis:
3337 5133 3668 5188 obsidionem
3715 5147 3813 5201 po-

2223 5231 2448 5277 suerunt
2477 5236 2637 5290 super
2679 5237 2797 5286 nos,
2825 5221 2877 5274 in
2905 5222 3054 5290 virga
3085 5222 3390 5290 percutient
3415 5222 3684 5276 maxillam
3710 5223 3811 5291 ju-

2223 5314 2360 5367 dicis
2408 5313 2587 5368 lsracl.
2641 5332 2658 5364 ι
2718 5312 3075 5366 Promiseram
3133 5311 3225 5365 tibi
3275 5299 3470 5382 (inquit
3518 5311 3808 5380 propheta)

2223 5404 2368 5470 quod
2407 5405 2687 5456 triturares
2717 5409 2772 5454 et
2793 5401 3188 5456 comminueres
3213 5415 3401 5456 omnes
3429 5409 3635 5470 gentes,
3681 5414 3811 5467 qua:

2224 5493 2509 5549 adversum
2549 5502 2601 5547 te
2630 5501 2967 5562 congregata:
3016 5499 3189 5553 erant,
3235 5499 3288 5545 et
3334 5489 3557 5543 offerres
3586 5489 3810 5556 rapinas

2223 5589 2412 5641 eozium
2470 5585 2698 5640 Domino
2737 5582 2846 5637 Dco
2882 5591 2992 5636 tuo.
3031 5581 3136 5636 Sed
3183 5581 3306 5651 quia
3353 5581 3452 5634 hoc
3504 5594 3609 5632 non
3643 5578 3808 5630 modo

2227 5683 2336 5748 lict.
2372 5681 2462 5735 sed
2489 5697 2608 5735 cum
2650 5678 2922 5748 plenitudo
2948 5669 3184 5748 gentium
3218 5676 3439 5729 intrabit
3485 5673 3534 5726 in
3571 5670 3672 5723 fine
3702 5685 3806 5721 sa:-

2225 5746 2353 5847 «τιιιίξ,
2388 5773 2598 5826 interim
2648 5770 2874 5828 vastaris
2933 5785 3029 5838 pro
3084 5768 3290 5822 meritis
3349 5767 3470 5819 tuis.
3509 5763 3657 5819 l'nde
3688 5762 3804 5842 jam
