4022 6434
206 394 307 454 ιω
714 434 715 441 χ
1131 386 1531 444 ENARRATIO
1572 383 1640 441 ιΝ
1680 376 2020 443 ΜΙΕΒΕΛΜ
2056 388 2502 455 PBOPBEJ‘AM.
3326 396 3459 455 ’138

202 528 310 572 non
335 516 546 569 tevoce
573 507 737 565 tiliam
767 521 968 572 meam,
999 504 1097 562 sed
1132 502 1381 570 latronis,
1414 501 1469 557 id
1504 509 1612 567 est,
1661 499 1779 555 dia-
1800 502 1858 562 -Α
1883 500 2217 566 sublimitate
2242 504 2475 563 nominis
2520 505 2730 562 Domini
2775 505 2871 577 Dei
2899 506 3005 563 sui.
3042 506 3113 563 Et
3132 518 3457 565 ροηνθι-ωη-

200 605 328 669 buli,
352 603 446 674 qui
481 615 698 671 semper
724 607 809 663 est
843 607 1067 670 paratus
1094 595 1163 652 ad
1199 593 1623 667 prmdandumu
1669 589 1777 648 Ob-

1891 608 1988 661 ;ur,
2045 596 2173 666 quia
2217 611 2361 653 nunc
2408 596 2848 667 magniﬁcabitur
2872 614 3051 670 usque
3078 600 3148 655 ad
3196 602 3459 658 terminos

202 696 466 759 sidionem
494 699 793 763 posuerunt
821 703 985 759 super
1008 702 1126 743 nos.
1158 705 1178 740 ι
1218 684 1332 740 Vox
1359 691 1447 747 est
1477 682 1572 743 Dei
1597 679 1785 743 Patris.

1891 696 2059 742 Lemn.
2083 706 2102 739 i
2138 686 2272 742 Cum
2299 686 2475 758 inquit
2504 689 2772 759 pepererit
2793 690 3035 759 pariens,
3055 700 3114 747 et
3133 690 3210 746 sol
3232 690 3459 761 justiti:

201 785 468 858 loquentis
498 785 567 839 ad
593 782 789 837 Filium
816 789 873 837 et
898 778 1159 850 Spiritum
1201 784 1469 841 sanctum,
1516 782 1571 829 et
1599 771 1773 830 mani-
1864 776 2126 835 Christus
2157 787 2326 833 totum
2375 780 2637 837 mundum
2683 781 3009 851 impleverit,
3057 790 3185 838 tunc
3208 783 3325 854 ipile
3351 784 3458 839 Do-

200 879 331 937 feate
386 875 691 933 ostenditur
715 872 955 927 Trinitas
1006 882 1379 941 personarum.
1428 863 1776 927 Obsidionem
1866 867 2075 933 minus,
2104 869 2198 939 qui
2243 869 2395 940 prius
2422 878 2485 924 ut
2529 871 2692 926 homo
2740 870 3053 937 ambulavit,
3101 872 3288 938 stabit,
3333 888 3457 929 cum

200 977 492 1046 posuerunt
520 982 683 1037 super
723 965 923 1033 Eiliutu
952 962 1047 1017 Dei
1075 959 1268 1025 Judaei,
1297 957 1515 1028 quando
1557 953 1780 1010 insidia-

1891 976 1982 1016 am
2014 961 2156 1018 Deus
2197 961 2268 1015 ab
2311 960 2562 1017 omnibus
2606 960 2858 1016 credetur
2892 972 2947 1016 et
2992 962 3306 1017 adorabitur
3338 978 3353 1028 ;
3380 954 3463 1041 κεῖ
3499 959 3510 972 ⁸

200 1065 398 1121 bantur
422 1061 472 1116 ei
505 1060 752 1123 dicentes
776 1074 801 1111 ς.
819 1054 1093 1127 Magister,
1124 1052 1327 1107 scimus
1347 1049 1473 1122 quia
1497 1061 1663 1111 verax
1696 1059 1775 1102 es.

200 1154 359 1225 Quasi
383 1153 530 1215 eiiim
559 1149 904 1213 obsidebant,
948 1145 1040 1217 qui
1077 1158 1273 1214 capere
1312 1141 1637 1212 cogitabant.
1672 1135 1781 1201 Sed

200 1248 322 1326 quia
351 1242 544 1311 injuria
570 1241 693 1304 Filii
731 1238 928 1308 hijuria
963 1246 1049 1292 est
1069 1235 1312 1291 Patriset
1325 1231 1557 1303 Spiritus
1586 1227 1779 1293 sancti,

200 1320 397 1401 idcirco
446 1335 731 1407 pluraliter
765 1332 964 1388 dicitur
1028 1347 1048 1380 ι
1110 1342 1275 1398 super
1348 1339 1466 1379 nos.
1536 1340 1554 1375 ι
1628 1319 1783 1389 Quod

201 1425 627 1496 veroscquitur:
658 1441 676 1474 ι
705 1422 766 1487 in
792 1422 941 1493 virga
968 1418 1270 1489 percutient
1288 1414 1559 1469 maxillam
1588 1410 1784 1483 judicis

200 1515 379 1583 Israel,
405 1536 426 1571 ι
452 1518 556 1573 hoc
571 1512 831 1577 ostendit,
853 1510 993 1581 quod
1010 1507 1273 1567 arundine
1295 1503 1666 1575 percutiebant
1688 1499 1786 1554 mi.

200 1613 316 1671 lites
330 1617 495 1679 caput
514 1606 746 1670 Domini,
780 1618 904 1675 quae
931 1601 1053 1657 Filii
1090 1596 1419 1656 contumelia
1452 1590 1787 1650 redundabat

201 1710 254 1777 tu
284 1709 453 1756 totam
478 1698 817 1753 Trinitatem.
862 1694 1092 1763 Propter
1128 1692 1243 1746 lucc
1273 1703 1402 1758 ergo
1447 1684 1651 1742 scelera
1681 1696 1786 1743 non

200 1773 436 1851 dill'eram
486 1788 718 1860 amplius
746 1787 1023 1850 ultionem,
1073 1791 1128 1838 et
1158 1795 1322 1837 nunc
1365 1787 1421 1834 et
1447 1777 1503 1831 in
1533 1773 1787 1847 praesenti

198 1882 492 1941 vastaberis
527 1881 595 1936 ab
615 1877 857 1949 Assyriis
880 1875 960 1931 vel
982 1871 1259 1930 Romanis.

273 1996 301 2033 ι,
329 1976 397 2032 Et
428 1983 512 2040 tu,
539 1970 852 2037 Bethleltem
872 1969 1129 2043 Ephrata,
1162 1960 1418 2035 parvulus
1436 1973 1497 2015 es
1531 1956 1584 2012 in
1619 1953 1784 2011 milli-

200 2063 486 2130 busluda,
535 2078 603 2118 ex
631 2072 683 2116 te
711 2060 841 2116 mihi
894 2056 1202 2127 egredietur
1253 2051 1346 2123 qui
1384 2050 1455 2105 sit
1481 2047 1788 2104 dominator

205 2160 261 2215 iu
291 2155 473 2214 lsrael.
502 2174 525 2209 ι
548 2153 811 2223 Loquitur
832 2149 1093 2222 propheta
1118 2161 1182 2202 ex
1209 2156 1440 2215 persona
1459 2137 1639 2194 Patris
1664 2136 1785 2201 Dei,

205 2244 573 2319 promittentis
603 2241 1034 2307 incarnationem
1078 2236 1201 2292 Filii
1237 2234 1343 2299 sui,
1371 2238 1424 2287 et
1454 2226 1786 2299 designantis

200 2341 377 2403 locum
405 2336 706 2394 nativitatis
733 2333 871 2404 ejus.
916 2333 984 2387 Et
1030 2339 1109 2395 tu,
1138 2322 1475 2389 Bcthlehem,
1514 2336 1635 2392 quae
1659 2326 1786 2374 ante

199 2429 478 2488 vocabaris
514 2426 775 2498 Epitrata,
801 2433 855 2480 et
904 2424 1173 2477 intantum
1202 2434 1262 2474 es
1292 2415 1540 2481 minima,
1562 2420 1622 2469 ut
1640 2425 1787 2468 εοιιις-

197 2530 381 2594 parata
412 2518 652 2575 millibus
677 2516 836 2582 Juda,
858 2515 946 2570 vix
972 2527 1170 2585 parvus
1192 2508 1400 2565 viculus
1421 2505 1689 2570 liabearis,
1720 2517 1787 2559 ex

200 2618 299 2672 boc
321 2625 491 2686 parvo
511 2611 766 2683 oppidulo
781 2609 1090 2683 egredietur
1111 2605 1384 2670 Christus,
1406 2601 1499 2673 qui
1520 2600 1592 2657 sit
1609 2598 1786 2661 domi-

201 2717 353 2775 nator
389 2708 444 2764 in
476 2705 664 2763 lsrael.
712 2705 791 2760 Ac
830 2716 900 2759 ne
942 2701 1143 2774 putetis
1177 2713 1302 2754 eum
1332 2704 1540 2751 tantum
1568 2706 1690 2748 esse
1717 2688 1787 2747 de

199 2815 395 2872 genere
414 2797 605 2860 David,
636 2796 891 2866 quoniam
911 2793 1127 2863 quidem
1158 2798 1219 2845 ut
1244 2801 1406 2844 verus
1426 2787 1588 2841 homo
1608 2780 1786 2838 cemi-

199 2870 307 2959 tur,
336 2909 357 2944 ι
388 2899 444 2948 et
466 2902 716 2961 egressus
736 2884 853 2954 ejus
873 2884 942 2939 al)
962 2882 1116 2938 initio
1135 2896 1166 2935 a
1187 2878 1376 2934 diebus
1402 2870 1737 2931 aeternitatis.
1759 2886 1780 2923 ι

197 2983 331 3038 Ante
357 2958 556 3036 saecula
577 2994 642 3033 ex
681 2990 797 3030 mea
826 2971 1127 3029 substantia
1149 2968 1363 3041 genitus
1387 2974 1493 3029 est,
1522 2963 1650 3033 quia
1680 2979 1698 3011 ι
1726 2958 1784 3024 lu

195 3071 462 3151 principio
490 3076 608 3131 erat
633 3065 892 3129 Verbum,
916 3072 972 3117 et
1001 3061 1239 3118 Verbum
1263 3064 1381 3113 erat
1403 3054 1545 3125 apud
1590 3051 1785 3115 Deum,

197 3178 251 3230 et
296 3170 447 3226 Deus
492 3174 610 3222 erat
639 3162 896 3219 Verbum.
955 3177 975 3211 ι
1029 3156 1342 3213 Bethlebem
1401 3152 1786 3220 interpretatur

198 3264 395 3325 domus
420 3259 599 3332 panis,
629 3256 755 3326 quia
799 3254 874 3320 ibi
902 3260 1064 3307 natus
1105 3257 1189 3306 est
1233 3247 1392 3319 panis
1420 3244 1512 3316 qui
1553 3242 1622 3298 de
1646 3239 1785 3296 coelo

150 3423 167 3429 '
197 3352 496 3419 descendit.
522 3348 759 3419 prrata
780 3344 1011 3407 vertitur
1032 3344 1086 3407 in
1111 3340 1367 3403 furorem,
1393 3335 1535 3410 quod
1556 3333 1791 3405 pertinet

197 3447 263 3501 ad
284 3442 579 3507 Herodem,
620 3437 713 3511 qui
740 3438 954 3510 cognito
984 3433 1129 3507 quod
1150 3432 1339 3488 illusus
1366 3437 1512 3485 esset
1540 3444 1570 3482 a
1594 3426 1787 3497 magis,

196 3542 375 3601 tratus
398 3546 484 3594 est
506 3536 686 3593 valde.

271 3651 292 3686 ι
326 3631 567 3700 Propter.
606 3629 712 3684 hoc
757 3625 907 3686 dabit
943 3644 963 3678 ι
1009 3620 1272 3678 Dominus
1305 3637 1325 3671 ι
1356 3632 1450 3674 eos
1502 3631 1676 3687 usque
1722 3614 1793 3670 ad

199 3735 438 3795 tempus,
495 3722 552 3777 in
582 3736 688 3790 quo
712 3717 1025 3790 parturiens
1052 3712 1245 3784 pariet,
1293 3718 1349 3767 et
1397 3709 1638 3780 reliquiae
1680 3706 1793 3761 fra—

198 3825 350 3879 trum
396 3809 513 3881 ejus
538 3817 927 3871 convertentur
958 3805 1021 3862 ad
1072 3803 1213 3859 ﬁlios
1243 3800 1425 3865 Israel,
1463 3820 1480 3852 ι
1509 3799 1635 3855 ldeo
1682 3797 1791 3869 (in-

198 3906 342 3980 quit)
389 3905 542 3961 dabit
563 3918 681 3964 eos,
711 3902 897 3967 idest,
925 3897 1163 3960 Iudaeos,
1208 3904 1264 3949 et
1313 3893 1590 3963 permittet
1634 3905 1790 3945 suum

196 4008 393 4060 tenere
414 3994 712 4050 dominium
737 4006 909 4059 usque
932 3989 998 4043 ad
1045 3995 1256 4054 tempus
1274 3999 1383 4054 quo
1405 3983 1556 4053 virgo
1578 3980 1793 4050 pariens

196 4102 350 4146 novo
360 4084 549 4140 ordine
565 4081 758 4151 pariet.
776 4079 1064 4146 Postquam
1081 4083 1258 4129 autem
1273 4074 1621 4143 pepererit,et
1637 4077 1795 4124 natus

196 4175 468 4252 parvulus
495 4179 766 4241 susceptis
795 4165 1215 4237 dispensationis
1249 4178 1443 4217 munus
1470 4160 1792 4231 impleverit,

197 4250 411 4352 populo
456 4263 766 4321 .ludzeorum
808 4259 1024 4330 captivo
1059 4256 1143 4311 vel
1196 4251 1503 4316 interfecto,
1554 4250 1797 4320 reliquiae

200 4342 441 4418 lratrum
473 4357 617 4428 ejus,
646 4354 699 4408 id
724 4360 809 4413 est
852 4348 1104 4422 apostoli,
1153 4347 1251 4418 qui
1285 4354 1413 4401 sunt
1453 4343 1648 4402 fratres
1693 4342 1799 4398 Do-

1862 1062 2069 1124 .pascet
2117 1052 2318 1118 eos,id
2356 1060 2440 1107 est
2484 1051 2787 1117 credentes,
2837 1069 2856 1103 ι
2894 1053 2949 1107 in
2995 1051 3314 1109 fortitudine
3359 1054 3464 1108 Do-

1879 1145 2034 1209 mini,
2061 1145 2165 1200 hoc
2184 1152 2294 1209 est,
2320 1145 2376 1199 in
2402 1144 2703 1199 divinitatis
2734 1145 3018 1215 potentia;
3048 1145 3247 1215 quique
3278 1146 3458 1200 dicere

1878 1241 2129 1306 poterunt
2156 1252 2170 1287 :
2200 1233 2457 1288 Dominus
2498 1233 2673 1302 pascit
2718 1247 2824 1295 me,
2855 1241 2915 1289 et
2937 1233 3077 1293 nihil
3104 1233 3237 1288 milii
3268 1234 3459 1289 deerit.

1880 1324 2253 1380 Pascetetiam
2282 1323 2336 1378 in
2366 1323 2709 1379 sublimitate
2749 1323 2987 1378 nominis
3032 1322 3264 1389 Domini,
3301 1323 3460 1394 juxta

1884 1418 1987 1472 hoc
2034 1415 2178 1485 quod
2220 1415 2430 1470 vicinus
2476 1414 2715 1485 passioni
2763 1414 2930 1469 Deum
2974 1413 3189 1478 Patrem
3239 1414 3460 1468 oravit:

1889 1526 1908 1559 ι
1937 1507 2097 1562 Pater
2130 1514 2343 1577 sancte,
2376 1520 2533 1561 serva
2563 1519 2659 1560 eos
2692 1505 2747 1559 in
2775 1505 2994 1564 nomine
3032 1512 3140 1560 tuo.
3176 1523 3193 1556 ι
3226 1505 3293 1559 Et
3332 1518 3463 1560 con-

1883 1606 2165 1655 vertentur
2203 1597 2271 1657 ab
2319 1613 2507 1653 amore
2547 1612 2665 1667 qua
2688 1596 2977 1655 Christum.
3015 1597 3311 1657 carnaliter
3340 1596 3464 1652 dili-

1884 1690 2106 1758 gebant,
2135 1698 2191 1743 et
2217 1688 2477 1757 incipient
2499 1702 2624 1743 eum
2673 1688 2813 1743 sicut
2842 1686 3009 1740 Deum
3049 1686 3292 1758 diligere.
3340 1685 3469 1741 Sive

1871 1787 2296 1844 convertentur,
2325 1779 2377 1834 id
2407 1786 2509 1843 est,
2540 1778 2840 1849 spiritualia
2864 1785 2921 1833 et
2960 1786 3164 1841 πίει-ηδ
3210 1778 3472 1848 incipient

1814 1846 1867 1909 Β
1890 1881 2096 1945 petere,
2124 1872 2214 1943 qui
2242 1878 2401 1927 antea
2445 1846 2660 1929 terrena
2701 1878 2756 1926 et
2785 1869 3103 1941 temporalia
3133 1846 3471 1941 qurerebant,

1878 1964 2022 2032 Quia
2072 1961 2450 2034 magniﬁcatus
2492 1968 2578 2016 est
2636 1959 2889 2016 Christus
2943 1974 3115 2030 usque
3166 1959 3233 2013 ad
3291 1967 3471 2014 extre-

1885 2072 2032 2112 mum
2068 2064 2246 2120 terrae,
2269 2061 2324 2109 et
2344 2052 2460 2126 jam
2506 2067 2674 2108 sonus
2701 2051 2819 2123 ejus
2852 2051 3021 2107 exivit
3049 2051 3102 2106 in
3153 2051 3289 2107 lines
3322 2050 3478 2107 orbis

1887 2156 2048 2205 terra:

1962 2258 1987 2291 «ν
2016 2238 2081 2301 Et
2110 2239 2216 2299 erit
2269 2239 2373 2295 iste
2423 2252 2546 2309 pax,
2579 2236 2833 2307 Assyrius
2876 2249 3001 2290 cum
3030 2233 3242 2297 venerit
3277 2233 3331 2288 in
3362 2241 3472 2288 ter.-

1882 2347 2002 2388 ram
2056 2339 2323 2395 nostram,
2375 2337 2432 2386 et
2477 2328 2692 2399 quando
2749 2325 3040 2381 calcaverit
3101 2324 3156 2378 in
3223 2322 3475 2378 domibus

1880 2422 2107 2479 nostris.
2135 2441 2154 2474 ι
2196 2420 2333 2477 Cum
2381 2419 2595 2474 venerit
2645 2416 2925 2488 Assyrius,
2985 2414 3037 2469 id
3085 2422 3191 2479 est,
3226 2411 3477 2473 diabolus

1881 2530 2049 2586 super
2084 2523 2282 2570 terram
2335 2510 2610 2575 Ecclesiae,
2659 2516 2714 2565 et
2763 2506 3076 2578 religionem
3118 2518 3305 2560 eorum
3335 2517 3473 2573 quos

1884 2606 2060 2678 pascit
2106 2603 2386 2667 Dominus,
2440 2598 2677 2656 voluerit
2728 2596 3035 2659 devastare,
3085 2601 3144 2648 et
3178 2590 3474 2647 calcaverit

1886 2700 2077 2755 domos
2116 2705 2353 2761 nostras,
2385 2694 2439 2750 id
2480 2701 2584 2758 est,
2629 2704 2861 2761 corpora
2908 2689 3208 2742 animarum
3264 2683 3477 2739 ιιαὺὶιιιε

1885 2794 2005 2849 'cula
2026 2791 2333 2848 ascenderit
2354 2797 2411 2845 et
2429 2784 2780 2858 depresserit,
2805 2792 2934 2836 tunc
2957 2780 3092 2851 ipse,
3116 2778 3169 2833 id
3192 2783 3296 2843 est,
3318 2775 3476 2835 Chri-

1884 2892 2002 2939 stus
2027 2883 2135 2938 erit
2160 2897 2266 2953 pax
2307 2880 2362 2935 in
2403 2878 2580 2943 nobis,
2626 2874 2753 2946 quia
2800 2871 2946 2927 nulla
2980 2869 3281 2934 tribulatio,
3328 2865 3478 2921 nulla

1886 2973 2132 3051 angustia
2177 2970 2381 3049 poterit
2411 2968 2615 3024 electos
2663 2979 2916 3036 separare
2962 2979 2993 3017 a
3033 2961 3300 3017 charitate
3334 2958 3475 3027 ejus.

1887 3050 2130 3133 Exempli
2154 3076 2315 3116 causa
2336 3080 2349 3113 :
2371 3057 2745 3127 VeneratAssy
2755 3056 2869 3114 rius
2890 3069 3052 3124 super
3072 3064 3271 3108 terram
3296 3050 3470 3118 Pauli,

1887 3163 1943 3213 et
1975 3152 2202 3209 calcavit
2240 3150 2458 3204 domum
2505 3146 2643 3215 ejus,
2700 3160 2823 3207 cum
2878 3152 3024 3199 esset
3084 3144 3137 3198 in
3203 3143 3476 3197 laboribus

1812 3200 1858 3264 Ο
1890 3244 2162 3320 plurimis,
2199 3242 2252 3296 in
2289 3239 2575 3302 mortibus,
2607 3244 2663 3291 et
2690 3233 2906 3290 caneris
2944 3247 3065 3302 quae
3088 3232 3204 3301 ipse
3236 3246 3477 3284 comme-

1892 3344 2087 3394 morat.
2121 3334 2229 3391 Sed
2254 3331 2460 3403 quiain
2491 3329 2577 3386 bis
2603 3327 2855 3391 omnibus
2894 3323 3185 3395 superabat
3223 3335 3320 3391 per
3352 3334 3481 3375 eum

1891 3428 1985 3500 qui
2011 3426 2277 3487 dilexerat
2297 3437 2442 3486 eum,
2470 3428 2527 3475 et
2547 3419 2640 3499 qui
2664 3424 2782 3479 erat
2816 3429 2922 3486 pax
2940 3413 3056 3481 ejus
3079 3424 3127 3466 ι.
3158 3429 3177 3464 ι
3204 3411 3272 3473 Ει
3309 3410 3481 3465 susci-

1893 3496 2129 3577 tanimus
2174 3530 2337 3589 super
2376 3528 2499 3569 eum
2536 3496 2743 3582 septem
2800 3514 3071 3578 pastores,
3101 3511 3155 3558 et
3199 3510 3324 3558 octo
3368 3499 3482 3570 pri-

1892 3620 2069 3669 mates
2115 3607 2383 3664 homines.
2414 3623 2434 3658 ι
2474 3601 2839 3668 lntroduc’tur
2874 3599 3017 3654 enim
3047 3598 3188 3652 Deus
3210 3595 3375 3651 Pater
3405 3592 3483 3647 lo-

1893 3718 2067 3777 quens
2102 3708 2158 3756 et
2191 3700 2329 3755 bona
2363 3696 2710 3768 promittens.
2759 3711 2779 3747 ι
2814 3687 3216 3751 ‘Suscitabimus
3259 3683 3482 3758 (inquit)

1894 3774 1994 3868 ego
2042 3801 2098 3849 et
2144 3790 2313 3856 Filius
2351 3797 2407 3843 et
2442 3787 2677 3857 Spiritus
2727 3791 2946 3839 sanctus
2981 3795 3143 3849 super
3191 3791 3339 3840 eum,
3372 3795 3390 3828 ι
3427 3774 3481 3829 id

1894 3896 1978 3945 est
2002 3885 2306 3957 Assyrium,
2359 3888 2565 3952 septem
2610 3885 2877 3949 pastores,
2911 3874 2963 3929 id
3007 3881 3110 3938 est,
3141 3869 3486 3941 patriarchas.

1893 3992 1948 4037 ct
1976 3979 2288 4050 prophetas,
2308 3973 2401 4045 qui
2422 3970 2785 4043 septenarium
2809 3965 2966 4036 legis,
2992 3963 3043 4017 id
3070 3971 3174 4026 est,
3200 3960 3484 4015 sabbatum

1897 4049 2290 4132 servaverunt;
2345 4085 2362 4116 ι
2399 4073 2454 4118 et
2478 4073 2603 4118 octo
2627 4060 2910 4131 primates,
2943 4075 2962 4107 ι
2998 4054 3050 4109 id
3095 4060 3194 4114 est,
3225 4049 3483 4105 observa-

1898 4172 2043 4218 tores
2085 4157 2219 4214 Novi
2271 4150 2625 4215 Testamenti,
2664 4148 2755 4219 qui
2805 4147 2873 4201 ab
2919 4142 3177 4214 apostolis
3221 4153 3390 4209 usque
3416 4139 3484 4194 ad

1899 4254 2040 4308 hanc
2066 4255 2278 4305 aetatem
2305 4243 2636 4300 suscitantur
2664 4255 2694 4294 a
2724 4237 2951 4295 Domino
2980 4235 3033 4297 in
3064 4230 3323 4294 Ecclesia.
3352 4228 3487 4299 Sep—

1900 4339 2143 4397 tcnarius
2187 4347 2445 4393 numerus
2488 4330 2725 4403 pertinet
2768 4327 2836 4390 ad
2882 4323 3046 4388 Vetus
3077 4321 3483 4383 Testamentum

203 4409 768 4517 mini,con\:ertcutur
787 4446 853 4501 ad
875 4409 1310 4516 patriarcharum
1335 4448 1389 4495 et
1410 4438 1796 4509 prophetarum
1900 4442 2123 4507 propter
2161 4430 2467 4493 sabbatum,
2500 4421 2816 4487 octonarius
2863 4418 2929 4474 nd
2959 4415 3187 4489 gratiam
3221 4410 3353 4467 Novi
3381 4409 3485 4465 Te-

205 4543 395 4607 iidem.
427 4540 615 4595 Potest
640 4546 695 4593 et
726 4538 805 4592 sic
852 4505 1075 4606 intelligi
1103 4553 1119 4588 ιλ
1149 4532 1308 4603 Dabit
1330 4505 1446 4596 eos,
1475 4505 1529 4584 id
1567 4536 1667 4590 est,
1698 4527 1796 4586 Ju-
1826 4542 1875 4607 ι)
1904 4505 2159 4584 stamcnti
2184 4512 2185 4515 “
2212 4529 2435 4591 propter
2468 4514 2804 4573 Dominicam
2860 4505 3337 4569 resurrectionem,
3366 4515 3487 4572 quas

206 4637 355 4691 datos
384 4629 663 4701 permittet
703 4628 948 4683 umbram
991 4595 1107 4681 sua:
1140 4599 1274 4692 legis
1297 4623 1591 4678 observare
1620 4634 1793 4688 usque
1829 4595 1863 4612 Ὺ
1897 4627 2088 4677 octava
2117 4614 2203 4670 die
2237 4612 2377 4675 facta
2424 4617 2481 4669 et
2528 4606 2744 4678 impleta
2789 4613 2891 4659 est.
2946 4599 3100 4665 Unde
3128 4606 3184 4654 et
3227 4595 3485 4652 Salomon

205 4728 275 4791 ad
304 4737 516 4797 tempus
538 4723 827 4794 parientis,
868 4720 919 4775 id
962 4727 1065 4783 est,
1103 4718 1276 4773 donec
1321 4713 1565 4773 Ecclesia
1618 4719 1794 4770 mater

206 4817 468 4889 gentilem
493 4814 748 4886 populum
776 4810 1132 4887 spiritualiter
1151 4809 1219 4864 ad
1262 4806 1425 4873 [idem
1467 4811 1710 4877 generet,
1739 4810 1798 4857 et

208 4908 390 4967 donec
422 4907 622 4963 sterilis
642 4906 821 4975 pariat
842 4903 1127 4974 plurimos,
1162 4911 1218 4956 et
1242 4915 1365 4970 quae
1407 4898 1604 4961 inultos
1629 4896 1796 4951 liabe-

208 5004 308 5061 lat
361 5001 523 5068 ﬁlios,
570 5000 874 5055 inllrtnetur
904 5012 925 5053 ι
977 5007 1032 5052 et
1078 4996 1417 5055 subintrante
1463 4991 1798 5063 plenitudine

211 5094 478 5170 gentium,
512 5095 726 5150 tandem
762 5091 938 5146 omnis
965 5088 1127 5153 lsrael
1167 5087 1346 5143 salvus
1374 5086 1489 5150 (iet,
1522 5095 1648 5140 tunc
1670 5081 1799 5143 reli-

213 5192 356 5262 quia:
384 5189 613 5244 fratrum
656 5188 774 5259 ejus
815 5193 1204 5242 convertentur
1243 5181 1309 5236 ad
1350 5179 1491 5235 ﬁlios
1525 5176 1710 5243 Israel,
1745 5181 1803 5230 et

213 5280 544 5356 przedicante
573 5279 709 5344 Elia,
741 5286 1126 5339 convertentur
1148 5274 1311 5330 corda
1346 5280 1562 5344 patrum
1609 5269 1676 5324 ad
1732 5267 1799 5322 li-

215 5374 341 5438 lios,
373 5383 431 5429 et
457 5372 621 5429 corda
665 5370 903 5427 ﬁliorum
950 5368 1019 5424 ad
1071 5375 1259 5438 patres
1284 5378 1498 5424 eorum.
1528 5370 1585 5417 et
1615 5360 1798 5416 novis-

219 5464 392 5520 simus
430 5462 659 5534 populus
691 5460 949 5533 jungetur
975 5458 1179 5530 priori:
1234 5464 1287 5513 et
1322 5465 1455 5515 tunc
1490 5461 1651 5509 erunt
1678 5466 1805 5508 vere

220 5554 314 5629 ulli
343 5552 598 5618 Abrabre,
622 5551 892 5611 credendo
923 5550 977 5606 in
999 5563 1125 5606 cum
1164 5561 1325 5620 quem
1357 5545 1491 5605 vidit
1536 5543 1803 5603 Abraham

222 5659 273 5702 et
310 5647 524 5703 laetatus
545 5651 648 5702 est.
1798 5656 1803 5663 '

296 5758 316 5790 ‹
354 5738 421 5795 Et
467 5736 655 5801 stabit,
706 5743 764 5793 et
811 5744 1000 5806 pascet
1040 5737 1094 5793 in
1122 5734 1432 5793 fortitudine
1470 5732 1702 5800 Domini,
1752 5732 1803 5795 in

294 5865 322 5902 ι
343 5849 567 5915 Videtur
598 5848 795 5922 aliquid
819 5848 1024 5905 deesse.

1900 4712 2016 4769 ait:
2047 4730 2065 4761 ι
2093 4708 2169 4763 Da
2193 4714 2375 4778 partes
2401 4711 2609 4772 septem
2646 4692 2861 4759 necnon
2885 4704 2941 4752 et
2964 4701 3107 4753 octo.
3138 4712 3158 4745 ι

1976 4823 1997 4858 ι
2026 4801 2093 4856 Et
2114 4805 2341 4869 pasccnt
2370 4803 2573 4850 terram
2601 4792 2771 4847 Assur
2801 4790 2852 4843 in
2882 4786 3077 4858 gladio,
3113 4804 3131 4838 ι
3167 4780 3488 4841 subauditur

1902 4890 2171 4948 sermonis
2201 4887 2318 4952 Dei,
2351 4886 2417 4941 de
2446 4899 2554 4953 quo
2576 4880 2862 4953 Apostolus
2888 4896 2901 4931 :
2932 4897 2951 4929 ι
2980 4876 3146 4933 Vivus
3180 4881 3265 4928 cst
3304 4883 3486 4927 seruio

1902 4982 2004 5042 Dei
2023 4988 2079 5037 et
2103 4977 2317 5043 clIicax,
2354 4983 2409 5029 et
2450 4970 2837 5045 penetrabilior
2860 4965 3008 5023 omni
3041 4963 3218 5036 gladio
3244 4957 3485 5030 ancipiti,

1905 5084 1960 5130 et
1988 5071 2297 5145 pertingens
2325 5079 2498 5137 usque
2534 5064 2601 5121 ad
2646 5062 2964 5119 divisionem
3005 5058 3199 5113 animae
3230 5059 3293 5108 ‘et
3330 5048 3489 5119 spiri-

1907 5143 2013 5224 tus.
2044 5184 2062 5218 ι
2098 5163 2197 5221 Hic
2219 5161 2429 5234 gladius
2466 5158 2665 5214 missus
2687 5164 2772 5215 est
2808 5152 2877 5218 ab
2908 5167 2993 5217 eo,
3026 5150 3117 5220 qui
3152 5143 3301 5202 venit
3332 5156 3490 5211 sepa-

1908 5274 2030 5319 rare
2056 5232 2330 5324 hominem
2361 5252 2620 5307 adversus
2651 5256 2858 5320 patrem
2886 5259 3062 5308 suum,
3100 5250 3156 5297 et
3195 5238 3361 5293 tiliam
3399 5232 3490 5300 ad—

1907 5364 2097 5406 versus
2123 5355 2349 5402 matrem
2374 5357 2552 5408 suam,
2578 5349 2635 5396 et
2657 5339 2882 5409 reliqua.
2907 5337 3138 5400 Pascent
3157 5330 3318 5386 etiam
3341 5345 3360 5379 ι
3385 5334 3491 5382 ter-.

1908 5458 2024 5499 ram
2055 5437 2289 5495 Nemrod
2339 5436 2393 5491 in
2422 5434 2629 5494 lanceis
2657 5432 2795 5504 ejus,
2838 5439 2894 5485 et
2924 5423 3174 5483 liberabit
3202 5420 3271 5476 ab
3293 5418 3487 5486 Assur,

1907 5549 2032 5593 cum
2054 5530 2269 5587 venerit
2294 5529 2347 5585 in
2376 5534 2576 5584 terram
2603 5533 2868 5587 nostram,
2893 5529 2951 5576 et
2977 5532 3099 5575 cum
3126 5511 3416 5571 calcaverit
3434 5510 3490 5576 in

1907 5624 2162 5684 terminis
2185 5621 2411 5688 nostris,
2441 5640 2458 5672 ι
2494 5618 2550 5676 id
2574 5627 2679 5685 est,
2716 5625 2918 5672 terram
2962 5610 3151 5676 Assur,
3176 5609 3231 5665 in
3268 5621 3374 5678 qua
3412 5620 3493 5658 re.

1911 5716 2098 5790 gnavit
2140 5711 2375 5773 Nemrod
2429 5712 2688 5773 robustus
2732 5711 2957 5769 venator
3026 5716 3208 5761 coram
3259 5696 3491 5765 Domino
