  <div class='ocr_page' id='page_1' title='image "/cluster/home/n/w/nwhite01/storage/ocr_20150623/117/hvd.32044015466899/085.png"; bbox 0 0 4022 6478; ppageno 0'>
   <div class='ocr_carea' id='block_1_1' title="bbox 530 410 638 490">
    <p class='ocr_par' dir='ltr' id='par_1_1' title="bbox 530 410 638 490">
     <span class='ocr_line' id='line_1_1' title="bbox 530 410 638 490; baseline 0.009 -1"><span class='ocrx_word' id='word_1_1' title='bbox 530 410 638 490; x_wconf 66' lang='lat' dir='ltr'><strong>iss</strong></span> 
     </span>
    </p>
   </div>
   <div class='ocr_carea' id='block_1_2' title="bbox 1000 421 3296 497">
    <p class='ocr_par' dir='ltr' id='par_1_2' title="bbox 1000 421 3296 497">
     <span class='ocr_line' id='line_1_2' title="bbox 1000 421 3296 497; baseline -0.001 -10"><span class='ocrx_word' id='word_1_2' title='bbox 1000 428 1353 487; x_wconf 72' lang='lat' dir='ltr'><strong>HAYMONIS</strong></span> <span class='ocrx_word' id='word_1_3' title='bbox 1391 426 1869 497; x_wconf 72' lang='lat' dir='ltr'><strong>HALBERSTAT.</strong></span> <span class='ocrx_word' id='word_1_4' title='bbox 1912 422 2123 482; x_wconf 78' lang='lat' dir='ltr'><strong>EPlSC.</strong></span> <span class='ocrx_word' id='word_1_5' title='bbox 2163 421 2312 478; x_wconf 83' lang='lat' dir='ltr'><strong>OPP.</strong></span> <span class='ocrx_word' id='word_1_6' title='bbox 2353 422 2531 481; x_wconf 79' lang='lat' dir='ltr'><strong>PARS</strong></span> <span class='ocrx_word' id='word_1_7' title='bbox 2567 425 2608 480; x_wconf 87' lang='lat' dir='ltr'><strong>l.</strong></span> <span class='ocrx_word' id='word_1_8' title='bbox 2648 457 2718 484; x_wconf 65' lang='lat'><strong>—-.</strong></span> <span class='ocrx_word' id='word_1_9' title='bbox 2754 426 3107 485; x_wconf 72' lang='lat' dir='ltr'><strong>COMMENT.</strong></span> <span class='ocrx_word' id='word_1_10' title='bbox 3148 427 3296 485; x_wconf 76' lang='lat' dir='ltr'><strong>BIBL</strong></span> 
     </span>
    </p>
   </div>
   <div class='ocr_carea' id='block_1_3' title="bbox 3678 429 3789 486">
    <p class='ocr_par' dir='ltr' id='par_1_3' title="bbox 3678 429 3789 486">
     <span class='ocr_line' id='line_1_3' title="bbox 3678 429 3789 486; baseline 0 0"><span class='ocrx_word' id='word_1_11' title='bbox 3678 429 3789 486; x_wconf 66' lang='grc' dir='ltr'><strong><em>κο</em></strong></span> 
     </span>
    </p>
   </div>
   <div class='ocr_carea' id='block_1_4' title="bbox 537 532 3789 608">
    <p class='ocr_par' dir='ltr' id='par_1_4' title="bbox 537 532 3789 608">
     <span class='ocr_line' id='line_1_4' title="bbox 537 532 3789 608; baseline 0 -13"><span class='ocrx_word' id='word_1_12' title='bbox 537 538 771 595; x_wconf 76' lang='lat' dir='ltr'><strong>Nemi-od</strong></span> <span class='ocrx_word' id='word_1_13' title='bbox 817 540 1200 608; x_wconf 86' lang='lat' dir='ltr'><strong>interpretatur</strong></span> <span class='ocrx_word' id='word_1_14' title='bbox 1241 536 1469 594; x_wconf 82' lang='lat' dir='ltr'><strong>tentatio</strong></span> <span class='ocrx_word' id='word_1_15' title='bbox 1519 537 1851 594; x_wconf 72' lang='lat' dir='ltr'><strong>descendens</strong></span> <span class='ocrx_word' id='word_1_16' title='bbox 1871 577 1885 602; x_wconf 93' lang='lat'><strong>,</strong></span> <span class='ocrx_word' id='word_1_17' title='bbox 1921 543 1977 590; x_wconf 89' lang='lat' dir='ltr'><strong>et</strong></span> <span class='ocrx_word' id='word_1_18' title='bbox 2010 533 2103 590; x_wconf 86' lang='lat' dir='ltr'><strong>de-</strong></span> <span class='ocrx_word' id='word_1_19' title='bbox 2129 536 2175 596; x_wconf 82' lang='grc' dir='ltr'><strong>Α</strong></span> <span class='ocrx_word' id='word_1_20' title='bbox 2203 532 2378 589; x_wconf 82' lang='lat' dir='ltr'><strong>tiones</strong></span> <span class='ocrx_word' id='word_1_21' title='bbox 2405 541 2545 591; x_wconf 85' lang='lat' dir='ltr'><strong>luas.</strong></span> <span class='ocrx_word' id='word_1_22' title='bbox 2578 554 2597 589; x_wconf 69' lang='grc' dir='ltr'><strong>ι</strong></span> <span class='ocrx_word' id='word_1_23' title='bbox 2628 534 2880 592; x_wconf 76' lang='lat' dir='ltr'><strong>Auferam</strong></span> <span class='ocrx_word' id='word_1_24' title='bbox 2908 539 3070 593; x_wconf 87' lang='lat' dir='ltr'><strong>etiam</strong></span> <span class='ocrx_word' id='word_1_25' title='bbox 3095 551 3288 593; x_wconf 86' lang='lat' dir='ltr'><strong>currus</strong></span> <span class='ocrx_word' id='word_1_26' title='bbox 3313 544 3434 593; x_wconf 88' lang='lat' dir='ltr'><strong>tuos</strong></span> <span class='ocrx_word' id='word_1_27' title='bbox 3467 545 3525 594; x_wconf 88' lang='lat' dir='ltr'><strong>et</strong></span> <span class='ocrx_word' id='word_1_28' title='bbox 3554 539 3789 608; x_wconf 63' lang='lat' dir='ltr'><strong>quad??-</strong></span> 
     </span>
    </p>
   </div>
   <div class='ocr_carea' id='block_1_5' title="bbox 535 626 2100 702">
    <p class='ocr_par' dir='ltr' id='par_1_5' title="bbox 535 626 2100 702">
     <span class='ocr_line' id='line_1_5' title="bbox 535 626 2100 702; baseline -0.004 -17"><span class='ocrx_word' id='word_1_29' title='bbox 535 633 713 702; x_wconf 85' lang='lat' dir='ltr'><strong>signat</strong></span> <span class='ocrx_word' id='word_1_30' title='bbox 740 628 1028 694; x_wconf 84' lang='lat' dir='ltr'><strong>diabolum,</strong></span> <span class='ocrx_word' id='word_1_31' title='bbox 1058 627 1151 698; x_wconf 90' lang='lat' dir='ltr'><strong>qui</strong></span> <span class='ocrx_word' id='word_1_32' title='bbox 1182 627 1248 683; x_wconf 90' lang='lat' dir='ltr'><strong>de</strong></span> <span class='ocrx_word' id='word_1_33' title='bbox 1273 628 1411 682; x_wconf 73' lang='lat' dir='ltr'><strong>ctelo</strong></span> <span class='ocrx_word' id='word_1_34' title='bbox 1434 643 1533 698; x_wconf 90' lang='lat' dir='ltr'><strong>per</strong></span> <span class='ocrx_word' id='word_1_35' title='bbox 1561 627 1863 699; x_wconf 79' lang='lat' dir='ltr'><strong>superbiam</strong></span> <span class='ocrx_word' id='word_1_36' title='bbox 1887 626 2100 682; x_wconf 74' lang='lat' dir='ltr'><strong>cecidit.</strong></span> 
     </span>
    </p>
   </div>
   <div class='ocr_carea' id='block_1_6' title="bbox 474 718 2102 788">
    <p class='ocr_par' dir='ltr' id='par_1_6' title="bbox 474 718 2102 788">
     <span class='ocr_line' id='line_1_6' title="bbox 474 718 2102 788; baseline -0.002 -15"><span class='ocrx_word' id='word_1_37' title='bbox 474 768 483 773; x_wconf 88' lang='lat'>_</span> <span class='ocrx_word' id='word_1_38' title='bbox 535 720 693 775; x_wconf 83' lang='lat' dir='ltr'><strong>Istius</strong></span> <span class='ocrx_word' id='word_1_39' title='bbox 727 729 944 784; x_wconf 87' lang='lat' dir='ltr'><strong>terram,</strong></span> <span class='ocrx_word' id='word_1_40' title='bbox 984 718 1038 773; x_wconf 94' lang='lat' dir='ltr'><strong>id</strong></span> <span class='ocrx_word' id='word_1_41' title='bbox 1067 728 1171 783; x_wconf 86' lang='lat' dir='ltr'><strong>est,</strong></span> <span class='ocrx_word' id='word_1_42' title='bbox 1207 718 1454 773; x_wconf 82' lang='lat' dir='ltr'><strong>homines</strong></span> <span class='ocrx_word' id='word_1_43' title='bbox 1481 718 1977 788; x_wconf 64' lang='lat' dir='ltr'><strong>quos‘possederat,</strong></span> <span class='ocrx_word' id='word_1_44' title='bbox 2006 730 2102 786; x_wconf 83' lang='lat' dir='ltr'><strong>pa—</strong></span> 
     </span>
    </p>
   </div>
   <div class='ocr_carea' id='block_1_7' title="bbox 535 809 2106 879">
    <p class='ocr_par' dir='ltr' id='par_1_7' title="bbox 535 809 2106 879">
     <span class='ocr_line' id='line_1_7' title="bbox 535 809 2106 879; baseline -0.003 -12"><span class='ocrx_word' id='word_1_45' title='bbox 535 818 687 867; x_wconf 77' lang='lat' dir='ltr'><strong>scent</strong></span> <span class='ocrx_word' id='word_1_46' title='bbox 710 809 784 864; x_wconf 74' lang='lat' dir='ltr'><strong>illi</strong></span> <span class='ocrx_word' id='word_1_47' title='bbox 813 817 1054 879; x_wconf 81' lang='lat' dir='ltr'><strong>pastores</strong></span> <span class='ocrx_word' id='word_1_48' title='bbox 1082 817 1135 862; x_wconf 93' lang='lat' dir='ltr'><strong>et</strong></span> <span class='ocrx_word' id='word_1_49' title='bbox 1162 809 1448 878; x_wconf 90' lang='lat' dir='ltr'><strong>optimates</strong></span> <span class='ocrx_word' id='word_1_50' title='bbox 1467 849 1483 874; x_wconf 95' lang='lat'><strong>,</strong></span> <span class='ocrx_word' id='word_1_51' title='bbox 1518 810 1573 864; x_wconf 89' lang='lat' dir='ltr'><strong>id</strong></span> <span class='ocrx_word' id='word_1_52' title='bbox 1600 818 1709 875; x_wconf 91' lang='lat' dir='ltr'><strong>est,</strong></span> <span class='ocrx_word' id='word_1_53' title='bbox 1749 809 2022 879; x_wconf 64' lang='lat' dir='ltr'><strong>prophetas</strong></span> <span class='ocrx_word' id='word_1_54' title='bbox 2049 816 2106 863; x_wconf 87' lang='lat' dir='ltr'><strong>et</strong></span> 
     </span>
    </p>
   </div>
   <div class='ocr_carea' id='block_1_8' title="bbox 534 898 2101 970">
    <p class='ocr_par' dir='ltr' id='par_1_8' title="bbox 534 898 2101 970">
     <span class='ocr_line' id='line_1_8' title="bbox 534 898 2101 970; baseline -0.003 -15"><span class='ocrx_word' id='word_1_55' title='bbox 534 899 778 970; x_wconf 73' lang='lat' dir='ltr'><strong>apostoli.</strong></span> <span class='ocrx_word' id='word_1_56' title='bbox 819 900 875 954; x_wconf 92' lang='lat' dir='ltr'><strong>In</strong></span> <span class='ocrx_word' id='word_1_57' title='bbox 906 898 1125 963; x_wconf 76' lang='lat' dir='ltr'><strong>lanceis,</strong></span> <span class='ocrx_word' id='word_1_58' title='bbox 1166 899 1425 954; x_wconf 88' lang='lat' dir='ltr'><strong>subaudis</strong></span> <span class='ocrx_word' id='word_1_59' title='bbox 1458 898 1653 954; x_wconf 71' lang='lat' dir='ltr'><strong>divina:</strong></span> <span class='ocrx_word' id='word_1_60' title='bbox 1687 898 2101 969; x_wconf 64' lang='lat' dir='ltr'><strong>praedicationis.</strong></span> 
     </span>
    </p>
   </div>
   <div class='ocr_carea' id='block_1_9' title="bbox 533 986 2104 1059">
    <p class='ocr_par' dir='ltr' id='par_1_9' title="bbox 533 986 2104 1059">
     <span class='ocr_line' id='line_1_9' title="bbox 533 986 2104 1059; baseline 0 -16"><span class='ocrx_word' id='word_1_61' title='bbox 533 988 796 1058; x_wconf 86' lang='lat' dir='ltr'><strong>Superato</strong></span> <span class='ocrx_word' id='word_1_62' title='bbox 825 987 1007 1058; x_wconf 88' lang='lat' dir='ltr'><strong>itaque</strong></span> <span class='ocrx_word' id='word_1_63' title='bbox 1038 997 1197 1056; x_wconf 88' lang='lat' dir='ltr'><strong>atque</strong></span> <span class='ocrx_word' id='word_1_64' title='bbox 1225 988 1476 1044; x_wconf 74' lang='lat' dir='ltr'><strong>confosso</strong></span> <span class='ocrx_word' id='word_1_65' title='bbox 1503 986 1746 1059; x_wconf 73' lang='lat' dir='ltr'><strong>Assyrio,</strong></span> <span class='ocrx_word' id='word_1_66' title='bbox 1791 995 1844 1042; x_wconf 91' lang='lat' dir='ltr'><strong>et</strong></span> <span class='ocrx_word' id='word_1_67' title='bbox 1886 988 2104 1043; x_wconf 85' lang='lat' dir='ltr'><strong>redacta</strong></span> 
     </span>
    </p>
   </div>
   <div class='ocr_carea' id='block_1_10' title="bbox 531 1078 2105 1145">
    <p class='ocr_par' dir='ltr' id='par_1_10' title="bbox 531 1078 2105 1145">
     <span class='ocr_line' id='line_1_10' title="bbox 531 1078 2105 1145; baseline 0.001 -12"><span class='ocrx_word' id='word_1_68' title='bbox 531 1091 673 1134; x_wconf 87' lang='lat' dir='ltr'><strong>terra</strong></span> <span class='ocrx_word' id='word_1_69' title='bbox 736 1079 970 1135; x_wconf 88' lang='lat' dir='ltr'><strong>Nemrod</strong></span> <span class='ocrx_word' id='word_1_70' title='bbox 1010 1079 1064 1133; x_wconf 90' lang='lat' dir='ltr'><strong>in</strong></span> <span class='ocrx_word' id='word_1_71' title='bbox 1108 1078 1372 1145; x_wconf 80' lang='lat' dir='ltr'><strong>nihilum,</strong></span> <span class='ocrx_word' id='word_1_72' title='bbox 1421 1079 1667 1134; x_wconf 75' lang='lat' dir='ltr'><strong>liberabit</strong></span> <span class='ocrx_word' id='word_1_73' title='bbox 1711 1093 1807 1133; x_wconf 86' lang='lat' dir='ltr'><strong>nos</strong></span> <span class='ocrx_word' id='word_1_74' title='bbox 1847 1078 2105 1135; x_wconf 82' lang='lat' dir='ltr'><strong>Dominus</strong></span> 
     </span>
    </p>
   </div>
   <div class='ocr_carea' id='block_1_11' title="bbox 528 1167 2105 1238">
    <p class='ocr_par' dir='ltr' id='par_1_11' title="bbox 528 1167 2105 1238">
     <span class='ocr_line' id='line_1_11' title="bbox 528 1167 2105 1238; baseline -0.001 -14"><span class='ocrx_word' id='word_1_75' title='bbox 528 1168 779 1224; x_wconf 87' lang='lat' dir='ltr'><strong>Christus</strong></span> <span class='ocrx_word' id='word_1_76' title='bbox 804 1169 869 1223; x_wconf 87' lang='lat' dir='ltr'><strong>de</strong></span> <span class='ocrx_word' id='word_1_77' title='bbox 898 1183 1058 1223; x_wconf 90' lang='lat' dir='ltr'><strong>manu</strong></span> <span class='ocrx_word' id='word_1_78' title='bbox 1086 1169 1274 1234; x_wconf 84' lang='lat' dir='ltr'><strong>Assur,</strong></span> <span class='ocrx_word' id='word_1_79' title='bbox 1301 1168 1393 1238; x_wconf 90' lang='lat' dir='ltr'><strong>qui</strong></span> <span class='ocrx_word' id='word_1_80' title='bbox 1422 1176 1642 1223; x_wconf 75' lang='lat' dir='ltr'><strong>venerat</strong></span> <span class='ocrx_word' id='word_1_81' title='bbox 1666 1167 1875 1223; x_wconf 82' lang='lat' dir='ltr'><strong>calcare</strong></span> <span class='ocrx_word' id='word_1_82' title='bbox 1904 1178 2105 1224; x_wconf 83' lang='lat' dir='ltr'><strong>terram</strong></span> 
     </span>
    </p>
   </div>
   <div class='ocr_carea' id='block_1_12' title="bbox 527 1270 790 1316">
    <p class='ocr_par' dir='ltr' id='par_1_12' title="bbox 527 1270 790 1316">
     <span class='ocr_line' id='line_1_12' title="bbox 527 1270 790 1316; baseline 0.004 -3"><span class='ocrx_word' id='word_1_83' title='bbox 527 1270 790 1316; x_wconf 78' lang='lat' dir='ltr'><strong>ItOStram.</strong></span> 
     </span>
    </p>
   </div>
   <div class='ocr_carea' id='block_1_13' title="bbox 604 1346 2106 1421">
    <p class='ocr_par' dir='ltr' id='par_1_13' title="bbox 604 1346 2106 1421">
     <span class='ocr_line' id='line_1_13' title="bbox 604 1346 2106 1421; baseline 0.001 -17"><span class='ocrx_word' id='word_1_84' title='bbox 604 1367 622 1397; x_wconf 77' lang='grc' dir='ltr'><strong><em>α</em></strong></span> <span class='ocrx_word' id='word_1_85' title='bbox 644 1348 712 1404; x_wconf 82' lang='grc' dir='ltr'>Ει</span> <span class='ocrx_word' id='word_1_86' title='bbox 735 1348 972 1419; x_wconf 60' lang='lat' dir='ltr'><strong>reliquiae</strong></span> <span class='ocrx_word' id='word_1_87' title='bbox 998 1353 1160 1404; x_wconf 83' lang='lat' dir='ltr'><strong>erunt</strong></span> <span class='ocrx_word' id='word_1_88' title='bbox 1184 1346 1351 1403; x_wconf 74' lang='lat' dir='ltr'><strong>Iacob</strong></span> <span class='ocrx_word' id='word_1_89' title='bbox 1380 1349 1433 1403; x_wconf 92' lang='lat' dir='ltr'><strong>in</strong></span> <span class='ocrx_word' id='word_1_90' title='bbox 1459 1349 1704 1419; x_wconf 74' lang='lat' dir='ltr'><strong>gentibus</strong></span> <span class='ocrx_word' id='word_1_91' title='bbox 1731 1351 1784 1406; x_wconf 91' lang='lat' dir='ltr'><strong>in</strong></span> <span class='ocrx_word' id='word_1_92' title='bbox 1809 1350 1988 1407; x_wconf 82' lang='lat' dir='ltr'><strong>medio</strong></span> <span class='ocrx_word' id='word_1_93' title='bbox 2010 1365 2106 1421; x_wconf 80' lang='lat' dir='ltr'><strong>po—</strong></span> 
     </span>
    </p>
   </div>
   <div class='ocr_carea' id='block_1_14' title="bbox 526 1439 2103 1510">
    <p class='ocr_par' dir='ltr' id='par_1_14' title="bbox 526 1439 2103 1510">
     <span class='ocr_line' id='line_1_14' title="bbox 526 1439 2103 1510; baseline 0.004 -19"><span class='ocrx_word' id='word_1_94' title='bbox 526 1439 789 1509; x_wconf 77' lang='lat' dir='ltr'><strong>palorum.</strong></span> <span class='ocrx_word' id='word_1_95' title='bbox 809 1440 1123 1503; x_wconf 89' lang='lat' dir='ltr'><strong>multorum,</strong></span> <span class='ocrx_word' id='word_1_96' title='bbox 1167 1439 1323 1509; x_wconf 86' lang='lat' dir='ltr'><strong>quasi</strong></span> <span class='ocrx_word' id='word_1_97' title='bbox 1372 1455 1460 1494; x_wconf 91' lang='lat' dir='ltr'><strong>ros</strong></span> <span class='ocrx_word' id='word_1_98' title='bbox 1488 1457 1517 1494; x_wconf 86' lang='lat' dir='ltr'><strong>a</strong></span> <span class='ocrx_word' id='word_1_99' title='bbox 1562 1440 1807 1504; x_wconf 88' lang='lat' dir='ltr'><strong>Domino,</strong></span> <span class='ocrx_word' id='word_1_100' title='bbox 1851 1452 1915 1501; x_wconf 82' lang='lat' dir='ltr'><strong>et.</strong></span> <span class='ocrx_word' id='word_1_101' title='bbox 1950 1443 2103 1510; x_wconf 87' lang='lat' dir='ltr'><strong>quasi</strong></span> 
     </span>
    </p>
   </div>
   <div class='ocr_carea' id='block_1_15' title="bbox 527 1530 2099 1602">
    <p class='ocr_par' dir='ltr' id='par_1_15' title="bbox 527 1530 2099 1602">
     <span class='ocr_line' id='line_1_15' title="bbox 527 1530 2099 1602; baseline 0.001 -17"><span class='ocrx_word' id='word_1_102' title='bbox 527 1530 696 1586; x_wconf 71' lang='lat' dir='ltr'><strong>stillae.</strong></span> <span class='ocrx_word' id='word_1_103' title='bbox 732 1546 909 1602; x_wconf 73' lang='lat' dir='ltr'><strong>super.</strong></span> <span class='ocrx_word' id='word_1_104' title='bbox 947 1531 1189 1586; x_wconf 82' lang='lat' dir='ltr'><strong>herbam.</strong></span> <span class='ocrx_word' id='word_1_105' title='bbox 1223 1550 1242 1583; x_wconf 71' lang='grc' dir='ltr'><strong>ι</strong></span> <span class='ocrx_word' id='word_1_106' title='bbox 1293 1531 1563 1586; x_wconf 83' lang='lat' dir='ltr'><strong>Liberatis</strong></span> <span class='ocrx_word' id='word_1_107' title='bbox 1608 1533 1767 1587; x_wconf 87' lang='lat' dir='ltr'><strong>nobis</strong></span> <span class='ocrx_word' id='word_1_108' title='bbox 1803 1533 1872 1587; x_wconf 82' lang='lat' dir='ltr'><strong>ab</strong></span> <span class='ocrx_word' id='word_1_109' title='bbox 1909 1533 2099 1601; x_wconf 79' lang='lat' dir='ltr'><strong>Assur,</strong></span> 
     </span>
    </p>
   </div>
   <div class='ocr_carea' id='block_1_16' title="bbox 527 1622 2099 1694">
    <p class='ocr_par' dir='ltr' id='par_1_16' title="bbox 527 1622 2099 1694">
     <span class='ocr_line' id='line_1_16' title="bbox 527 1622 2099 1694; baseline 0 -16"><span class='ocrx_word' id='word_1_110' title='bbox 527 1623 620 1692; x_wconf 71' lang='lat' dir='ltr'><strong>qui</strong></span> <span class='ocrx_word' id='word_1_111' title='bbox 653 1623 888 1694; x_wconf 78' lang='lat' dir='ltr'><strong>dirigens</strong></span> <span class='ocrx_word' id='word_1_112' title='bbox 912 1623 1314 1692; x_wconf 77' lang='lat' dir='ltr'><strong>interpretatur,</strong></span> <span class='ocrx_word' id='word_1_113' title='bbox 1346 1622 1396 1676; x_wconf 88' lang='lat' dir='ltr'><strong>id</strong></span> <span class='ocrx_word' id='word_1_114' title='bbox 1422 1630 1525 1687; x_wconf 86' lang='lat' dir='ltr'><strong>est,</strong></span> <span class='ocrx_word' id='word_1_115' title='bbox 1554 1639 1585 1677; x_wconf 86' lang='lat' dir='ltr'><strong>a</strong></span> <span class='ocrx_word' id='word_1_116' title='bbox 1607 1622 1840 1690; x_wconf 89' lang='lat' dir='ltr'><strong>diabolo,</strong></span> <span class='ocrx_word' id='word_1_117' title='bbox 1863 1623 1951 1693; x_wconf 88' lang='lat' dir='ltr'><strong>qui</strong></span> <span class='ocrx_word' id='word_1_118' title='bbox 1983 1639 2099 1678; x_wconf 91' lang='lat' dir='ltr'><strong>om-</strong></span> 
     </span>
    </p>
   </div>
   <div class='ocr_carea' id='block_1_17' title="bbox 528 1706 2106 1781">
    <p class='ocr_par' dir='ltr' id='par_1_17' title="bbox 528 1706 2106 1781">
     <span class='ocr_line' id='line_1_17' title="bbox 528 1706 2106 1781; baseline 0.002 -16"><span class='ocrx_word' id='word_1_119' title='bbox 528 1726 626 1766; x_wconf 87' lang='lat' dir='ltr'><strong>nes</strong></span> <span class='ocrx_word' id='word_1_120' title='bbox 656 1706 917 1780; x_wconf 77' lang='lat' dir='ltr'><strong>sequaces</strong></span> <span class='ocrx_word' id='word_1_121' title='bbox 940 1725 1067 1765; x_wconf 89' lang='lat' dir='ltr'><strong>suos</strong></span> <span class='ocrx_word' id='word_1_122' title='bbox 1095 1710 1282 1781; x_wconf 78' lang='lat' dir='ltr'><strong>dirigit</strong></span> <span class='ocrx_word' id='word_1_123' title='bbox 1310 1711 1379 1764; x_wconf 86' lang='lat' dir='ltr'><strong>ad</strong></span> <span class='ocrx_word' id='word_1_124' title='bbox 1403 1712 1779 1780; x_wconf 82' lang='lat' dir='ltr'><strong>perditionem,</strong></span> <span class='ocrx_word' id='word_1_125' title='bbox 1823 1720 1984 1767; x_wconf 90' lang='lat' dir='ltr'><strong>erunt</strong></span> <span class='ocrx_word' id='word_1_126' title='bbox 2020 1728 2106 1768; x_wconf 38' lang='lat' dir='ltr'><strong>re</strong></span> 
     </span>
    </p>
   </div>
   <div class='ocr_carea' id='block_1_18' title="bbox 529 1798 2104 1873">
    <p class='ocr_par' dir='ltr' id='par_1_18' title="bbox 529 1798 2104 1873">
     <span class='ocr_line' id='line_1_18' title="bbox 529 1798 2104 1873; baseline 0.004 -20"><span class='ocrx_word' id='word_1_127' title='bbox 529 1799 708 1870; x_wconf 70' lang='lat' dir='ltr'><strong>liquite</strong></span> <span class='ocrx_word' id='word_1_128' title='bbox 731 1798 918 1866; x_wconf 79' lang='lat' dir='ltr'><strong>Jacob,</strong></span> <span class='ocrx_word' id='word_1_129' title='bbox 949 1800 1003 1856; x_wconf 90' lang='lat' dir='ltr'><strong>id</strong></span> <span class='ocrx_word' id='word_1_130' title='bbox 1032 1809 1135 1866; x_wconf 87' lang='lat' dir='ltr'><strong>est,</strong></span> <span class='ocrx_word' id='word_1_131' title='bbox 1168 1801 1429 1870; x_wconf 87' lang='lat' dir='ltr'><strong>apostoli,</strong></span> <span class='ocrx_word' id='word_1_132' title='bbox 1465 1802 1580 1857; x_wconf 85' lang='lat' dir='ltr'><strong>sive</strong></span> <span class='ocrx_word' id='word_1_133' title='bbox 1606 1817 1794 1858; x_wconf 91' lang='lat' dir='ltr'><strong>omnes</strong></span> <span class='ocrx_word' id='word_1_134' title='bbox 1819 1802 2104 1873; x_wconf 77' lang='lat' dir='ltr'><strong>primitivre</strong></span> 
     </span>
    </p>
   </div>
   <div class='ocr_carea' id='block_1_19' title="bbox 2205 625 3787 698">
    <p class='ocr_par' dir='ltr' id='par_1_19' title="bbox 2205 625 3787 698">
     <span class='ocr_line' id='line_1_19' title="bbox 2205 625 3787 698; baseline 0.004 -20"><span class='ocrx_word' id='word_1_135' title='bbox 2205 625 2421 696; x_wconf 88' lang='lat' dir='ltr'><strong>gas,&#39;id</strong></span> <span class='ocrx_word' id='word_1_136' title='bbox 2465 634 2576 692; x_wconf 91' lang='lat' dir='ltr'><strong>est,</strong></span> <span class='ocrx_word' id='word_1_137' title='bbox 2625 626 2853 694; x_wconf 85' lang='lat' dir='ltr'><strong>scelera,</strong></span> <span class='ocrx_word' id='word_1_138' title='bbox 2902 627 2956 682; x_wconf 91' lang='lat' dir='ltr'><strong>in</strong></span> <span class='ocrx_word' id='word_1_139' title='bbox 3003 626 3197 697; x_wconf 84' lang='lat' dir='ltr'><strong>quibus</strong></span> <span class='ocrx_word' id='word_1_140' title='bbox 3237 626 3391 697; x_wconf 88' lang='lat' dir='ltr'><strong>quasi</strong></span> <span class='ocrx_word' id='word_1_141' title='bbox 3434 627 3787 698; x_wconf 78' lang='lat' dir='ltr'><strong>triumphans</strong></span> 
     </span>
    </p>
   </div>
   <div class='ocr_carea' id='block_1_20' title="bbox 2203 710 3785 786">
    <p class='ocr_par' dir='ltr' id='par_1_20' title="bbox 2203 710 3785 786">
     <span class='ocr_line' id='line_1_20' title="bbox 2203 710 3785 786; baseline 0.003 -19"><span class='ocrx_word' id='word_1_142' title='bbox 2203 714 2540 786; x_wconf 88' lang='lat' dir='ltr'><strong>gloriabaris.</strong></span> <span class='ocrx_word' id='word_1_143' title='bbox 2566 715 2632 770; x_wconf 89' lang='lat' dir='ltr'><strong>Et</strong></span> <span class='ocrx_word' id='word_1_144' title='bbox 2655 710 2957 786; x_wconf 76' lang='lat' dir='ltr'><strong>diSperdam</strong></span> <span class='ocrx_word' id='word_1_145' title='bbox 2987 715 3233 770; x_wconf 79' lang='lat' dir='ltr'><strong>civitates</strong></span> <span class='ocrx_word' id='word_1_146' title='bbox 3263 723 3421 771; x_wconf 76' lang='lat' dir='ltr'><strong>terra:</strong></span> <span class='ocrx_word' id='word_1_147' title='bbox 3439 721 3568 782; x_wconf 73' lang='lat' dir='ltr'><strong>tuae,</strong></span> <span class='ocrx_word' id='word_1_148' title='bbox 3594 716 3650 772; x_wconf 88' lang='lat' dir='ltr'><strong>id</strong></span> <span class='ocrx_word' id='word_1_149' title='bbox 3669 728 3785 783; x_wconf 86' lang='lat' dir='ltr'><strong>est,</strong></span> 
     </span>
    </p>
   </div>
   <div class='ocr_carea' id='block_1_21' title="bbox 2190 805 3787 878">
    <p class='ocr_par' dir='ltr' id='par_1_21' title="bbox 2190 805 3787 878">
     <span class='ocr_line' id='line_1_21' title="bbox 2190 805 3787 878; baseline 0.002 -17"><span class='ocrx_word' id='word_1_150' title='bbox 2190 806 2579 861; x_wconf 84' lang='lat' dir='ltr'><strong>conﬁdentiam</strong></span> <span class='ocrx_word' id='word_1_151' title='bbox 2600 847 2614 872; x_wconf 93' lang='lat'><strong>,</strong></span> <span class='ocrx_word' id='word_1_152' title='bbox 2658 821 2816 876; x_wconf 87' lang='lat' dir='ltr'><strong>quam</strong></span> <span class='ocrx_word' id='word_1_153' title='bbox 2857 806 2912 861; x_wconf 91' lang='lat' dir='ltr'><strong>in</strong></span> <span class='ocrx_word' id='word_1_154' title='bbox 2945 808 3172 863; x_wconf 86' lang='lat' dir='ltr'><strong>terrenis</strong></span> <span class='ocrx_word' id='word_1_155' title='bbox 3200 806 3389 878; x_wconf 83' lang='lat' dir='ltr'><strong>opibus</strong></span> <span class='ocrx_word' id='word_1_156' title='bbox 3423 805 3684 875; x_wconf 80' lang='lat' dir='ltr'><strong>habebas,</strong></span> <span class='ocrx_word' id='word_1_157' title='bbox 3727 817 3787 877; x_wconf 75' lang='lat' dir='ltr'><strong>et</strong></span> 
     </span>
    </p>
   </div>
   <div class='ocr_carea' id='block_1_22' title="bbox 2204 895 3787 971">
    <p class='ocr_par' dir='ltr' id='par_1_22' title="bbox 2204 895 3787 971">
     <span class='ocr_line' id='line_1_22' title="bbox 2204 895 3787 971; baseline 0.003 -21"><span class='ocrx_word' id='word_1_158' title='bbox 2204 910 2325 950; x_wconf 92' lang='lat' dir='ltr'><strong>cum</strong></span> <span class='ocrx_word' id='word_1_159' title='bbox 2350 895 2482 951; x_wconf 88' lang='lat' dir='ltr'><strong>Cain</strong></span> <span class='ocrx_word' id='word_1_160' title='bbox 2509 897 2601 967; x_wconf 89' lang='lat' dir='ltr'><strong>qui</strong></span> <span class='ocrx_word' id='word_1_161' title='bbox 2630 896 2839 967; x_wconf 89' lang='lat' dir='ltr'><strong>primus</strong></span> <span class='ocrx_word' id='word_1_162' title='bbox 2874 897 3162 953; x_wconf 79' lang='lat' dir='ltr'><strong>:ediﬁcavit</strong></span> <span class='ocrx_word' id='word_1_163' title='bbox 3191 897 3463 954; x_wconf 86' lang='lat' dir='ltr'><strong>civitatem</strong></span> <span class='ocrx_word' id='word_1_164' title='bbox 3501 898 3557 953; x_wconf 88' lang='lat' dir='ltr'><strong>in</strong></span> <span class='ocrx_word' id='word_1_165' title='bbox 3594 908 3787 971; x_wconf 47' lang='lat' dir='ltr'><strong>terra&#39;l</strong></span> 
     </span>
    </p>
   </div>
   <div class='ocr_carea' id='block_1_23' title="bbox 2204 986 3787 1055">
    <p class='ocr_par' dir='ltr' id='par_1_23' title="bbox 2204 986 3787 1055">
     <span class='ocr_line' id='line_1_23' title="bbox 2204 986 3787 1055; baseline 0.002 -15"><span class='ocrx_word' id='word_1_166' title='bbox 2204 998 2351 1055; x_wconf 85' lang='lat' dir='ltr'><strong>spem</strong></span> <span class='ocrx_word' id='word_1_167' title='bbox 2378 993 2524 1039; x_wconf 91' lang='lat' dir='ltr'><strong>tuam</strong></span> <span class='ocrx_word' id='word_1_168' title='bbox 2551 987 2805 1055; x_wconf 87' lang='lat' dir='ltr'><strong>ponebas.</strong></span> <span class='ocrx_word' id='word_1_169' title='bbox 2850 986 2916 1040; x_wconf 82' lang='lat' dir='ltr'><strong>Et</strong></span> <span class='ocrx_word' id='word_1_170' title='bbox 2960 986 3199 1041; x_wconf 87' lang='lat' dir='ltr'><strong>auferam</strong></span> <span class='ocrx_word' id='word_1_171' title='bbox 3233 1001 3420 1042; x_wconf 87' lang='lat' dir='ltr'><strong>omnes</strong></span> <span class='ocrx_word' id='word_1_172' title='bbox 3447 987 3787 1043; x_wconf 76' lang='lat' dir='ltr'><strong>munitiones</strong></span> 
     </span>
    </p>
   </div>
   <div class='ocr_carea' id='block_1_24' title="bbox 2203 1078 3786 1149">
    <p class='ocr_par' dir='ltr' id='par_1_24' title="bbox 2203 1078 3786 1149">
     <span class='ocr_line' id='line_1_24' title="bbox 2203 1078 3786 1149; baseline -0.001 -17"><span class='ocrx_word' id='word_1_173' title='bbox 2203 1086 2344 1143; x_wconf 87' lang='lat' dir='ltr'><strong>tuas,</strong></span> <span class='ocrx_word' id='word_1_174' title='bbox 2378 1079 2528 1132; x_wconf 88' lang='lat' dir='ltr'><strong>devia</strong></span> <span class='ocrx_word' id='word_1_175' title='bbox 2556 1078 2765 1132; x_wconf 83' lang='lat' dir='ltr'><strong>scilicet</strong></span> <span class='ocrx_word' id='word_1_176' title='bbox 2797 1086 2851 1133; x_wconf 90' lang='lat' dir='ltr'><strong>et</strong></span> <span class='ocrx_word' id='word_1_177' title='bbox 2887 1092 3111 1149; x_wconf 80' lang='lat' dir='ltr'><strong>pompas</strong></span> <span class='ocrx_word' id='word_1_178' title='bbox 3146 1079 3349 1144; x_wconf 71' lang='lat' dir='ltr'><strong>szeeuli,</strong></span> <span class='ocrx_word' id='word_1_179' title='bbox 3387 1079 3671 1134; x_wconf 90' lang='lat' dir='ltr'><strong>rhetorum</strong></span> <span class='ocrx_word' id='word_1_180' title='bbox 3706 1078 3786 1131; x_wconf 86' lang='lat' dir='ltr'><strong>fa-</strong></span> 
     </span>
    </p>
   </div>
   <div class='ocr_carea' id='block_1_25' title="bbox 2203 1166 3782 1238">
    <p class='ocr_par' dir='ltr' id='par_1_25' title="bbox 2203 1166 3782 1238">
     <span class='ocr_line' id='line_1_25' title="bbox 2203 1166 3782 1238; baseline 0 -15"><span class='ocrx_word' id='word_1_181' title='bbox 2203 1167 2450 1224; x_wconf 88' lang='lat' dir='ltr'><strong>cundiam</strong></span> <span class='ocrx_word' id='word_1_182' title='bbox 2475 1209 2490 1233; x_wconf 95' lang='lat'><strong>,</strong></span> <span class='ocrx_word' id='word_1_183' title='bbox 2539 1167 2938 1223; x_wconf 88' lang='lat' dir='ltr'><strong>dialecticorum</strong></span> <span class='ocrx_word' id='word_1_184' title='bbox 2984 1169 3351 1238; x_wconf 85' lang='lat' dir='ltr'><strong>sophismata;</strong></span> <span class='ocrx_word' id='word_1_185' title='bbox 3394 1175 3497 1225; x_wconf 72' lang='lat' dir='ltr'><strong>«et</strong></span> <span class='ocrx_word' id='word_1_186' title='bbox 3533 1166 3782 1223; x_wconf 79' lang='lat' dir='ltr'><strong>auferam</strong></span> 
     </span>
    </p>
   </div>
   <div class='ocr_carea' id='block_1_26' title="bbox 2203 1257 3787 1324">
    <p class='ocr_par' dir='ltr' id='par_1_26' title="bbox 2203 1257 3787 1324">
     <span class='ocr_line' id='line_1_26' title="bbox 2203 1257 3787 1324; baseline 0 -11"><span class='ocrx_word' id='word_1_187' title='bbox 2203 1257 2463 1313; x_wconf 88' lang='lat' dir='ltr'><strong>maleﬁcia</strong></span> <span class='ocrx_word' id='word_1_188' title='bbox 2502 1258 2568 1313; x_wconf 91' lang='lat' dir='ltr'><strong>de</strong></span> <span class='ocrx_word' id='word_1_189' title='bbox 2602 1273 2764 1312; x_wconf 87' lang='lat' dir='ltr'><strong>manu</strong></span> <span class='ocrx_word' id='word_1_190' title='bbox 2803 1266 2890 1312; x_wconf 89' lang='lat' dir='ltr'><strong>tua</strong></span> <span class='ocrx_word' id='word_1_191' title='bbox 2912 1299 2925 1322; x_wconf 92' lang='lat'><strong>,</strong></span> <span class='ocrx_word' id='word_1_192' title='bbox 2964 1267 3019 1313; x_wconf 87' lang='lat' dir='ltr'><strong>et</strong></span> <span class='ocrx_word' id='word_1_193' title='bbox 3057 1258 3438 1324; x_wconf 86' lang='lat' dir='ltr'><strong>divinationes,</strong></span> <span class='ocrx_word' id='word_1_194' title='bbox 3464 1278 3486 1311; x_wconf 75' lang='grc' dir='ltr'><strong>ι</strong></span> <span class='ocrx_word' id='word_1_195' title='bbox 3522 1257 3787 1314; x_wconf 76' lang='lat' dir='ltr'><strong>subaudis</strong></span> 
     </span>
    </p>
   </div>
   <div class='ocr_carea' id='block_1_27' title="bbox 2203 1348 3787 1419">
    <p class='ocr_par' dir='ltr' id='par_1_27' title="bbox 2203 1348 3787 1419">
     <span class='ocr_line' id='line_1_27' title="bbox 2203 1348 3787 1419; baseline -0.001 -15"><span class='ocrx_word' id='word_1_196' title='bbox 2203 1348 2577 1413; x_wconf 63' lang='lat' dir='ltr'><strong>daemoniacae,</strong></span> <span class='ocrx_word' id='word_1_197' title='bbox 2607 1348 2805 1417; x_wconf 87' lang='lat' dir='ltr'><strong>quibus</strong></span> <span class='ocrx_word' id='word_1_198' title='bbox 2833 1348 3055 1418; x_wconf 79' lang='lat' dir='ltr'><strong>decepta</strong></span> <span class='ocrx_word' id='word_1_199' title='bbox 3084 1363 3237 1414; x_wconf 86' lang='lat' dir='ltr'><strong>eras,</strong></span> <span class='ocrx_word' id='word_1_200' title='bbox 3283 1358 3339 1405; x_wconf 90' lang='lat' dir='ltr'><strong>et</strong></span> <span class='ocrx_word' id='word_1_201' title='bbox 3379 1348 3517 1405; x_wconf 87' lang='lat' dir='ltr'><strong>alios</strong></span> <span class='ocrx_word' id='word_1_202' title='bbox 3546 1349 3787 1419; x_wconf 81' lang='lat' dir='ltr'><strong>decipie-</strong></span> 
     </span>
    </p>
   </div>
   <div class='ocr_carea' id='block_1_28' title="bbox 2201 1439 3787 1506">
    <p class='ocr_par' dir='ltr' id='par_1_28' title="bbox 2201 1439 3787 1506">
     <span class='ocr_line' id='line_1_28' title="bbox 2201 1439 3787 1506; baseline -0.001 -11"><span class='ocrx_word' id='word_1_203' title='bbox 2201 1440 2319 1495; x_wconf 90' lang='lat' dir='ltr'><strong>bas.</strong></span> <span class='ocrx_word' id='word_1_204' title='bbox 2362 1458 2381 1492; x_wconf 73' lang='grc' dir='ltr'><strong>ι</strong></span> <span class='ocrx_word' id='word_1_205' title='bbox 2410 1439 2526 1495; x_wconf 85' lang='grc' dir='ltr'><strong>Νοη</strong></span> <span class='ocrx_word' id='word_1_206' title='bbox 2554 1447 2714 1494; x_wconf 89' lang='lat' dir='ltr'><strong>erunt</strong></span> <span class='ocrx_word' id='word_1_207' title='bbox 2756 1440 2809 1494; x_wconf 93' lang='lat' dir='ltr'><strong>in</strong></span> <span class='ocrx_word' id='word_1_208' title='bbox 2857 1449 2943 1506; x_wconf 89' lang='lat' dir='ltr'><strong>te;</strong></span> <span class='ocrx_word' id='word_1_209' title='bbox 2975 1458 2994 1492; x_wconf 72' lang='grc' dir='ltr'><strong>ι</strong></span> <span class='ocrx_word' id='word_1_210' title='bbox 3039 1440 3154 1496; x_wconf 84' lang='lat' dir='ltr'><strong>sive</strong></span> <span class='ocrx_word' id='word_1_211' title='bbox 3195 1441 3581 1497; x_wconf 83' lang='lat' dir='ltr'><strong>divinationem</strong></span> <span class='ocrx_word' id='word_1_212' title='bbox 3626 1445 3787 1495; x_wconf 82' lang='lat' dir='ltr'><strong>vocat</strong></span> 
     </span>
    </p>
   </div>
   <div class='ocr_carea' id='block_1_29' title="bbox 2203 1530 3785 1603">
    <p class='ocr_par' dir='ltr' id='par_1_29' title="bbox 2203 1530 3785 1603">
     <span class='ocr_line' id='line_1_29' title="bbox 2203 1530 3785 1603; baseline 0.001 -17"><span class='ocrx_word' id='word_1_213' title='bbox 2203 1530 2574 1600; x_wconf 87' lang='lat' dir='ltr'><strong>imperitorum</strong></span> <span class='ocrx_word' id='word_1_214' title='bbox 2612 1532 2902 1597; x_wconf 85' lang='lat' dir='ltr'><strong>doctrinas,</strong></span> <span class='ocrx_word' id='word_1_215' title='bbox 2935 1532 3026 1601; x_wconf 92' lang='lat' dir='ltr'><strong>qui</strong></span> <span class='ocrx_word' id='word_1_216' title='bbox 3055 1530 3244 1586; x_wconf 87' lang='lat' dir='ltr'><strong>volunt</strong></span> <span class='ocrx_word' id='word_1_217' title='bbox 3282 1533 3477 1588; x_wconf 90' lang='lat' dir='ltr'><strong>docere</strong></span> <span class='ocrx_word' id='word_1_218' title='bbox 3518 1546 3645 1603; x_wconf 68' lang='lat' dir='ltr'><strong>qua</strong></span> <span class='ocrx_word' id='word_1_219' title='bbox 3680 1546 3785 1588; x_wconf 80' lang='lat' dir='ltr'><strong>ne-</strong></span> 
     </span>
    </p>
   </div>
   <div class='ocr_carea' id='block_1_30' title="bbox 2202 1622 3785 1693">
    <p class='ocr_par' dir='ltr' id='par_1_30' title="bbox 2202 1622 3785 1693">
     <span class='ocr_line' id='line_1_30' title="bbox 2202 1622 3785 1693; baseline 0.001 -15"><span class='ocrx_word' id='word_1_220' title='bbox 2202 1624 2398 1687; x_wconf 89' lang='lat' dir='ltr'><strong>sciunt,</strong></span> <span class='ocrx_word' id='word_1_221' title='bbox 2426 1630 2481 1677; x_wconf 91' lang='lat' dir='ltr'><strong>et</strong></span> <span class='ocrx_word' id='word_1_222' title='bbox 2503 1622 2654 1692; x_wconf 81' lang='lat' dir='ltr'><strong>quasi</strong></span> <span class='ocrx_word' id='word_1_223' title='bbox 2677 1637 2741 1679; x_wconf 91' lang='lat' dir='ltr'><strong>ea</strong></span> <span class='ocrx_word' id='word_1_224' title='bbox 2763 1637 2883 1693; x_wconf 71' lang='lat' dir='ltr'><strong>qua:</strong></span> <span class='ocrx_word' id='word_1_225' title='bbox 2911 1630 3039 1679; x_wconf 88' lang='lat' dir='ltr'><strong>sunt</strong></span> <span class='ocrx_word' id='word_1_226' title='bbox 3072 1623 3279 1680; x_wconf 87' lang='lat' dir='ltr'><strong>incerta</strong></span> <span class='ocrx_word' id='word_1_227' title='bbox 3305 1623 3547 1680; x_wconf 83' lang='lat' dir='ltr'><strong>divinant</strong></span> <span class='ocrx_word' id='word_1_228' title='bbox 3586 1630 3648 1679; x_wconf 87' lang='lat' dir='ltr'><strong>et</strong></span> <span class='ocrx_word' id='word_1_229' title='bbox 3686 1624 3785 1679; x_wconf 87' lang='lat' dir='ltr'><strong>do-</strong></span> 
     </span>
    </p>
   </div>
   <div class='ocr_carea' id='block_1_31' title="bbox 2202 1713 2663 1784">
    <p class='ocr_par' dir='ltr' id='par_1_31' title="bbox 2202 1713 2663 1784">
     <span class='ocr_line' id='line_1_31' title="bbox 2202 1713 2663 1784; baseline -0.002 -14"><span class='ocrx_word' id='word_1_230' title='bbox 2202 1723 2324 1770; x_wconf 89' lang='lat' dir='ltr'><strong>cent</strong></span> <span class='ocrx_word' id='word_1_231' title='bbox 2352 1729 2451 1784; x_wconf 92' lang='lat' dir='ltr'><strong>pro</strong></span> <span class='ocrx_word' id='word_1_232' title='bbox 2478 1713 2663 1769; x_wconf 84' lang='lat' dir='ltr'><strong>certis.</strong></span> 
     </span>
    </p>
   </div>
   <div class='ocr_carea' id='block_1_32' title="bbox 2279 1801 3787 1873">
    <p class='ocr_par' dir='ltr' id='par_1_32' title="bbox 2279 1801 3787 1873">
     <span class='ocr_line' id='line_1_32' title="bbox 2279 1801 3787 1873; baseline 0.003 -19"><span class='ocrx_word' id='word_1_233' title='bbox 2279 1820 2297 1854; x_wconf 75' lang='grc' dir='ltr'><strong>ι</strong></span> <span class='ocrx_word' id='word_1_234' title='bbox 2324 1801 2391 1858; x_wconf 86' lang='grc' dir='ltr'>Ει</span> <span class='ocrx_word' id='word_1_235' title='bbox 2419 1802 2599 1872; x_wconf 89' lang='lat' dir='ltr'><strong>perire</strong></span> <span class='ocrx_word' id='word_1_236' title='bbox 2627 1801 2819 1856; x_wconf 87' lang='lat' dir='ltr'><strong>faciam</strong></span> <span class='ocrx_word' id='word_1_237' title='bbox 2848 1801 3112 1873; x_wconf 74' lang='lat' dir='ltr'><strong>sculptilis</strong></span> <span class='ocrx_word' id='word_1_238' title='bbox 3144 1811 3257 1869; x_wconf 89' lang='lat' dir='ltr'><strong>tua,</strong></span> <span class='ocrx_word' id='word_1_239' title='bbox 3289 1821 3309 1857; x_wconf 72' lang='grc' dir='ltr'><strong>ι</strong></span> <span class='ocrx_word' id='word_1_240' title='bbox 3352 1801 3406 1858; x_wconf 90' lang='lat' dir='ltr'><strong>id</strong></span> <span class='ocrx_word' id='word_1_241' title='bbox 3439 1809 3548 1868; x_wconf 88' lang='lat' dir='ltr'><strong>est,</strong></span> <span class='ocrx_word' id='word_1_242' title='bbox 3587 1815 3787 1858; x_wconf 77' lang='lat' dir='ltr'><strong>omnes</strong></span> 
     </span>
    </p>
   </div>
   <div class='ocr_carea' id='block_1_33' title="bbox 526 1891 3786 1966">
    <p class='ocr_par' dir='ltr' id='par_1_33' title="bbox 526 1891 3786 1966">
     <span class='ocr_line' id='line_1_33' title="bbox 526 1891 3786 1966; baseline -0.001 -17"><span class='ocrx_word' id='word_1_243' title='bbox 526 1893 783 1949; x_wconf 65' lang='lat' dir='ltr'><strong>Ecclesia</strong></span> <span class='ocrx_word' id='word_1_244' title='bbox 818 1894 873 1949; x_wconf 92' lang='lat' dir='ltr'><strong>in</strong></span> <span class='ocrx_word' id='word_1_245' title='bbox 905 1892 1083 1948; x_wconf 88' lang='lat' dir='ltr'><strong>medio</strong></span> <span class='ocrx_word' id='word_1_246' title='bbox 1110 1893 1427 1964; x_wconf 89' lang='lat' dir='ltr'><strong>populorum</strong></span> <span class='ocrx_word' id='word_1_247' title='bbox 1469 1894 1624 1964; x_wconf 87' lang='lat' dir='ltr'><strong>quasi</strong></span> <span class='ocrx_word' id='word_1_248' title='bbox 1668 1909 1760 1950; x_wconf 91' lang='lat' dir='ltr'><strong>ros</strong></span> <span class='ocrx_word' id='word_1_249' title='bbox 1802 1909 1835 1949; x_wconf 87' lang='lat' dir='ltr'><strong>a</strong></span> <span class='ocrx_word' id='word_1_250' title='bbox 1875 1894 2102 1950; x_wconf 89' lang='lat' dir='ltr'><strong>Domino</strong></span> <span class='ocrx_word' id='word_1_251' title='bbox 2130 1896 2177 1957; x_wconf 84' lang='grc' dir='ltr'><strong>Β</strong></span> <span class='ocrx_word' id='word_1_252' title='bbox 2204 1891 2368 1948; x_wconf 86' lang='lat' dir='ltr'><strong>falsas</strong></span> <span class='ocrx_word' id='word_1_253' title='bbox 2392 1893 2837 1962; x_wconf 56' lang='lat' dir='ltr'><strong>praesumptiones</strong></span> <span class='ocrx_word' id='word_1_254' title='bbox 2864 1901 2920 1947; x_wconf 88' lang='lat' dir='ltr'><strong>et</strong></span> <span class='ocrx_word' id='word_1_255' title='bbox 2946 1908 3200 1964; x_wconf 88' lang='lat' dir='ltr'><strong>perversa</strong></span> <span class='ocrx_word' id='word_1_256' title='bbox 3222 1892 3495 1966; x_wconf 86' lang='lat' dir='ltr'><strong>dogmata.</strong></span> <span class='ocrx_word' id='word_1_257' title='bbox 3533 1910 3553 1943; x_wconf 78' lang='grc' dir='ltr'><strong>ι</strong></span> <span class='ocrx_word' id='word_1_258' title='bbox 3574 1892 3647 1948; x_wconf 81' lang='lat' dir='ltr'><strong>Et</strong></span> <span class='ocrx_word' id='word_1_259' title='bbox 3673 1900 3786 1947; x_wconf 83' lang='lat' dir='ltr'><strong>sta-</strong></span> 
     </span>
    </p>
   </div>
   <div class='ocr_carea' id='block_1_34' title="bbox 528 1983 2102 2056">
    <p class='ocr_par' dir='ltr' id='par_1_34' title="bbox 528 1983 2102 2056">
     <span class='ocr_line' id='line_1_34' title="bbox 528 1983 2102 2056; baseline 0.001 -16"><span class='ocrx_word' id='word_1_260' title='bbox 528 1983 749 2050; x_wconf 85' lang='lat' dir='ltr'><strong>cadens,</strong></span> <span class='ocrx_word' id='word_1_261' title='bbox 772 1992 827 2040; x_wconf 92' lang='lat' dir='ltr'><strong>et</strong></span> <span class='ocrx_word' id='word_1_262' title='bbox 851 1985 1180 2056; x_wconf 85' lang='lat' dir='ltr'><strong>rel&#39;rigerans</strong></span> <span class='ocrx_word' id='word_1_263' title='bbox 1204 1985 1452 2039; x_wconf 89' lang='lat' dir='ltr'><strong>ardorem</strong></span> <span class='ocrx_word' id='word_1_264' title='bbox 1484 1985 1755 2051; x_wconf 89' lang='lat' dir='ltr'><strong>vitiorum,</strong></span> <span class='ocrx_word' id='word_1_265' title='bbox 1784 2000 1891 2055; x_wconf 88' lang='lat' dir='ltr'><strong>quo</strong></span> <span class='ocrx_word' id='word_1_266' title='bbox 1914 2000 2102 2042; x_wconf 89' lang='lat' dir='ltr'><strong>omnes</strong></span> 
     </span>
    </p>
   </div>
   <div class='ocr_carea' id='block_1_35' title="bbox 522 2076 2103 2147">
    <p class='ocr_par' dir='ltr' id='par_1_35' title="bbox 522 2076 2103 2147">
     <span class='ocr_line' id='line_1_35' title="bbox 522 2076 2103 2147; baseline 0.001 -16"><span class='ocrx_word' id='word_1_267' title='bbox 522 2084 714 2145; x_wconf 71' lang='lat' dir='ltr'><strong>gentes</strong></span> <span class='ocrx_word' id='word_1_268' title='bbox 735 2076 1123 2141; x_wconf 78' lang='lat' dir='ltr'><strong>exurebantur,</strong></span> <span class='ocrx_word' id='word_1_269' title='bbox 1153 2085 1209 2132; x_wconf 90' lang='lat' dir='ltr'><strong>et</strong></span> <span class='ocrx_word' id='word_1_270' title='bbox 1227 2077 1573 2146; x_wconf 76' lang='lat' dir='ltr'><strong>exstinguens</strong></span> <span class='ocrx_word' id='word_1_271' title='bbox 1595 2076 1762 2147; x_wconf 74' lang='lat' dir='ltr'><strong>ignita</strong></span> <span class='ocrx_word' id='word_1_272' title='bbox 1784 2076 1961 2145; x_wconf 83' lang='lat' dir='ltr'><strong>jacula</strong></span> <span class='ocrx_word' id='word_1_273' title='bbox 1987 2077 2103 2132; x_wconf 85' lang='lat' dir='ltr'><strong>dia-</strong></span> 
     </span>
    </p>
   </div>
   <div class='ocr_carea' id='block_1_36' title="bbox 524 2165 2099 2238">
    <p class='ocr_par' dir='ltr' id='par_1_36' title="bbox 524 2165 2099 2238">
     <span class='ocr_line' id='line_1_36' title="bbox 524 2165 2099 2238; baseline 0.002 -17"><span class='ocrx_word' id='word_1_274' title='bbox 524 2166 653 2221; x_wconf 81' lang='lat' dir='ltr'><strong>boli.</strong></span> <span class='ocrx_word' id='word_1_275' title='bbox 689 2165 820 2221; x_wconf 77' lang='lat' dir='ltr'><strong>Nam</strong></span> <span class='ocrx_word' id='word_1_276' title='bbox 847 2176 903 2223; x_wconf 90' lang='lat' dir='ltr'><strong>et</strong></span> <span class='ocrx_word' id='word_1_277' title='bbox 922 2168 1138 2222; x_wconf 88' lang='lat' dir='ltr'><strong>camino</strong></span> <span class='ocrx_word' id='word_1_278' title='bbox 1161 2167 1394 2233; x_wconf 86' lang='lat' dir='ltr'><strong>ardenti,</strong></span> <span class='ocrx_word' id='word_1_279' title='bbox 1424 2168 1476 2222; x_wconf 90' lang='lat' dir='ltr'><strong>in</strong></span> <span class='ocrx_word' id='word_1_280' title='bbox 1500 2182 1607 2237; x_wconf 88' lang='lat' dir='ltr'><strong>quo</strong></span> <span class='ocrx_word' id='word_1_281' title='bbox 1634 2177 1744 2223; x_wconf 92' lang='lat' dir='ltr'><strong>tres</strong></span> <span class='ocrx_word' id='word_1_282' title='bbox 1772 2169 1924 2238; x_wconf 89' lang='lat' dir='ltr'><strong>pueri</strong></span> <span class='ocrx_word' id='word_1_283' title='bbox 1950 2168 2099 2224; x_wconf 91' lang='lat' dir='ltr'><strong>missi</strong></span> 
     </span>
    </p>
   </div>
   <div class='ocr_carea' id='block_1_37' title="bbox 525 2256 2099 2329">
    <p class='ocr_par' dir='ltr' id='par_1_37' title="bbox 525 2256 2099 2329">
     <span class='ocr_line' id='line_1_37' title="bbox 525 2256 2099 2329; baseline 0.003 -19"><span class='ocrx_word' id='word_1_284' title='bbox 525 2256 765 2324; x_wconf 75' lang='lat' dir='ltr'><strong>fuerant,</strong></span> <span class='ocrx_word' id='word_1_285' title='bbox 799 2257 997 2313; x_wconf 86' lang='lat' dir='ltr'><strong>dicitur</strong></span> <span class='ocrx_word' id='word_1_286' title='bbox 1023 2256 1369 2329; x_wconf 81' lang='lat' dir='ltr'><strong>descendisse</strong></span> <span class='ocrx_word' id='word_1_287' title='bbox 1400 2257 1643 2329; x_wconf 76' lang='lat' dir='ltr'><strong>angelus,</strong></span> <span class='ocrx_word' id='word_1_288' title='bbox 1685 2265 1740 2314; x_wconf 85' lang='lat' dir='ltr'><strong>et</strong></span> <span class='ocrx_word' id='word_1_289' title='bbox 1764 2257 1957 2314; x_wconf 75' lang='lat' dir='ltr'><strong>fecisse</strong></span> <span class='ocrx_word' id='word_1_290' title='bbox 1985 2273 2099 2314; x_wconf 89' lang='lat' dir='ltr'><strong>me-</strong></span> 
     </span>
    </p>
   </div>
   <div class='ocr_carea' id='block_1_38' title="bbox 524 2349 2102 2422">
    <p class='ocr_par' dir='ltr' id='par_1_38' title="bbox 524 2349 2102 2422">
     <span class='ocr_line' id='line_1_38' title="bbox 524 2349 2102 2422; baseline -0.001 -15"><span class='ocrx_word' id='word_1_291' title='bbox 524 2352 675 2407; x_wconf 79' lang='lat' dir='ltr'><strong>dium</strong></span> <span class='ocrx_word' id='word_1_292' title='bbox 705 2351 944 2407; x_wconf 71' lang='lat' dir='ltr'><strong>fornacis</strong></span> <span class='ocrx_word' id='word_1_293' title='bbox 967 2350 1369 2420; x_wconf 80' lang='lat' dir='ltr'><strong>quasiventum</strong></span> <span class='ocrx_word' id='word_1_294' title='bbox 1396 2351 1537 2418; x_wconf 68' lang='lat' dir='ltr'><strong>roris</strong></span> <span class='ocrx_word' id='word_1_295' title='bbox 1569 2349 1809 2406; x_wconf 72' lang='lat' dir='ltr'><strong>ﬂantem.</strong></span> <span class='ocrx_word' id='word_1_296' title='bbox 1843 2349 1954 2406; x_wconf 81' lang='lat' dir='ltr'><strong>Hoc</strong></span> <span class='ocrx_word' id='word_1_297' title='bbox 1973 2365 2102 2422; x_wconf 86' lang='lat' dir='ltr'><strong>ergo</strong></span> 
     </span>
    </p>
   </div>
   <div class='ocr_carea' id='block_1_39' title="bbox 525 2439 2103 2511">
    <p class='ocr_par' dir='ltr' id='par_1_39' title="bbox 525 2439 2103 2511">
     <span class='ocr_line' id='line_1_39' title="bbox 525 2439 2103 2511; baseline 0.001 -17"><span class='ocrx_word' id='word_1_298' title='bbox 525 2440 679 2505; x_wconf 76' lang='lat' dir='ltr'><strong>dicit,</strong></span> <span class='ocrx_word' id='word_1_299' title='bbox 703 2440 833 2510; x_wconf 82' lang='lat' dir='ltr'><strong>quia</strong></span> <span class='ocrx_word' id='word_1_300' title='bbox 863 2439 1106 2499; x_wconf 85' lang='lat' dir='ltr'><strong>doctrina</strong></span> <span class='ocrx_word' id='word_1_301' title='bbox 1147 2439 1514 2511; x_wconf 68' lang='lat' dir='ltr'><strong>apostolorum</strong></span> <span class='ocrx_word' id='word_1_302' title='bbox 1550 2440 1657 2496; x_wconf 90' lang='lat' dir='ltr'><strong>erit</strong></span> <span class='ocrx_word' id='word_1_303' title='bbox 1689 2440 1759 2495; x_wconf 75' lang='lat' dir='ltr'><strong>in</strong></span> <span class='ocrx_word' id='word_1_304' title='bbox 1784 2439 1961 2494; x_wconf 90' lang='lat' dir='ltr'><strong>medio</strong></span> <span class='ocrx_word' id='word_1_305' title='bbox 1987 2454 2103 2495; x_wconf 90' lang='lat' dir='ltr'><strong>om-</strong></span> 
     </span>
    </p>
   </div>
   <div class='ocr_carea' id='block_1_40' title="bbox 528 2529 2103 2603">
    <p class='ocr_par' dir='ltr' id='par_1_40' title="bbox 528 2529 2103 2603">
     <span class='ocr_line' id='line_1_40' title="bbox 528 2529 2103 2603; baseline -0.002 -13"><span class='ocrx_word' id='word_1_306' title='bbox 528 2531 676 2590; x_wconf 74' lang='lat' dir='ltr'><strong>nium</strong></span> <span class='ocrx_word' id='word_1_307' title='bbox 705 2531 966 2603; x_wconf 84' lang='lat' dir='ltr'><strong>gentium,</strong></span> <span class='ocrx_word' id='word_1_308' title='bbox 1005 2531 1160 2600; x_wconf 74' lang='lat' dir='ltr'><strong>quasi</strong></span> <span class='ocrx_word' id='word_1_309' title='bbox 1194 2547 1283 2587; x_wconf 88' lang='lat' dir='ltr'><strong>ros</strong></span> <span class='ocrx_word' id='word_1_310' title='bbox 1311 2546 1343 2585; x_wconf 87' lang='lat' dir='ltr'><strong>a</strong></span> <span class='ocrx_word' id='word_1_311' title='bbox 1374 2531 1633 2598; x_wconf 66' lang='lat' dir='ltr'><strong>Domino,</strong></span> <span class='ocrx_word' id='word_1_312' title='bbox 1670 2539 1725 2586; x_wconf 87' lang='lat' dir='ltr'><strong>et</strong></span> <span class='ocrx_word' id='word_1_313' title='bbox 1759 2529 1911 2601; x_wconf 84' lang='lat' dir='ltr'><strong>quasi</strong></span> <span class='ocrx_word' id='word_1_314' title='bbox 1946 2529 2103 2587; x_wconf 69' lang='lat' dir='ltr'><strong>stilla</strong></span> 
     </span>
    </p>
   </div>
   <div class='ocr_carea' id='block_1_41' title="bbox 522 2620 2102 2694">
    <p class='ocr_par' dir='ltr' id='par_1_41' title="bbox 522 2620 2102 2694">
     <span class='ocr_line' id='line_1_41' title="bbox 522 2620 2102 2694; baseline -0.001 -16"><span class='ocrx_word' id='word_1_315' title='bbox 522 2638 686 2694; x_wconf 78' lang='lat' dir='ltr'><strong>super</strong></span> <span class='ocrx_word' id='word_1_316' title='bbox 705 2620 947 2679; x_wconf 84' lang='lat' dir='ltr'><strong>herbam.</strong></span> <span class='ocrx_word' id='word_1_317' title='bbox 965 2623 1138 2679; x_wconf 88' lang='lat' dir='ltr'><strong>Stillis</strong></span> <span class='ocrx_word' id='word_1_318' title='bbox 1150 2624 1293 2679; x_wconf 87' lang='lat' dir='ltr'><strong>enim</strong></span> <span class='ocrx_word' id='word_1_319' title='bbox 1313 2640 1432 2693; x_wconf 77' lang='lat' dir='ltr'><strong>qua:</strong></span> <span class='ocrx_word' id='word_1_320' title='bbox 1452 2625 1519 2679; x_wconf 91' lang='lat' dir='ltr'><strong>de</strong></span> <span class='ocrx_word' id='word_1_321' title='bbox 1540 2623 1697 2679; x_wconf 87' lang='lat' dir='ltr'><strong>tectis</strong></span> <span class='ocrx_word' id='word_1_322' title='bbox 1716 2624 1938 2688; x_wconf 86' lang='lat' dir='ltr'><strong>cadunt,</strong></span> <span class='ocrx_word' id='word_1_323' title='bbox 1954 2638 2102 2678; x_wconf 83' lang='lat' dir='ltr'><strong>com-</strong></span> 
     </span>
    </p>
   </div>
   <div class='ocr_carea' id='block_1_42' title="bbox 525 2712 2096 2785">
    <p class='ocr_par' dir='ltr' id='par_1_42' title="bbox 525 2712 2096 2785">
     <span class='ocr_line' id='line_1_42' title="bbox 525 2712 2096 2785; baseline -0.001 -17"><span class='ocrx_word' id='word_1_324' title='bbox 525 2724 750 2784; x_wconf 84' lang='lat' dir='ltr'><strong>paratur</strong></span> <span class='ocrx_word' id='word_1_325' title='bbox 795 2715 1108 2785; x_wconf 71' lang='lat' dir='ltr'><strong>praedicatio</strong></span> <span class='ocrx_word' id='word_1_326' title='bbox 1154 2715 1411 2771; x_wconf 69' lang='lat' dir='ltr'><strong>caelestis.</strong></span> <span class='ocrx_word' id='word_1_327' title='bbox 1464 2712 1617 2781; x_wconf 85' lang='lat' dir='ltr'><strong>Quod</strong></span> <span class='ocrx_word' id='word_1_328' title='bbox 1663 2723 1842 2769; x_wconf 89' lang='lat' dir='ltr'><strong>autem</strong></span> <span class='ocrx_word' id='word_1_329' title='bbox 1882 2713 2096 2776; x_wconf 87' lang='lat' dir='ltr'><strong>dicitur,</strong></span> 
     </span>
    </p>
   </div>
   <div class='ocr_carea' id='block_1_43' title="bbox 533 2799 2101 2872">
    <p class='ocr_par' dir='ltr' id='par_1_43' title="bbox 533 2799 2101 2872">
     <span class='ocr_line' id='line_1_43' title="bbox 533 2799 2101 2872; baseline 0.004 -20"><span class='ocrx_word' id='word_1_330' title='bbox 533 2821 559 2858; x_wconf 75' lang='grc' dir='ltr'><strong>ι,</strong></span> <span class='ocrx_word' id='word_1_331' title='bbox 585 2815 703 2871; x_wconf 70' lang='lat' dir='ltr'><strong>qua:</strong></span> <span class='ocrx_word' id='word_1_332' title='bbox 730 2817 837 2857; x_wconf 90' lang='lat' dir='ltr'><strong>non</strong></span> <span class='ocrx_word' id='word_1_333' title='bbox 866 2811 1143 2871; x_wconf 80' lang='lat' dir='ltr'><strong>exspectat</strong></span> <span class='ocrx_word' id='word_1_334' title='bbox 1170 2802 1367 2867; x_wconf 86' lang='lat' dir='ltr'><strong>virum,</strong></span> <span class='ocrx_word' id='word_1_335' title='bbox 1399 2812 1581 2856; x_wconf 91' lang='lat' dir='ltr'><strong>etnon</strong></span> <span class='ocrx_word' id='word_1_336' title='bbox 1605 2800 1943 2872; x_wconf 70' lang='lat' dir='ltr'><strong>pmstolatur</strong></span> <span class='ocrx_word' id='word_1_337' title='bbox 1962 2799 2101 2858; x_wconf 78' lang='lat' dir='ltr'><strong>ﬁlios</strong></span> 
     </span>
    </p>
   </div>
   <div class='ocr_carea' id='block_1_44' title="bbox 430 2882 2103 2964">
    <p class='ocr_par' dir='ltr' id='par_1_44' title="bbox 430 2882 2103 2964">
     <span class='ocr_line' id='line_1_44' title="bbox 430 2882 2103 2964; baseline 0.001 -19"><span class='ocrx_word' id='word_1_338' title='bbox 430 2882 434 2886; x_wconf 17' lang='grc' dir='ltr'><strong>Α</strong></span> <span class='ocrx_word' id='word_1_339' title='bbox 530 2892 829 2957; x_wconf 79' lang='lat' dir='ltr'><strong>bontinum,</strong></span> <span class='ocrx_word' id='word_1_340' title='bbox 861 2912 880 2945; x_wconf 75' lang='grc' dir='ltr'><strong>ι</strong></span> <span class='ocrx_word' id='word_1_341' title='bbox 919 2892 1188 2964; x_wconf 87' lang='lat' dir='ltr'><strong>signiﬁcat</strong></span> <span class='ocrx_word' id='word_1_342' title='bbox 1210 2892 1353 2962; x_wconf 90' lang='lat' dir='ltr'><strong>quod</strong></span> <span class='ocrx_word' id='word_1_343' title='bbox 1376 2900 1563 2962; x_wconf 81' lang='lat' dir='ltr'><strong>gentes</strong></span> <span class='ocrx_word' id='word_1_344' title='bbox 1590 2890 1791 2952; x_wconf 85' lang='lat' dir='ltr'><strong>nullum</strong></span> <span class='ocrx_word' id='word_1_345' title='bbox 1825 2899 2103 2961; x_wconf 77' lang='lat' dir='ltr'><strong>exspecta-</strong></span> 
     </span>
    </p>
   </div>
   <div class='ocr_carea' id='block_1_45' title="bbox 527 2981 2102 3053">
    <p class='ocr_par' dir='ltr' id='par_1_45' title="bbox 527 2981 2102 3053">
     <span class='ocr_line' id='line_1_45' title="bbox 527 2981 2102 3053; baseline -0.001 -16"><span class='ocrx_word' id='word_1_346' title='bbox 527 2983 660 3046; x_wconf 85' lang='lat' dir='ltr'><strong>bant</strong></span> <span class='ocrx_word' id='word_1_347' title='bbox 688 2982 957 3049; x_wconf 84' lang='lat' dir='ltr'><strong>doctorem</strong></span> <span class='ocrx_word' id='word_1_348' title='bbox 984 2983 1064 3037; x_wconf 88' lang='lat' dir='ltr'><strong>vel</strong></span> <span class='ocrx_word' id='word_1_349' title='bbox 1092 2984 1524 3053; x_wconf 63' lang='lat' dir='ltr'><strong>praedicatorem,</strong></span> <span class='ocrx_word' id='word_1_350' title='bbox 1556 2982 1645 3052; x_wconf 86' lang='lat' dir='ltr'><strong>qui</strong></span> <span class='ocrx_word' id='word_1_351' title='bbox 1675 2996 1770 3037; x_wconf 86' lang='lat' dir='ltr'><strong>eos</strong></span> <span class='ocrx_word' id='word_1_352' title='bbox 1797 2981 2102 3049; x_wconf 79' lang='lat' dir='ltr'><strong>infunderet</strong></span> 
     </span>
    </p>
   </div>
   <div class='ocr_carea' id='block_1_46' title="bbox 528 3073 2097 3146">
    <p class='ocr_par' dir='ltr' id='par_1_46' title="bbox 528 3073 2097 3146">
     <span class='ocr_line' id='line_1_46' title="bbox 528 3073 2097 3146; baseline 0.002 -17"><span class='ocrx_word' id='word_1_353' title='bbox 528 3088 651 3140; x_wconf 77' lang='lat' dir='ltr'><strong>rore</strong></span> <span class='ocrx_word' id='word_1_354' title='bbox 693 3074 1120 3146; x_wconf 66' lang='lat' dir='ltr'><strong>praedicationis,</strong></span> <span class='ocrx_word' id='word_1_355' title='bbox 1167 3083 1225 3133; x_wconf 88' lang='lat' dir='ltr'><strong>et</strong></span> <span class='ocrx_word' id='word_1_356' title='bbox 1263 3073 1538 3135; x_wconf 77' lang='lat' dir='ltr'><strong>excoleret</strong></span> <span class='ocrx_word' id='word_1_357' title='bbox 1578 3088 1796 3132; x_wconf 81' lang='lat' dir='ltr'><strong>vomere</strong></span> <span class='ocrx_word' id='word_1_358' title='bbox 1839 3074 2097 3132; x_wconf 68' lang='lat' dir='ltr'><strong>doctrina</strong></span> 
     </span>
    </p>
   </div>
   <div class='ocr_carea' id='block_1_47' title="bbox 522 3163 840 3233">
    <p class='ocr_par' dir='ltr' id='par_1_47' title="bbox 522 3163 840 3233">
     <span class='ocr_line' id='line_1_47' title="bbox 522 3163 840 3233; baseline 0.013 -18"><span class='ocrx_word' id='word_1_359' title='bbox 522 3163 840 3233; x_wconf 76' lang='lat' dir='ltr'><strong>spiritualis.</strong></span> 
     </span>
    </p>
   </div>
   <div class='ocr_carea' id='block_1_48' title="bbox 603 3249 2172 3323">
    <p class='ocr_par' dir='ltr' id='par_1_48' title="bbox 603 3249 2172 3323">
     <span class='ocr_line' id='line_1_48' title="bbox 603 3249 2172 3323; baseline 0.009 -21"><span class='ocrx_word' id='word_1_360' title='bbox 603 3270 621 3302; x_wconf 75' lang='grc' dir='ltr'><strong>ι</strong></span> <span class='ocrx_word' id='word_1_361' title='bbox 646 3250 710 3306; x_wconf 85' lang='lat' dir='ltr'><strong>Et</strong></span> <span class='ocrx_word' id='word_1_362' title='bbox 738 3260 897 3307; x_wconf 87' lang='lat' dir='ltr'><strong>erunt</strong></span> <span class='ocrx_word' id='word_1_363' title='bbox 923 3249 1345 3322; x_wconf 64' lang='lat' dir='ltr'><strong>reliquitsJacoh</strong></span> <span class='ocrx_word' id='word_1_364' title='bbox 1368 3252 1433 3321; x_wconf 67' lang='lat' dir='ltr'><strong>in,</strong></span> <span class='ocrx_word' id='word_1_365' title='bbox 1448 3251 1697 3323; x_wconf 73' lang='lat' dir='ltr'><strong>gentibus</strong></span> <span class='ocrx_word' id='word_1_366' title='bbox 1722 3251 1775 3307; x_wconf 86' lang='lat' dir='ltr'><strong>in</strong></span> <span class='ocrx_word' id='word_1_367' title='bbox 1804 3250 1983 3318; x_wconf 81' lang='lat' dir='ltr'><strong>medio</strong></span> <span class='ocrx_word' id='word_1_368' title='bbox 2006 3266 2101 3323; x_wconf 71' lang='grc' dir='ltr'><strong>ροτ</strong></span> <span class='ocrx_word' id='word_1_369' title='bbox 2127 3251 2172 3315; x_wconf 88' lang='lat' dir='ltr'><strong><em>C</em></strong></span> 
     </span>
    </p>
   </div>
   <div class='ocr_carea' id='block_1_49' title="bbox 526 3341 2100 3414">
    <p class='ocr_par' dir='ltr' id='par_1_49' title="bbox 526 3341 2100 3414">
     <span class='ocr_line' id='line_1_49' title="bbox 526 3341 2100 3414; baseline 0 -18"><span class='ocrx_word' id='word_1_370' title='bbox 526 3341 773 3414; x_wconf 79' lang='lat' dir='ltr'><strong>palorum</strong></span> <span class='ocrx_word' id='word_1_371' title='bbox 805 3342 1118 3408; x_wconf 88' lang='lat' dir='ltr'><strong>multorum,</strong></span> <span class='ocrx_word' id='word_1_372' title='bbox 1154 3342 1308 3413; x_wconf 89' lang='lat' dir='ltr'><strong>quasi</strong></span> <span class='ocrx_word' id='word_1_373' title='bbox 1340 3341 1423 3398; x_wconf 91' lang='lat' dir='ltr'><strong>leo</strong></span> <span class='ocrx_word' id='word_1_374' title='bbox 1454 3343 1507 3397; x_wconf 91' lang='lat' dir='ltr'><strong>in</strong></span> <span class='ocrx_word' id='word_1_375' title='bbox 1533 3342 1791 3411; x_wconf 75' lang='lat' dir='ltr'><strong>iumentis</strong></span> <span class='ocrx_word' id='word_1_376' title='bbox 1819 3342 2100 3410; x_wconf 81' lang='lat' dir='ltr'><strong>silvarum,</strong></span> 
     </span>
    </p>
   </div>
   <div class='ocr_carea' id='block_1_50' title="bbox 529 3434 2099 3507">
    <p class='ocr_par' dir='ltr' id='par_1_50' title="bbox 529 3434 2099 3507">
     <span class='ocr_line' id='line_1_50' title="bbox 529 3434 2099 3507; baseline 0.001 -18"><span class='ocrx_word' id='word_1_377' title='bbox 529 3447 583 3489; x_wconf 84' lang='lat' dir='ltr'><strong>et</strong></span> <span class='ocrx_word' id='word_1_378' title='bbox 612 3436 763 3506; x_wconf 88' lang='lat' dir='ltr'><strong>quasi</strong></span> <span class='ocrx_word' id='word_1_379' title='bbox 796 3434 1009 3490; x_wconf 88' lang='lat' dir='ltr'><strong>catulus</strong></span> <span class='ocrx_word' id='word_1_380' title='bbox 1039 3434 1210 3491; x_wconf 92' lang='lat' dir='ltr'><strong>leonis</strong></span> <span class='ocrx_word' id='word_1_381' title='bbox 1231 3436 1448 3507; x_wconf 82' lang='lat' dir='ltr'><strong>rugiens</strong></span> <span class='ocrx_word' id='word_1_382' title='bbox 1472 3436 1524 3490; x_wconf 93' lang='lat' dir='ltr'><strong>in</strong></span> <span class='ocrx_word' id='word_1_383' title='bbox 1546 3435 1800 3507; x_wconf 76' lang='lat' dir='ltr'><strong>gregibus</strong></span> <span class='ocrx_word' id='word_1_384' title='bbox 1823 3449 2099 3507; x_wconf 87' lang='lat' dir='ltr'><strong>pecorum,</strong></span> 
     </span>
    </p>
   </div>
   <div class='ocr_carea' id='block_1_51' title="bbox 529 3526 2101 3601">
    <p class='ocr_par' dir='ltr' id='par_1_51' title="bbox 529 3526 2101 3601">
     <span class='ocr_line' id='line_1_51' title="bbox 529 3526 2101 3601; baseline 0.003 -21"><span class='ocrx_word' id='word_1_385' title='bbox 529 3527 620 3596; x_wconf 84' lang='lat' dir='ltr'><strong>qui</strong></span> <span class='ocrx_word' id='word_1_386' title='bbox 664 3543 787 3582; x_wconf 90' lang='lat' dir='ltr'><strong>cum</strong></span> <span class='ocrx_word' id='word_1_387' title='bbox 828 3527 1105 3583; x_wconf 90' lang='lat' dir='ltr'><strong>transierit</strong></span> <span class='ocrx_word' id='word_1_388' title='bbox 1136 3536 1191 3582; x_wconf 91' lang='lat' dir='ltr'><strong>et</strong></span> <span class='ocrx_word' id='word_1_389' title='bbox 1228 3526 1620 3584; x_wconf 86' lang='lat' dir='ltr'><strong>conculcaverit</strong></span> <span class='ocrx_word' id='word_1_390' title='bbox 1645 3537 1701 3585; x_wconf 92' lang='lat' dir='ltr'><strong>et</strong></span> <span class='ocrx_word' id='word_1_391' title='bbox 1724 3530 1961 3601; x_wconf 85' lang='lat' dir='ltr'><strong>ceperit,</strong></span> <span class='ocrx_word' id='word_1_392' title='bbox 1994 3544 2101 3584; x_wconf 92' lang='lat' dir='ltr'><strong>non</strong></span> 
     </span>
    </p>
   </div>
   <div class='ocr_carea' id='block_1_52' title="bbox 527 3620 2103 3693">
    <p class='ocr_par' dir='ltr' id='par_1_52' title="bbox 527 3620 2103 3693">
     <span class='ocr_line' id='line_1_52' title="bbox 527 3620 2103 3693; baseline 0.003 -17"><span class='ocrx_word' id='word_1_393' title='bbox 527 3629 612 3676; x_wconf 82' lang='lat' dir='ltr'><strong>est</strong></span> <span class='ocrx_word' id='word_1_394' title='bbox 637 3620 728 3691; x_wconf 89' lang='lat' dir='ltr'><strong>qui</strong></span> <span class='ocrx_word' id='word_1_395' title='bbox 755 3629 930 3675; x_wconf 82' lang='lat' dir='ltr'><strong>eruat.</strong></span> <span class='ocrx_word' id='word_1_396' title='bbox 958 3621 1024 3676; x_wconf 88' lang='lat' dir='ltr'><strong>Et</strong></span> <span class='ocrx_word' id='word_1_397' title='bbox 1049 3620 1376 3677; x_wconf 78' lang='lat' dir='ltr'><strong>exaltabitur</strong></span> <span class='ocrx_word' id='word_1_398' title='bbox 1404 3638 1594 3678; x_wconf 88' lang='lat' dir='ltr'><strong>manus</strong></span> <span class='ocrx_word' id='word_1_399' title='bbox 1620 3632 1709 3677; x_wconf 91' lang='lat' dir='ltr'><strong>tua</strong></span> <span class='ocrx_word' id='word_1_400' title='bbox 1736 3639 1896 3693; x_wconf 87' lang='lat' dir='ltr'><strong>super</strong></span> <span class='ocrx_word' id='word_1_401' title='bbox 1921 3624 2103 3681; x_wconf 86' lang='lat' dir='ltr'><strong>hostes</strong></span> 
     </span>
    </p>
   </div>
   <div class='ocr_carea' id='block_1_53' title="bbox 530 3711 2097 3786">
    <p class='ocr_par' dir='ltr' id='par_1_53' title="bbox 530 3711 2097 3786">
     <span class='ocr_line' id='line_1_53' title="bbox 530 3711 2097 3786; baseline 0.002 -20"><span class='ocrx_word' id='word_1_402' title='bbox 530 3722 669 3767; x_wconf 89' lang='lat' dir='ltr'><strong>tuos.</strong></span> <span class='ocrx_word' id='word_1_403' title='bbox 700 3731 721 3766; x_wconf 72' lang='grc' dir='ltr'><strong>ι</strong></span> <span class='ocrx_word' id='word_1_404' title='bbox 751 3711 1133 3769; x_wconf 85' lang='lat' dir='ltr'><strong>Leo.Christus</strong></span> <span class='ocrx_word' id='word_1_405' title='bbox 1165 3723 1267 3779; x_wconf 90' lang='lat' dir='ltr'><strong>est,</strong></span> <span class='ocrx_word' id='word_1_406' title='bbox 1313 3720 1373 3768; x_wconf 91' lang='lat' dir='ltr'><strong>ut</strong></span> <span class='ocrx_word' id='word_1_407' title='bbox 1414 3714 1467 3769; x_wconf 93' lang='lat' dir='ltr'><strong>in</strong></span> <span class='ocrx_word' id='word_1_408' title='bbox 1506 3714 1833 3786; x_wconf 83' lang='lat' dir='ltr'><strong>Apocalypsi</strong></span> <span class='ocrx_word' id='word_1_409' title='bbox 1864 3714 2097 3769; x_wconf 88' lang='lat' dir='ltr'><strong>dicitur:</strong></span> 
     </span>
    </p>
   </div>
   <div class='ocr_carea' id='block_1_54' title="bbox 535 3802 2100 3874">
    <p class='ocr_par' dir='ltr' id='par_1_54' title="bbox 535 3802 2100 3874">
     <span class='ocr_line' id='line_1_54' title="bbox 535 3802 2100 3874; baseline 0.002 -16"><span class='ocrx_word' id='word_1_410' title='bbox 535 3821 562 3861; x_wconf 77' lang='grc' dir='ltr'><strong>ι,</strong></span> <span class='ocrx_word' id='word_1_411' title='bbox 587 3802 723 3859; x_wconf 72' lang='lat' dir='ltr'><strong>Vicit</strong></span> <span class='ocrx_word' id='word_1_412' title='bbox 753 3802 835 3857; x_wconf 91' lang='lat' dir='ltr'><strong>leo</strong></span> <span class='ocrx_word' id='word_1_413' title='bbox 856 3802 925 3858; x_wconf 89' lang='lat' dir='ltr'><strong>de</strong></span> <span class='ocrx_word' id='word_1_414' title='bbox 944 3803 1087 3857; x_wconf 88' lang='lat' dir='ltr'><strong>tribu</strong></span> <span class='ocrx_word' id='word_1_415' title='bbox 1116 3802 1272 3864; x_wconf 77' lang='lat' dir='ltr'><strong>Juda.</strong></span> <span class='ocrx_word' id='word_1_416' title='bbox 1303 3822 1329 3855; x_wconf 70' lang='grc' dir='ltr'>ι.</span> <span class='ocrx_word' id='word_1_417' title='bbox 1353 3803 1471 3874; x_wconf 77' lang='lat' dir='ltr'><strong>Ipse</strong></span> <span class='ocrx_word' id='word_1_418' title='bbox 1496 3816 1581 3861; x_wconf 89' lang='lat' dir='ltr'><strong>est</strong></span> <span class='ocrx_word' id='word_1_419' title='bbox 1600 3813 1656 3859; x_wconf 89' lang='grc' dir='ltr'><strong>ει</strong></span> <span class='ocrx_word' id='word_1_420' title='bbox 1683 3804 1890 3866; x_wconf 81' lang='lat' dir='ltr'><strong>catulus</strong></span> <span class='ocrx_word' id='word_1_421' title='bbox 1912 3803 2100 3871; x_wconf 84' lang='lat' dir='ltr'><strong>leonis,</strong></span> 
     </span>
    </p>
   </div>
   <div class='ocr_carea' id='block_1_55' title="bbox 526 3891 2104 3964">
    <p class='ocr_par' dir='ltr' id='par_1_55' title="bbox 526 3891 2104 3964">
     <span class='ocr_line' id='line_1_55' title="bbox 526 3891 2104 3964; baseline 0.002 -19"><span class='ocrx_word' id='word_1_422' title='bbox 526 3892 596 3946; x_wconf 89' lang='lat' dir='ltr'><strong>de</strong></span> <span class='ocrx_word' id='word_1_423' title='bbox 619 3907 727 3962; x_wconf 89' lang='lat' dir='ltr'><strong>quo</strong></span> <span class='ocrx_word' id='word_1_424' title='bbox 752 3893 805 3948; x_wconf 90' lang='lat' dir='ltr'><strong>in</strong></span> <span class='ocrx_word' id='word_1_425' title='bbox 835 3891 1027 3948; x_wconf 79' lang='lat' dir='ltr'><strong>Genesi</strong></span> <span class='ocrx_word' id='word_1_426' title='bbox 1059 3894 1160 3949; x_wconf 87' lang='lat' dir='ltr'><strong>sub</strong></span> <span class='ocrx_word' id='word_1_427' title='bbox 1188 3909 1416 3964; x_wconf 74' lang='lat' dir='ltr'><strong>persona</strong></span> <span class='ocrx_word' id='word_1_428' title='bbox 1439 3894 1591 3957; x_wconf 72' lang='lat' dir='ltr'><strong>.luda:</strong></span> <span class='ocrx_word' id='word_1_429' title='bbox 1620 3894 1819 3957; x_wconf 79' lang='lat' dir='ltr'><strong>dicitur</strong></span> <span class='ocrx_word' id='word_1_430' title='bbox 1843 3913 1855 3948; x_wconf 89' lang='lat'><strong>:</strong></span> <span class='ocrx_word' id='word_1_431' title='bbox 1894 3913 1923 3951; x_wconf 69' lang='grc' dir='ltr'><strong>ι</strong></span> <span class='ocrx_word' id='word_1_432' title='bbox 1942 3892 2104 3951; x_wconf 71' lang='lat' dir='ltr'><strong>(latu-</strong></span> 
     </span>
    </p>
   </div>
   <div class='ocr_carea' id='block_1_56' title="bbox 524 3982 2103 4057">
    <p class='ocr_par' dir='ltr' id='par_1_56' title="bbox 524 3982 2103 4057">
     <span class='ocr_line' id='line_1_56' title="bbox 524 3982 2103 4057; baseline 0.004 -19"><span class='ocrx_word' id='word_1_433' title='bbox 524 3982 610 4041; x_wconf 81' lang='lat' dir='ltr'><strong>ius</strong></span> <span class='ocrx_word' id='word_1_434' title='bbox 638 3982 807 4040; x_wconf 83' lang='lat' dir='ltr'><strong>leonis</strong></span> <span class='ocrx_word' id='word_1_435' title='bbox 830 3982 989 4051; x_wconf 72' lang='lat' dir='ltr'><strong>Juda,</strong></span> <span class='ocrx_word' id='word_1_436' title='bbox 1024 3986 1090 4040; x_wconf 91' lang='lat' dir='ltr'><strong>ad</strong></span> <span class='ocrx_word' id='word_1_437' title='bbox 1113 3986 1368 4056; x_wconf 78' lang='lat' dir='ltr'><strong>prtedam,</strong></span> <span class='ocrx_word' id='word_1_438' title='bbox 1388 3986 1459 4042; x_wconf 90' lang='lat' dir='ltr'><strong>ﬁli</strong></span> <span class='ocrx_word' id='word_1_439' title='bbox 1483 3985 1578 4052; x_wconf 89' lang='lat' dir='ltr'><strong>mi,</strong></span> <span class='ocrx_word' id='word_1_440' title='bbox 1601 3985 1910 4046; x_wconf 88' lang='lat' dir='ltr'><strong>ascendisti.</strong></span> <span class='ocrx_word' id='word_1_441' title='bbox 1941 4005 1960 4038; x_wconf 74' lang='grc' dir='ltr'><strong>ι</strong></span> <span class='ocrx_word' id='word_1_442' title='bbox 1985 3986 2103 4057; x_wconf 83' lang='lat' dir='ltr'><strong>Ipse</strong></span> 
     </span>
    </p>
   </div>
   <div class='ocr_carea' id='block_1_57' title="bbox 526 4075 2099 4147">
    <p class='ocr_par' dir='ltr' id='par_1_57' title="bbox 526 4075 2099 4147">
     <span class='ocr_line' id='line_1_57' title="bbox 526 4075 2099 4147; baseline 0.005 -20"><span class='ocrx_word' id='word_1_443' title='bbox 526 4087 660 4145; x_wconf 86' lang='lat' dir='ltr'><strong>ergo</strong></span> <span class='ocrx_word' id='word_1_444' title='bbox 684 4075 773 4145; x_wconf 86' lang='lat' dir='ltr'><strong>qui</strong></span> <span class='ocrx_word' id='word_1_445' title='bbox 800 4086 882 4134; x_wconf 89' lang='lat' dir='ltr'><strong>est</strong></span> <span class='ocrx_word' id='word_1_446' title='bbox 907 4075 1011 4140; x_wconf 89' lang='lat' dir='ltr'><strong>leo,</strong></span> <span class='ocrx_word' id='word_1_447' title='bbox 1045 4076 1192 4135; x_wconf 88' lang='lat' dir='ltr'><strong>dedit</strong></span> <span class='ocrx_word' id='word_1_448' title='bbox 1216 4078 1495 4146; x_wconf 83' lang='lat' dir='ltr'><strong>apostolis,</strong></span> <span class='ocrx_word' id='word_1_449' title='bbox 1523 4085 1584 4131; x_wconf 75' lang='lat' dir='ltr'><strong>ut</strong></span> <span class='ocrx_word' id='word_1_450' title='bbox 1615 4089 1671 4131; x_wconf 86' lang='lat' dir='ltr'><strong>et</strong></span> <span class='ocrx_word' id='word_1_451' title='bbox 1706 4076 1805 4147; x_wconf 89' lang='lat' dir='ltr'><strong>ipsi</strong></span> <span class='ocrx_word' id='word_1_452' title='bbox 1842 4078 1950 4133; x_wconf 88' lang='lat' dir='ltr'><strong>sint</strong></span> <span class='ocrx_word' id='word_1_453' title='bbox 1984 4078 2099 4135; x_wconf 49' lang='lat' dir='ltr'><strong>leo?</strong></span> 
     </span>
    </p>
   </div>
   <div class='ocr_carea' id='block_1_58' title="bbox 525 4166 2099 4240">
    <p class='ocr_par' dir='ltr' id='par_1_58' title="bbox 525 4166 2099 4240">
     <span class='ocr_line' id='line_1_58' title="bbox 525 4166 2099 4240; baseline 0.003 -20"><span class='ocrx_word' id='word_1_454' title='bbox 525 4179 643 4227; x_wconf 87' lang='lat' dir='ltr'><strong>nes,</strong></span> <span class='ocrx_word' id='word_1_455' title='bbox 674 4166 888 4234; x_wconf 87' lang='lat' dir='ltr'><strong>quando</strong></span> <span class='ocrx_word' id='word_1_456' title='bbox 917 4166 1053 4223; x_wconf 78' lang='lat' dir='ltr'><strong>dixit</strong></span> <span class='ocrx_word' id='word_1_457' title='bbox 1077 4167 1195 4222; x_wconf 89' lang='lat' dir='ltr'><strong>eis:</strong></span> <span class='ocrx_word' id='word_1_458' title='bbox 1238 4185 1257 4219; x_wconf 74' lang='grc' dir='ltr'><strong>ι</strong></span> <span class='ocrx_word' id='word_1_459' title='bbox 1285 4168 1383 4232; x_wconf 87' lang='grc' dir='ltr'>Ιιε,</span> <span class='ocrx_word' id='word_1_460' title='bbox 1412 4168 1600 4229; x_wconf 86' lang='lat' dir='ltr'><strong>doce&#39;e</strong></span> <span class='ocrx_word' id='word_1_461' title='bbox 1624 4181 1813 4231; x_wconf 86' lang='lat' dir='ltr'><strong>omnes</strong></span> <span class='ocrx_word' id='word_1_462' title='bbox 1836 4176 2043 4240; x_wconf 88' lang='lat' dir='ltr'><strong>gentes,</strong></span> <span class='ocrx_word' id='word_1_463' title='bbox 2075 4189 2099 4229; x_wconf 75' lang='grc' dir='ltr'><strong>ιΔ</strong></span> 
     </span>
    </p>
   </div>
   <div class='ocr_carea' id='block_1_59' title="bbox 526 4256 2099 4329">
    <p class='ocr_par' dir='ltr' id='par_1_59' title="bbox 526 4256 2099 4329">
     <span class='ocr_line' id='line_1_59' title="bbox 526 4256 2099 4329; baseline 0.003 -18"><span class='ocrx_word' id='word_1_464' title='bbox 526 4265 633 4312; x_wconf 87' lang='lat' dir='ltr'><strong>etc.</strong></span> <span class='ocrx_word' id='word_1_465' title='bbox 664 4256 729 4315; x_wconf 82' lang='lat' dir='ltr'><strong>Et</strong></span> <span class='ocrx_word' id='word_1_466' title='bbox 758 4259 1027 4328; x_wconf 84' lang='lat' dir='ltr'><strong>quomodo</strong></span> <span class='ocrx_word' id='word_1_467' title='bbox 1051 4273 1209 4315; x_wconf 88' lang='lat' dir='ltr'><strong>nemo</strong></span> <span class='ocrx_word' id='word_1_468' title='bbox 1244 4267 1422 4329; x_wconf 86' lang='lat' dir='ltr'><strong>potest</strong></span> <span class='ocrx_word' id='word_1_469' title='bbox 1454 4259 1707 4323; x_wconf 83' lang='lat' dir='ltr'><strong>resistere</strong></span> <span class='ocrx_word' id='word_1_470' title='bbox 1729 4259 1891 4326; x_wconf 89' lang='lat' dir='ltr'><strong>leoni,</strong></span> <span class='ocrx_word' id='word_1_471' title='bbox 1924 4261 1996 4316; x_wconf 84' lang='lat' dir='ltr'><strong>ita</strong></span> <span class='ocrx_word' id='word_1_472' title='bbox 2026 4261 2099 4316; x_wconf 90' lang='lat' dir='ltr'><strong>illi</strong></span> 
     </span>
    </p>
   </div>
   <div class='ocr_carea' id='block_1_60' title="bbox 524 4346 2099 4420">
    <p class='ocr_par' dir='ltr' id='par_1_60' title="bbox 524 4346 2099 4420">
     <span class='ocr_line' id='line_1_60' title="bbox 524 4346 2099 4420; baseline 0 -15"><span class='ocrx_word' id='word_1_473' title='bbox 524 4346 738 4405; x_wconf 85' lang='lat' dir='ltr'><strong>liberati</strong></span> <span class='ocrx_word' id='word_1_474' title='bbox 769 4347 836 4403; x_wconf 89' lang='lat' dir='ltr'><strong>de</strong></span> <span class='ocrx_word' id='word_1_475' title='bbox 862 4363 1021 4403; x_wconf 88' lang='lat' dir='ltr'><strong>manu</strong></span> <span class='ocrx_word' id='word_1_476' title='bbox 1049 4349 1414 4420; x_wconf 83' lang='lat' dir='ltr'><strong>Assyriorum,</strong></span> <span class='ocrx_word' id='word_1_477' title='bbox 1439 4360 1762 4419; x_wconf 89' lang='lat' dir='ltr'><strong>acceperunt</strong></span> <span class='ocrx_word' id='word_1_478' title='bbox 1782 4358 2099 4419; x_wconf 81' lang='lat' dir='ltr'><strong>potestatem</strong></span> 
     </span>
    </p>
   </div>
   <div class='ocr_carea' id='block_1_61' title="bbox 529 4436 2100 4513">
    <p class='ocr_par' dir='ltr' id='par_1_61' title="bbox 529 4436 2100 4513">
     <span class='ocr_line' id='line_1_61' title="bbox 529 4436 2100 4513; baseline 0.003 -22"><span class='ocrx_word' id='word_1_479' title='bbox 529 4445 589 4491; x_wconf 91' lang='lat' dir='ltr'><strong>ut</strong></span> <span class='ocrx_word' id='word_1_480' title='bbox 610 4445 861 4507; x_wconf 81' lang='lat' dir='ltr'><strong>peterent</strong></span> <span class='ocrx_word' id='word_1_481' title='bbox 873 4436 1135 4504; x_wconf 88' lang='lat' dir='ltr'><strong>jumenta,</strong></span> <span class='ocrx_word' id='word_1_482' title='bbox 1159 4440 1262 4497; x_wconf 90' lang='lat' dir='ltr'><strong>hoc</strong></span> <span class='ocrx_word' id='word_1_483' title='bbox 1285 4449 1389 4507; x_wconf 84' lang='lat' dir='ltr'><strong>est,</strong></span> <span class='ocrx_word' id='word_1_484' title='bbox 1416 4440 1660 4496; x_wconf 86' lang='lat' dir='ltr'><strong>homines</strong></span> <span class='ocrx_word' id='word_1_485' title='bbox 1682 4441 2100 4513; x_wconf 74' lang='lat' dir='ltr'><strong>irrationabiles,</strong></span> 
     </span>
    </p>
   </div>
   <div class='ocr_carea' id='block_1_62' title="bbox 531 4527 2102 4591">
    <p class='ocr_par' dir='ltr' id='par_1_62' title="bbox 531 4527 2102 4591">
     <span class='ocr_line' id='line_1_62' title="bbox 531 4527 2102 4591; baseline 0.004 -11"><span class='ocrx_word' id='word_1_486' title='bbox 531 4527 683 4589; x_wconf 33' lang='lat' dir='ltr'><strong>verbi,</strong></span> <span class='ocrx_word' id='word_1_487' title='bbox 711 4527 808 4591; x_wconf 79' lang='lat' dir='ltr'><strong>Dei</strong></span> <span class='ocrx_word' id='word_1_488' title='bbox 832 4528 1038 4591; x_wconf 79' lang='lat' dir='ltr'><strong>ratione</strong></span> <span class='ocrx_word' id='word_1_489' title='bbox 1077 4538 1342 4586; x_wconf 88' lang='lat' dir='ltr'><strong>carentes.</strong></span> <span class='ocrx_word' id='word_1_490' title='bbox 1391 4548 1410 4582; x_wconf 74' lang='grc' dir='ltr'><strong>ι</strong></span> <span class='ocrx_word' id='word_1_491' title='bbox 1440 4530 1610 4587; x_wconf 90' lang='lat' dir='ltr'><strong>llomo</strong></span> <span class='ocrx_word' id='word_1_492' title='bbox 1649 4546 1769 4586; x_wconf 91' lang='lat' dir='ltr'><strong>cum</strong></span> <span class='ocrx_word' id='word_1_493' title='bbox 1813 4532 1864 4586; x_wconf 94' lang='lat' dir='ltr'><strong>in</strong></span> <span class='ocrx_word' id='word_1_494' title='bbox 1897 4532 2102 4587; x_wconf 85' lang='lat' dir='ltr'><strong>honore</strong></span> 
     </span>
    </p>
   </div>
   <div class='ocr_carea' id='block_1_63' title="bbox 526 4620 2099 4691">
    <p class='ocr_par' dir='ltr' id='par_1_63' title="bbox 526 4620 2099 4691">
     <span class='ocr_line' id='line_1_63' title="bbox 526 4620 2099 4691; baseline 0.002 -19"><span class='ocrx_word' id='word_1_495' title='bbox 526 4625 686 4679; x_wconf 86' lang='lat' dir='ltr'><strong>esset.</strong></span> <span class='ocrx_word' id='word_1_496' title='bbox 717 4634 831 4683; x_wconf 47' lang='lat' dir='ltr'><strong>non,</strong></span> <span class='ocrx_word' id='word_1_497' title='bbox 854 4620 1137 4687; x_wconf 70' lang='lat' dir='ltr'><strong>intellexit,</strong></span> <span class='ocrx_word' id='word_1_498' title='bbox 1166 4642 1184 4673; x_wconf 72' lang='grc' dir='ltr'><strong>ι</strong></span> <span class='ocrx_word' id='word_1_499' title='bbox 1225 4631 1330 4684; x_wconf 86' lang='lat' dir='ltr'><strong>etc.</strong></span> <span class='ocrx_word' id='word_1_500' title='bbox 1374 4620 1604 4691; x_wconf 77' lang='lat' dir='ltr'><strong>Rapient</strong></span> <span class='ocrx_word' id='word_1_501' title='bbox 1636 4629 1814 4676; x_wconf 86' lang='lat' dir='ltr'><strong>autem</strong></span> <span class='ocrx_word' id='word_1_502' title='bbox 1845 4636 1961 4686; x_wconf 90' lang='lat' dir='ltr'><strong>eos,</strong></span> <span class='ocrx_word' id='word_1_503' title='bbox 1996 4638 2099 4676; x_wconf 86' lang='lat' dir='ltr'><strong>non</strong></span> 
     </span>
    </p>
   </div>
   <div class='ocr_carea' id='block_1_64' title="bbox 528 4706 2100 4781">
    <p class='ocr_par' dir='ltr' id='par_1_64' title="bbox 528 4706 2100 4781">
     <span class='ocr_line' id='line_1_64' title="bbox 528 4706 2100 4781; baseline 0.003 -20"><span class='ocrx_word' id='word_1_504' title='bbox 528 4706 887 4772; x_wconf 87' lang='lat' dir='ltr'><strong>ntdilanient,</strong></span> <span class='ocrx_word' id='word_1_505' title='bbox 919 4709 1012 4775; x_wconf 84' lang='lat' dir='ltr'><strong>sed</strong></span> <span class='ocrx_word' id='word_1_506' title='bbox 1040 4719 1099 4763; x_wconf 90' lang='lat' dir='ltr'><strong>ut</strong></span> <span class='ocrx_word' id='word_1_507' title='bbox 1126 4718 1377 4779; x_wconf 73' lang='lat' dir='ltr'><strong>separent</strong></span> <span class='ocrx_word' id='word_1_508' title='bbox 1421 4710 1556 4780; x_wconf 86' lang='lat' dir='ltr'><strong>(hoc</strong></span> <span class='ocrx_word' id='word_1_509' title='bbox 1592 4718 1693 4773; x_wconf 91' lang='lat' dir='ltr'><strong>est,</strong></span> <span class='ocrx_word' id='word_1_510' title='bbox 1726 4707 2001 4781; x_wconf 87' lang='lat' dir='ltr'><strong>dividant)</strong></span> <span class='ocrx_word' id='word_1_511' title='bbox 2033 4711 2100 4781; x_wconf 86' lang='lat' dir='ltr'><strong>ab</strong></span> 
     </span>
    </p>
   </div>
   <div class='ocr_carea' id='block_1_65' title="bbox 531 4799 2104 4875">
    <p class='ocr_par' dir='ltr' id='par_1_65' title="bbox 531 4799 2104 4875">
     <span class='ocr_line' id='line_1_65' title="bbox 531 4799 2104 4875; baseline 0.001 -20"><span class='ocrx_word' id='word_1_512' title='bbox 531 4799 835 4856; x_wconf 82' lang='lat' dir='ltr'><strong>infidelibus</strong></span> <span class='ocrx_word' id='word_1_513' title='bbox 861 4819 875 4855; x_wconf 88' lang='lat'><strong>:</strong></span> <span class='ocrx_word' id='word_1_514' title='bbox 906 4811 960 4856; x_wconf 90' lang='lat' dir='ltr'><strong>et</strong></span> <span class='ocrx_word' id='word_1_515' title='bbox 990 4800 1179 4869; x_wconf 50' lang='lat' dir='ltr'><strong>nullus,</strong></span> <span class='ocrx_word' id='word_1_516' title='bbox 1195 4802 1299 4869; x_wconf 78' lang='lat' dir='ltr'><strong>erit</strong></span> <span class='ocrx_word' id='word_1_517' title='bbox 1334 4809 1647 4871; x_wconf 78' lang='lat' dir='ltr'><strong>persecutor</strong></span> <span class='ocrx_word' id='word_1_518' title='bbox 1680 4800 1772 4871; x_wconf 87' lang='lat' dir='ltr'><strong>qui</strong></span> <span class='ocrx_word' id='word_1_519' title='bbox 1814 4800 1892 4860; x_wconf 88' lang='lat' dir='ltr'><strong>eis</strong></span> <span class='ocrx_word' id='word_1_520' title='bbox 1929 4803 2104 4875; x_wconf 84' lang='lat' dir='ltr'><strong>possit</strong></span> 
     </span>
    </p>
   </div>
   <div class='ocr_carea' id='block_1_66' title="bbox 530 4891 2098 4965">
    <p class='ocr_par' dir='ltr' id='par_1_66' title="bbox 530 4891 2098 4965">
     <span class='ocr_line' id='line_1_66' title="bbox 530 4891 2098 4965; baseline 0.004 -20"><span class='ocrx_word' id='word_1_521' title='bbox 530 4891 808 4958; x_wconf 77' lang='lat' dir='ltr'><strong>resistere,</strong></span> <span class='ocrx_word' id='word_1_522' title='bbox 841 4902 896 4948; x_wconf 92' lang='lat' dir='ltr'><strong>et</strong></span> <span class='ocrx_word' id='word_1_523' title='bbox 928 4894 1253 4949; x_wconf 74' lang='lat' dir='ltr'><strong>exaltabitnr</strong></span> <span class='ocrx_word' id='word_1_524' title='bbox 1296 4908 1487 4950; x_wconf 88' lang='lat' dir='ltr'><strong>manus</strong></span> <span class='ocrx_word' id='word_1_525' title='bbox 1526 4893 1743 4955; x_wconf 82' lang='lat' dir='ltr'><strong>Domini</strong></span> <span class='ocrx_word' id='word_1_526' title='bbox 1783 4909 1944 4965; x_wconf 81' lang='lat' dir='ltr'><strong>super</strong></span> <span class='ocrx_word' id='word_1_527' title='bbox 1983 4912 2098 4962; x_wconf 90' lang='lat' dir='ltr'><strong>eos,</strong></span> 
     </span>
    </p>
   </div>
   <div class='ocr_carea' id='block_1_67' title="bbox 527 4982 2101 5054">
    <p class='ocr_par' dir='ltr' id='par_1_67' title="bbox 527 4982 2101 5054">
     <span class='ocr_line' id='line_1_67' title="bbox 527 4982 2101 5054; baseline 0.004 -20"><span class='ocrx_word' id='word_1_528' title='bbox 527 4983 618 5050; x_wconf 89' lang='lat' dir='ltr'><strong>qui</strong></span> <span class='ocrx_word' id='word_1_529' title='bbox 661 4983 740 5037; x_wconf 89' lang='lat' dir='ltr'><strong>vel</strong></span> <span class='ocrx_word' id='word_1_530' title='bbox 776 4984 948 5053; x_wconf 89' lang='lat' dir='ltr'><strong>ipsum</strong></span> <span class='ocrx_word' id='word_1_531' title='bbox 986 4984 1269 5039; x_wconf 89' lang='lat' dir='ltr'><strong>Dominum</strong></span> <span class='ocrx_word' id='word_1_532' title='bbox 1311 4982 1399 5049; x_wconf 89' lang='lat' dir='ltr'><strong>vel</strong></span> <span class='ocrx_word' id='word_1_533' title='bbox 1434 4982 1703 5054; x_wconf 81' lang='lat' dir='ltr'><strong>apostolos</strong></span> <span class='ocrx_word' id='word_1_534' title='bbox 1739 4982 1858 5054; x_wconf 72' lang='lat' dir='ltr'><strong>eius</strong></span> <span class='ocrx_word' id='word_1_535' title='bbox 1898 4983 2101 5051; x_wconf 76' lang='lat' dir='ltr'><strong>alﬁixe-</strong></span> 
     </span>
    </p>
   </div>
   <div class='ocr_carea' id='block_1_68' title="bbox 527 5074 2105 5145">
    <p class='ocr_par' dir='ltr' id='par_1_68' title="bbox 527 5074 2105 5145">
     <span class='ocr_line' id='line_1_68' title="bbox 527 5074 2105 5145; baseline 0.002 -17"><span class='ocrx_word' id='word_1_536' title='bbox 527 5083 674 5137; x_wconf 81' lang='lat' dir='ltr'><strong>rant.</strong></span> <span class='ocrx_word' id='word_1_537' title='bbox 714 5094 733 5126; x_wconf 83' lang='grc'><em>‹</em></span> <span class='ocrx_word' id='word_1_538' title='bbox 763 5074 831 5129; x_wconf 88' lang='lat' dir='ltr'><strong>Et</strong></span> <span class='ocrx_word' id='word_1_539' title='bbox 874 5089 1063 5130; x_wconf 79' lang='lat' dir='ltr'><strong>omnes</strong></span> <span class='ocrx_word' id='word_1_540' title='bbox 1113 5074 1315 5129; x_wconf 88' lang='lat' dir='ltr'><strong>inimici</strong></span> <span class='ocrx_word' id='word_1_541' title='bbox 1362 5074 1435 5128; x_wconf 92' lang='lat' dir='ltr'><strong>tui</strong></span> <span class='ocrx_word' id='word_1_542' title='bbox 1479 5074 1848 5145; x_wconf 63' lang='lat' dir='ltr'><strong>interibunt,»</strong></span> <span class='ocrx_word' id='word_1_543' title='bbox 1898 5091 2002 5131; x_wconf 93' lang='lat' dir='ltr'><strong>non</strong></span> <span class='ocrx_word' id='word_1_544' title='bbox 2046 5085 2105 5131; x_wconf 90' lang='lat' dir='ltr'><strong>ut</strong></span> 
     </span>
    </p>
   </div>
   <div class='ocr_carea' id='block_1_69' title="bbox 526 5162 2101 5233">
    <p class='ocr_par' dir='ltr' id='par_1_69' title="bbox 526 5162 2101 5233">
     <span class='ocr_line' id='line_1_69' title="bbox 526 5162 2101 5233; baseline 0.003 -16"><span class='ocrx_word' id='word_1_545' title='bbox 526 5172 776 5233; x_wconf 73' lang='lat' dir='ltr'><strong>pereant,</strong></span> <span class='ocrx_word' id='word_1_546' title='bbox 804 5165 901 5225; x_wconf 87' lang='lat' dir='ltr'><strong>scd</strong></span> <span class='ocrx_word' id='word_1_547' title='bbox 929 5173 986 5232; x_wconf 68' lang='grc' dir='ltr'><strong>ιιι</strong></span> <span class='ocrx_word' id='word_1_548' title='bbox 1014 5180 1076 5220; x_wconf 78' lang='lat' dir='ltr'><strong>ex</strong></span> <span class='ocrx_word' id='word_1_549' title='bbox 1112 5163 1344 5219; x_wconf 76' lang='lat' dir='ltr'><strong>inimicis</strong></span> <span class='ocrx_word' id='word_1_550' title='bbox 1373 5173 1427 5219; x_wconf 90' lang='lat' dir='ltr'><strong>et</strong></span> <span class='ocrx_word' id='word_1_551' title='bbox 1454 5163 1754 5231; x_wconf 84' lang='lat' dir='ltr'><strong>inﬁdelibus</strong></span> <span class='ocrx_word' id='word_1_552' title='bbox 1785 5162 1918 5219; x_wconf 86' lang='lat' dir='ltr'><strong>ﬁant</strong></span> <span class='ocrx_word' id='word_1_553' title='bbox 1944 5165 2101 5222; x_wconf 84' lang='lat' dir='ltr'><strong>amici</strong></span> 
     </span>
    </p>
   </div>
   <div class='ocr_carea' id='block_1_70' title="bbox 524 5255 929 5319">
    <p class='ocr_par' dir='ltr' id='par_1_70' title="bbox 524 5255 929 5319">
     <span class='ocr_line' id='line_1_70' title="bbox 524 5255 929 5319; baseline -0.015 -5"><span class='ocrx_word' id='word_1_554' title='bbox 524 5266 583 5314; x_wconf 66' lang='lat' dir='ltr'><strong>st</strong></span> <span class='ocrx_word' id='word_1_555' title='bbox 615 5255 819 5319; x_wconf 79' lang='lat' dir='ltr'><strong>ﬁdeles.</strong></span> <span class='ocrx_word' id='word_1_556' title='bbox 920 5299 929 5308; x_wconf 84' lang='lat'><strong>.</strong></span> 
     </span>
    </p>
   </div>
   <div class='ocr_carea' id='block_1_71' title="bbox 608 5361 2106 5439">
    <p class='ocr_par' dir='ltr' id='par_1_71' title="bbox 608 5361 2106 5439">
     <span class='ocr_line' id='line_1_71' title="bbox 608 5361 2106 5439; baseline 0.005 -21"><span class='ocrx_word' id='word_1_557' title='bbox 608 5385 626 5418; x_wconf 72' lang='grc' dir='ltr'><strong>ε</strong></span> <span class='ocrx_word' id='word_1_558' title='bbox 655 5367 722 5422; x_wconf 84' lang='lat' dir='ltr'><strong>Et</strong></span> <span class='ocrx_word' id='word_1_559' title='bbox 749 5369 855 5424; x_wconf 90' lang='lat' dir='ltr'><strong>erit</strong></span> <span class='ocrx_word' id='word_1_560' title='bbox 882 5369 933 5422; x_wconf 90' lang='lat' dir='ltr'><strong>in</strong></span> <span class='ocrx_word' id='word_1_561' title='bbox 952 5361 1170 5434; x_wconf 60' lang='lat' dir='ltr'><strong>die&#39;illa,</strong></span> <span class='ocrx_word' id='word_1_562' title='bbox 1204 5388 1221 5421; x_wconf 77' lang='grc' dir='ltr'><strong>ι</strong></span> <span class='ocrx_word' id='word_1_563' title='bbox 1241 5370 1457 5439; x_wconf 87' lang='lat' dir='ltr'><strong>quando</strong></span> <span class='ocrx_word' id='word_1_564' title='bbox 1475 5368 1706 5423; x_wconf 82' lang='lat' dir='ltr'><strong>exaltata</strong></span> <span class='ocrx_word' id='word_1_565' title='bbox 1731 5367 1892 5424; x_wconf 90' lang='lat' dir='ltr'><strong>fuerit</strong></span> <span class='ocrx_word' id='word_1_566' title='bbox 1914 5385 2106 5425; x_wconf 89' lang='lat' dir='ltr'><strong>manus</strong></span> 
     </span>
    </p>
   </div>
   <div class='ocr_carea' id='block_1_72' title="bbox 532 5459 2105 5531">
    <p class='ocr_par' dir='ltr' id='par_1_72' title="bbox 532 5459 2105 5531">
     <span class='ocr_line' id='line_1_72' title="bbox 532 5459 2105 5531; baseline 0.003 -17"><span class='ocrx_word' id='word_1_567' title='bbox 532 5470 643 5525; x_wconf 86' lang='lat' dir='ltr'><strong>tua,</strong></span> <span class='ocrx_word' id='word_1_568' title='bbox 693 5475 727 5515; x_wconf 89' lang='grc' dir='ltr'>ο</span> <span class='ocrx_word' id='word_1_569' title='bbox 763 5459 951 5525; x_wconf 86' lang='lat' dir='ltr'><strong>Israel,</strong></span> <span class='ocrx_word' id='word_1_570' title='bbox 995 5475 1157 5531; x_wconf 85' lang='lat' dir='ltr'><strong>super</strong></span> <span class='ocrx_word' id='word_1_571' title='bbox 1201 5460 1383 5525; x_wconf 75' lang='lat' dir='ltr'><strong>hosles</strong></span> <span class='ocrx_word' id='word_1_572' title='bbox 1430 5471 1569 5526; x_wconf 90' lang='lat' dir='ltr'><strong>tuos,</strong></span> <span class='ocrx_word' id='word_1_573' title='bbox 1612 5479 1631 5513; x_wconf 75' lang='grc' dir='ltr'><strong>ι</strong></span> <span class='ocrx_word' id='word_1_574' title='bbox 1660 5459 1900 5515; x_wconf 83' lang='lat' dir='ltr'><strong>auferam</strong></span> <span class='ocrx_word' id='word_1_575' title='bbox 1937 5475 2105 5530; x_wconf 86' lang='lat' dir='ltr'><strong>equos</strong></span> 
     </span>
    </p>
   </div>
   <div class='ocr_carea' id='block_1_73' title="bbox 528 5552 2104 5623">
    <p class='ocr_par' dir='ltr' id='par_1_73' title="bbox 528 5552 2104 5623">
     <span class='ocr_line' id='line_1_73' title="bbox 528 5552 2104 5623; baseline 0.004 -17"><span class='ocrx_word' id='word_1_576' title='bbox 528 5562 653 5608; x_wconf 85' lang='lat' dir='ltr'><strong>tuos</strong></span> <span class='ocrx_word' id='word_1_577' title='bbox 669 5554 735 5609; x_wconf 94' lang='lat' dir='ltr'><strong>de</strong></span> <span class='ocrx_word' id='word_1_578' title='bbox 748 5552 923 5608; x_wconf 85' lang='lat' dir='ltr'><strong>medio</strong></span> <span class='ocrx_word' id='word_1_579' title='bbox 937 5553 1034 5620; x_wconf 91' lang='lat' dir='ltr'><strong>tui,</strong></span> <span class='ocrx_word' id='word_1_580' title='bbox 1057 5571 1075 5605; x_wconf 74' lang='grc' dir='ltr'><strong>ι</strong></span> <span class='ocrx_word' id='word_1_581' title='bbox 1103 5552 1156 5609; x_wconf 89' lang='lat' dir='ltr'><strong>id</strong></span> <span class='ocrx_word' id='word_1_582' title='bbox 1177 5563 1278 5620; x_wconf 89' lang='lat' dir='ltr'><strong>est,</strong></span> <span class='ocrx_word' id='word_1_583' title='bbox 1299 5568 1489 5610; x_wconf 88' lang='lat' dir='ltr'><strong>omnes</strong></span> <span class='ocrx_word' id='word_1_584' title='bbox 1508 5553 1848 5610; x_wconf 88' lang='lat' dir='ltr'><strong>lascivientes</strong></span> <span class='ocrx_word' id='word_1_585' title='bbox 1874 5553 2104 5623; x_wconf 84' lang='lat' dir='ltr'><strong>impetus</strong></span> 
     </span>
    </p>
   </div>
   <div class='ocr_carea' id='block_1_74' title="bbox 531 5643 2104 5714">
    <p class='ocr_par' dir='ltr' id='par_1_74' title="bbox 531 5643 2104 5714">
     <span class='ocr_line' id='line_1_74' title="bbox 531 5643 2104 5714; baseline 0.001 -17"><span class='ocrx_word' id='word_1_586' title='bbox 531 5645 716 5707; x_wconf 89' lang='lat' dir='ltr'><strong>animi,</strong></span> <span class='ocrx_word' id='word_1_587' title='bbox 752 5644 816 5699; x_wconf 85' lang='lat' dir='ltr'><strong>de</strong></span> <span class='ocrx_word' id='word_1_588' title='bbox 845 5643 1040 5711; x_wconf 83' lang='lat' dir='ltr'><strong>quibus</strong></span> <span class='ocrx_word' id='word_1_589' title='bbox 1074 5645 1307 5702; x_wconf 86' lang='lat' dir='ltr'><strong>dicitur:</strong></span> <span class='ocrx_word' id='word_1_590' title='bbox 1344 5665 1362 5699; x_wconf 76' lang='grc' dir='ltr'><strong>ι</strong></span> <span class='ocrx_word' id='word_1_591' title='bbox 1390 5644 1564 5701; x_wconf 81' lang='lat' dir='ltr'><strong>Nolite</strong></span> <span class='ocrx_word' id='word_1_592' title='bbox 1600 5644 1718 5701; x_wconf 88' lang='lat' dir='ltr'><strong>ﬁeri</strong></span> <span class='ocrx_word' id='word_1_593' title='bbox 1757 5643 1896 5701; x_wconf 90' lang='lat' dir='ltr'><strong>sicut</strong></span> <span class='ocrx_word' id='word_1_594' title='bbox 1933 5660 2104 5714; x_wconf 88' lang='lat' dir='ltr'><strong>equus</strong></span> 
     </span>
    </p>
   </div>
   <div class='ocr_carea' id='block_1_75' title="bbox 528 5734 2103 5810">
    <p class='ocr_par' dir='ltr' id='par_1_75' title="bbox 528 5734 2103 5810">
     <span class='ocr_line' id='line_1_75' title="bbox 528 5734 2103 5810; baseline -0.001 -21"><span class='ocrx_word' id='word_1_595' title='bbox 528 5746 581 5790; x_wconf 76' lang='lat' dir='ltr'><strong>et</strong></span> <span class='ocrx_word' id='word_1_596' title='bbox 613 5736 806 5791; x_wconf 86' lang='lat' dir='ltr'><strong>mulus.</strong></span> <span class='ocrx_word' id='word_1_597' title='bbox 840 5755 860 5789; x_wconf 70' lang='grc' dir='ltr'><strong>ι</strong></span> <span class='ocrx_word' id='word_1_598' title='bbox 910 5754 929 5787; x_wconf 72' lang='grc' dir='ltr'><strong>ο</strong></span> <span class='ocrx_word' id='word_1_599' title='bbox 960 5736 1023 5792; x_wconf 82' lang='lat' dir='ltr'><strong>Et</strong></span> <span class='ocrx_word' id='word_1_600' title='bbox 1053 5734 1341 5810; x_wconf 67' lang='lat' dir='ltr'><strong>quadrigas</strong></span> <span class='ocrx_word' id='word_1_601' title='bbox 1367 5745 1490 5796; x_wconf 83' lang='lat' dir='ltr'><strong>tuas</strong></span> <span class='ocrx_word' id='word_1_602' title='bbox 1518 5736 1846 5809; x_wconf 86' lang='lat' dir='ltr'><strong>disperdam,</strong></span> <span class='ocrx_word' id='word_1_603' title='bbox 1892 5744 1944 5790; x_wconf 90' lang='lat' dir='ltr'><strong>et</strong></span> <span class='ocrx_word' id='word_1_604' title='bbox 1983 5750 2103 5806; x_wconf 86' lang='lat' dir='ltr'><strong>per-</strong></span> 
     </span>
    </p>
   </div>
   <div class='ocr_carea' id='block_1_76' title="bbox 534 5826 2098 5897">
    <p class='ocr_par' dir='ltr' id='par_1_76' title="bbox 534 5826 2098 5897">
     <span class='ocr_line' id='line_1_76' title="bbox 534 5826 2098 5897; baseline 0.001 -15"><span class='ocrx_word' id='word_1_605' title='bbox 534 5830 653 5882; x_wconf 79' lang='lat' dir='ltr'><strong>nam</strong></span> <span class='ocrx_word' id='word_1_606' title='bbox 688 5827 930 5882; x_wconf 68' lang='lat' dir='ltr'><strong>civitates</strong></span> <span class='ocrx_word' id='word_1_607' title='bbox 960 5834 1115 5884; x_wconf 79' lang='lat' dir='ltr'><strong>terrae</strong></span> <span class='ocrx_word' id='word_1_608' title='bbox 1144 5838 1262 5897; x_wconf 66' lang='lat' dir='ltr'><strong>tum,</strong></span> <span class='ocrx_word' id='word_1_609' title='bbox 1305 5836 1356 5885; x_wconf 89' lang='lat' dir='ltr'><strong>et</strong></span> <span class='ocrx_word' id='word_1_610' title='bbox 1398 5829 1670 5884; x_wconf 83' lang='lat' dir='ltr'><strong>destruam</strong></span> <span class='ocrx_word' id='word_1_611' title='bbox 1708 5839 1894 5891; x_wconf 81' lang='lat' dir='ltr'><strong>omnes</strong></span> <span class='ocrx_word' id='word_1_612' title='bbox 1926 5826 2098 5883; x_wconf 84' lang='lat' dir='ltr'><strong>numi-</strong></span> 
     </span>
    </p>
   </div>
   <div class='ocr_carea' id='block_1_77' title="bbox 2203 1981 3786 2054">
    <p class='ocr_par' dir='ltr' id='par_1_77' title="bbox 2203 1981 3786 2054">
     <span class='ocr_line' id='line_1_77' title="bbox 2203 1981 3786 2054; baseline -0.002 -15"><span class='ocrx_word' id='word_1_613' title='bbox 2203 1992 2323 2039; x_wconf 87' lang='lat' dir='ltr'><strong>tuas</strong></span> <span class='ocrx_word' id='word_1_614' title='bbox 2344 1990 2468 2037; x_wconf 89' lang='lat' dir='ltr'><strong>tuas</strong></span> <span class='ocrx_word' id='word_1_615' title='bbox 2492 1983 2561 2037; x_wconf 89' lang='lat' dir='ltr'><strong>de</strong></span> <span class='ocrx_word' id='word_1_616' title='bbox 2585 1982 2761 2037; x_wconf 91' lang='lat' dir='ltr'><strong>medio</strong></span> <span class='ocrx_word' id='word_1_617' title='bbox 2787 1983 2884 2049; x_wconf 88' lang='lat' dir='ltr'><strong>tui,</strong></span> <span class='ocrx_word' id='word_1_618' title='bbox 2929 1991 2984 2038; x_wconf 92' lang='lat' dir='ltr'><strong>et</strong></span> <span class='ocrx_word' id='word_1_619' title='bbox 3027 1998 3134 2038; x_wconf 91' lang='lat' dir='ltr'><strong>non</strong></span> <span class='ocrx_word' id='word_1_620' title='bbox 3173 1983 3422 2038; x_wconf 81' lang='lat' dir='ltr'><strong>adorabis</strong></span> <span class='ocrx_word' id='word_1_621' title='bbox 3444 1981 3586 2036; x_wconf 87' lang='lat' dir='ltr'><strong>ultra</strong></span> <span class='ocrx_word' id='word_1_622' title='bbox 3612 1996 3786 2054; x_wconf 78' lang='lat' dir='ltr'><strong>opera</strong></span> 
     </span>
    </p>
   </div>
   <div class='ocr_carea' id='block_1_78' title="bbox 2202 2074 3784 2139">
    <p class='ocr_par' dir='ltr' id='par_1_78' title="bbox 2202 2074 3784 2139">
     <span class='ocr_line' id='line_1_78' title="bbox 2202 2074 3784 2139; baseline -0.003 -8"><span class='ocrx_word' id='word_1_623' title='bbox 2202 2089 2457 2131; x_wconf 89' lang='lat' dir='ltr'><strong>manuum</strong></span> <span class='ocrx_word' id='word_1_624' title='bbox 2482 2084 2716 2139; x_wconf 87' lang='lat' dir='ltr'><strong>tuarum,</strong></span> <span class='ocrx_word' id='word_1_625' title='bbox 2740 2083 2795 2130; x_wconf 85' lang='lat' dir='ltr'><strong>et</strong></span> <span class='ocrx_word' id='word_1_626' title='bbox 2813 2074 3041 2131; x_wconf 88' lang='lat' dir='ltr'><strong>evellam</strong></span> <span class='ocrx_word' id='word_1_627' title='bbox 3070 2074 3222 2131; x_wconf 89' lang='lat' dir='ltr'><strong>lucos</strong></span> <span class='ocrx_word' id='word_1_628' title='bbox 3244 2083 3375 2137; x_wconf 76' lang='lat' dir='ltr'><strong>tuos</strong></span> <span class='ocrx_word' id='word_1_629' title='bbox 3391 2076 3456 2131; x_wconf 87' lang='lat' dir='ltr'><strong>de</strong></span> <span class='ocrx_word' id='word_1_630' title='bbox 3477 2075 3663 2133; x_wconf 77' lang='lat' dir='ltr'><strong>medio</strong></span> <span class='ocrx_word' id='word_1_631' title='bbox 3685 2075 3784 2139; x_wconf 86' lang='lat' dir='ltr'><strong>tui,</strong></span> 
     </span>
    </p>
   </div>
   <div class='ocr_carea' id='block_1_79' title="bbox 2201 2164 3788 2237">
    <p class='ocr_par' dir='ltr' id='par_1_79' title="bbox 2201 2164 3788 2237">
     <span class='ocr_line' id='line_1_79' title="bbox 2201 2164 3788 2237; baseline -0.003 -14"><span class='ocrx_word' id='word_1_632' title='bbox 2201 2174 2258 2223; x_wconf 88' lang='lat' dir='ltr'><strong>et</strong></span> <span class='ocrx_word' id='word_1_633' title='bbox 2282 2173 2560 2221; x_wconf 84' lang='lat' dir='ltr'><strong>conteram</strong></span> <span class='ocrx_word' id='word_1_634' title='bbox 2591 2165 2840 2221; x_wconf 83' lang='lat' dir='ltr'><strong>civitates</strong></span> <span class='ocrx_word' id='word_1_635' title='bbox 2869 2177 3008 2232; x_wconf 88' lang='lat' dir='ltr'><strong>tuas,</strong></span> <span class='ocrx_word' id='word_1_636' title='bbox 3040 2185 3060 2219; x_wconf 75' lang='grc' dir='ltr'><strong>ι</strong></span> <span class='ocrx_word' id='word_1_637' title='bbox 3095 2166 3146 2221; x_wconf 91' lang='lat' dir='ltr'><strong>id</strong></span> <span class='ocrx_word' id='word_1_638' title='bbox 3183 2175 3290 2231; x_wconf 82' lang='lat' dir='ltr'><strong>est,</strong></span> <span class='ocrx_word' id='word_1_639' title='bbox 3327 2164 3477 2221; x_wconf 65' lang='lat' dir='ltr'><strong>falsae</strong></span> <span class='ocrx_word' id='word_1_640' title='bbox 3505 2164 3788 2237; x_wconf 75' lang='lat' dir='ltr'><strong>religionis</strong></span> 
     </span>
    </p>
   </div>
   <div class='ocr_carea' id='block_1_80' title="bbox 2201 2257 3789 2330">
    <p class='ocr_par' dir='ltr' id='par_1_80' title="bbox 2201 2257 3789 2330">
     <span class='ocr_line' id='line_1_80' title="bbox 2201 2257 3789 2330; baseline -0.003 -13"><span class='ocrx_word' id='word_1_641' title='bbox 2201 2270 2254 2317; x_wconf 92' lang='lat' dir='ltr'><strong>et</strong></span> <span class='ocrx_word' id='word_1_642' title='bbox 2279 2259 2672 2316; x_wconf 85' lang='lat' dir='ltr'><strong>observationis</strong></span> <span class='ocrx_word' id='word_1_643' title='bbox 2694 2260 3152 2330; x_wconf 85' lang='lat' dir='ltr'><strong>superstitionem.</strong></span> <span class='ocrx_word' id='word_1_644' title='bbox 3177 2257 3332 2315; x_wconf 88' lang='lat' dir='ltr'><strong>Unde</strong></span> <span class='ocrx_word' id='word_1_645' title='bbox 3355 2267 3412 2313; x_wconf 91' lang='lat' dir='ltr'><strong>et</strong></span> <span class='ocrx_word' id='word_1_646' title='bbox 3436 2258 3488 2312; x_wconf 90' lang='lat' dir='ltr'><strong>in</strong></span> <span class='ocrx_word' id='word_1_647' title='bbox 3514 2258 3639 2328; x_wconf 85' lang='lat' dir='ltr'><strong>lege</strong></span> <span class='ocrx_word' id='word_1_648' title='bbox 3664 2272 3789 2328; x_wconf 82' lang='lat' dir='ltr'><strong>pro-</strong></span> 
     </span>
    </p>
   </div>
   <div class='ocr_carea' id='block_1_81' title="bbox 2201 2348 3885 2422">
    <p class='ocr_par' dir='ltr' id='par_1_81' title="bbox 2201 2348 3885 2422">
     <span class='ocr_line' id='line_1_81' title="bbox 2201 2348 3885 2422; baseline -0.002 -15"><span class='ocrx_word' id='word_1_649' title='bbox 2201 2350 2417 2407; x_wconf 86' lang='lat' dir='ltr'><strong>hibetur</strong></span> <span class='ocrx_word' id='word_1_650' title='bbox 2438 2350 2669 2422; x_wconf 84' lang='lat' dir='ltr'><strong>plantari</strong></span> <span class='ocrx_word' id='word_1_651' title='bbox 2699 2348 2853 2406; x_wconf 89' lang='lat' dir='ltr'><strong>lucus</strong></span> <span class='ocrx_word' id='word_1_652' title='bbox 2873 2350 2926 2405; x_wconf 91' lang='lat' dir='ltr'><strong>in</strong></span> <span class='ocrx_word' id='word_1_653' title='bbox 2952 2348 3149 2420; x_wconf 91' lang='lat' dir='ltr'><strong>templo</strong></span> <span class='ocrx_word' id='word_1_654' title='bbox 3171 2348 3403 2405; x_wconf 89' lang='lat' dir='ltr'><strong>Domini.</strong></span> <span class='ocrx_word' id='word_1_655' title='bbox 3436 2348 3503 2403; x_wconf 86' lang='lat' dir='ltr'><strong>Et</strong></span> <span class='ocrx_word' id='word_1_656' title='bbox 3527 2349 3787 2404; x_wconf 80' lang='lat' dir='ltr'><strong>civitates</strong></span> <span class='ocrx_word' id='word_1_657' title='bbox 3882 2376 3885 2377; x_wconf 53' lang='grc' dir='ltr'><em>ν</em></span> 
     </span>
    </p>
   </div>
   <div class='ocr_carea' id='block_1_82' title="bbox 2202 2438 3789 2512">
    <p class='ocr_par' dir='ltr' id='par_1_82' title="bbox 2202 2438 3789 2512">
     <span class='ocr_line' id='line_1_82' title="bbox 2202 2438 3789 2512; baseline -0.002 -14"><span class='ocrx_word' id='word_1_658' title='bbox 2202 2441 2342 2498; x_wconf 89' lang='lat' dir='ltr'><strong>male</strong></span> <span class='ocrx_word' id='word_1_659' title='bbox 2379 2450 2744 2508; x_wconf 88' lang='lat' dir='ltr'><strong>constructas,</strong></span> <span class='ocrx_word' id='word_1_660' title='bbox 2792 2456 2929 2512; x_wconf 90' lang='lat' dir='ltr'><strong>quas</strong></span> <span class='ocrx_word' id='word_1_661' title='bbox 2977 2440 3137 2512; x_wconf 89' lang='lat' dir='ltr'><strong>paulo</strong></span> <span class='ocrx_word' id='word_1_662' title='bbox 3182 2447 3309 2495; x_wconf 89' lang='lat' dir='ltr'><strong>ante</strong></span> <span class='ocrx_word' id='word_1_663' title='bbox 3344 2438 3589 2495; x_wconf 82' lang='lat' dir='ltr'><strong>civitates</strong></span> <span class='ocrx_word' id='word_1_664' title='bbox 3625 2447 3789 2495; x_wconf 73' lang='lat' dir='ltr'><strong>terra</strong></span> 
     </span>
    </p>
   </div>
   <div class='ocr_carea' id='block_1_83' title="bbox 2201 2533 3710 2604">
    <p class='ocr_par' dir='ltr' id='par_1_83' title="bbox 2201 2533 3710 2604">
     <span class='ocr_line' id='line_1_83' title="bbox 2201 2533 3710 2604; baseline -0.006 -11"><span class='ocrx_word' id='word_1_665' title='bbox 2201 2533 2431 2597; x_wconf 81' lang='lat' dir='ltr'><strong>dixerat,</strong></span> <span class='ocrx_word' id='word_1_666' title='bbox 2474 2533 2714 2589; x_wconf 88' lang='lat' dir='ltr'><strong>minatur</strong></span> <span class='ocrx_word' id='word_1_667' title='bbox 2744 2533 2889 2604; x_wconf 90' lang='lat' dir='ltr'><strong>quod</strong></span> <span class='ocrx_word' id='word_1_668' title='bbox 2927 2540 3172 2588; x_wconf 88' lang='lat' dir='ltr'><strong>conterat</strong></span> <span class='ocrx_word' id='word_1_669' title='bbox 3207 2540 3369 2601; x_wconf 89' lang='lat' dir='ltr'><strong>atque</strong></span> <span class='ocrx_word' id='word_1_670' title='bbox 3401 2539 3710 2586; x_wconf 86' lang='lat' dir='ltr'><strong>consumat.</strong></span> 
     </span>
    </p>
   </div>
   <div class='ocr_carea' id='block_1_84' title="bbox 2279 2617 3822 2689">
    <p class='ocr_par' dir='ltr' id='par_1_84' title="bbox 2279 2617 3822 2689">
     <span class='ocr_line' id='line_1_84' title="bbox 2279 2617 3822 2689; baseline -0.001 -11"><span class='ocrx_word' id='word_1_671' title='bbox 2279 2638 2298 2678; x_wconf 71' lang='grc' dir='ltr'><strong>ι</strong></span> <span class='ocrx_word' id='word_1_672' title='bbox 2326 2622 2395 2678; x_wconf 87' lang='grc' dir='ltr'>Ει</span> <span class='ocrx_word' id='word_1_673' title='bbox 2418 2621 2614 2677; x_wconf 86' lang='lat' dir='ltr'><strong>faciam</strong></span> <span class='ocrx_word' id='word_1_674' title='bbox 2641 2621 2695 2676; x_wconf 93' lang='lat' dir='ltr'><strong>in</strong></span> <span class='ocrx_word' id='word_1_675' title='bbox 2725 2619 2907 2677; x_wconf 88' lang='lat' dir='ltr'><strong>furore</strong></span> <span class='ocrx_word' id='word_1_676' title='bbox 2939 2630 2997 2676; x_wconf 92' lang='lat' dir='ltr'><strong>et</strong></span> <span class='ocrx_word' id='word_1_677' title='bbox 3027 2619 3083 2675; x_wconf 91' lang='lat' dir='ltr'><strong>in</strong></span> <span class='ocrx_word' id='word_1_678' title='bbox 3122 2619 3491 2689; x_wconf 74' lang='lat' dir='ltr'><strong>indignatione</strong></span> <span class='ocrx_word' id='word_1_679' title='bbox 3518 2617 3822 2677; x_wconf 82' lang='lat' dir='ltr'><strong>ultionem-</strong></span> 
     </span>
    </p>
   </div>
   <div class='ocr_carea' id='block_1_85' title="bbox 2202 2709 3785 2784">
    <p class='ocr_par' dir='ltr' id='par_1_85' title="bbox 2202 2709 3785 2784">
     <span class='ocr_line' id='line_1_85' title="bbox 2202 2709 3785 2784; baseline -0.004 -12"><span class='ocrx_word' id='word_1_680' title='bbox 2202 2715 2257 2772; x_wconf 91' lang='lat' dir='ltr'><strong>in</strong></span> <span class='ocrx_word' id='word_1_681' title='bbox 2285 2712 2534 2771; x_wconf 85' lang='lat' dir='ltr'><strong>omnibus</strong></span> <span class='ocrx_word' id='word_1_682' title='bbox 2576 2713 2857 2784; x_wconf 84' lang='lat' dir='ltr'><strong>gentibus,</strong></span> <span class='ocrx_word' id='word_1_683' title='bbox 2905 2727 3026 2783; x_wconf 80' lang='lat' dir='ltr'><strong>quae</strong></span> <span class='ocrx_word' id='word_1_684' title='bbox 3074 2726 3180 2766; x_wconf 91' lang='lat' dir='ltr'><strong>non</strong></span> <span class='ocrx_word' id='word_1_685' title='bbox 3224 2709 3534 2765; x_wconf 85' lang='lat' dir='ltr'><strong>audierunt.</strong></span> <span class='ocrx_word' id='word_1_686' title='bbox 3566 2728 3586 2763; x_wconf 76' lang='grc' dir='ltr'><strong>ι</strong></span> <span class='ocrx_word' id='word_1_687' title='bbox 3645 2709 3785 2778; x_wconf 80' lang='lat' dir='ltr'><strong>Quia</strong></span> 
     </span>
    </p>
   </div>
   <div class='ocr_carea' id='block_1_86' title="bbox 2201 2800 3783 2873">
    <p class='ocr_par' dir='ltr' id='par_1_86' title="bbox 2201 2800 3783 2873">
     <span class='ocr_line' id='line_1_86' title="bbox 2201 2800 3783 2873; baseline -0.003 -12"><span class='ocrx_word' id='word_1_688' title='bbox 2201 2819 2381 2861; x_wconf 90' lang='lat' dir='ltr'><strong>rorem</strong></span> <span class='ocrx_word' id='word_1_689' title='bbox 2413 2804 2680 2860; x_wconf 86' lang='lat' dir='ltr'><strong>sermonis</strong></span> <span class='ocrx_word' id='word_1_690' title='bbox 2714 2803 2819 2859; x_wconf 90' lang='lat' dir='ltr'><strong>mei</strong></span> <span class='ocrx_word' id='word_1_691' title='bbox 2848 2803 3088 2873; x_wconf 89' lang='lat' dir='ltr'><strong>recipere</strong></span> <span class='ocrx_word' id='word_1_692' title='bbox 3115 2801 3431 2868; x_wconf 89' lang='lat' dir='ltr'><strong>noluerunt,</strong></span> <span class='ocrx_word' id='word_1_693' title='bbox 3483 2800 3684 2858; x_wconf 86' lang='lat' dir='ltr'><strong>faciam</strong></span> <span class='ocrx_word' id='word_1_694' title='bbox 3724 2803 3783 2859; x_wconf 82' lang='lat' dir='ltr'><strong>in</strong></span> 
     </span>
    </p>
   </div>
   <div class='ocr_carea' id='block_1_87' title="bbox 2202 2893 3788 2975">
    <p class='ocr_par' dir='ltr' id='par_1_87' title="bbox 2202 2893 3788 2975">
     <span class='ocr_line' id='line_1_87' title="bbox 2202 2893 3788 2975; baseline -0.001 -24"><span class='ocrx_word' id='word_1_695' title='bbox 2202 2895 2385 2951; x_wconf 87' lang='lat' dir='ltr'><strong>furore</strong></span> <span class='ocrx_word' id='word_1_696' title='bbox 2411 2902 2468 2951; x_wconf 87' lang='lat' dir='ltr'><strong>et</strong></span> <span class='ocrx_word' id='word_1_697' title='bbox 2501 2894 2583 2950; x_wconf 85' lang='lat' dir='ltr'><strong>ira</strong></span> <span class='ocrx_word' id='word_1_698' title='bbox 2620 2894 2876 2950; x_wconf 88' lang='lat' dir='ltr'><strong>ultionem</strong></span> <span class='ocrx_word' id='word_1_699' title='bbox 2909 2894 2963 2949; x_wconf 92' lang='lat' dir='ltr'><strong>in</strong></span> <span class='ocrx_word' id='word_1_700' title='bbox 2990 2894 3268 2966; x_wconf 83' lang='lat' dir='ltr'><strong>gentibus,</strong></span> <span class='ocrx_word' id='word_1_701' title='bbox 3303 2908 3425 2975; x_wconf 77' lang='lat' dir='ltr'><strong>qua:</strong></span> <span class='ocrx_word' id='word_1_702' title='bbox 3467 2893 3692 2962; x_wconf 65' lang='lat' dir='ltr'><strong>audire,</strong></span> <span class='ocrx_word' id='word_1_703' title='bbox 3728 2894 3788 2950; x_wconf 82' lang='lat' dir='ltr'><strong>ld</strong></span> 
     </span>
    </p>
   </div>
   <div class='ocr_carea' id='block_1_88' title="bbox 2201 2984 2891 3053">
    <p class='ocr_par' dir='ltr' id='par_1_88' title="bbox 2201 2984 2891 3053">
     <span class='ocr_line' id='line_1_88' title="bbox 2201 2984 2891 3053; baseline -0.006 -10"><span class='ocrx_word' id='word_1_704' title='bbox 2201 2995 2304 3053; x_wconf 86' lang='lat' dir='ltr'><strong>est,</strong></span> <span class='ocrx_word' id='word_1_705' title='bbox 2336 2984 2557 3043; x_wconf 75' lang='lat' dir='ltr'><strong>obedire</strong></span> <span class='ocrx_word' id='word_1_706' title='bbox 2584 2985 2891 3041; x_wconf 76' lang='lat' dir='ltr'><strong>voluerunt.</strong></span> 
     </span>
    </p>
   </div>
   <div class='ocr_carea' id='block_1_89' title="bbox 2277 3176 3798 3264">
    <p class='ocr_par' dir='ltr' id='par_1_89' title="bbox 2277 3176 3798 3264">
     <span class='ocr_line' id='line_1_89' title="bbox 2277 3176 3798 3264; baseline -0.001 -18"><span class='ocrx_word' id='word_1_707' title='bbox 2277 3191 2497 3262; x_wconf 73' lang='lat' dir='ltr'><strong>«Audite</strong></span> <span class='ocrx_word' id='word_1_708' title='bbox 2511 3206 2632 3264; x_wconf 68' lang='lat' dir='ltr'><strong>qua:</strong></span> <span class='ocrx_word' id='word_1_709' title='bbox 2648 3189 2906 3245; x_wconf 82' lang='lat' dir='ltr'><strong>Dominus</strong></span> <span class='ocrx_word' id='word_1_710' title='bbox 2923 3188 3164 3259; x_wconf 86' lang='lat' dir='ltr'><strong>loquitur</strong></span> <span class='ocrx_word' id='word_1_711' title='bbox 3184 3206 3196 3243; x_wconf 94' lang='lat'>:</span> <span class='ocrx_word' id='word_1_712' title='bbox 3212 3176 3404 3261; x_wconf 77' lang='lat' dir='ltr'><strong>Surge,</strong></span> <span class='ocrx_word' id='word_1_713' title='bbox 3417 3189 3688 3245; x_wconf 85' lang='lat' dir='ltr'><strong>contende</strong></span> <span class='ocrx_word' id='word_1_714' title='bbox 3701 3188 3798 3258; x_wconf 75' lang='lat' dir='ltr'><strong>Ju-</strong></span> 
     </span>
    </p>
   </div>
   <div class='ocr_carea' id='block_1_90' title="bbox 2202 3278 3789 3345">
    <p class='ocr_par' dir='ltr' id='par_1_90' title="bbox 2202 3278 3789 3345">
     <span class='ocr_line' id='line_1_90' title="bbox 2202 3278 3789 3345; baseline -0.003 -7"><span class='ocrx_word' id='word_1_715' title='bbox 2202 3282 2344 3339; x_wconf 90' lang='lat' dir='ltr'><strong>dicio</strong></span> <span class='ocrx_word' id='word_1_716' title='bbox 2360 3283 2624 3337; x_wconf 87' lang='lat' dir='ltr'><strong>adversus</strong></span> <span class='ocrx_word' id='word_1_717' title='bbox 2642 3288 2873 3345; x_wconf 88' lang='lat' dir='ltr'><strong>montes,</strong></span> <span class='ocrx_word' id='word_1_718' title='bbox 2896 3288 2951 3336; x_wconf 92' lang='lat' dir='ltr'><strong>et</strong></span> <span class='ocrx_word' id='word_1_719' title='bbox 2971 3279 3193 3334; x_wconf 89' lang='lat' dir='ltr'><strong>audiant</strong></span> <span class='ocrx_word' id='word_1_720' title='bbox 3214 3278 3377 3335; x_wconf 88' lang='lat' dir='ltr'><strong>colles</strong></span> <span class='ocrx_word' id='word_1_721' title='bbox 3394 3292 3572 3335; x_wconf 87' lang='lat' dir='ltr'><strong>vocem</strong></span> <span class='ocrx_word' id='word_1_722' title='bbox 3596 3286 3789 3344; x_wconf 82' lang='lat' dir='ltr'><strong>tuam,</strong></span> 
     </span>
    </p>
   </div>
   <div class='ocr_carea' id='block_1_91' title="bbox 2198 3358 3793 3440">
    <p class='ocr_par' dir='ltr' id='par_1_91' title="bbox 2198 3358 3793 3440">
     <span class='ocr_line' id='line_1_91' title="bbox 2198 3358 3793 3440; baseline -0.003 -11"><span class='ocrx_word' id='word_1_723' title='bbox 2198 3358 2423 3429; x_wconf 79' lang='lat' dir='ltr'><strong>audiant</strong></span> <span class='ocrx_word' id='word_1_724' title='bbox 2460 3381 2672 3427; x_wconf 88' lang='lat' dir='ltr'><strong>montes</strong></span> <span class='ocrx_word' id='word_1_725' title='bbox 2692 3369 2956 3440; x_wconf 82' lang='lat' dir='ltr'><strong>judicium</strong></span> <span class='ocrx_word' id='word_1_726' title='bbox 2989 3368 3218 3425; x_wconf 91' lang='lat' dir='ltr'><strong>Domini.</strong></span> <span class='ocrx_word' id='word_1_727' title='bbox 3252 3387 3271 3422; x_wconf 86' lang='grc'>›</span> <span class='ocrx_word' id='word_1_728' title='bbox 3309 3368 3570 3439; x_wconf 87' lang='lat' dir='ltr'><strong>Propheta</strong></span> <span class='ocrx_word' id='word_1_729' title='bbox 3598 3367 3793 3440; x_wconf 83' lang='lat' dir='ltr'><strong>loqui-</strong></span> 
     </span>
    </p>
   </div>
   <div class='ocr_carea' id='block_1_92' title="bbox 2202 3457 3787 3530">
    <p class='ocr_par' dir='ltr' id='par_1_92' title="bbox 2202 3457 3787 3530">
     <span class='ocr_line' id='line_1_92' title="bbox 2202 3457 3787 3530; baseline -0.003 -12"><span class='ocrx_word' id='word_1_730' title='bbox 2202 3471 2310 3528; x_wconf 86' lang='lat' dir='ltr'><strong>tur,</strong></span> <span class='ocrx_word' id='word_1_731' title='bbox 2340 3470 2395 3518; x_wconf 90' lang='lat' dir='ltr'><strong>et</strong></span> <span class='ocrx_word' id='word_1_732' title='bbox 2421 3462 2653 3530; x_wconf 85' lang='lat' dir='ltr'><strong>imperat</strong></span> <span class='ocrx_word' id='word_1_733' title='bbox 2680 3469 2738 3515; x_wconf 89' lang='lat' dir='ltr'><strong>ut</strong></span> <span class='ocrx_word' id='word_1_734' title='bbox 2766 3460 3046 3515; x_wconf 88' lang='lat' dir='ltr'><strong>audiamus</strong></span> <span class='ocrx_word' id='word_1_735' title='bbox 3075 3474 3195 3530; x_wconf 80' lang='lat' dir='ltr'><strong>quae</strong></span> <span class='ocrx_word' id='word_1_736' title='bbox 3231 3458 3490 3524; x_wconf 61' lang='lat' dir='ltr'><strong>Domimts</strong></span> <span class='ocrx_word' id='word_1_737' title='bbox 3514 3457 3787 3528; x_wconf 85' lang='lat' dir='ltr'><strong>loquitur.</strong></span> 
     </span>
    </p>
   </div>
   <div class='ocr_carea' id='block_1_93' title="bbox 2201 3548 3791 3623">
    <p class='ocr_par' dir='ltr' id='par_1_93' title="bbox 2201 3548 3791 3623">
     <span class='ocr_line' id='line_1_93' title="bbox 2201 3548 3791 3623; baseline -0.003 -15"><span class='ocrx_word' id='word_1_738' title='bbox 2201 3550 2408 3609; x_wconf 81' lang='lat' dir='ltr'><strong>Montes</strong></span> <span class='ocrx_word' id='word_1_739' title='bbox 2436 3567 2532 3623; x_wconf 91' lang='lat' dir='ltr'><strong>per</strong></span> <span class='ocrx_word' id='word_1_740' title='bbox 2557 3551 2928 3621; x_wconf 87' lang='lat' dir='ltr'><strong>metaphoram</strong></span> <span class='ocrx_word' id='word_1_741' title='bbox 2970 3559 3214 3620; x_wconf 89' lang='lat' dir='ltr'><strong>potentes</strong></span> <span class='ocrx_word' id='word_1_742' title='bbox 3251 3557 3305 3605; x_wconf 90' lang='lat' dir='ltr'><strong>et</strong></span> <span class='ocrx_word' id='word_1_743' title='bbox 3344 3549 3571 3616; x_wconf 83' lang='lat' dir='ltr'><strong>divites;</strong></span> <span class='ocrx_word' id='word_1_744' title='bbox 3611 3548 3791 3604; x_wconf 87' lang='lat' dir='ltr'><strong>colles</strong></span> 
     </span>
    </p>
   </div>
   <div class='ocr_carea' id='block_1_94' title="bbox 2200 3641 3791 3715">
    <p class='ocr_par' dir='ltr' id='par_1_94' title="bbox 2200 3641 3791 3715">
     <span class='ocr_line' id='line_1_94' title="bbox 2200 3641 3791 3715; baseline -0.003 -15"><span class='ocrx_word' id='word_1_745' title='bbox 2200 3659 2351 3711; x_wconf 86' lang='lat' dir='ltr'><strong>vero,</strong></span> <span class='ocrx_word' id='word_1_746' title='bbox 2388 3644 2661 3715; x_wconf 79' lang='lat' dir='ltr'><strong>subjectos</strong></span> <span class='ocrx_word' id='word_1_747' title='bbox 2697 3652 2752 3697; x_wconf 86' lang='lat' dir='ltr'><strong>et</strong></span> <span class='ocrx_word' id='word_1_748' title='bbox 2794 3644 2971 3697; x_wconf 91' lang='lat' dir='ltr'><strong>minus</strong></span> <span class='ocrx_word' id='word_1_749' title='bbox 3008 3651 3254 3711; x_wconf 89' lang='lat' dir='ltr'><strong>potentes</strong></span> <span class='ocrx_word' id='word_1_750' title='bbox 3282 3641 3531 3713; x_wconf 86' lang='lat' dir='ltr'><strong>appellat.</strong></span> <span class='ocrx_word' id='word_1_751' title='bbox 3574 3641 3791 3696; x_wconf 84' lang='lat' dir='ltr'><strong>Deinde</strong></span> 
     </span>
    </p>
   </div>
   <div class='ocr_carea' id='block_1_95' title="bbox 2201 3731 3791 3807">
    <p class='ocr_par' dir='ltr' id='par_1_95' title="bbox 2201 3731 3791 3807">
     <span class='ocr_line' id='line_1_95' title="bbox 2201 3731 3791 3807; baseline -0.005 -13"><span class='ocrx_word' id='word_1_752' title='bbox 2201 3738 2317 3807; x_wconf 80' lang='lat' dir='ltr'><strong>ipse</strong></span> <span class='ocrx_word' id='word_1_753' title='bbox 2344 3736 2601 3797; x_wconf 78' lang='lat' dir='ltr'><strong>Dominus</strong></span> <span class='ocrx_word' id='word_1_754' title='bbox 2626 3735 2864 3804; x_wconf 85' lang='lat' dir='ltr'><strong>loquitur</strong></span> <span class='ocrx_word' id='word_1_755' title='bbox 2891 3733 2956 3789; x_wconf 86' lang='lat' dir='ltr'><strong>ad</strong></span> <span class='ocrx_word' id='word_1_756' title='bbox 2983 3734 3299 3804; x_wconf 83' lang='lat' dir='ltr'><strong>prophetam</strong></span> <span class='ocrx_word' id='word_1_757' title='bbox 3328 3750 3340 3786; x_wconf 89' lang='lat'><strong>:</strong></span> <span class='ocrx_word' id='word_1_758' title='bbox 3381 3749 3401 3788; x_wconf 76' lang='grc' dir='ltr'>ί</span> <span class='ocrx_word' id='word_1_759' title='bbox 3431 3731 3625 3801; x_wconf 78' lang='lat' dir='ltr'><strong>Surge,</strong></span> <span class='ocrx_word' id='word_1_760' title='bbox 3651 3746 3791 3787; x_wconf 79' lang='lat' dir='ltr'><strong>con-</strong></span> 
     </span>
    </p>
   </div>
   <div class='ocr_carea' id='block_1_96' title="bbox 2201 3821 3789 3896">
    <p class='ocr_par' dir='ltr' id='par_1_96' title="bbox 2201 3821 3789 3896">
     <span class='ocr_line' id='line_1_96' title="bbox 2201 3821 3789 3896; baseline -0.004 -12"><span class='ocrx_word' id='word_1_761' title='bbox 2201 3827 2361 3884; x_wconf 89' lang='lat' dir='ltr'><strong>tende</strong></span> <span class='ocrx_word' id='word_1_762' title='bbox 2399 3826 2600 3896; x_wconf 81' lang='lat' dir='ltr'><strong>judicio</strong></span> <span class='ocrx_word' id='word_1_763' title='bbox 2647 3825 2930 3879; x_wconf 84' lang='lat' dir='ltr'><strong>adversum</strong></span> <span class='ocrx_word' id='word_1_764' title='bbox 2974 3834 3208 3888; x_wconf 88' lang='lat' dir='ltr'><strong>montes,</strong></span> <span class='ocrx_word' id='word_1_765' title='bbox 3251 3832 3307 3878; x_wconf 92' lang='lat' dir='ltr'><strong>et</strong></span> <span class='ocrx_word' id='word_1_766' title='bbox 3351 3822 3577 3877; x_wconf 82' lang='lat' dir='ltr'><strong>audiant</strong></span> <span class='ocrx_word' id='word_1_767' title='bbox 3613 3821 3789 3878; x_wconf 76' lang='lat' dir='ltr'><strong>colles</strong></span> 
     </span>
    </p>
   </div>
   <div class='ocr_carea' id='block_1_97' title="bbox 2200 3911 3787 3984">
    <p class='ocr_par' dir='ltr' id='par_1_97' title="bbox 2200 3911 3787 3984">
     <span class='ocr_line' id='line_1_97' title="bbox 2200 3911 3787 3984; baseline -0.004 -10"><span class='ocrx_word' id='word_1_768' title='bbox 2200 3933 2386 3974; x_wconf 85' lang='lat' dir='ltr'><strong>vocem</strong></span> <span class='ocrx_word' id='word_1_769' title='bbox 2415 3926 2580 3971; x_wconf 87' lang='lat' dir='ltr'><strong>tuam.</strong></span> <span class='ocrx_word' id='word_1_770' title='bbox 2616 3933 2635 3966; x_wconf 70' lang='grc' dir='ltr'>δ</span> <span class='ocrx_word' id='word_1_771' title='bbox 2662 3914 2895 3968; x_wconf 83' lang='lat' dir='ltr'><strong>Rursum</strong></span> <span class='ocrx_word' id='word_1_772' title='bbox 2924 3915 3205 3984; x_wconf 86' lang='lat' dir='ltr'><strong>propheta,</strong></span> <span class='ocrx_word' id='word_1_773' title='bbox 3230 3913 3377 3970; x_wconf 78' lang='lat' dir='ltr'><strong>sicut</strong></span> <span class='ocrx_word' id='word_1_774' title='bbox 3392 3911 3567 3967; x_wconf 83' lang='lat' dir='ltr'><strong>fuerat</strong></span> <span class='ocrx_word' id='word_1_775' title='bbox 3591 3912 3640 3967; x_wconf 89' lang='lat' dir='ltr'><strong>ei</strong></span> <span class='ocrx_word' id='word_1_776' title='bbox 3666 3912 3787 3967; x_wconf 82' lang='lat' dir='ltr'><strong>im-</strong></span> 
     </span>
    </p>
   </div>
   <div class='ocr_carea' id='block_1_98' title="bbox 2199 4000 3791 4079">
    <p class='ocr_par' dir='ltr' id='par_1_98' title="bbox 2199 4000 3791 4079">
     <span class='ocr_line' id='line_1_98' title="bbox 2199 4000 3791 4079; baseline -0.005 -18"><span class='ocrx_word' id='word_1_777' title='bbox 2199 4015 2470 4079; x_wconf 86' lang='lat' dir='ltr'><strong>peratum,</strong></span> <span class='ocrx_word' id='word_1_778' title='bbox 2503 4004 2741 4074; x_wconf 85' lang='lat' dir='ltr'><strong>loquitur</strong></span> <span class='ocrx_word' id='word_1_779' title='bbox 2764 4003 2833 4056; x_wconf 87' lang='lat' dir='ltr'><strong>ad</strong></span> <span class='ocrx_word' id='word_1_780' title='bbox 2860 4012 3070 4057; x_wconf 87' lang='lat' dir='ltr'><strong>montes</strong></span> <span class='ocrx_word' id='word_1_781' title='bbox 3096 4002 3281 4066; x_wconf 84' lang='lat' dir='ltr'><strong>etiam,</strong></span> <span class='ocrx_word' id='word_1_782' title='bbox 3321 4022 3339 4053; x_wconf 73' lang='grc' dir='ltr'><strong>ι</strong></span> <span class='ocrx_word' id='word_1_783' title='bbox 3367 4010 3423 4056; x_wconf 88' lang='grc' dir='ltr'><strong>ει</strong></span> <span class='ocrx_word' id='word_1_784' title='bbox 3456 4001 3616 4055; x_wconf 79' lang='lat' dir='ltr'><strong>fortia</strong></span> <span class='ocrx_word' id='word_1_785' title='bbox 3658 4000 3791 4054; x_wconf 82' lang='lat' dir='ltr'><strong>fun-</strong></span> 
     </span>
    </p>
   </div>
   <div class='ocr_carea' id='block_1_99' title="bbox 2201 4092 3792 4163">
    <p class='ocr_par' dir='ltr' id='par_1_99' title="bbox 2201 4092 3792 4163">
     <span class='ocr_line' id='line_1_99' title="bbox 2201 4092 3792 4163; baseline -0.004 -11"><span class='ocrx_word' id='word_1_786' title='bbox 2201 4099 2450 4153; x_wconf 88' lang='lat' dir='ltr'><strong>damenta</strong></span> <span class='ocrx_word' id='word_1_787' title='bbox 2474 4104 2650 4157; x_wconf 65' lang='lat' dir='ltr'><strong>terrae,</strong></span> <span class='ocrx_word' id='word_1_788' title='bbox 2680 4112 2699 4146; x_wconf 83' lang='grc'><strong>›</strong></span> <span class='ocrx_word' id='word_1_789' title='bbox 2735 4107 3064 4163; x_wconf 83' lang='lat' dir='ltr'><strong>causamque</strong></span> <span class='ocrx_word' id='word_1_790' title='bbox 3093 4092 3286 4155; x_wconf 86' lang='lat' dir='ltr'><strong>reddit,</strong></span> <span class='ocrx_word' id='word_1_791' title='bbox 3321 4107 3487 4162; x_wconf 89' lang='lat' dir='ltr'><strong>quare</strong></span> <span class='ocrx_word' id='word_1_792' title='bbox 3510 4106 3604 4147; x_wconf 93' lang='lat' dir='ltr'><strong>eos</strong></span> <span class='ocrx_word' id='word_1_793' title='bbox 3627 4106 3792 4146; x_wconf 83' lang='lat' dir='ltr'><strong>com-</strong></span> 
     </span>
    </p>
   </div>
   <div class='ocr_carea' id='block_1_100' title="bbox 2198 4180 3793 4258">
    <p class='ocr_par' dir='ltr' id='par_1_100' title="bbox 2198 4180 3793 4258">
     <span class='ocr_line' id='line_1_100' title="bbox 2198 4180 3793 4258; baseline -0.002 -17"><span class='ocrx_word' id='word_1_794' title='bbox 2198 4186 2360 4258; x_wconf 86' lang='lat' dir='ltr'><strong>pellat</strong></span> <span class='ocrx_word' id='word_1_795' title='bbox 2393 4185 2601 4250; x_wconf 83' lang='lat' dir='ltr'><strong>audire,</strong></span> <span class='ocrx_word' id='word_1_796' title='bbox 2652 4202 2670 4235; x_wconf 80' lang='lat' dir='ltr'><strong>r</strong></span> <span class='ocrx_word' id='word_1_797' title='bbox 2701 4184 2823 4252; x_wconf 86' lang='lat' dir='ltr'><strong>quia</strong></span> <span class='ocrx_word' id='word_1_798' title='bbox 2863 4180 3126 4253; x_wconf 84' lang='lat' dir='ltr'><strong>judicium</strong></span> <span class='ocrx_word' id='word_1_799' title='bbox 3172 4182 3381 4237; x_wconf 90' lang='lat' dir='ltr'><strong>Domini</strong></span> <span class='ocrx_word' id='word_1_800' title='bbox 3420 4198 3541 4237; x_wconf 91' lang='lat' dir='ltr'><strong>cum</strong></span> <span class='ocrx_word' id='word_1_801' title='bbox 3577 4182 3793 4252; x_wconf 83' lang='lat' dir='ltr'><strong>populo</strong></span> 
     </span>
    </p>
   </div>
   <div class='ocr_carea' id='block_1_101' title="bbox 2201 4270 3793 4344">
    <p class='ocr_par' dir='ltr' id='par_1_101' title="bbox 2201 4270 3793 4344">
     <span class='ocr_line' id='line_1_101' title="bbox 2201 4270 3793 4344; baseline -0.001 -13"><span class='ocrx_word' id='word_1_802' title='bbox 2201 4291 2331 4341; x_wconf 87' lang='lat' dir='ltr'><strong>suo,</strong></span> <span class='ocrx_word' id='word_1_803' title='bbox 2384 4284 2434 4330; x_wconf 92' lang='lat' dir='ltr'><strong>et</strong></span> <span class='ocrx_word' id='word_1_804' title='bbox 2486 4290 2607 4329; x_wconf 88' lang='lat' dir='ltr'><strong>eum</strong></span> <span class='ocrx_word' id='word_1_805' title='bbox 2662 4272 2826 4327; x_wconf 87' lang='lat' dir='ltr'><strong>Israel</strong></span> <span class='ocrx_word' id='word_1_806' title='bbox 2881 4270 3280 4340; x_wconf 75' lang='lat' dir='ltr'><strong>diiudicabitur.</strong></span> <span class='ocrx_word' id='word_1_807' title='bbox 3317 4292 3337 4324; x_wconf 74' lang='grc' dir='ltr'><strong>ι</strong></span> <span class='ocrx_word' id='word_1_808' title='bbox 3396 4273 3625 4330; x_wconf 88' lang='lat' dir='ltr'><strong>Possunt</strong></span> <span class='ocrx_word' id='word_1_809' title='bbox 3684 4289 3793 4344; x_wconf 86' lang='lat' dir='ltr'><strong>per</strong></span> 
     </span>
    </p>
   </div>
   <div class='ocr_carea' id='block_1_102' title="bbox 2201 4362 3789 4435">
    <p class='ocr_par' dir='ltr' id='par_1_102' title="bbox 2201 4362 3789 4435">
     <span class='ocr_line' id='line_1_102' title="bbox 2201 4362 3789 4435; baseline -0.001 -14"><span class='ocrx_word' id='word_1_810' title='bbox 2201 4378 2413 4421; x_wconf 82' lang='lat' dir='ltr'><strong>montes</strong></span> <span class='ocrx_word' id='word_1_811' title='bbox 2453 4374 2510 4420; x_wconf 91' lang='lat' dir='ltr'><strong>et</strong></span> <span class='ocrx_word' id='word_1_812' title='bbox 2563 4363 2724 4419; x_wconf 88' lang='lat' dir='ltr'><strong>colles</strong></span> <span class='ocrx_word' id='word_1_813' title='bbox 2768 4362 2944 4435; x_wconf 82' lang='lat' dir='ltr'><strong>angeli</strong></span> <span class='ocrx_word' id='word_1_814' title='bbox 2985 4362 3312 4433; x_wconf 86' lang='lat' dir='ltr'><strong>signiﬁcari,</strong></span> <span class='ocrx_word' id='word_1_815' title='bbox 3360 4364 3554 4433; x_wconf 80' lang='lat' dir='ltr'><strong>quibus</strong></span> <span class='ocrx_word' id='word_1_816' title='bbox 3591 4379 3789 4420; x_wconf 82' lang='lat' dir='ltr'><strong>rerum</strong></span> 
     </span>
    </p>
   </div>
   <div class='ocr_carea' id='block_1_103' title="bbox 2202 4452 3795 4526">
    <p class='ocr_par' dir='ltr' id='par_1_103' title="bbox 2202 4452 3795 4526">
     <span class='ocr_line' id='line_1_103' title="bbox 2202 4452 3795 4526; baseline -0.001 -14"><span class='ocrx_word' id='word_1_817' title='bbox 2202 4458 2557 4512; x_wconf 80' lang='lat' dir='ltr'><strong>humanarum</strong></span> <span class='ocrx_word' id='word_1_818' title='bbox 2588 4455 2874 4510; x_wconf 87' lang='lat' dir='ltr'><strong>commissa</strong></span> <span class='ocrx_word' id='word_1_819' title='bbox 2904 4462 2989 4508; x_wconf 92' lang='lat' dir='ltr'><strong>est</strong></span> <span class='ocrx_word' id='word_1_820' title='bbox 3015 4454 3346 4523; x_wconf 87' lang='lat' dir='ltr'><strong>procuratio.</strong></span> <span class='ocrx_word' id='word_1_821' title='bbox 3375 4452 3508 4508; x_wconf 79' lang='lat' dir='ltr'><strong>Nam</strong></span> <span class='ocrx_word' id='word_1_822' title='bbox 3545 4455 3795 4526; x_wconf 79' lang='lat' dir='ltr'><strong>Aposto-</strong></span> 
     </span>
    </p>
   </div>
   <div class='ocr_carea' id='block_1_104' title="bbox 2205 4544 3794 4617">
    <p class='ocr_par' dir='ltr' id='par_1_104' title="bbox 2205 4544 3794 4617">
     <span class='ocr_line' id='line_1_104' title="bbox 2205 4544 3794 4617; baseline 0 -16"><span class='ocrx_word' id='word_1_823' title='bbox 2205 4547 2287 4603; x_wconf 87' lang='lat' dir='ltr'><strong>lus</strong></span> <span class='ocrx_word' id='word_1_824' title='bbox 2312 4545 2531 4617; x_wconf 77' lang='lat' dir='ltr'><strong>angelos</strong></span> <span class='ocrx_word' id='word_1_825' title='bbox 2557 4545 2686 4600; x_wconf 89' lang='lat' dir='ltr'><strong>dicit</strong></span> <span class='ocrx_word' id='word_1_826' title='bbox 2712 4544 3201 4600; x_wconf 86' lang='lat' dir='ltr'><strong>admiuistratorios</strong></span> <span class='ocrx_word' id='word_1_827' title='bbox 3229 4544 3478 4613; x_wconf 86' lang='lat' dir='ltr'><strong>spiritus,</strong></span> <span class='ocrx_word' id='word_1_828' title='bbox 3525 4544 3578 4599; x_wconf 91' lang='lat' dir='ltr'><strong>in</strong></span> <span class='ocrx_word' id='word_1_829' title='bbox 3615 4545 3794 4601; x_wconf 88' lang='lat' dir='ltr'><strong>mini-</strong></span> 
     </span>
    </p>
   </div>
   <div class='ocr_carea' id='block_1_105' title="bbox 2205 4633 3795 4705">
    <p class='ocr_par' dir='ltr' id='par_1_105' title="bbox 2205 4633 3795 4705">
     <span class='ocr_line' id='line_1_105' title="bbox 2205 4633 3795 4705; baseline -0.001 -14"><span class='ocrx_word' id='word_1_830' title='bbox 2205 4637 2437 4702; x_wconf 80' lang='lat' dir='ltr'><strong>sterium.</strong></span> <span class='ocrx_word' id='word_1_831' title='bbox 2457 4635 2653 4690; x_wconf 89' lang='lat' dir='ltr'><strong>missos</strong></span> <span class='ocrx_word' id='word_1_832' title='bbox 2680 4643 2901 4705; x_wconf 88' lang='lat' dir='ltr'><strong>propter</strong></span> <span class='ocrx_word' id='word_1_833' title='bbox 2925 4649 3019 4689; x_wconf 90' lang='lat' dir='ltr'><strong>eos</strong></span> <span class='ocrx_word' id='word_1_834' title='bbox 3045 4633 3138 4703; x_wconf 91' lang='lat' dir='ltr'><strong>qui</strong></span> <span class='ocrx_word' id='word_1_835' title='bbox 3164 4634 3530 4689; x_wconf 69' lang='lat' dir='ltr'><strong>haereditatem</strong></span> <span class='ocrx_word' id='word_1_836' title='bbox 3555 4635 3795 4705; x_wconf 82' lang='lat' dir='ltr'><strong>capiunt</strong></span> 
     </span>
    </p>
   </div>
   <div class='ocr_carea' id='block_1_106' title="bbox 2204 4724 3792 4798">
    <p class='ocr_par' dir='ltr' id='par_1_106' title="bbox 2204 4724 3792 4798">
     <span class='ocr_line' id='line_1_106' title="bbox 2204 4724 3792 4798; baseline 0 -14"><span class='ocrx_word' id='word_1_837' title='bbox 2204 4727 2410 4784; x_wconf 85' lang='lat' dir='ltr'><strong>salutis.</strong></span> <span class='ocrx_word' id='word_1_838' title='bbox 2447 4725 2723 4787; x_wconf 79' lang='lat' dir='ltr'><strong>Contende</strong></span> <span class='ocrx_word' id='word_1_839' title='bbox 2750 4724 2970 4798; x_wconf 87' lang='lat' dir='ltr'><strong>(inquit)</strong></span> <span class='ocrx_word' id='word_1_840' title='bbox 3004 4724 3209 4796; x_wconf 84' lang='lat' dir='ltr'><strong>judicio</strong></span> <span class='ocrx_word' id='word_1_841' title='bbox 3237 4741 3360 4782; x_wconf 89' lang='lat' dir='ltr'><strong>cum</strong></span> <span class='ocrx_word' id='word_1_842' title='bbox 3397 4726 3697 4791; x_wconf 86' lang='lat' dir='ltr'><strong>montibus,</strong></span> <span class='ocrx_word' id='word_1_843' title='bbox 3731 4728 3792 4784; x_wconf 86' lang='lat' dir='ltr'><strong>id</strong></span> 
     </span>
    </p>
   </div>
   <div class='ocr_carea' id='block_1_107' title="bbox 2201 4816 3796 4892">
    <p class='ocr_par' dir='ltr' id='par_1_107' title="bbox 2201 4816 3796 4892">
     <span class='ocr_line' id='line_1_107' title="bbox 2201 4816 3796 4892; baseline -0.002 -14"><span class='ocrx_word' id='word_1_844' title='bbox 2201 4830 2307 4888; x_wconf 87' lang='lat' dir='ltr'><strong>est,</strong></span> <span class='ocrx_word' id='word_1_845' title='bbox 2337 4819 2559 4892; x_wconf 81' lang='lat' dir='ltr'><strong>angelis,</strong></span> <span class='ocrx_word' id='word_1_846' title='bbox 2587 4829 2647 4873; x_wconf 88' lang='lat' dir='ltr'><strong>ut</strong></span> <span class='ocrx_word' id='word_1_847' title='bbox 2674 4819 2727 4875; x_wconf 88' lang='lat' dir='ltr'><strong>si</strong></span> <span class='ocrx_word' id='word_1_848' title='bbox 2748 4819 2951 4890; x_wconf 84' lang='lat' dir='ltr'><strong>reperti</strong></span> <span class='ocrx_word' id='word_1_849' title='bbox 2978 4816 3178 4874; x_wconf 68' lang='lat' dir='ltr'><strong>iuerint</strong></span> <span class='ocrx_word' id='word_1_850' title='bbox 3211 4833 3319 4873; x_wconf 91' lang='lat' dir='ltr'><strong>non</strong></span> <span class='ocrx_word' id='word_1_851' title='bbox 3344 4816 3509 4889; x_wconf 36' lang='lat' dir='ltr'><strong>digne,</strong></span> <span class='ocrx_word' id='word_1_852' title='bbox 3526 4818 3796 4875; x_wconf 76' lang='lat' dir='ltr'><strong>homines</strong></span> 
     </span>
    </p>
   </div>
   <div class='ocr_carea' id='block_1_108' title="bbox 2201 4908 3796 4983">
    <p class='ocr_par' dir='ltr' id='par_1_108' title="bbox 2201 4908 3796 4983">
     <span class='ocr_line' id='line_1_108' title="bbox 2201 4908 3796 4983; baseline -0.001 -16"><span class='ocrx_word' id='word_1_853' title='bbox 2201 4924 2539 4983; x_wconf 87' lang='lat' dir='ltr'><strong>procurasse,</strong></span> <span class='ocrx_word' id='word_1_854' title='bbox 2569 4909 2786 4979; x_wconf 78' lang='lat' dir='ltr'><strong>tollatur</strong></span> <span class='ocrx_word' id='word_1_855' title='bbox 2818 4908 2974 4979; x_wconf 75' lang='lat' dir='ltr'><strong>culpa</strong></span> <span class='ocrx_word' id='word_1_856' title='bbox 3012 4924 3042 4963; x_wconf 89' lang='lat' dir='ltr'><strong>a</strong></span> <span class='ocrx_word' id='word_1_857' title='bbox 3083 4908 3305 4982; x_wconf 84' lang='lat' dir='ltr'><strong>populo,</strong></span> <span class='ocrx_word' id='word_1_858' title='bbox 3328 4918 3383 4978; x_wconf 79' lang='lat' dir='ltr'><strong>et</strong></span> <span class='ocrx_word' id='word_1_859' title='bbox 3410 4908 3681 4964; x_wconf 81' lang='lat' dir='ltr'><strong>referatur</strong></span> <span class='ocrx_word' id='word_1_860' title='bbox 3713 4911 3796 4966; x_wconf 81' lang='lat' dir='ltr'><strong>ad</strong></span> 
     </span>
    </p>
   </div>
   <div class='ocr_carea' id='block_1_109' title="bbox 2202 4998 3794 5073">
    <p class='ocr_par' dir='ltr' id='par_1_109' title="bbox 2202 4998 3794 5073">
     <span class='ocr_line' id='line_1_109' title="bbox 2202 4998 3794 5073; baseline 0.001 -17"><span class='ocrx_word' id='word_1_861' title='bbox 2202 5003 2492 5073; x_wconf 87' lang='lat' dir='ltr'><strong>principes,</strong></span> <span class='ocrx_word' id='word_1_862' title='bbox 2524 4999 2613 5057; x_wconf 90' lang='lat' dir='ltr'><strong>vel</strong></span> <span class='ocrx_word' id='word_1_863' title='bbox 2642 5001 2713 5067; x_wconf 71' lang='lat' dir='ltr'><strong>ad</strong></span> <span class='ocrx_word' id='word_1_864' title='bbox 2740 5013 2847 5065; x_wconf 90' lang='lat' dir='ltr'><strong>me,</strong></span> <span class='ocrx_word' id='word_1_865' title='bbox 2877 5000 2968 5071; x_wconf 80' lang='lat' dir='ltr'><strong>qui</strong></span> <span class='ocrx_word' id='word_1_866' title='bbox 2997 4998 3132 5060; x_wconf 75' lang='lat' dir='ltr'><strong>tales</strong></span> <span class='ocrx_word' id='word_1_867' title='bbox 3156 5000 3466 5060; x_wconf 78' lang='lat' dir='ltr'><strong>hominibus</strong></span> <span class='ocrx_word' id='word_1_868' title='bbox 3486 5002 3794 5070; x_wconf 61' lang='lat' dir='ltr'><strong>praeposui.</strong></span> 
     </span>
    </p>
   </div>
   <div class='ocr_carea' id='block_1_110' title="bbox 2203 5088 3815 5166">
    <p class='ocr_par' dir='ltr' id='par_1_110' title="bbox 2203 5088 3815 5166">
     <span class='ocr_line' id='line_1_110' title="bbox 2203 5088 3815 5166; baseline -0.001 -18"><span class='ocrx_word' id='word_1_869' title='bbox 2203 5094 2261 5148; x_wconf 92' lang='lat' dir='ltr'><strong>ln</strong></span> <span class='ocrx_word' id='word_1_870' title='bbox 2291 5091 2611 5166; x_wconf 77' lang='lat' dir='ltr'><strong>Apocalypsi</strong></span> <span class='ocrx_word' id='word_1_871' title='bbox 2644 5090 2872 5161; x_wconf 81' lang='lat' dir='ltr'><strong>legimus</strong></span> <span class='ocrx_word' id='word_1_872' title='bbox 2898 5088 3040 5161; x_wconf 85' lang='lat' dir='ltr'><strong>quod</strong></span> <span class='ocrx_word' id='word_1_873' title='bbox 3068 5089 3273 5159; x_wconf 81' lang='lat' dir='ltr'><strong>angeli,</strong></span> <span class='ocrx_word' id='word_1_874' title='bbox 3306 5090 3361 5152; x_wconf 88' lang='lat' dir='ltr'><strong>id</strong></span> <span class='ocrx_word' id='word_1_875' title='bbox 3387 5096 3469 5147; x_wconf 87' lang='lat' dir='ltr'><strong>est</strong></span> <span class='ocrx_word' id='word_1_876' title='bbox 3501 5092 3815 5165; x_wconf 40' lang='lat' dir='ltr'><strong>praepositi.</strong></span> 
     </span>
    </p>
   </div>
   <div class='ocr_carea' id='block_1_111' title="bbox 2205 5180 3813 5251">
    <p class='ocr_par' dir='ltr' id='par_1_111' title="bbox 2205 5180 3813 5251">
     <span class='ocr_line' id='line_1_111' title="bbox 2205 5180 3813 5251; baseline -0.002 -10"><span class='ocrx_word' id='word_1_877' title='bbox 2205 5183 2584 5246; x_wconf 86' lang='lat' dir='ltr'><strong>Ecclesiarum,</strong></span> <span class='ocrx_word' id='word_1_878' title='bbox 2613 5182 2700 5238; x_wconf 88' lang='lat' dir='ltr'><strong>vel</strong></span> <span class='ocrx_word' id='word_1_879' title='bbox 2726 5180 3032 5245; x_wconf 87' lang='lat' dir='ltr'><strong>laudantur,</strong></span> <span class='ocrx_word' id='word_1_880' title='bbox 3061 5181 3143 5236; x_wconf 91' lang='lat' dir='ltr'><strong>vel</strong></span> <span class='ocrx_word' id='word_1_881' title='bbox 3169 5181 3546 5251; x_wconf 79' lang='lat' dir='ltr'><strong>vituperantur</strong></span> <span class='ocrx_word' id='word_1_882' title='bbox 3570 5196 3637 5236; x_wconf 80' lang='lat' dir='ltr'><strong>ex</strong></span> <span class='ocrx_word' id='word_1_883' title='bbox 3665 5184 3813 5249; x_wconf 58' lang='lat' dir='ltr'><strong>vita.</strong></span> 
     </span>
    </p>
   </div>
   <div class='ocr_carea' id='block_1_112' title="bbox 2204 5273 3811 5345">
    <p class='ocr_par' dir='ltr' id='par_1_112' title="bbox 2204 5273 3811 5345">
     <span class='ocr_line' id='line_1_112' title="bbox 2204 5273 3811 5345; baseline 0.001 -14"><span class='ocrx_word' id='word_1_884' title='bbox 2204 5289 2391 5331; x_wconf 91' lang='lat' dir='ltr'><strong>eorum</strong></span> <span class='ocrx_word' id='word_1_885' title='bbox 2418 5274 2614 5344; x_wconf 89' lang='lat' dir='ltr'><strong>quibus</strong></span> <span class='ocrx_word' id='word_1_886' title='bbox 2639 5283 2899 5345; x_wconf 81' lang='lat' dir='ltr'><strong>praesum.</strong></span> <span class='ocrx_word' id='word_1_887' title='bbox 2944 5273 3087 5329; x_wconf 87' lang='lat' dir='ltr'><strong>Deus</strong></span> <span class='ocrx_word' id='word_1_888' title='bbox 3129 5287 3258 5343; x_wconf 90' lang='lat' dir='ltr'><strong>ergo</strong></span> <span class='ocrx_word' id='word_1_889' title='bbox 3296 5273 3388 5343; x_wconf 90' lang='lat' dir='ltr'><strong>qui</strong></span> <span class='ocrx_word' id='word_1_890' title='bbox 3419 5280 3652 5342; x_wconf 89' lang='lat' dir='ltr'><strong>poterat,</strong></span> <span class='ocrx_word' id='word_1_891' title='bbox 3707 5286 3811 5333; x_wconf 78' lang='lat' dir='ltr'><strong>nt-.</strong></span> 
     </span>
    </p>
   </div>
   <div class='ocr_carea' id='block_1_113' title="bbox 2205 5360 3798 5437">
    <p class='ocr_par' dir='ltr' id='par_1_113' title="bbox 2205 5360 3798 5437">
     <span class='ocr_line' id='line_1_113' title="bbox 2205 5360 3798 5437; baseline -0.003 -15"><span class='ocrx_word' id='word_1_892' title='bbox 2205 5376 2331 5436; x_wconf 79' lang='lat' dir='ltr'><strong>pete</strong></span> <span class='ocrx_word' id='word_1_893' title='bbox 2354 5366 2513 5431; x_wconf 90' lang='lat' dir='ltr'><strong>Deus,</strong></span> <span class='ocrx_word' id='word_1_894' title='bbox 2542 5380 2637 5437; x_wconf 89' lang='lat' dir='ltr'><strong>pro</strong></span> <span class='ocrx_word' id='word_1_895' title='bbox 2664 5365 2959 5422; x_wconf 87' lang='lat' dir='ltr'><strong>sceleribus</strong></span> <span class='ocrx_word' id='word_1_896' title='bbox 2985 5364 3286 5435; x_wconf 80' lang='lat' dir='ltr'><strong>peccatoris</strong></span> <span class='ocrx_word' id='word_1_897' title='bbox 3312 5362 3490 5435; x_wconf 84' lang='lat' dir='ltr'><strong>pepuli</strong></span> <span class='ocrx_word' id='word_1_898' title='bbox 3518 5360 3798 5433; x_wconf 71' lang='lat' dir='ltr'><strong>supplicia</strong></span> 
     </span>
    </p>
   </div>
   <div class='ocr_carea' id='block_1_114' title="bbox 2207 5450 3797 5525">
    <p class='ocr_par' dir='ltr' id='par_1_114' title="bbox 2207 5450 3797 5525">
     <span class='ocr_line' id='line_1_114' title="bbox 2207 5450 3797 5525; baseline -0.003 -13"><span class='ocrx_word' id='word_1_899' title='bbox 2207 5455 2430 5522; x_wconf 86' lang='lat' dir='ltr'><strong>inferre,</strong></span> <span class='ocrx_word' id='word_1_900' title='bbox 2459 5470 2564 5509; x_wconf 89' lang='lat' dir='ltr'><strong>non</strong></span> <span class='ocrx_word' id='word_1_901' title='bbox 2592 5454 2701 5510; x_wconf 90' lang='lat' dir='ltr'><strong>vult</strong></span> <span class='ocrx_word' id='word_1_902' title='bbox 2727 5469 2980 5522; x_wconf 75' lang='lat' dir='ltr'><strong>exercere</strong></span> <span class='ocrx_word' id='word_1_903' title='bbox 3005 5453 3301 5525; x_wconf 83' lang='lat' dir='ltr'><strong>potentiam</strong></span> <span class='ocrx_word' id='word_1_904' title='bbox 3319 5492 3334 5518; x_wconf 95' lang='lat'><strong>,</strong></span> <span class='ocrx_word' id='word_1_905' title='bbox 3374 5454 3467 5508; x_wconf 87' lang='lat' dir='ltr'><strong>sed</strong></span> <span class='ocrx_word' id='word_1_906' title='bbox 3487 5450 3797 5525; x_wconf 83' lang='lat' dir='ltr'><strong>justitiam,</strong></span> 
     </span>
    </p>
   </div>
   <div class='ocr_carea' id='block_1_115' title="bbox 2205 5536 3807 5621">
    <p class='ocr_par' dir='ltr' id='par_1_115' title="bbox 2205 5536 3807 5621">
     <span class='ocr_line' id='line_1_115' title="bbox 2205 5536 3807 5621; baseline -0.003 -16"><span class='ocrx_word' id='word_1_907' title='bbox 2205 5556 2261 5605; x_wconf 88' lang='lat' dir='ltr'><strong>et</strong></span> <span class='ocrx_word' id='word_1_908' title='bbox 2290 5546 2433 5618; x_wconf 90' lang='lat' dir='ltr'><strong>cogit</strong></span> <span class='ocrx_word' id='word_1_909' title='bbox 2459 5544 2715 5617; x_wconf 75' lang='lat' dir='ltr'><strong>populum</strong></span> <span class='ocrx_word' id='word_1_910' title='bbox 2740 5546 2905 5603; x_wconf 86' lang='lat' dir='ltr'><strong>Israel</strong></span> <span class='ocrx_word' id='word_1_911' title='bbox 2936 5536 3292 5615; x_wconf 68' lang='lat' dir='ltr'><strong>praesentibus</strong></span> <span class='ocrx_word' id='word_1_912' title='bbox 3322 5542 3525 5614; x_wconf 85' lang='lat' dir='ltr'><strong>angelis</strong></span> <span class='ocrx_word' id='word_1_913' title='bbox 3546 5547 3807 5621; x_wconf 66' lang='lat' dir='ltr'><strong>etomni</strong></span> 
     </span>
    </p>
   </div>
   <div class='ocr_carea' id='block_1_116' title="bbox 2207 5631 3811 5707">
    <p class='ocr_par' dir='ltr' id='par_1_116' title="bbox 2207 5631 3811 5707">
     <span class='ocr_line' id='line_1_116' title="bbox 2207 5631 3811 5707; baseline 0 -14"><span class='ocrx_word' id='word_1_914' title='bbox 2207 5646 2474 5701; x_wconf 89' lang='lat' dir='ltr'><strong>creatura,</strong></span> <span class='ocrx_word' id='word_1_915' title='bbox 2512 5644 2572 5690; x_wconf 91' lang='lat' dir='ltr'><strong>ut</strong></span> <span class='ocrx_word' id='word_1_916' title='bbox 2598 5636 2740 5690; x_wconf 89' lang='lat' dir='ltr'><strong>dicat</strong></span> <span class='ocrx_word' id='word_1_917' title='bbox 2761 5635 2805 5690; x_wconf 90' lang='lat' dir='ltr'><strong>si</strong></span> <span class='ocrx_word' id='word_1_918' title='bbox 2832 5635 2961 5707; x_wconf 89' lang='lat' dir='ltr'><strong>quid</strong></span> <span class='ocrx_word' id='word_1_919' title='bbox 2985 5635 3202 5701; x_wconf 88' lang='lat' dir='ltr'><strong>habeat,</strong></span> <span class='ocrx_word' id='word_1_920' title='bbox 3229 5641 3288 5689; x_wconf 89' lang='lat' dir='ltr'><strong>ut</strong></span> <span class='ocrx_word' id='word_1_921' title='bbox 3312 5632 3602 5689; x_wconf 87' lang='lat' dir='ltr'><strong>secundum</strong></span> <span class='ocrx_word' id='word_1_922' title='bbox 3630 5631 3811 5693; x_wconf 64' lang='lat' dir='ltr'><strong>Psak</strong></span> 
     </span>
    </p>
   </div>
   <div class='ocr_carea' id='block_1_117' title="bbox 2209 5724 3848 5807">
    <p class='ocr_par' dir='ltr' id='par_1_117' title="bbox 2209 5724 3848 5807">
     <span class='ocr_line' id='line_1_117' title="bbox 2209 5724 3848 5807; baseline -0.002 -24"><span class='ocrx_word' id='word_1_923' title='bbox 2209 5728 2422 5800; x_wconf 85' lang='lat' dir='ltr'><strong>mistam</strong></span> <span class='ocrx_word' id='word_1_924' title='bbox 2452 5726 2776 5807; x_wconf 62' lang='lat' dir='ltr'><strong>iustiﬁcetur</strong></span> <span class='ocrx_word' id='word_1_925' title='bbox 2802 5729 2943 5785; x_wconf 88' lang='lat' dir='ltr'><strong>Deus</strong></span> <span class='ocrx_word' id='word_1_926' title='bbox 2973 5727 3024 5783; x_wconf 92' lang='lat' dir='ltr'><strong>in</strong></span> <span class='ocrx_word' id='word_1_927' title='bbox 3054 5727 3391 5784; x_wconf 82' lang='lat' dir='ltr'><strong>sermonibus</strong></span> <span class='ocrx_word' id='word_1_928' title='bbox 3415 5724 3551 5797; x_wconf 71' lang='lat' dir='ltr'><strong>suis1L</strong></span> <span class='ocrx_word' id='word_1_929' title='bbox 3571 5726 3799 5807; x_wconf 41' lang='grc' dir='ltr'>ειοῖίιιτ</span> <span class='ocrx_word' id='word_1_930' title='bbox 3838 5791 3848 5807; x_wconf 15' lang='grc' dir='ltr'><strong>ς</strong></span> 
     </span>
    </p>
   </div>
   <div class='ocr_carea' id='block_1_118' title="bbox 2207 5804 3843 5895">
    <p class='ocr_par' dir='ltr' id='par_1_118' title="bbox 2207 5804 3843 5895">
     <span class='ocr_line' id='line_1_118' title="bbox 2207 5804 3843 5895; baseline -0.042 -15"><span class='ocrx_word' id='word_1_931' title='bbox 2207 5832 2289 5879; x_wconf 79' lang='lat' dir='ltr'><strong>cat</strong></span> <span class='ocrx_word' id='word_1_932' title='bbox 2318 5837 2436 5877; x_wconf 86' lang='lat' dir='ltr'><strong>cum</strong></span> <span class='ocrx_word' id='word_1_933' title='bbox 2465 5804 2746 5895; x_wconf 56' lang='lat' dir='ltr'><strong>iudicatur,</strong></span> <span class='ocrx_word' id='word_1_934' title='bbox 3468 5808 3471 5809; x_wconf 53' lang='grc' dir='ltr'><em>ν</em></span> <span class='ocrx_word' id='word_1_935' title='bbox 3508 5894 3513 5895; x_wconf 11' lang='lat'><em>7</em></span> <span class='ocrx_word' id='word_1_936' title='bbox 3654 5804 3677 5881; x_wconf 8' lang='lat'><strong>7-</strong></span> <span class='ocrx_word' id='word_1_937' title='bbox 3734 5808 3741 5809; x_wconf 38' lang='grc' dir='ltr'><em>κ</em></span> <span class='ocrx_word' id='word_1_938' title='bbox 3789 5804 3801 5813; x_wconf 82' lang='grc'><strong>,</strong></span> <span class='ocrx_word' id='word_1_939' title='bbox 3832 5806 3843 5811; x_wconf 68' lang='lat'><strong>-</strong></span> 
     </span>
    </p>
   </div>
  </div>
