  <div class='ocr_page' id='page_1' title='image "/cluster/home/n/w/nwhite01/storage/ocr_20150623/117/hvd.32044015466899/086.png"; bbox 0 0 4022 6436; ppageno 0'>
   <div class='ocr_carea' id='block_1_1' title="bbox 193 369 282 426">
    <p class='ocr_par' dir='ltr' id='par_1_1' title="bbox 193 369 282 426">
     <span class='ocr_line' id='line_1_1' title="bbox 193 369 282 426; baseline 0 0"><span class='ocrx_word' id='word_1_1' title='bbox 193 369 282 426; x_wconf 61' lang='lat' dir='ltr'><strong>Ml</strong></span> 
     </span>
    </p>
   </div>
   <div class='ocr_carea' id='block_1_2' title="bbox 1129 365 2488 427">
    <p class='ocr_par' dir='ltr' id='par_1_2' title="bbox 1129 365 2488 427">
     <span class='ocr_line' id='line_1_2' title="bbox 1129 365 2488 427; baseline -0.002 0"><span class='ocrx_word' id='word_1_2' title='bbox 1129 367 1526 427; x_wconf 77' lang='lat' dir='ltr'><strong>ENARBATIO</strong></span> <span class='ocrx_word' id='word_1_3' title='bbox 1566 367 1632 422; x_wconf 76' lang='lat' dir='ltr'><strong>IN</strong></span> <span class='ocrx_word' id='word_1_4' title='bbox 1675 365 2006 424; x_wconf 65' lang='lat' dir='ltr'><strong>MICHxEAM</strong></span> <span class='ocrx_word' id='word_1_5' title='bbox 2049 367 2488 424; x_wconf 74' lang='lat' dir='ltr'><strong>PBOPIIETAM.</strong></span> 
     </span>
    </p>
   </div>
   <div class='ocr_carea' id='block_1_3' title="bbox 3331 373 3430 428">
    <p class='ocr_par' dir='ltr' id='par_1_3' title="bbox 3331 373 3430 428">
     <span class='ocr_line' id='line_1_3' title="bbox 3331 373 3430 428; baseline 0 -1"><span class='ocrx_word' id='word_1_6' title='bbox 3331 373 3430 428; x_wconf 76' lang='lat' dir='ltr'><strong>I02</strong></span> 
     </span>
    </p>
   </div>
   <div class='ocr_carea' id='block_1_4' title="bbox 260 453 3429 555">
    <p class='ocr_par' dir='ltr' id='par_1_4' title="bbox 260 453 3429 555">
     <span class='ocr_line' id='line_1_4' title="bbox 260 453 3429 555; baseline -0.002 -14"><span class='ocrx_word' id='word_1_7' title='bbox 260 488 281 548; x_wconf 57' lang='grc' dir='ltr'><strong>ᾖ</strong></span> <span class='ocrx_word' id='word_1_8' title='bbox 313 483 512 555; x_wconf 81' lang='lat' dir='ltr'><strong>Popule</strong></span> <span class='ocrx_word' id='word_1_9' title='bbox 552 459 720 546; x_wconf 66' lang='lat' dir='ltr'><strong>meus,</strong></span> <span class='ocrx_word' id='word_1_10' title='bbox 763 460 890 550; x_wconf 84' lang='lat' dir='ltr'><strong>quid</strong></span> <span class='ocrx_word' id='word_1_11' title='bbox 931 479 1030 534; x_wconf 84' lang='lat' dir='ltr'><strong>feci</strong></span> <span class='ocrx_word' id='word_1_12' title='bbox 1077 480 1203 545; x_wconf 93' lang='lat' dir='ltr'><strong>tibi,</strong></span> <span class='ocrx_word' id='word_1_13' title='bbox 1243 487 1296 533; x_wconf 90' lang='lat' dir='ltr'><strong>et</strong></span> <span class='ocrx_word' id='word_1_14' title='bbox 1333 479 1460 547; x_wconf 87' lang='lat' dir='ltr'><strong>quid</strong></span> <span class='ocrx_word' id='word_1_15' title='bbox 1501 476 1754 532; x_wconf 88' lang='lat' dir='ltr'><strong>molestus</strong></span> <span class='ocrx_word' id='word_1_16' title='bbox 1783 485 1828 543; x_wconf 74' lang='grc' dir='ltr'><strong>Α</strong></span> <span class='ocrx_word' id='word_1_17' title='bbox 1857 475 1910 529; x_wconf 87' lang='lat' dir='ltr'><strong>in</strong></span> <span class='ocrx_word' id='word_1_18' title='bbox 1937 475 2231 546; x_wconf 85' lang='lat' dir='ltr'><strong>judicium,</strong></span> <span class='ocrx_word' id='word_1_19' title='bbox 2276 476 2371 530; x_wconf 76' lang='lat' dir='ltr'><strong>sed</strong></span> <span class='ocrx_word' id='word_1_20' title='bbox 2413 484 2584 531; x_wconf 74' lang='lat' dir='ltr'><strong>totum</strong></span> <span class='ocrx_word' id='word_1_21' title='bbox 2631 493 2686 533; x_wconf 81' lang='lat' dir='ltr'><strong>se</strong></span> <span class='ocrx_word' id='word_1_22' title='bbox 2714 453 3052 535; x_wconf 18' lang='lat' dir='ltr'><strong>converti&#39;t&#39;lin</strong></span> <span class='ocrx_word' id='word_1_23' title='bbox 3086 496 3300 553; x_wconf 81' lang='lat' dir='ltr'><strong>preces;</strong></span> <span class='ocrx_word' id='word_1_24' title='bbox 3335 489 3429 542; x_wconf 77' lang='lat' dir='ltr'><strong>sed</strong></span> 
     </span>
    </p>
   </div>
   <div class='ocr_carea' id='block_1_5' title="bbox 194 552 1754 642">
    <p class='ocr_par' dir='ltr' id='par_1_5' title="bbox 194 552 1754 642">
     <span class='ocr_line' id='line_1_5' title="bbox 194 552 1754 642; baseline -0.006 -13"><span class='ocrx_word' id='word_1_25' title='bbox 194 552 281 630; x_wconf 83' lang='lat' dir='ltr'><strong>tibi</strong></span> <span class='ocrx_word' id='word_1_26' title='bbox 327 552 446 637; x_wconf 36' lang='lat' dir='ltr'><strong>,l‘ui,</strong></span> <span class='ocrx_word' id='word_1_27' title='bbox 493 571 758 642; x_wconf 69' lang='lat' dir='ltr'><strong>responde</strong></span> <span class='ocrx_word' id='word_1_28' title='bbox 805 569 968 635; x_wconf 91' lang='lat' dir='ltr'><strong>mihi,</strong></span> <span class='ocrx_word' id='word_1_29' title='bbox 1015 570 1141 639; x_wconf 91' lang='lat' dir='ltr'><strong>quia</strong></span> <span class='ocrx_word' id='word_1_30' title='bbox 1194 570 1354 626; x_wconf 81' lang='lat' dir='ltr'><strong>eduxi</strong></span> <span class='ocrx_word' id='word_1_31' title='bbox 1409 579 1458 622; x_wconf 93' lang='lat' dir='ltr'><strong>te</strong></span> <span class='ocrx_word' id='word_1_32' title='bbox 1506 567 1571 620; x_wconf 87' lang='lat' dir='ltr'><strong>de</strong></span> <span class='ocrx_word' id='word_1_33' title='bbox 1614 579 1754 621; x_wconf 83' lang='lat' dir='ltr'><strong>terra</strong></span> 
     </span>
    </p>
   </div>
   <div class='ocr_carea' id='block_1_6' title="bbox 192 660 1757 738">
    <p class='ocr_par' dir='ltr' id='par_1_6' title="bbox 192 660 1757 738">
     <span class='ocr_line' id='line_1_6' title="bbox 192 660 1757 738; baseline -0.008 -14"><span class='ocrx_word' id='word_1_34' title='bbox 192 666 447 738; x_wconf 62' lang='lat' dir='ltr'><strong>Egypti,</strong></span> <span class='ocrx_word' id='word_1_35' title='bbox 495 673 550 718; x_wconf 91' lang='lat' dir='ltr'><strong>et</strong></span> <span class='ocrx_word' id='word_1_36' title='bbox 602 663 668 716; x_wconf 90' lang='lat' dir='ltr'><strong>de</strong></span> <span class='ocrx_word' id='word_1_37' title='bbox 715 661 874 716; x_wconf 90' lang='lat' dir='ltr'><strong>domo</strong></span> <span class='ocrx_word' id='word_1_38' title='bbox 923 660 1272 715; x_wconf 87' lang='lat' dir='ltr'><strong>servientium</strong></span> <span class='ocrx_word' id='word_1_39' title='bbox 1313 660 1530 714; x_wconf 81' lang='lat' dir='ltr'><strong>liberavi</strong></span> <span class='ocrx_word' id='word_1_40' title='bbox 1572 669 1659 721; x_wconf 85' lang='lat' dir='ltr'><strong>te,</strong></span> <span class='ocrx_word' id='word_1_41' title='bbox 1702 667 1757 712; x_wconf 91' lang='lat' dir='ltr'><strong>et</strong></span> 
     </span>
    </p>
   </div>
   <div class='ocr_carea' id='block_1_7' title="bbox 193 750 1754 822">
    <p class='ocr_par' dir='ltr' id='par_1_7' title="bbox 193 750 1754 822">
     <span class='ocr_line' id='line_1_7' title="bbox 193 750 1754 822; baseline -0.006 -10"><span class='ocrx_word' id='word_1_42' title='bbox 193 758 307 812; x_wconf 89' lang='lat' dir='ltr'><strong>misi</strong></span> <span class='ocrx_word' id='word_1_43' title='bbox 353 766 476 810; x_wconf 90' lang='lat' dir='ltr'><strong>ante</strong></span> <span class='ocrx_word' id='word_1_44' title='bbox 521 754 713 808; x_wconf 90' lang='lat' dir='ltr'><strong>faciem</strong></span> <span class='ocrx_word' id='word_1_45' title='bbox 762 761 906 806; x_wconf 90' lang='lat' dir='ltr'><strong>tuam</strong></span> <span class='ocrx_word' id='word_1_46' title='bbox 949 751 1185 822; x_wconf 80' lang='lat' dir='ltr'><strong>Moysen,</strong></span> <span class='ocrx_word' id='word_1_47' title='bbox 1227 759 1282 806; x_wconf 90' lang='lat' dir='ltr'><strong>et</strong></span> <span class='ocrx_word' id='word_1_48' title='bbox 1317 752 1518 816; x_wconf 81' lang='lat' dir='ltr'><strong>Aaron,</strong></span> <span class='ocrx_word' id='word_1_49' title='bbox 1558 761 1610 804; x_wconf 94' lang='lat' dir='ltr'><strong>et</strong></span> <span class='ocrx_word' id='word_1_50' title='bbox 1642 750 1754 803; x_wconf 75' lang='lat' dir='ltr'><strong>Ma-</strong></span> 
     </span>
    </p>
   </div>
   <div class='ocr_carea' id='block_1_8' title="bbox 192 840 1754 914">
    <p class='ocr_par' dir='ltr' id='par_1_8' title="bbox 192 840 1754 914">
     <span class='ocr_line' id='line_1_8' title="bbox 192 840 1754 914; baseline -0.002 -15"><span class='ocrx_word' id='word_1_51' title='bbox 192 846 343 900; x_wconf 84' lang='lat' dir='ltr'><strong>riam.</strong></span> <span class='ocrx_word' id='word_1_52' title='bbox 373 865 392 898; x_wconf 76' lang='grc' dir='ltr'><strong><em>ι</em></strong></span> <span class='ocrx_word' id='word_1_53' title='bbox 424 843 687 914; x_wconf 81' lang='lat' dir='ltr'><strong>Loquitur</strong></span> <span class='ocrx_word' id='word_1_54' title='bbox 716 845 854 897; x_wconf 90' lang='lat' dir='ltr'><strong>Deus</strong></span> <span class='ocrx_word' id='word_1_55' title='bbox 876 843 939 896; x_wconf 91' lang='lat' dir='ltr'><strong>ad</strong></span> <span class='ocrx_word' id='word_1_56' title='bbox 969 841 1154 906; x_wconf 84' lang='lat' dir='ltr'><strong>Israel,</strong></span> <span class='ocrx_word' id='word_1_57' title='bbox 1183 851 1238 895; x_wconf 91' lang='lat' dir='ltr'><strong>et</strong></span> <span class='ocrx_word' id='word_1_58' title='bbox 1260 858 1381 896; x_wconf 90' lang='lat' dir='ltr'><strong>eum</strong></span> <span class='ocrx_word' id='word_1_59' title='bbox 1413 840 1754 910; x_wconf 80' lang='lat' dir='ltr'><strong>adjudicium</strong></span> 
     </span>
    </p>
   </div>
   <div class='ocr_carea' id='block_1_9' title="bbox 191 931 1751 1006">
    <p class='ocr_par' dir='ltr' id='par_1_9' title="bbox 191 931 1751 1006">
     <span class='ocr_line' id='line_1_9' title="bbox 191 931 1751 1006; baseline -0.004 -16"><span class='ocrx_word' id='word_1_60' title='bbox 191 945 463 1006; x_wconf 88' lang='lat' dir='ltr'><strong>provocat,</strong></span> <span class='ocrx_word' id='word_1_61' title='bbox 489 944 544 988; x_wconf 92' lang='lat' dir='ltr'><strong>et</strong></span> <span class='ocrx_word' id='word_1_62' title='bbox 567 936 656 987; x_wconf 88' lang='lat' dir='ltr'><strong>dat</strong></span> <span class='ocrx_word' id='word_1_63' title='bbox 688 934 959 987; x_wconf 78' lang='lat' dir='ltr'><strong>licentiam</strong></span> <span class='ocrx_word' id='word_1_64' title='bbox 986 933 1267 987; x_wconf 90' lang='lat' dir='ltr'><strong>adversum</strong></span> <span class='ocrx_word' id='word_1_65' title='bbox 1305 946 1363 985; x_wconf 86' lang='lat' dir='ltr'><strong>se</strong></span> <span class='ocrx_word' id='word_1_66' title='bbox 1401 931 1751 1000; x_wconf 79' lang='lat' dir='ltr'><strong>disceptandi.</strong></span> 
     </span>
    </p>
   </div>
   <div class='ocr_carea' id='block_1_10' title="bbox 192 1018 1756 1097">
    <p class='ocr_par' dir='ltr' id='par_1_10' title="bbox 192 1018 1756 1097">
     <span class='ocr_line' id='line_1_10' title="bbox 192 1018 1756 1097; baseline -0.006 -14"><span class='ocrx_word' id='word_1_67' title='bbox 192 1027 323 1095; x_wconf 85' lang='lat' dir='ltr'><strong>Q.tid</strong></span> <span class='ocrx_word' id='word_1_68' title='bbox 362 1025 577 1097; x_wconf 92' lang='lat' dir='ltr'><strong>(inquit)</strong></span> <span class='ocrx_word' id='word_1_69' title='bbox 608 1023 705 1079; x_wconf 89' lang='lat' dir='ltr'><strong>feci</strong></span> <span class='ocrx_word' id='word_1_70' title='bbox 730 1024 870 1092; x_wconf 91' lang='lat' dir='ltr'><strong>quod</strong></span> <span class='ocrx_word' id='word_1_71' title='bbox 897 1038 1001 1076; x_wconf 91' lang='lat' dir='ltr'><strong>non</strong></span> <span class='ocrx_word' id='word_1_72' title='bbox 1031 1021 1207 1088; x_wconf 79' lang='lat' dir='ltr'><strong>debui,</strong></span> <span class='ocrx_word' id='word_1_73' title='bbox 1241 1022 1322 1076; x_wconf 76' lang='lat' dir='ltr'><strong>vel</strong></span> <span class='ocrx_word' id='word_1_74' title='bbox 1351 1021 1475 1090; x_wconf 89' lang='lat' dir='ltr'><strong>quid</strong></span> <span class='ocrx_word' id='word_1_75' title='bbox 1500 1018 1756 1074; x_wconf 85' lang='lat' dir='ltr'><strong>molestus</strong></span> 
     </span>
    </p>
   </div>
   <div class='ocr_carea' id='block_1_11' title="bbox 193 1098 1755 1183">
    <p class='ocr_par' dir='ltr' id='par_1_11' title="bbox 193 1098 1755 1183">
     <span class='ocr_line' id='line_1_11' title="bbox 193 1098 1755 1183; baseline -0.005 -11"><span class='ocrx_word' id='word_1_76' title='bbox 193 1117 282 1183; x_wconf 87' lang='lat' dir='ltr'><strong>fui,</strong></span> <span class='ocrx_word' id='word_1_77' title='bbox 311 1117 580 1171; x_wconf 86' lang='lat' dir='ltr'><strong>laboribus</strong></span> <span class='ocrx_word' id='word_1_78' title='bbox 613 1124 661 1169; x_wconf 87' lang='lat' dir='ltr'><strong>te</strong></span> <span class='ocrx_word' id='word_1_79' title='bbox 685 1110 1074 1182; x_wconf 78' lang='lat' dir='ltr'><strong>opprimendo?</strong></span> <span class='ocrx_word' id='word_1_80' title='bbox 1096 1098 1176 1166; x_wconf 77' lang='grc' dir='ltr'><strong>Ᾱη</strong></span> <span class='ocrx_word' id='word_1_81' title='bbox 1203 1112 1460 1167; x_wconf 80' lang='lat' dir='ltr'><strong>beneficia</strong></span> <span class='ocrx_word' id='word_1_82' title='bbox 1485 1117 1600 1166; x_wconf 86' lang='lat' dir='ltr'><strong>mea</strong></span> <span class='ocrx_word' id='word_1_83' title='bbox 1621 1128 1755 1166; x_wconf 91' lang='lat' dir='ltr'><strong>con-</strong></span> 
     </span>
    </p>
   </div>
   <div class='ocr_carea' id='block_1_12' title="bbox 194 1197 1754 1272">
    <p class='ocr_par' dir='ltr' id='par_1_12' title="bbox 194 1197 1754 1272">
     <span class='ocr_line' id='line_1_12' title="bbox 194 1197 1754 1272; baseline -0.003 -11"><span class='ocrx_word' id='word_1_84' title='bbox 194 1203 430 1261; x_wconf 76' lang='lat' dir='ltr'><strong>tumelias</strong></span> <span class='ocrx_word' id='word_1_85' title='bbox 479 1216 598 1261; x_wconf 89' lang='lat' dir='ltr'><strong>esse</strong></span> <span class='ocrx_word' id='word_1_86' title='bbox 643 1198 1033 1266; x_wconf 79' lang='lat' dir='ltr'><strong>arbitrabaris,</strong></span> <span class='ocrx_word' id='word_1_87' title='bbox 1090 1197 1276 1257; x_wconf 60' lang='lat' dir='ltr'><strong>dolens</strong></span> <span class='ocrx_word' id='word_1_88' title='bbox 1319 1203 1460 1272; x_wconf 92' lang='lat' dir='ltr'><strong>quod</strong></span> <span class='ocrx_word' id='word_1_89' title='bbox 1509 1203 1754 1257; x_wconf 84' lang='lat' dir='ltr'><strong>amiseris</strong></span> 
     </span>
    </p>
   </div>
   <div class='ocr_carea' id='block_1_13' title="bbox 188 1293 1753 1368">
    <p class='ocr_par' dir='ltr' id='par_1_13' title="bbox 188 1293 1753 1368">
     <span class='ocr_line' id='line_1_13' title="bbox 188 1293 1753 1368; baseline 0.001 -20"><span class='ocrx_word' id='word_1_90' title='bbox 188 1298 414 1368; x_wconf 81' lang='lat' dir='ltr'><strong>pepones</strong></span> <span class='ocrx_word' id='word_1_91' title='bbox 447 1305 499 1350; x_wconf 90' lang='lat' dir='ltr'><strong>et</strong></span> <span class='ocrx_word' id='word_1_92' title='bbox 536 1295 670 1350; x_wconf 89' lang='lat' dir='ltr'><strong>ollas</strong></span> <span class='ocrx_word' id='word_1_93' title='bbox 709 1293 1026 1363; x_wconf 67' lang='lat' dir='ltr'><strong>A‘Igyptias?</strong></span> <span class='ocrx_word' id='word_1_94' title='bbox 1068 1293 1179 1363; x_wconf 81' lang='lat' dir='ltr'><strong>Ego</strong></span> <span class='ocrx_word' id='word_1_95' title='bbox 1225 1302 1275 1347; x_wconf 92' lang='lat' dir='ltr'><strong>te</strong></span> <span class='ocrx_word' id='word_1_96' title='bbox 1323 1293 1375 1347; x_wconf 93' lang='lat' dir='ltr'><strong>in</strong></span> <span class='ocrx_word' id='word_1_97' title='bbox 1425 1309 1585 1347; x_wconf 89' lang='lat' dir='ltr'><strong>manu</strong></span> <span class='ocrx_word' id='word_1_98' title='bbox 1629 1293 1753 1349; x_wconf 87' lang='lat' dir='ltr'><strong>forti</strong></span> 
     </span>
    </p>
   </div>
   <div class='ocr_carea' id='block_1_14' title="bbox 189 1381 1754 1452">
    <p class='ocr_par' dir='ltr' id='par_1_14' title="bbox 189 1381 1754 1452">
     <span class='ocr_line' id='line_1_14' title="bbox 189 1381 1754 1452; baseline -0.002 -11"><span class='ocrx_word' id='word_1_99' title='bbox 189 1387 336 1442; x_wconf 81' lang='lat' dir='ltr'><strong>eduxi</strong></span> <span class='ocrx_word' id='word_1_100' title='bbox 364 1387 427 1440; x_wconf 90' lang='lat' dir='ltr'><strong>de</strong></span> <span class='ocrx_word' id='word_1_101' title='bbox 453 1381 931 1446; x_wconf 74' lang='lat' dir='ltr'><strong>domo&#39;servitutis,</strong></span> <span class='ocrx_word' id='word_1_102' title='bbox 953 1383 1074 1437; x_wconf 88' lang='lat' dir='ltr'><strong>dedi</strong></span> <span class='ocrx_word' id='word_1_103' title='bbox 1090 1383 1191 1436; x_wconf 90' lang='lat' dir='ltr'><strong>&#39;tihi</strong></span> <span class='ocrx_word' id='word_1_104' title='bbox 1215 1383 1480 1446; x_wconf 85' lang='lat' dir='ltr'><strong>doctores,</strong></span> <span class='ocrx_word' id='word_1_105' title='bbox 1506 1398 1599 1452; x_wconf 88' lang='lat' dir='ltr'><strong>per</strong></span> <span class='ocrx_word' id='word_1_106' title='bbox 1620 1399 1754 1451; x_wconf 87' lang='lat' dir='ltr'><strong>quos</strong></span> 
     </span>
    </p>
   </div>
   <div class='ocr_carea' id='block_1_15' title="bbox 189 1472 1752 1548">
    <p class='ocr_par' dir='ltr' id='par_1_15' title="bbox 189 1472 1752 1548">
     <span class='ocr_line' id='line_1_15' title="bbox 189 1472 1752 1548; baseline -0.003 -16"><span class='ocrx_word' id='word_1_107' title='bbox 189 1479 534 1548; x_wconf 77' lang='lat' dir='ltr'><strong>cognosceres</strong></span> <span class='ocrx_word' id='word_1_108' title='bbox 557 1477 886 1530; x_wconf 80' lang='lat' dir='ltr'><strong>voluntatem</strong></span> <span class='ocrx_word' id='word_1_109' title='bbox 916 1489 1088 1528; x_wconf 89' lang='lat' dir='ltr'><strong>meam</strong></span> <span class='ocrx_word' id='word_1_110' title='bbox 1153 1472 1219 1527; x_wconf 82' lang='lat' dir='ltr'><strong>Et</strong></span> <span class='ocrx_word' id='word_1_111' title='bbox 1257 1487 1324 1527; x_wconf 87' lang='lat' dir='ltr'><strong>ne</strong></span> <span class='ocrx_word' id='word_1_112' title='bbox 1363 1473 1459 1528; x_wconf 88' lang='lat' dir='ltr'><strong>ista</strong></span> <span class='ocrx_word' id='word_1_113' title='bbox 1485 1489 1650 1544; x_wconf 88' lang='lat' dir='ltr'><strong>parva</strong></span> <span class='ocrx_word' id='word_1_114' title='bbox 1677 1475 1752 1528; x_wconf 83' lang='lat' dir='ltr'><strong>vi-</strong></span> 
     </span>
    </p>
   </div>
   <div class='ocr_carea' id='block_1_16' title="bbox 187 1567 428 1631">
    <p class='ocr_par' dir='ltr' id='par_1_16' title="bbox 187 1567 428 1631">
     <span class='ocr_line' id='line_1_16' title="bbox 187 1567 428 1631; baseline -0.017 -9"><span class='ocrx_word' id='word_1_115' title='bbox 187 1567 333 1622; x_wconf 86' lang='lat' dir='ltr'><strong>deant</strong></span> <span class='ocrx_word' id='word_1_116' title='bbox 345 1583 428 1631; x_wconf 87' lang='lat' dir='ltr'><strong>ur,</strong></span> 
     </span>
    </p>
   </div>
   <div class='ocr_carea' id='block_1_17' title="bbox 254 1653 1750 1724">
    <p class='ocr_par' dir='ltr' id='par_1_17' title="bbox 254 1653 1750 1724">
     <span class='ocr_line' id='line_1_17' title="bbox 254 1653 1750 1724; baseline 0.002 -18"><span class='ocrx_word' id='word_1_117' title='bbox 254 1675 271 1706; x_wconf 78' lang='grc' dir='ltr'>ι</span> <span class='ocrx_word' id='word_1_118' title='bbox 301 1653 501 1723; x_wconf 82' lang='lat' dir='ltr'><strong>Populo</strong></span> <span class='ocrx_word' id='word_1_119' title='bbox 527 1666 697 1718; x_wconf 89' lang='lat' dir='ltr'><strong>meus,</strong></span> <span class='ocrx_word' id='word_1_120' title='bbox 728 1661 1019 1718; x_wconf 88' lang='lat' dir='ltr'><strong>memento,</strong></span> <span class='ocrx_word' id='word_1_121' title='bbox 1050 1669 1252 1722; x_wconf 72' lang='lat' dir='ltr'><strong>qumso,</strong></span> <span class='ocrx_word' id='word_1_122' title='bbox 1287 1654 1411 1723; x_wconf 88' lang='lat' dir='ltr'><strong>quid</strong></span> <span class='ocrx_word' id='word_1_123' title='bbox 1438 1653 1750 1724; x_wconf 83' lang='lat' dir='ltr'><strong>cogitaverit</strong></span> 
     </span>
    </p>
   </div>
   <div class='ocr_carea' id='block_1_18' title="bbox 185 1745 1748 1816">
    <p class='ocr_par' dir='ltr' id='par_1_18' title="bbox 185 1745 1748 1816">
     <span class='ocr_line' id='line_1_18' title="bbox 185 1745 1748 1816; baseline 0.001 -16"><span class='ocrx_word' id='word_1_124' title='bbox 185 1745 370 1802; x_wconf 86' lang='lat' dir='ltr'><strong>Balach</strong></span> <span class='ocrx_word' id='word_1_125' title='bbox 399 1763 490 1801; x_wconf 88' lang='lat' dir='ltr'><strong>rex</strong></span> <span class='ocrx_word' id='word_1_126' title='bbox 514 1746 688 1810; x_wconf 84' lang='lat' dir='ltr'><strong>Moab,</strong></span> <span class='ocrx_word' id='word_1_127' title='bbox 714 1756 766 1800; x_wconf 92' lang='lat' dir='ltr'><strong>et</strong></span> <span class='ocrx_word' id='word_1_128' title='bbox 789 1746 913 1816; x_wconf 91' lang='lat' dir='ltr'><strong>quid</strong></span> <span class='ocrx_word' id='word_1_129' title='bbox 943 1746 1274 1816; x_wconf 85' lang='lat' dir='ltr'><strong>responderit</strong></span> <span class='ocrx_word' id='word_1_130' title='bbox 1297 1746 1344 1800; x_wconf 90' lang='lat' dir='ltr'><strong>ei</strong></span> <span class='ocrx_word' id='word_1_131' title='bbox 1367 1745 1582 1800; x_wconf 86' lang='lat' dir='ltr'><strong>Balaam</strong></span> <span class='ocrx_word' id='word_1_132' title='bbox 1609 1746 1748 1801; x_wconf 84' lang='lat' dir='ltr'><strong>filius</strong></span> 
     </span>
    </p>
   </div>
   <div class='ocr_carea' id='block_1_19' title="bbox 1855 563 3430 639">
    <p class='ocr_par' dir='ltr' id='par_1_19' title="bbox 1855 563 3430 639">
     <span class='ocr_line' id='line_1_19' title="bbox 1855 563 3430 639; baseline 0.008 -22"><span class='ocrx_word' id='word_1_133' title='bbox 1855 577 1955 617; x_wconf 88' lang='lat' dir='ltr'><strong>nec</strong></span> <span class='ocrx_word' id='word_1_134' title='bbox 1984 563 2036 616; x_wconf 93' lang='lat' dir='ltr'><strong>in</strong></span> <span class='ocrx_word' id='word_1_135' title='bbox 2067 565 2194 632; x_wconf 88' lang='lat' dir='ltr'><strong>ipsis</strong></span> <span class='ocrx_word' id='word_1_136' title='bbox 2229 564 2480 634; x_wconf 86' lang='lat' dir='ltr'><strong>precibus</strong></span> <span class='ocrx_word' id='word_1_137' title='bbox 2520 567 2682 621; x_wconf 90' lang='lat' dir='ltr'><strong>habet</strong></span> <span class='ocrx_word' id='word_1_138' title='bbox 2711 568 2988 637; x_wconf 80' lang='lat' dir='ltr'><strong>fiduciam,</strong></span> <span class='ocrx_word' id='word_1_139' title='bbox 3033 570 3156 639; x_wconf 88' lang='lat' dir='ltr'><strong>quia</strong></span> <span class='ocrx_word' id='word_1_140' title='bbox 3187 572 3317 626; x_wconf 85' lang='lat' dir='ltr'><strong>nihil</strong></span> <span class='ocrx_word' id='word_1_141' title='bbox 3345 583 3430 630; x_wconf 87' lang='lat' dir='ltr'><strong>est</strong></span> 
     </span>
    </p>
   </div>
   <div class='ocr_carea' id='block_1_20' title="bbox 1855 653 3429 732">
    <p class='ocr_par' dir='ltr' id='par_1_20' title="bbox 1855 653 3429 732">
     <span class='ocr_line' id='line_1_20' title="bbox 1855 653 3429 732; baseline 0.009 -26"><span class='ocrx_word' id='word_1_142' title='bbox 1855 653 1997 723; x_wconf 90' lang='lat' dir='ltr'><strong>quod</strong></span> <span class='ocrx_word' id='word_1_143' title='bbox 2017 654 2173 724; x_wconf 92' lang='lat' dir='ltr'><strong>digne</strong></span> <span class='ocrx_word' id='word_1_144' title='bbox 2197 653 2305 707; x_wconf 86' lang='lat' dir='ltr'><strong>Deo</strong></span> <span class='ocrx_word' id='word_1_145' title='bbox 2327 669 2423 722; x_wconf 89' lang='lat' dir='ltr'><strong>pro</strong></span> <span class='ocrx_word' id='word_1_146' title='bbox 2448 658 2680 724; x_wconf 89' lang='lat' dir='ltr'><strong>peccatis</strong></span> <span class='ocrx_word' id='word_1_147' title='bbox 2693 661 2860 727; x_wconf 90' lang='lat' dir='ltr'><strong>possit</strong></span> <span class='ocrx_word' id='word_1_148' title='bbox 2880 659 3081 714; x_wconf 75' lang='lat' dir='ltr'><strong>offerri.</strong></span> <span class='ocrx_word' id='word_1_149' title='bbox 3099 662 3429 732; x_wconf 83' lang='lat' dir='ltr'><strong>Impossibilo</strong></span> 
     </span>
    </p>
   </div>
   <div class='ocr_carea' id='block_1_21' title="bbox 1855 745 3429 822">
    <p class='ocr_par' dir='ltr' id='par_1_21' title="bbox 1855 745 3429 822">
     <span class='ocr_line' id='line_1_21' title="bbox 1855 745 3429 822; baseline 0.006 -23"><span class='ocrx_word' id='word_1_150' title='bbox 1855 754 1937 800; x_wconf 90' lang='lat' dir='ltr'><strong>est</strong></span> <span class='ocrx_word' id='word_1_151' title='bbox 1957 745 2100 799; x_wconf 91' lang='lat' dir='ltr'><strong>enim</strong></span> <span class='ocrx_word' id='word_1_152' title='bbox 2125 745 2384 813; x_wconf 82' lang='lat' dir='ltr'><strong>sanguine</strong></span> <span class='ocrx_word' id='word_1_153' title='bbox 2413 745 2684 799; x_wconf 86' lang='lat' dir='ltr'><strong>hircorum</strong></span> <span class='ocrx_word' id='word_1_154' title='bbox 2706 756 2760 801; x_wconf 92' lang='lat' dir='ltr'><strong>et</strong></span> <span class='ocrx_word' id='word_1_155' title='bbox 2781 749 3280 806; x_wconf 87' lang='lat' dir='ltr'><strong>vitulorumauferri</strong></span> <span class='ocrx_word' id='word_1_156' title='bbox 3306 769 3429 822; x_wconf 83' lang='lat' dir='ltr'><strong>pec-</strong></span> 
     </span>
    </p>
   </div>
   <div class='ocr_carea' id='block_1_22' title="bbox 1855 839 3426 916">
    <p class='ocr_par' dir='ltr' id='par_1_22' title="bbox 1855 839 3426 916">
     <span class='ocr_line' id='line_1_22' title="bbox 1855 839 3426 916; baseline 0.005 -21"><span class='ocrx_word' id='word_1_157' title='bbox 1855 848 1994 895; x_wconf 90' lang='lat' dir='ltr'><strong>cata.</strong></span> <span class='ocrx_word' id='word_1_158' title='bbox 2034 859 2052 889; x_wconf 76' lang='grc' dir='ltr'>ι</span> <span class='ocrx_word' id='word_1_159' title='bbox 2079 839 2328 909; x_wconf 86' lang='lat' dir='ltr'><strong>Nunquid</strong></span> <span class='ocrx_word' id='word_1_160' title='bbox 2363 841 2499 894; x_wconf 90' lang='lat' dir='ltr'><strong>dabo</strong></span> <span class='ocrx_word' id='word_1_161' title='bbox 2525 843 2937 912; x_wconf 78' lang='lat' dir='ltr'><strong>primogenitum</strong></span> <span class='ocrx_word' id='word_1_162' title='bbox 2972 863 3148 901; x_wconf 91' lang='lat' dir='ltr'><strong>meum</strong></span> <span class='ocrx_word' id='word_1_163' title='bbox 3181 863 3278 916; x_wconf 90' lang='lat' dir='ltr'><strong>pro</strong></span> <span class='ocrx_word' id='word_1_164' title='bbox 3307 864 3426 904; x_wconf 86' lang='lat' dir='ltr'><strong>scc-</strong></span> 
     </span>
    </p>
   </div>
   <div class='ocr_carea' id='block_1_23' title="bbox 1857 927 3429 1003">
    <p class='ocr_par' dir='ltr' id='par_1_23' title="bbox 1857 927 3429 1003">
     <span class='ocr_line' id='line_1_23' title="bbox 1857 927 3429 1003; baseline 0.008 -23"><span class='ocrx_word' id='word_1_165' title='bbox 1857 927 1968 982; x_wconf 87' lang='lat' dir='ltr'><strong>Iere</strong></span> <span class='ocrx_word' id='word_1_166' title='bbox 2004 928 2160 982; x_wconf 88' lang='lat' dir='ltr'><strong>meo?</strong></span> <span class='ocrx_word' id='word_1_167' title='bbox 2217 949 2235 981; x_wconf 74' lang='grc' dir='ltr'><strong><em>ι</em></strong></span> <span class='ocrx_word' id='word_1_168' title='bbox 2272 929 2423 995; x_wconf 86' lang='lat' dir='ltr'><strong>Quod</strong></span> <span class='ocrx_word' id='word_1_169' title='bbox 2476 930 2672 1000; x_wconf 87' lang='lat' dir='ltr'><strong>legitur</strong></span> <span class='ocrx_word' id='word_1_170' title='bbox 2718 932 2769 985; x_wconf 90' lang='lat' dir='ltr'><strong>in</strong></span> <span class='ocrx_word' id='word_1_171' title='bbox 2807 932 3010 1003; x_wconf 78' lang='lat' dir='ltr'><strong>Regum</strong></span> <span class='ocrx_word' id='word_1_172' title='bbox 3055 938 3190 992; x_wconf 91' lang='lat' dir='ltr'><strong>libro</strong></span> <span class='ocrx_word' id='word_1_173' title='bbox 3238 938 3429 994; x_wconf 77' lang='lat' dir='ltr'><strong>fecisse</strong></span> 
     </span>
    </p>
   </div>
   <div class='ocr_carea' id='block_1_24' title="bbox 1857 1017 3427 1088">
    <p class='ocr_par' dir='ltr' id='par_1_24' title="bbox 1857 1017 3427 1088">
     <span class='ocr_line' id='line_1_24' title="bbox 1857 1017 3427 1088; baseline 0.008 -18"><span class='ocrx_word' id='word_1_174' title='bbox 1857 1017 2025 1079; x_wconf 76' lang='lat' dir='ltr'><strong>Moab,</strong></span> <span class='ocrx_word' id='word_1_175' title='bbox 2043 1019 2130 1088; x_wconf 91' lang='lat' dir='ltr'><strong>qui</strong></span> <span class='ocrx_word' id='word_1_176' title='bbox 2147 1035 2266 1072; x_wconf 90' lang='lat' dir='ltr'><strong>cum</strong></span> <span class='ocrx_word' id='word_1_177' title='bbox 2282 1020 2893 1086; x_wconf 63' lang='lat' dir='ltr'><strong>obsidereturaJurlmis,</strong></span> <span class='ocrx_word' id='word_1_178' title='bbox 2909 1028 3202 1081; x_wconf 86' lang='lat' dir='ltr'><strong>ascendens</strong></span> <span class='ocrx_word' id='word_1_179' title='bbox 3215 1044 3427 1083; x_wconf 87' lang='lat' dir='ltr'><strong>murum</strong></span> 
     </span>
    </p>
   </div>
   <div class='ocr_carea' id='block_1_25' title="bbox 1856 1112 3425 1188">
    <p class='ocr_par' dir='ltr' id='par_1_25' title="bbox 1856 1112 3425 1188">
     <span class='ocr_line' id='line_1_25' title="bbox 1856 1112 3425 1188; baseline 0.006 -23"><span class='ocrx_word' id='word_1_180' title='bbox 1856 1112 2152 1188; x_wconf 74' lang='lat' dir='ltr'><strong>immolavit</strong></span> <span class='ocrx_word' id='word_1_181' title='bbox 2179 1113 2230 1166; x_wconf 92' lang='lat' dir='ltr'><strong>in</strong></span> <span class='ocrx_word' id='word_1_182' title='bbox 2257 1113 2492 1167; x_wconf 90' lang='lat' dir='ltr'><strong>omnium</strong></span> <span class='ocrx_word' id='word_1_183' title='bbox 2520 1113 2689 1168; x_wconf 92' lang='lat' dir='ltr'><strong>oculis</strong></span> <span class='ocrx_word' id='word_1_184' title='bbox 2716 1113 2880 1167; x_wconf 88' lang='lat' dir='ltr'><strong>tiliqu</strong></span> <span class='ocrx_word' id='word_1_185' title='bbox 2909 1131 3084 1169; x_wconf 90' lang='lat' dir='ltr'><strong>suum.</strong></span> <span class='ocrx_word' id='word_1_186' title='bbox 3122 1136 3139 1166; x_wconf 75' lang='grc' dir='ltr'>ι</span> <span class='ocrx_word' id='word_1_187' title='bbox 3172 1119 3425 1174; x_wconf 86' lang='lat' dir='ltr'><strong>Fructum</strong></span> 
     </span>
    </p>
   </div>
   <div class='ocr_carea' id='block_1_26' title="bbox 1855 1202 3427 1272">
    <p class='ocr_par' dir='ltr' id='par_1_26' title="bbox 1855 1202 3427 1272">
     <span class='ocr_line' id='line_1_26' title="bbox 1855 1202 3427 1272; baseline 0.008 -20"><span class='ocrx_word' id='word_1_188' title='bbox 1855 1203 2058 1255; x_wconf 81' lang='lat' dir='ltr'><strong>ventris</strong></span> <span class='ocrx_word' id='word_1_189' title='bbox 2107 1202 2209 1255; x_wconf 90' lang='lat' dir='ltr'><strong>mei</strong></span> <span class='ocrx_word' id='word_1_190' title='bbox 2247 1218 2344 1272; x_wconf 91' lang='lat' dir='ltr'><strong>pro</strong></span> <span class='ocrx_word' id='word_1_191' title='bbox 2388 1212 2609 1272; x_wconf 87' lang='lat' dir='ltr'><strong>peccato</strong></span> <span class='ocrx_word' id='word_1_192' title='bbox 2633 1204 2826 1258; x_wconf 74' lang='lat' dir='ltr'><strong>anima:</strong></span> <span class='ocrx_word' id='word_1_193' title='bbox 2853 1221 3004 1260; x_wconf 66' lang='lat' dir='ltr'><strong>mete.</strong></span> <span class='ocrx_word' id='word_1_194' title='bbox 3039 1225 3057 1256; x_wconf 77' lang='grc' dir='ltr'><strong><em>ι</em></strong></span> <span class='ocrx_word' id='word_1_195' title='bbox 3091 1207 3155 1260; x_wconf 87' lang='lat' dir='ltr'><strong>Et</strong></span> <span class='ocrx_word' id='word_1_196' title='bbox 3177 1211 3311 1263; x_wconf 88' lang='lat' dir='ltr'><strong>sicut</strong></span> <span class='ocrx_word' id='word_1_197' title='bbox 3336 1206 3427 1264; x_wconf 68' lang='grc' dir='ltr'><strong>,Ιεο</strong></span> 
     </span>
    </p>
   </div>
   <div class='ocr_carea' id='block_1_27' title="bbox 1853 1291 3426 1362">
    <p class='ocr_par' dir='ltr' id='par_1_27' title="bbox 1853 1291 3426 1362">
     <span class='ocr_line' id='line_1_27' title="bbox 1853 1291 3426 1362; baseline 0.006 -20"><span class='ocrx_word' id='word_1_198' title='bbox 1853 1291 2018 1359; x_wconf 90' lang='lat' dir='ltr'><strong>phthe</strong></span> <span class='ocrx_word' id='word_1_199' title='bbox 2043 1291 2272 1346; x_wconf 71' lang='lat' dir='ltr'><strong>olierens</strong></span> <span class='ocrx_word' id='word_1_200' title='bbox 2304 1292 2464 1346; x_wconf 81' lang='lat' dir='ltr'><strong>tiliam</strong></span> <span class='ocrx_word' id='word_1_201' title='bbox 2496 1309 2592 1362; x_wconf 92' lang='lat' dir='ltr'><strong>pro</strong></span> <span class='ocrx_word' id='word_1_202' title='bbox 2624 1294 2911 1348; x_wconf 89' lang='lat' dir='ltr'><strong>temerario</strong></span> <span class='ocrx_word' id='word_1_203' title='bbox 2952 1305 3094 1349; x_wconf 87' lang='lat' dir='ltr'><strong>voto.</strong></span> <span class='ocrx_word' id='word_1_204' title='bbox 3128 1295 3232 1350; x_wconf 87' lang='lat' dir='ltr'><strong>Sed</strong></span> <span class='ocrx_word' id='word_1_205' title='bbox 3253 1306 3306 1351; x_wconf 93' lang='lat' dir='ltr'><strong>et</strong></span> <span class='ocrx_word' id='word_1_206' title='bbox 3330 1315 3426 1352; x_wconf 84' lang='lat' dir='ltr'><strong>nos</strong></span> 
     </span>
    </p>
   </div>
   <div class='ocr_carea' id='block_1_28' title="bbox 1853 1383 3425 1458">
    <p class='ocr_par' dir='ltr' id='par_1_28' title="bbox 1853 1383 3425 1458">
     <span class='ocr_line' id='line_1_28' title="bbox 1853 1383 3425 1458; baseline 0.006 -24"><span class='ocrx_word' id='word_1_207' title='bbox 1853 1391 2073 1452; x_wconf 87' lang='lat' dir='ltr'><strong>agentes</strong></span> <span class='ocrx_word' id='word_1_208' title='bbox 2100 1383 2490 1451; x_wconf 75' lang='lat' dir='ltr'><strong>ptenitentiam,</strong></span> <span class='ocrx_word' id='word_1_209' title='bbox 2520 1384 2752 1440; x_wconf 85' lang='lat' dir='ltr'><strong>sciamus</strong></span> <span class='ocrx_word' id='word_1_210' title='bbox 2785 1386 2915 1439; x_wconf 89' lang='lat' dir='ltr'><strong>nihil</strong></span> <span class='ocrx_word' id='word_1_211' title='bbox 2938 1403 3034 1442; x_wconf 92' lang='lat' dir='ltr'><strong>nos</strong></span> <span class='ocrx_word' id='word_1_212' title='bbox 3057 1388 3272 1458; x_wconf 87' lang='lat' dir='ltr'><strong>dignum</strong></span> <span class='ocrx_word' id='word_1_213' title='bbox 3298 1391 3425 1443; x_wconf 82' lang='lat' dir='ltr'><strong>dare</strong></span> 
     </span>
    </p>
   </div>
   <div class='ocr_carea' id='block_1_29' title="bbox 1852 1475 3423 1545">
    <p class='ocr_par' dir='ltr' id='par_1_29' title="bbox 1852 1475 3423 1545">
     <span class='ocr_line' id='line_1_29' title="bbox 1852 1475 3423 1545; baseline 0.004 -18"><span class='ocrx_word' id='word_1_214' title='bbox 1852 1488 2012 1543; x_wconf 90' lang='lat' dir='ltr'><strong>posse</strong></span> <span class='ocrx_word' id='word_1_215' title='bbox 2038 1476 2103 1530; x_wconf 89' lang='lat' dir='ltr'><strong>ad</strong></span> <span class='ocrx_word' id='word_1_216' title='bbox 2130 1475 2449 1545; x_wconf 90' lang='lat' dir='ltr'><strong>placandum</strong></span> <span class='ocrx_word' id='word_1_217' title='bbox 2482 1477 2671 1540; x_wconf 90' lang='lat' dir='ltr'><strong>Deum,</strong></span> <span class='ocrx_word' id='word_1_218' title='bbox 2702 1476 2793 1532; x_wconf 89' lang='lat' dir='ltr'><strong>sed</strong></span> <span class='ocrx_word' id='word_1_219' title='bbox 2839 1478 3172 1533; x_wconf 73' lang='lat' dir='ltr'><strong>solummodo</strong></span> <span class='ocrx_word' id='word_1_220' title='bbox 3211 1485 3262 1532; x_wconf 90' lang='lat' dir='ltr'><strong>in</strong></span> <span class='ocrx_word' id='word_1_221' title='bbox 3303 1496 3423 1534; x_wconf 88' lang='lat' dir='ltr'><strong>san-</strong></span> 
     </span>
    </p>
   </div>
   <div class='ocr_carea' id='block_1_30' title="bbox 1851 1566 3423 1640">
    <p class='ocr_par' dir='ltr' id='par_1_30' title="bbox 1851 1566 3423 1640">
     <span class='ocr_line' id='line_1_30' title="bbox 1851 1566 3423 1640; baseline 0.005 -22"><span class='ocrx_word' id='word_1_222' title='bbox 1851 1567 2010 1636; x_wconf 89' lang='lat' dir='ltr'><strong>guine</strong></span> <span class='ocrx_word' id='word_1_223' title='bbox 2028 1566 2353 1621; x_wconf 87' lang='lat' dir='ltr'><strong>immaculati</strong></span> <span class='ocrx_word' id='word_1_224' title='bbox 2378 1575 2432 1621; x_wconf 90' lang='lat' dir='ltr'><strong>et</strong></span> <span class='ocrx_word' id='word_1_225' title='bbox 2453 1567 2739 1636; x_wconf 85' lang='lat' dir='ltr'><strong>singularis</strong></span> <span class='ocrx_word' id='word_1_226' title='bbox 2759 1569 2892 1638; x_wconf 86' lang='lat' dir='ltr'><strong>Agni</strong></span> <span class='ocrx_word' id='word_1_227' title='bbox 2914 1586 3007 1623; x_wconf 89' lang='lat' dir='ltr'><strong>nos</strong></span> <span class='ocrx_word' id='word_1_228' title='bbox 3032 1585 3185 1640; x_wconf 86' lang='lat' dir='ltr'><strong>posse</strong></span> <span class='ocrx_word' id='word_1_229' title='bbox 3205 1570 3423 1634; x_wconf 87' lang='lat' dir='ltr'><strong>salvari,</strong></span> 
     </span>
    </p>
   </div>
   <div class='ocr_carea' id='block_1_31' title="bbox 1851 1656 3422 1730">
    <p class='ocr_par' dir='ltr' id='par_1_31' title="bbox 1851 1656 3422 1730">
     <span class='ocr_line' id='line_1_31' title="bbox 1851 1656 3422 1730; baseline 0.004 -20"><span class='ocrx_word' id='word_1_230' title='bbox 1851 1656 1894 1710; x_wconf 88' lang='lat' dir='ltr'><strong>si</strong></span> <span class='ocrx_word' id='word_1_231' title='bbox 1923 1663 2101 1711; x_wconf 87' lang='lat' dir='ltr'><strong>tamen</strong></span> <span class='ocrx_word' id='word_1_232' title='bbox 2141 1657 2411 1710; x_wconf 84' lang='lat' dir='ltr'><strong>imitemur</strong></span> <span class='ocrx_word' id='word_1_233' title='bbox 2445 1657 2562 1726; x_wconf 94' lang='lat' dir='ltr'><strong>ejus</strong></span> <span class='ocrx_word' id='word_1_234' title='bbox 2590 1659 2924 1726; x_wconf 90' lang='lat' dir='ltr'><strong>passionem,</strong></span> <span class='ocrx_word' id='word_1_235' title='bbox 2959 1669 3015 1713; x_wconf 91' lang='lat' dir='ltr'><strong>ut</strong></span> <span class='ocrx_word' id='word_1_236' title='bbox 3046 1677 3141 1730; x_wconf 87' lang='lat' dir='ltr'><strong>pro</strong></span> <span class='ocrx_word' id='word_1_237' title='bbox 3171 1661 3260 1716; x_wconf 91' lang='lat' dir='ltr'><strong>illo</strong></span> <span class='ocrx_word' id='word_1_238' title='bbox 3289 1663 3422 1716; x_wconf 88' lang='lat' dir='ltr'><strong>mori</strong></span> 
     </span>
    </p>
   </div>
   <div class='ocr_carea' id='block_1_32' title="bbox 1849 1746 3420 1822">
    <p class='ocr_par' dir='ltr' id='par_1_32' title="bbox 1849 1746 3420 1822">
     <span class='ocr_line' id='line_1_32' title="bbox 1849 1746 3420 1822; baseline 0.004 -22"><span class='ocrx_word' id='word_1_239' title='bbox 1849 1748 2021 1816; x_wconf 84' lang='lat' dir='ltr'><strong>parati</strong></span> <span class='ocrx_word' id='word_1_240' title='bbox 2062 1748 2250 1802; x_wconf 91' lang='lat' dir='ltr'><strong>simus.</strong></span> <span class='ocrx_word' id='word_1_241' title='bbox 2284 1746 2416 1801; x_wconf 90' lang='lat' dir='ltr'><strong>Nam</strong></span> <span class='ocrx_word' id='word_1_242' title='bbox 2446 1758 2499 1802; x_wconf 91' lang='lat' dir='ltr'><strong>et</strong></span> <span class='ocrx_word' id='word_1_243' title='bbox 2524 1748 2807 1803; x_wconf 84' lang='lat' dir='ltr'><strong>Psalmista</strong></span> <span class='ocrx_word' id='word_1_244' title='bbox 2851 1765 2971 1804; x_wconf 87' lang='lat' dir='ltr'><strong>cum</strong></span> <span class='ocrx_word' id='word_1_245' title='bbox 3003 1751 3420 1822; x_wconf 80' lang='lat' dir='ltr'><strong>interrogasset:</strong></span> 
     </span>
    </p>
   </div>
   <div class='ocr_carea' id='block_1_33' title="bbox 184 1831 3418 1910">
    <p class='ocr_par' dir='ltr' id='par_1_33' title="bbox 184 1831 3418 1910">
     <span class='ocr_line' id='line_1_33' title="bbox 184 1831 3418 1910; baseline 0.002 -18"><span class='ocrx_word' id='word_1_246' title='bbox 184 1838 312 1893; x_wconf 77' lang='lat' dir='ltr'><strong>Beor</strong></span> <span class='ocrx_word' id='word_1_247' title='bbox 341 1841 403 1894; x_wconf 89' lang='lat' dir='ltr'><strong>de</strong></span> <span class='ocrx_word' id='word_1_248' title='bbox 435 1838 624 1902; x_wconf 85' lang='lat' dir='ltr'><strong>Setim,</strong></span> <span class='ocrx_word' id='word_1_249' title='bbox 657 1853 824 1906; x_wconf 85' lang='lat' dir='ltr'><strong>usque</strong></span> <span class='ocrx_word' id='word_1_250' title='bbox 851 1841 916 1892; x_wconf 89' lang='lat' dir='ltr'><strong>ad</strong></span> <span class='ocrx_word' id='word_1_251' title='bbox 944 1836 1219 1908; x_wconf 81' lang='lat' dir='ltr'><strong>Galgalam</strong></span> <span class='ocrx_word' id='word_1_252' title='bbox 1239 1878 1254 1903; x_wconf 93' lang='lat'><strong>,</strong></span> <span class='ocrx_word' id='word_1_253' title='bbox 1301 1849 1359 1892; x_wconf 94' lang='lat' dir='ltr'><strong>ut</strong></span> <span class='ocrx_word' id='word_1_254' title='bbox 1399 1854 1747 1910; x_wconf 86' lang='lat' dir='ltr'><strong>cognosceres</strong></span> <span class='ocrx_word' id='word_1_255' title='bbox 1779 1831 1820 1889; x_wconf 84' lang='grc' dir='ltr'><strong><em>Β</em></strong></span> <span class='ocrx_word' id='word_1_256' title='bbox 1854 1855 1871 1887; x_wconf 72' lang='grc' dir='ltr'>ι</span> <span class='ocrx_word' id='word_1_257' title='bbox 1898 1838 2034 1904; x_wconf 85' lang='lat' dir='ltr'><strong>Quid</strong></span> <span class='ocrx_word' id='word_1_258' title='bbox 2064 1838 2356 1892; x_wconf 88' lang='lat' dir='ltr'><strong>retribuam</strong></span> <span class='ocrx_word' id='word_1_259' title='bbox 2385 1837 2644 1894; x_wconf 87' lang='lat' dir='ltr'><strong>Domino?</strong></span> <span class='ocrx_word' id='word_1_260' title='bbox 2676 1858 2693 1890; x_wconf 76' lang='grc' dir='ltr'><strong><em>ι</em></strong></span> <span class='ocrx_word' id='word_1_261' title='bbox 2721 1840 2832 1908; x_wconf 90' lang='lat' dir='ltr'><strong>ipse</strong></span> <span class='ocrx_word' id='word_1_262' title='bbox 2858 1841 2959 1895; x_wconf 86' lang='lat' dir='ltr'><strong>sibi</strong></span> <span class='ocrx_word' id='word_1_263' title='bbox 2995 1844 3263 1910; x_wconf 85' lang='lat' dir='ltr'><strong>respondit</strong></span> <span class='ocrx_word' id='word_1_264' title='bbox 3289 1861 3301 1895; x_wconf 91' lang='lat'><strong>:</strong></span> <span class='ocrx_word' id='word_1_265' title='bbox 3325 1843 3418 1898; x_wconf 84' lang='lat' dir='ltr'><strong>Ca-</strong></span> 
     </span>
    </p>
   </div>
   <div class='ocr_carea' id='block_1_34' title="bbox 174 1927 1750 1997">
    <p class='ocr_par' dir='ltr' id='par_1_34' title="bbox 174 1927 1750 1997">
     <span class='ocr_line' id='line_1_34' title="bbox 174 1927 1750 1997; baseline 0.003 -16"><span class='ocrx_word' id='word_1_266' title='bbox 174 1927 406 1997; x_wconf 86' lang='lat' dir='ltr'><strong>justitias</strong></span> <span class='ocrx_word' id='word_1_267' title='bbox 435 1929 660 1983; x_wconf 90' lang='lat' dir='ltr'><strong>Domini.</strong></span> <span class='ocrx_word' id='word_1_268' title='bbox 693 1948 710 1981; x_wconf 76' lang='grc' dir='ltr'>ι</span> <span class='ocrx_word' id='word_1_269' title='bbox 757 1927 921 1982; x_wconf 79' lang='lat' dir='ltr'><strong>Setini</strong></span> <span class='ocrx_word' id='word_1_270' title='bbox 952 1929 1099 1982; x_wconf 87' lang='lat' dir='ltr'><strong>locus</strong></span> <span class='ocrx_word' id='word_1_271' title='bbox 1134 1937 1216 1983; x_wconf 91' lang='lat' dir='ltr'><strong>est</strong></span> <span class='ocrx_word' id='word_1_272' title='bbox 1252 1930 1304 1982; x_wconf 92' lang='lat' dir='ltr'><strong>iu</strong></span> <span class='ocrx_word' id='word_1_273' title='bbox 1341 1944 1544 1995; x_wconf 90' lang='lat' dir='ltr'><strong>eremo,</strong></span> <span class='ocrx_word' id='word_1_274' title='bbox 1576 1931 1750 1986; x_wconf 89' lang='lat' dir='ltr'><strong>dictus</strong></span> 
     </span>
    </p>
   </div>
   <div class='ocr_carea' id='block_1_35' title="bbox 183 2017 1746 2091">
    <p class='ocr_par' dir='ltr' id='par_1_35' title="bbox 183 2017 1746 2091">
     <span class='ocr_line' id='line_1_35' title="bbox 183 2017 1746 2091; baseline -0.002 -15"><span class='ocrx_word' id='word_1_275' title='bbox 183 2023 248 2076; x_wconf 85' lang='lat' dir='ltr'><strong>ab</strong></span> <span class='ocrx_word' id='word_1_276' title='bbox 271 2017 553 2075; x_wconf 75' lang='lat' dir='ltr'><strong>arboribus</strong></span> <span class='ocrx_word' id='word_1_277' title='bbox 578 2035 693 2091; x_wconf 71' lang='lat' dir='ltr'><strong>qure</strong></span> <span class='ocrx_word' id='word_1_278' title='bbox 721 2020 788 2074; x_wconf 91' lang='lat' dir='ltr'><strong>ibi</strong></span> <span class='ocrx_word' id='word_1_279' title='bbox 820 2019 1060 2090; x_wconf 72' lang='lat' dir='ltr'><strong>plurima:</strong></span> <span class='ocrx_word' id='word_1_280' title='bbox 1086 2019 1423 2090; x_wconf 69' lang='lat' dir='ltr'><strong>proveniant.</strong></span> <span class='ocrx_word' id='word_1_281' title='bbox 1467 2019 1603 2075; x_wconf 90' lang='lat' dir='ltr'><strong>Sunt</strong></span> <span class='ocrx_word' id='word_1_282' title='bbox 1648 2036 1746 2075; x_wconf 89' lang='lat' dir='ltr'><strong>au-</strong></span> 
     </span>
    </p>
   </div>
   <div class='ocr_carea' id='block_1_36' title="bbox 186 2109 1742 2180">
    <p class='ocr_par' dir='ltr' id='par_1_36' title="bbox 186 2109 1742 2180">
     <span class='ocr_line' id='line_1_36' title="bbox 186 2109 1742 2180; baseline 0.002 -17"><span class='ocrx_word' id='word_1_283' title='bbox 186 2111 290 2165; x_wconf 78' lang='lat' dir='ltr'><strong>tem</strong></span> <span class='ocrx_word' id='word_1_284' title='bbox 330 2110 529 2166; x_wconf 87' lang='lat' dir='ltr'><strong>similes</strong></span> <span class='ocrx_word' id='word_1_285' title='bbox 574 2109 749 2164; x_wconf 90' lang='lat' dir='ltr'><strong>arbori</strong></span> <span class='ocrx_word' id='word_1_286' title='bbox 796 2126 955 2180; x_wconf 89' lang='lat' dir='ltr'><strong>quam</strong></span> <span class='ocrx_word' id='word_1_287' title='bbox 1003 2109 1209 2179; x_wconf 81' lang='lat' dir='ltr'><strong>spinam</strong></span> <span class='ocrx_word' id='word_1_288' title='bbox 1251 2111 1427 2165; x_wconf 89' lang='lat' dir='ltr'><strong>albam</strong></span> <span class='ocrx_word' id='word_1_289' title='bbox 1471 2127 1742 2166; x_wconf 87' lang='lat' dir='ltr'><strong>vocamus.</strong></span> 
     </span>
    </p>
   </div>
   <div class='ocr_carea' id='block_1_37' title="bbox 179 2199 1744 2274">
    <p class='ocr_par' dir='ltr' id='par_1_37' title="bbox 179 2199 1744 2274">
     <span class='ocr_line' id='line_1_37' title="bbox 179 2199 1744 2274; baseline 0.001 -18"><span class='ocrx_word' id='word_1_290' title='bbox 179 2200 393 2274; x_wconf 79' lang='lat' dir='ltr'><strong>Galgala</strong></span> <span class='ocrx_word' id='word_1_291' title='bbox 426 2210 601 2256; x_wconf 84' lang='lat' dir='ltr'><strong>autem</strong></span> <span class='ocrx_word' id='word_1_292' title='bbox 636 2210 720 2256; x_wconf 90' lang='lat' dir='ltr'><strong>est</strong></span> <span class='ocrx_word' id='word_1_293' title='bbox 745 2200 892 2254; x_wconf 80' lang='lat' dir='ltr'><strong>locus</strong></span> <span class='ocrx_word' id='word_1_294' title='bbox 921 2199 980 2253; x_wconf 85' lang='lat' dir='ltr'><strong>in</strong></span> <span class='ocrx_word' id='word_1_295' title='bbox 1018 2215 1124 2270; x_wconf 91' lang='lat' dir='ltr'><strong>quo</strong></span> <span class='ocrx_word' id='word_1_296' title='bbox 1160 2213 1278 2271; x_wconf 91' lang='lat' dir='ltr'><strong>post</strong></span> <span class='ocrx_word' id='word_1_297' title='bbox 1315 2209 1542 2256; x_wconf 91' lang='lat' dir='ltr'><strong>mortem</strong></span> <span class='ocrx_word' id='word_1_298' title='bbox 1578 2202 1744 2272; x_wconf 84' lang='lat' dir='ltr'><strong>Moysi</strong></span> 
     </span>
    </p>
   </div>
   <div class='ocr_carea' id='block_1_38' title="bbox 177 2290 1742 2362">
    <p class='ocr_par' dir='ltr' id='par_1_38' title="bbox 177 2290 1742 2362">
     <span class='ocr_line' id='line_1_38' title="bbox 177 2290 1742 2362; baseline -0.001 -12"><span class='ocrx_word' id='word_1_299' title='bbox 177 2290 522 2350; x_wconf 78' lang='lat' dir='ltr'><strong>circumcisus</strong></span> <span class='ocrx_word' id='word_1_300' title='bbox 558 2301 641 2348; x_wconf 90' lang='lat' dir='ltr'><strong>est</strong></span> <span class='ocrx_word' id='word_1_301' title='bbox 682 2293 906 2362; x_wconf 81' lang='lat' dir='ltr'><strong>populus</strong></span> <span class='ocrx_word' id='word_1_302' title='bbox 931 2309 958 2346; x_wconf 93' lang='lat' dir='ltr'><strong>a</strong></span> <span class='ocrx_word' id='word_1_303' title='bbox 986 2292 1166 2348; x_wconf 86' lang='lat' dir='ltr'><strong>Josue.</strong></span> <span class='ocrx_word' id='word_1_304' title='bbox 1221 2293 1369 2349; x_wconf 87' lang='lat' dir='ltr'><strong>Unde</strong></span> <span class='ocrx_word' id='word_1_305' title='bbox 1409 2294 1561 2348; x_wconf 91' lang='lat' dir='ltr'><strong>locus</strong></span> <span class='ocrx_word' id='word_1_306' title='bbox 1602 2295 1742 2349; x_wconf 91' lang='lat' dir='ltr'><strong>idem</strong></span> 
     </span>
    </p>
   </div>
   <div class='ocr_carea' id='block_1_39' title="bbox 176 2374 1745 2454">
    <p class='ocr_par' dir='ltr' id='par_1_39' title="bbox 176 2374 1745 2454">
     <span class='ocr_line' id='line_1_39' title="bbox 176 2374 1745 2454; baseline 0.001 -17"><span class='ocrx_word' id='word_1_307' title='bbox 176 2384 395 2441; x_wconf 54' lang='lat' dir='ltr'><strong>Vocatus</strong></span> <span class='ocrx_word' id='word_1_308' title='bbox 422 2395 504 2439; x_wconf 89' lang='lat' dir='ltr'><strong>est</strong></span> <span class='ocrx_word' id='word_1_309' title='bbox 528 2374 745 2453; x_wconf 75' lang='lat' dir='ltr'><strong>Calgala</strong></span> <span class='ocrx_word' id='word_1_310' title='bbox 765 2425 779 2448; x_wconf 95' lang='lat'><strong>,</strong></span> <span class='ocrx_word' id='word_1_311' title='bbox 814 2384 862 2437; x_wconf 88' lang='lat' dir='ltr'><strong>id</strong></span> <span class='ocrx_word' id='word_1_312' title='bbox 891 2392 994 2448; x_wconf 90' lang='lat' dir='ltr'><strong>est,</strong></span> <span class='ocrx_word' id='word_1_313' title='bbox 1022 2383 1172 2438; x_wconf 91' lang='lat' dir='ltr'><strong>collis</strong></span> <span class='ocrx_word' id='word_1_314' title='bbox 1200 2384 1600 2454; x_wconf 66' lang='lat' dir='ltr'><strong>praeputiorum.</strong></span> <span class='ocrx_word' id='word_1_315' title='bbox 1641 2383 1745 2438; x_wconf 87' lang='lat' dir='ltr'><strong>Per</strong></span> 
     </span>
    </p>
   </div>
   <div class='ocr_carea' id='block_1_40' title="bbox 177 2471 1740 2552">
    <p class='ocr_par' dir='ltr' id='par_1_40' title="bbox 177 2471 1740 2552">
     <span class='ocr_line' id='line_1_40' title="bbox 177 2471 1740 2552; baseline -0.001 -22"><span class='ocrx_word' id='word_1_316' title='bbox 177 2477 363 2531; x_wconf 89' lang='lat' dir='ltr'><strong>&#39;cuncta</strong></span> <span class='ocrx_word' id='word_1_317' title='bbox 395 2473 611 2548; x_wconf 81' lang='lat' dir='ltr'><strong>(inquit)</strong></span> <span class='ocrx_word' id='word_1_318' title='bbox 642 2475 756 2531; x_wconf 88' lang='lat' dir='ltr'><strong>loca</strong></span> <span class='ocrx_word' id='word_1_319' title='bbox 781 2473 949 2529; x_wconf 88' lang='lat' dir='ltr'><strong>eremi</strong></span> <span class='ocrx_word' id='word_1_320' title='bbox 985 2474 1259 2552; x_wconf 74' lang='lat' dir='ltr'><strong>vobiscum</strong></span> <span class='ocrx_word' id='word_1_321' title='bbox 1296 2471 1408 2542; x_wconf 87' lang='lat' dir='ltr'><strong>jam</strong></span> <span class='ocrx_word' id='word_1_322' title='bbox 1451 2475 1740 2540; x_wconf 89' lang='lat' dir='ltr'><strong>ambulavi,</strong></span> 
     </span>
    </p>
   </div>
   <div class='ocr_carea' id='block_1_41' title="bbox 176 2563 1739 2634">
    <p class='ocr_par' dir='ltr' id='par_1_41' title="bbox 176 2563 1739 2634">
     <span class='ocr_line' id='line_1_41' title="bbox 176 2563 1739 2634; baseline -0.001 -12"><span class='ocrx_word' id='word_1_323' title='bbox 176 2567 387 2622; x_wconf 88' lang='lat' dir='ltr'><strong>&#39;niutau‘s</strong></span> <span class='ocrx_word' id='word_1_324' title='bbox 413 2575 610 2630; x_wconf 88' lang='lat' dir='ltr'><strong>castra,</strong></span> <span class='ocrx_word' id='word_1_325' title='bbox 640 2575 692 2620; x_wconf 92' lang='lat' dir='ltr'><strong>et</strong></span> <span class='ocrx_word' id='word_1_326' title='bbox 721 2581 812 2618; x_wconf 88' lang='lat' dir='ltr'><strong>vos</strong></span> <span class='ocrx_word' id='word_1_327' title='bbox 844 2580 1057 2634; x_wconf 86' lang='lat' dir='ltr'><strong>semper</strong></span> <span class='ocrx_word' id='word_1_328' title='bbox 1080 2566 1288 2620; x_wconf 85' lang='lat' dir='ltr'><strong>videns.</strong></span> <span class='ocrx_word' id='word_1_329' title='bbox 1329 2564 1402 2620; x_wconf 91' lang='lat' dir='ltr'><strong>De</strong></span> <span class='ocrx_word' id='word_1_330' title='bbox 1433 2563 1622 2630; x_wconf 77' lang='lat' dir='ltr'><strong>Setini,</strong></span> <span class='ocrx_word' id='word_1_331' title='bbox 1641 2565 1739 2620; x_wconf 81' lang='lat' dir='ltr'><strong>ubi</strong></span> 
     </span>
    </p>
   </div>
   <div class='ocr_carea' id='block_1_42' title="bbox 173 2641 1740 2728">
    <p class='ocr_par' dir='ltr' id='par_1_42' title="bbox 173 2641 1740 2728">
     <span class='ocr_line' id='line_1_42' title="bbox 173 2641 1740 2728; baseline -0.001 -16"><span class='ocrx_word' id='word_1_332' title='bbox 173 2641 466 2716; x_wconf 72' lang='lat' dir='ltr'><strong>fornicatus</strong></span> <span class='ocrx_word' id='word_1_333' title='bbox 495 2668 579 2714; x_wconf 92' lang='lat' dir='ltr'><strong>est</strong></span> <span class='ocrx_word' id='word_1_334' title='bbox 607 2657 769 2712; x_wconf 88' lang='lat' dir='ltr'><strong>Israel</strong></span> <span class='ocrx_word' id='word_1_335' title='bbox 799 2673 919 2712; x_wconf 92' lang='lat' dir='ltr'><strong>cum</strong></span> <span class='ocrx_word' id='word_1_336' title='bbox 951 2657 1273 2722; x_wconf 80' lang='lat' dir='ltr'><strong>Madianitis,</strong></span> <span class='ocrx_word' id='word_1_337' title='bbox 1320 2673 1489 2728; x_wconf 84' lang='lat' dir='ltr'><strong>usque</strong></span> <span class='ocrx_word' id='word_1_338' title='bbox 1519 2659 1584 2712; x_wconf 87' lang='lat' dir='ltr'><strong>ad</strong></span> <span class='ocrx_word' id='word_1_339' title='bbox 1615 2655 1740 2712; x_wconf 87' lang='lat' dir='ltr'><strong>Gal—</strong></span> 
     </span>
    </p>
   </div>
   <div class='ocr_carea' id='block_1_43' title="bbox 173 2749 1737 2822">
    <p class='ocr_par' dir='ltr' id='par_1_43' title="bbox 173 2749 1737 2822">
     <span class='ocr_line' id='line_1_43' title="bbox 173 2749 1737 2822; baseline -0.001 -17"><span class='ocrx_word' id='word_1_340' title='bbox 173 2753 312 2822; x_wconf 82' lang='lat' dir='ltr'><strong>gala,</strong></span> <span class='ocrx_word' id='word_1_341' title='bbox 364 2751 415 2806; x_wconf 90' lang='lat' dir='ltr'><strong>id</strong></span> <span class='ocrx_word' id='word_1_342' title='bbox 464 2761 566 2814; x_wconf 82' lang='lat' dir='ltr'><strong>est.</strong></span> <span class='ocrx_word' id='word_1_343' title='bbox 614 2754 785 2805; x_wconf 88' lang='lat' dir='ltr'><strong>donec</strong></span> <span class='ocrx_word' id='word_1_344' title='bbox 827 2765 1005 2820; x_wconf 85' lang='lat' dir='ltr'><strong>regem</strong></span> <span class='ocrx_word' id='word_1_345' title='bbox 1039 2749 1309 2803; x_wconf 74' lang='lat' dir='ltr'><strong>habuistis</strong></span> <span class='ocrx_word' id='word_1_346' title='bbox 1350 2749 1598 2811; x_wconf 88' lang='lat' dir='ltr'><strong>Saalem,</strong></span> <span class='ocrx_word' id='word_1_347' title='bbox 1645 2749 1737 2819; x_wconf 87' lang='lat' dir='ltr'><strong>qui</strong></span> 
     </span>
    </p>
   </div>
   <div class='ocr_carea' id='block_1_44' title="bbox 172 2839 1738 2914">
    <p class='ocr_par' dir='ltr' id='par_1_44' title="bbox 172 2839 1738 2914">
     <span class='ocr_line' id='line_1_44' title="bbox 172 2839 1738 2914; baseline -0.001 -17"><span class='ocrx_word' id='word_1_348' title='bbox 172 2839 321 2914; x_wconf 83' lang='lat' dir='ltr'><strong>prius</strong></span> <span class='ocrx_word' id='word_1_349' title='bbox 349 2845 399 2897; x_wconf 91' lang='lat' dir='ltr'><strong>in</strong></span> <span class='ocrx_word' id='word_1_350' title='bbox 429 2842 664 2913; x_wconf 86' lang='lat' dir='ltr'><strong>Galgalis</strong></span> <span class='ocrx_word' id='word_1_351' title='bbox 693 2851 882 2897; x_wconf 90' lang='lat' dir='ltr'><strong>unctus</strong></span> <span class='ocrx_word' id='word_1_352' title='bbox 911 2850 1010 2905; x_wconf 88' lang='lat' dir='ltr'><strong>est,</strong></span> <span class='ocrx_word' id='word_1_353' title='bbox 1052 2857 1143 2910; x_wconf 90' lang='lat' dir='ltr'><strong>per</strong></span> <span class='ocrx_word' id='word_1_354' title='bbox 1175 2851 1342 2896; x_wconf 87' lang='lat' dir='ltr'><strong>totum</strong></span> <span class='ocrx_word' id='word_1_355' title='bbox 1385 2841 1485 2896; x_wconf 90' lang='lat' dir='ltr'><strong>hoc</strong></span> <span class='ocrx_word' id='word_1_356' title='bbox 1523 2842 1645 2907; x_wconf 86' lang='lat' dir='ltr'><strong>iter,</strong></span> <span class='ocrx_word' id='word_1_357' title='bbox 1683 2850 1738 2896; x_wconf 91' lang='lat' dir='ltr'><strong>et</strong></span> 
     </span>
    </p>
   </div>
   <div class='ocr_carea' id='block_1_45' title="bbox 169 2929 1736 3004">
    <p class='ocr_par' dir='ltr' id='par_1_45' title="bbox 169 2929 1736 3004">
     <span class='ocr_line' id='line_1_45' title="bbox 169 2929 1736 3004; baseline -0.001 -17"><span class='ocrx_word' id='word_1_358' title='bbox 169 2950 262 3004; x_wconf 91' lang='lat' dir='ltr'><strong>per</strong></span> <span class='ocrx_word' id='word_1_359' title='bbox 288 2948 448 2988; x_wconf 88' lang='lat' dir='ltr'><strong>onme</strong></span> <span class='ocrx_word' id='word_1_360' title='bbox 475 2946 682 3002; x_wconf 83' lang='lat' dir='ltr'><strong>tempus</strong></span> <span class='ocrx_word' id='word_1_361' title='bbox 717 2947 821 2986; x_wconf 87' lang='lat' dir='ltr'><strong>non</strong></span> <span class='ocrx_word' id='word_1_362' title='bbox 863 2945 957 2984; x_wconf 89' lang='lat' dir='ltr'><strong>vos</strong></span> <span class='ocrx_word' id='word_1_363' title='bbox 999 2929 1205 2999; x_wconf 91' lang='lat' dir='ltr'><strong>reliqui.</strong></span> <span class='ocrx_word' id='word_1_364' title='bbox 1255 2930 1322 2984; x_wconf 90' lang='lat' dir='ltr'><strong>Et</strong></span> <span class='ocrx_word' id='word_1_365' title='bbox 1361 2943 1482 2984; x_wconf 90' lang='lat' dir='ltr'><strong>cum</strong></span> <span class='ocrx_word' id='word_1_366' title='bbox 1521 2944 1616 2985; x_wconf 89' lang='lat' dir='ltr'><strong>vos</strong></span> <span class='ocrx_word' id='word_1_367' title='bbox 1650 2939 1736 2985; x_wconf 90' lang='lat' dir='ltr'><strong>m&#39;e</strong></span> 
     </span>
    </p>
   </div>
   <div class='ocr_carea' id='block_1_46' title="bbox 165 3019 1734 3095">
    <p class='ocr_par' dir='ltr' id='par_1_46' title="bbox 165 3019 1734 3095">
     <span class='ocr_line' id='line_1_46' title="bbox 165 3019 1734 3095; baseline -0.003 -16"><span class='ocrx_word' id='word_1_368' title='bbox 165 3024 383 3095; x_wconf 64' lang='lat' dir='ltr'><strong>Semper</strong></span> <span class='ocrx_word' id='word_1_369' title='bbox 424 3023 901 3094; x_wconf 78' lang='lat' dir='ltr'><strong>blasphemaretls,</strong></span> <span class='ocrx_word' id='word_1_370' title='bbox 939 3036 1038 3088; x_wconf 75' lang='lat' dir='ltr'><strong>ego</strong></span> <span class='ocrx_word' id='word_1_371' title='bbox 1071 3034 1188 3075; x_wconf 88' lang='lat' dir='ltr'><strong>non</strong></span> <span class='ocrx_word' id='word_1_372' title='bbox 1229 3019 1445 3090; x_wconf 74' lang='lat' dir='ltr'><strong>permisi</strong></span> <span class='ocrx_word' id='word_1_373' title='bbox 1489 3029 1546 3074; x_wconf 93' lang='lat' dir='ltr'><strong>ut</strong></span> <span class='ocrx_word' id='word_1_374' title='bbox 1583 3019 1734 3074; x_wconf 67' lang='lat' dir='ltr'><strong>&quot;vobis</strong></span> 
     </span>
    </p>
   </div>
   <div class='ocr_carea' id='block_1_47' title="bbox 162 3106 1731 3180">
    <p class='ocr_par' dir='ltr' id='par_1_47' title="bbox 162 3106 1731 3180">
     <span class='ocr_line' id='line_1_47' title="bbox 162 3106 1731 3180; baseline -0.002 -11"><span class='ocrx_word' id='word_1_375' title='bbox 162 3109 511 3170; x_wconf 80' lang='lat' dir='ltr'><strong>malediceret</strong></span> <span class='ocrx_word' id='word_1_376' title='bbox 539 3106 770 3180; x_wconf 81' lang='lat' dir='ltr'><strong>Balaam,</strong></span> <span class='ocrx_word' id='word_1_377' title='bbox 801 3113 906 3168; x_wconf 89' lang='lat' dir='ltr'><strong>imo</strong></span> <span class='ocrx_word' id='word_1_378' title='bbox 936 3111 1036 3167; x_wconf 88' lang='lat' dir='ltr'><strong>feci</strong></span> <span class='ocrx_word' id='word_1_379' title='bbox 1071 3121 1130 3167; x_wconf 93' lang='lat' dir='ltr'><strong>ut</strong></span> <span class='ocrx_word' id='word_1_380' title='bbox 1155 3128 1252 3168; x_wconf 88' lang='lat' dir='ltr'><strong>vos</strong></span> <span class='ocrx_word' id='word_1_381' title='bbox 1279 3118 1311 3167; x_wconf 83' lang='grc' dir='ltr'><strong>ε</strong></span> <span class='ocrx_word' id='word_1_382' title='bbox 1339 3112 1610 3168; x_wconf 78' lang='lat' dir='ltr'><strong>contrario</strong></span> <span class='ocrx_word' id='word_1_383' title='bbox 1637 3113 1731 3167; x_wconf 91' lang='lat' dir='ltr'><strong>he-</strong></span> 
     </span>
    </p>
   </div>
   <div class='ocr_carea' id='block_1_48' title="bbox 1848 1925 3420 1994">
    <p class='ocr_par' dir='ltr' id='par_1_48' title="bbox 1848 1925 3420 1994">
     <span class='ocr_line' id='line_1_48' title="bbox 1848 1925 3420 1994; baseline 0.005 -15"><span class='ocrx_word' id='word_1_384' title='bbox 1848 1925 2004 1981; x_wconf 90' lang='lat' dir='ltr'><strong>Iicem</strong></span> <span class='ocrx_word' id='word_1_385' title='bbox 2048 1927 2300 1982; x_wconf 85' lang='lat' dir='ltr'><strong>salutaris</strong></span> <span class='ocrx_word' id='word_1_386' title='bbox 2344 1928 2624 1994; x_wconf 88' lang='lat' dir='ltr'><strong>accipiam,</strong></span> <span class='ocrx_word' id='word_1_387' title='bbox 2677 1939 2731 1982; x_wconf 89' lang='lat' dir='ltr'><strong>et</strong></span> <span class='ocrx_word' id='word_1_388' title='bbox 2772 1946 2964 1984; x_wconf 90' lang='lat' dir='ltr'><strong>nomen</strong></span> <span class='ocrx_word' id='word_1_389' title='bbox 3018 1932 3226 1986; x_wconf 88' lang='lat' dir='ltr'><strong>Domini</strong></span> <span class='ocrx_word' id='word_1_390' title='bbox 3275 1933 3420 1987; x_wconf 81' lang='lat' dir='ltr'><strong>invo-</strong></span> 
     </span>
    </p>
   </div>
   <div class='ocr_carea' id='block_1_49' title="bbox 1846 2016 3418 2090">
    <p class='ocr_par' dir='ltr' id='par_1_49' title="bbox 1846 2016 3418 2090">
     <span class='ocr_line' id='line_1_49' title="bbox 1846 2016 3418 2090; baseline 0.005 -20"><span class='ocrx_word' id='word_1_391' title='bbox 1846 2017 1998 2072; x_wconf 88' lang='lat' dir='ltr'><strong>cabo.</strong></span> <span class='ocrx_word' id='word_1_392' title='bbox 2033 2037 2052 2069; x_wconf 76' lang='grc' dir='ltr'><strong><em>ι</em></strong></span> <span class='ocrx_word' id='word_1_393' title='bbox 2094 2016 2152 2072; x_wconf 89' lang='lat' dir='ltr'><strong>Si</strong></span> <span class='ocrx_word' id='word_1_394' title='bbox 2197 2019 2338 2071; x_wconf 91' lang='lat' dir='ltr'><strong>enim</strong></span> <span class='ocrx_word' id='word_1_395' title='bbox 2393 2017 2480 2072; x_wconf 91' lang='lat' dir='ltr'><strong>ille</strong></span> <span class='ocrx_word' id='word_1_396' title='bbox 2525 2018 2614 2087; x_wconf 92' lang='lat' dir='ltr'><strong>qui</strong></span> <span class='ocrx_word' id='word_1_397' title='bbox 2647 2018 2786 2073; x_wconf 88' lang='lat' dir='ltr'><strong>Deus</strong></span> <span class='ocrx_word' id='word_1_398' title='bbox 2832 2030 2929 2081; x_wconf 89' lang='lat' dir='ltr'><strong>est,</strong></span> <span class='ocrx_word' id='word_1_399' title='bbox 2965 2036 3060 2090; x_wconf 91' lang='lat' dir='ltr'><strong>pro</strong></span> <span class='ocrx_word' id='word_1_400' title='bbox 3108 2023 3259 2076; x_wconf 89' lang='lat' dir='ltr'><strong>nobis</strong></span> <span class='ocrx_word' id='word_1_401' title='bbox 3305 2024 3418 2078; x_wconf 79' lang='lat' dir='ltr'><strong>sine</strong></span> 
     </span>
    </p>
   </div>
   <div class='ocr_carea' id='block_1_50' title="bbox 1845 2112 3419 2182">
    <p class='ocr_par' dir='ltr' id='par_1_50' title="bbox 1845 2112 3419 2182">
     <span class='ocr_line' id='line_1_50' title="bbox 1845 2112 3419 2182; baseline 0.004 -20"><span class='ocrx_word' id='word_1_402' title='bbox 1845 2119 2067 2176; x_wconf 84' lang='lat' dir='ltr'><strong>peccato</strong></span> <span class='ocrx_word' id='word_1_403' title='bbox 2087 2119 2328 2164; x_wconf 89' lang='lat' dir='ltr'><strong>mortuus</strong></span> <span class='ocrx_word' id='word_1_404' title='bbox 2345 2118 2446 2172; x_wconf 90' lang='lat' dir='ltr'><strong>est,</strong></span> <span class='ocrx_word' id='word_1_405' title='bbox 2473 2120 2525 2165; x_wconf 91' lang='lat' dir='ltr'><strong>et</strong></span> <span class='ocrx_word' id='word_1_406' title='bbox 2550 2125 2646 2164; x_wconf 92' lang='lat' dir='ltr'><strong>nos</strong></span> <span class='ocrx_word' id='word_1_407' title='bbox 2666 2112 2754 2180; x_wconf 92' lang='lat' dir='ltr'><strong>qui</strong></span> <span class='ocrx_word' id='word_1_408' title='bbox 2778 2112 3019 2166; x_wconf 85' lang='lat' dir='ltr'><strong>homines</strong></span> <span class='ocrx_word' id='word_1_409' title='bbox 3042 2121 3095 2167; x_wconf 89' lang='lat' dir='ltr'><strong>et</strong></span> <span class='ocrx_word' id='word_1_410' title='bbox 3115 2124 3419 2182; x_wconf 74' lang='lat' dir='ltr'><strong>peccatores</strong></span> 
     </span>
    </p>
   </div>
   <div class='ocr_carea' id='block_1_51' title="bbox 1845 2199 3416 2272">
    <p class='ocr_par' dir='ltr' id='par_1_51' title="bbox 1845 2199 3416 2272">
     <span class='ocr_line' id='line_1_51' title="bbox 1845 2199 3416 2272; baseline 0.004 -20"><span class='ocrx_word' id='word_1_411' title='bbox 1845 2214 2031 2254; x_wconf 88' lang='lat' dir='ltr'><strong>sumus</strong></span> <span class='ocrx_word' id='word_1_412' title='bbox 2052 2242 2066 2264; x_wconf 84' lang='lat'><strong>,</strong></span> <span class='ocrx_word' id='word_1_413' title='bbox 2097 2199 2349 2255; x_wconf 84' lang='lat' dir='ltr'><strong>debemus</strong></span> <span class='ocrx_word' id='word_1_414' title='bbox 2375 2201 2549 2270; x_wconf 79' lang='lat' dir='ltr'><strong>parati</strong></span> <span class='ocrx_word' id='word_1_415' title='bbox 2579 2216 2790 2270; x_wconf 88' lang='lat' dir='ltr'><strong>semper</strong></span> <span class='ocrx_word' id='word_1_416' title='bbox 2819 2216 2936 2257; x_wconf 87' lang='lat' dir='ltr'><strong>esse</strong></span> <span class='ocrx_word' id='word_1_417' title='bbox 2964 2211 3019 2256; x_wconf 92' lang='lat' dir='ltr'><strong>ut</strong></span> <span class='ocrx_word' id='word_1_418' title='bbox 3055 2219 3152 2272; x_wconf 90' lang='lat' dir='ltr'><strong>pro</strong></span> <span class='ocrx_word' id='word_1_419' title='bbox 3181 2203 3271 2258; x_wconf 91' lang='lat' dir='ltr'><strong>illo</strong></span> <span class='ocrx_word' id='word_1_420' title='bbox 3301 2220 3416 2259; x_wconf 84' lang='lat' dir='ltr'><strong>mo-</strong></span> 
     </span>
    </p>
   </div>
   <div class='ocr_carea' id='block_1_52' title="bbox 1845 2291 2068 2344">
    <p class='ocr_par' dir='ltr' id='par_1_52' title="bbox 1845 2291 2068 2344">
     <span class='ocr_line' id='line_1_52' title="bbox 1845 2291 2068 2344; baseline 0 0"><span class='ocrx_word' id='word_1_421' title='bbox 1845 2291 2068 2344; x_wconf 75' lang='lat' dir='ltr'><strong>riamur.</strong></span> 
     </span>
    </p>
   </div>
   <div class='ocr_carea' id='block_1_53' title="bbox 1917 2378 3416 2454">
    <p class='ocr_par' dir='ltr' id='par_1_53' title="bbox 1917 2378 3416 2454">
     <span class='ocr_line' id='line_1_53' title="bbox 1917 2378 3416 2454; baseline 0.004 -22"><span class='ocrx_word' id='word_1_422' title='bbox 1917 2398 1935 2432; x_wconf 73' lang='grc' dir='ltr'>ι</span> <span class='ocrx_word' id='word_1_423' title='bbox 1965 2378 2217 2434; x_wconf 85' lang='lat' dir='ltr'><strong>Indicabo</strong></span> <span class='ocrx_word' id='word_1_424' title='bbox 2249 2379 2362 2443; x_wconf 89' lang='lat' dir='ltr'><strong>tibi,</strong></span> <span class='ocrx_word' id='word_1_425' title='bbox 2385 2395 2418 2434; x_wconf 93' lang='lat' dir='ltr'><strong>o</strong></span> <span class='ocrx_word' id='word_1_426' title='bbox 2447 2380 2636 2444; x_wconf 87' lang='lat' dir='ltr'><strong>homo,</strong></span> <span class='ocrx_word' id='word_1_427' title='bbox 2664 2381 2790 2451; x_wconf 88' lang='lat' dir='ltr'><strong>quid</strong></span> <span class='ocrx_word' id='word_1_428' title='bbox 2834 2381 2903 2437; x_wconf 91' lang='lat' dir='ltr'><strong>sit</strong></span> <span class='ocrx_word' id='word_1_429' title='bbox 2932 2383 3162 2449; x_wconf 89' lang='lat' dir='ltr'><strong>bonum,</strong></span> <span class='ocrx_word' id='word_1_430' title='bbox 3199 2392 3254 2438; x_wconf 91' lang='lat' dir='ltr'><strong>et</strong></span> <span class='ocrx_word' id='word_1_431' title='bbox 3289 2385 3416 2454; x_wconf 89' lang='lat' dir='ltr'><strong>quid</strong></span> 
     </span>
    </p>
   </div>
   <div class='ocr_carea' id='block_1_54' title="bbox 1842 2467 3414 2541">
    <p class='ocr_par' dir='ltr' id='par_1_54' title="bbox 1842 2467 3414 2541">
     <span class='ocr_line' id='line_1_54' title="bbox 1842 2467 3414 2541; baseline 0.004 -19"><span class='ocrx_word' id='word_1_432' title='bbox 1842 2467 2100 2524; x_wconf 90' lang='lat' dir='ltr'><strong>Dominus</strong></span> <span class='ocrx_word' id='word_1_433' title='bbox 2150 2470 2387 2538; x_wconf 89' lang='lat' dir='ltr'><strong>requirat</strong></span> <span class='ocrx_word' id='word_1_434' title='bbox 2413 2486 2442 2524; x_wconf 90' lang='lat' dir='ltr'><strong>a</strong></span> <span class='ocrx_word' id='word_1_435' title='bbox 2472 2479 2542 2525; x_wconf 88' lang='lat' dir='ltr'><strong>te.</strong></span> <span class='ocrx_word' id='word_1_436' title='bbox 2580 2471 2772 2541; x_wconf 89' lang='lat' dir='ltr'><strong>Utique</strong></span> <span class='ocrx_word' id='word_1_437' title='bbox 2817 2472 2994 2526; x_wconf 85' lang='lat' dir='ltr'><strong>facere</strong></span> <span class='ocrx_word' id='word_1_438' title='bbox 3031 2471 3314 2541; x_wconf 84' lang='lat' dir='ltr'><strong>judicium,</strong></span> <span class='ocrx_word' id='word_1_439' title='bbox 3359 2483 3414 2529; x_wconf 89' lang='lat' dir='ltr'><strong>et</strong></span> 
     </span>
    </p>
   </div>
   <div class='ocr_carea' id='block_1_55' title="bbox 1841 2559 3416 2631">
    <p class='ocr_par' dir='ltr' id='par_1_55' title="bbox 1841 2559 3416 2631">
     <span class='ocr_line' id='line_1_55' title="bbox 1841 2559 3416 2631; baseline 0.006 -18"><span class='ocrx_word' id='word_1_440' title='bbox 1841 2559 2059 2631; x_wconf 49' lang='lat' dir='ltr'><strong>diligare</strong></span> <span class='ocrx_word' id='word_1_441' title='bbox 2086 2559 2531 2615; x_wconf 84' lang='lat' dir='ltr'><strong>misericordiam.</strong></span> <span class='ocrx_word' id='word_1_442' title='bbox 2567 2579 2585 2612; x_wconf 86' lang='grc'>›</span> <span class='ocrx_word' id='word_1_443' title='bbox 2616 2561 2724 2616; x_wconf 79' lang='lat' dir='ltr'><strong>Hoc</strong></span> <span class='ocrx_word' id='word_1_444' title='bbox 2750 2578 2859 2616; x_wconf 85' lang='lat' dir='ltr'><strong>non</strong></span> <span class='ocrx_word' id='word_1_445' title='bbox 2904 2573 3107 2617; x_wconf 85' lang='lat' dir='ltr'><strong>tantum</strong></span> <span class='ocrx_word' id='word_1_446' title='bbox 3149 2565 3217 2620; x_wconf 86' lang='lat' dir='ltr'><strong>ad</strong></span> <span class='ocrx_word' id='word_1_447' title='bbox 3259 2566 3416 2622; x_wconf 83' lang='lat' dir='ltr'><strong>unius</strong></span> 
     </span>
    </p>
   </div>
   <div class='ocr_carea' id='block_1_56' title="bbox 1839 2649 3414 2720">
    <p class='ocr_par' dir='ltr' id='par_1_56' title="bbox 1839 2649 3414 2720">
     <span class='ocr_line' id='line_1_56' title="bbox 1839 2649 3414 2720; baseline 0.008 -23"><span class='ocrx_word' id='word_1_448' title='bbox 1839 2651 2012 2719; x_wconf 67' lang='lat' dir='ltr'><strong>gentis</strong></span> <span class='ocrx_word' id='word_1_449' title='bbox 2037 2649 2319 2718; x_wconf 88' lang='lat' dir='ltr'><strong>populum,</strong></span> <span class='ocrx_word' id='word_1_450' title='bbox 2351 2651 2455 2707; x_wconf 76' lang='lat' dir='ltr'><strong>sed.</strong></span> <span class='ocrx_word' id='word_1_451' title='bbox 2484 2651 2805 2720; x_wconf 78' lang='lat' dir='ltr'><strong>generaliter</strong></span> <span class='ocrx_word' id='word_1_452' title='bbox 2841 2652 2906 2705; x_wconf 90' lang='lat' dir='ltr'><strong>ad</strong></span> <span class='ocrx_word' id='word_1_453' title='bbox 2952 2667 3138 2707; x_wconf 87' lang='lat' dir='ltr'><strong>omnes</strong></span> <span class='ocrx_word' id='word_1_454' title='bbox 3169 2655 3414 2711; x_wconf 90' lang='lat' dir='ltr'><strong>homines</strong></span> 
     </span>
    </p>
   </div>
   <div class='ocr_carea' id='block_1_57' title="bbox 1837 2741 3414 2815">
    <p class='ocr_par' dir='ltr' id='par_1_57' title="bbox 1837 2741 3414 2815">
     <span class='ocr_line' id='line_1_57' title="bbox 1837 2741 3414 2815; baseline 0.004 -20"><span class='ocrx_word' id='word_1_455' title='bbox 1837 2741 2036 2796; x_wconf 89' lang='lat' dir='ltr'><strong>dicitur</strong></span> <span class='ocrx_word' id='word_1_456' title='bbox 2070 2742 2244 2808; x_wconf 81' lang='lat' dir='ltr'><strong>:Quia</strong></span> <span class='ocrx_word' id='word_1_457' title='bbox 2296 2741 2530 2806; x_wconf 90' lang='lat' dir='ltr'><strong>dubitas,</strong></span> <span class='ocrx_word' id='word_1_458' title='bbox 2559 2741 2851 2796; x_wconf 88' lang='lat' dir='ltr'><strong>humanum</strong></span> <span class='ocrx_word' id='word_1_459' title='bbox 2894 2759 3079 2814; x_wconf 87' lang='lat' dir='ltr'><strong>genus,</strong></span> <span class='ocrx_word' id='word_1_460' title='bbox 3125 2744 3266 2814; x_wconf 84' lang='lat' dir='ltr'><strong>quod</strong></span> <span class='ocrx_word' id='word_1_461' title='bbox 3317 2760 3414 2815; x_wconf 89' lang='lat' dir='ltr'><strong>pro</strong></span> 
     </span>
    </p>
   </div>
   <div class='ocr_carea' id='block_1_58' title="bbox 1835 2832 3410 2909">
    <p class='ocr_par' dir='ltr' id='par_1_58' title="bbox 1835 2832 3410 2909">
     <span class='ocr_line' id='line_1_58' title="bbox 1835 2832 3410 2909; baseline 0.007 -26"><span class='ocrx_word' id='word_1_462' title='bbox 1835 2832 2070 2898; x_wconf 86' lang='lat' dir='ltr'><strong>peccatis</strong></span> <span class='ocrx_word' id='word_1_463' title='bbox 2102 2833 2203 2887; x_wconf 92' lang='lat' dir='ltr'><strong>tuis</strong></span> <span class='ocrx_word' id='word_1_464' title='bbox 2245 2833 2420 2902; x_wconf 89' lang='lat' dir='ltr'><strong>possis</strong></span> <span class='ocrx_word' id='word_1_465' title='bbox 2465 2833 2678 2901; x_wconf 88' lang='lat' dir='ltr'><strong>placare</strong></span> <span class='ocrx_word' id='word_1_466' title='bbox 2717 2834 2920 2901; x_wconf 85' lang='lat' dir='ltr'><strong>Deum,</strong></span> <span class='ocrx_word' id='word_1_467' title='bbox 2952 2836 3125 2891; x_wconf 89' lang='lat' dir='ltr'><strong>dicam</strong></span> <span class='ocrx_word' id='word_1_468' title='bbox 3159 2837 3252 2891; x_wconf 90' lang='lat' dir='ltr'><strong>tibi</strong></span> <span class='ocrx_word' id='word_1_469' title='bbox 3281 2839 3410 2909; x_wconf 86' lang='lat' dir='ltr'><strong>quid</strong></span> 
     </span>
    </p>
   </div>
   <div class='ocr_carea' id='block_1_59' title="bbox 1836 2923 3411 2998">
    <p class='ocr_par' dir='ltr' id='par_1_59' title="bbox 1836 2923 3411 2998">
     <span class='ocr_line' id='line_1_59' title="bbox 1836 2923 3411 2998; baseline 0.003 -21"><span class='ocrx_word' id='word_1_470' title='bbox 1836 2934 2043 2992; x_wconf 69' lang='lat' dir='ltr'><strong>qumrat</strong></span> <span class='ocrx_word' id='word_1_471' title='bbox 2070 2924 2238 2990; x_wconf 91' lang='lat' dir='ltr'><strong>Deus,</strong></span> <span class='ocrx_word' id='word_1_472' title='bbox 2265 2925 2446 2993; x_wconf 90' lang='lat' dir='ltr'><strong>utique</strong></span> <span class='ocrx_word' id='word_1_473' title='bbox 2469 2923 2646 2980; x_wconf 90' lang='lat' dir='ltr'><strong>facere</strong></span> <span class='ocrx_word' id='word_1_474' title='bbox 2677 2925 2960 2995; x_wconf 85' lang='lat' dir='ltr'><strong>judicium,</strong></span> <span class='ocrx_word' id='word_1_475' title='bbox 2987 2936 3091 2982; x_wconf 92' lang='lat' dir='ltr'><strong>etc.</strong></span> <span class='ocrx_word' id='word_1_476' title='bbox 3125 2926 3253 2982; x_wconf 87' lang='lat' dir='ltr'><strong>Tale</strong></span> <span class='ocrx_word' id='word_1_477' title='bbox 3283 2929 3411 2998; x_wconf 90' lang='lat' dir='ltr'><strong>quid</strong></span> 
     </span>
    </p>
   </div>
   <div class='ocr_carea' id='block_1_60' title="bbox 1835 3012 3407 3083">
    <p class='ocr_par' dir='ltr' id='par_1_60' title="bbox 1835 3012 3407 3083">
     <span class='ocr_line' id='line_1_60' title="bbox 1835 3012 3407 3083; baseline 0.001 -15"><span class='ocrx_word' id='word_1_478' title='bbox 1835 3021 1890 3068; x_wconf 88' lang='lat' dir='ltr'><strong>et</strong></span> <span class='ocrx_word' id='word_1_479' title='bbox 1934 3012 2142 3083; x_wconf 85' lang='lat' dir='ltr'><strong>Moyses</strong></span> <span class='ocrx_word' id='word_1_480' title='bbox 2189 3015 2243 3068; x_wconf 92' lang='lat' dir='ltr'><strong>in</strong></span> <span class='ocrx_word' id='word_1_481' title='bbox 2279 3013 2702 3069; x_wconf 87' lang='lat' dir='ltr'><strong>Deutcronomio</strong></span> <span class='ocrx_word' id='word_1_482' title='bbox 2723 3015 2857 3068; x_wconf 83' lang='lat' dir='ltr'><strong>dixit</strong></span> <span class='ocrx_word' id='word_1_483' title='bbox 2886 3015 2992 3070; x_wconf 80' lang='lat' dir='ltr'><strong>:Et</strong></span> <span class='ocrx_word' id='word_1_484' title='bbox 3025 3033 3184 3081; x_wconf 85' lang='lat' dir='ltr'><strong>nunc,</strong></span> <span class='ocrx_word' id='word_1_485' title='bbox 3216 3017 3407 3079; x_wconf 85' lang='lat' dir='ltr'><strong>Israel,</strong></span> 
     </span>
    </p>
   </div>
   <div class='ocr_carea' id='block_1_61' title="bbox 1835 3104 3444 3178">
    <p class='ocr_par' dir='ltr' id='par_1_61' title="bbox 1835 3104 3444 3178">
     <span class='ocr_line' id='line_1_61' title="bbox 1835 3104 3444 3178; baseline 0.004 -21"><span class='ocrx_word' id='word_1_486' title='bbox 1835 3105 1962 3172; x_wconf 83' lang='lat' dir='ltr'><strong>quid</strong></span> <span class='ocrx_word' id='word_1_487' title='bbox 1993 3104 2247 3159; x_wconf 91' lang='lat' dir='ltr'><strong>Dominus</strong></span> <span class='ocrx_word' id='word_1_488' title='bbox 2273 3105 2412 3158; x_wconf 88' lang='lat' dir='ltr'><strong>Deus</strong></span> <span class='ocrx_word' id='word_1_489' title='bbox 2440 3114 2561 3158; x_wconf 88' lang='lat' dir='ltr'><strong>tuus</strong></span> <span class='ocrx_word' id='word_1_490' title='bbox 2601 3106 2848 3174; x_wconf 61' lang='lat' dir='ltr'><strong>quatrita</strong></span> <span class='ocrx_word' id='word_1_491' title='bbox 2883 3114 2955 3170; x_wconf 84' lang='lat' dir='ltr'><strong>te,</strong></span> <span class='ocrx_word' id='word_1_492' title='bbox 2988 3107 3089 3161; x_wconf 90' lang='lat' dir='ltr'><strong>nisi</strong></span> <span class='ocrx_word' id='word_1_493' title='bbox 3136 3117 3195 3161; x_wconf 91' lang='lat' dir='ltr'><strong>ut</strong></span> <span class='ocrx_word' id='word_1_494' title='bbox 3220 3108 3412 3178; x_wconf 84' lang='lat' dir='ltr'><strong>diligas</strong></span> <span class='ocrx_word' id='word_1_495' title='bbox 3441 3105 3444 3108; x_wconf 66' lang='grc'><em>’</em></span> 
     </span>
    </p>
   </div>
   <div class='ocr_carea' id='block_1_62' title="bbox 162 3183 3408 3275">
    <p class='ocr_par' dir='ltr' id='par_1_62' title="bbox 162 3183 3408 3275">
     <span class='ocr_line' id='line_1_62' title="bbox 162 3183 3408 3275; baseline -0.001 -17"><span class='ocrx_word' id='word_1_496' title='bbox 162 3207 460 3262; x_wconf 88' lang='lat' dir='ltr'><strong>ncdiccrct.</strong></span> <span class='ocrx_word' id='word_1_497' title='bbox 493 3205 615 3262; x_wconf 72' lang='lat' dir='ltr'><strong>&quot;me</strong></span> <span class='ocrx_word' id='word_1_498' title='bbox 643 3205 796 3274; x_wconf 86' lang='lat' dir='ltr'><strong>juxta</strong></span> <span class='ocrx_word' id='word_1_499' title='bbox 826 3205 1056 3260; x_wconf 89' lang='lat' dir='ltr'><strong>litteram</strong></span> <span class='ocrx_word' id='word_1_500' title='bbox 1078 3245 1092 3269; x_wconf 94' lang='lat'><strong>,</strong></span> <span class='ocrx_word' id='word_1_501' title='bbox 1142 3220 1261 3275; x_wconf 76' lang='lat' dir='ltr'><strong>qua:</strong></span> <span class='ocrx_word' id='word_1_502' title='bbox 1304 3204 1465 3259; x_wconf 89' lang='lat' dir='ltr'><strong>etiam</strong></span> <span class='ocrx_word' id='word_1_503' title='bbox 1512 3212 1735 3275; x_wconf 90' lang='lat' dir='ltr'><strong>possunt</strong></span> <span class='ocrx_word' id='word_1_504' title='bbox 1761 3183 1804 3245; x_wconf 81' lang='lat' dir='ltr'>C</span> <span class='ocrx_word' id='word_1_505' title='bbox 1839 3197 2120 3252; x_wconf 89' lang='lat' dir='ltr'><strong>Dominum</strong></span> <span class='ocrx_word' id='word_1_506' title='bbox 2144 3197 2312 3251; x_wconf 90' lang='lat' dir='ltr'><strong>Deum</strong></span> <span class='ocrx_word' id='word_1_507' title='bbox 2342 3204 2512 3262; x_wconf 90' lang='lat' dir='ltr'><strong>tuum,</strong></span> <span class='ocrx_word' id='word_1_508' title='bbox 2541 3206 2593 3251; x_wconf 90' lang='lat' dir='ltr'><strong>et</strong></span> <span class='ocrx_word' id='word_1_509' title='bbox 2615 3197 2856 3251; x_wconf 86' lang='lat' dir='ltr'><strong>ambules</strong></span> <span class='ocrx_word' id='word_1_510' title='bbox 2886 3198 2937 3251; x_wconf 89' lang='lat' dir='ltr'><strong>in</strong></span> <span class='ocrx_word' id='word_1_511' title='bbox 2962 3198 3064 3252; x_wconf 83' lang='lat' dir='ltr'><strong>viis</strong></span> <span class='ocrx_word' id='word_1_512' title='bbox 3091 3197 3226 3266; x_wconf 87' lang='lat' dir='ltr'><strong>ejus,</strong></span> <span class='ocrx_word' id='word_1_513' title='bbox 3257 3209 3310 3252; x_wconf 90' lang='lat' dir='ltr'><strong>et</strong></span> <span class='ocrx_word' id='word_1_514' title='bbox 3331 3201 3408 3254; x_wconf 84' lang='lat' dir='ltr'><strong>di-</strong></span> 
     </span>
    </p>
   </div>
   <div class='ocr_carea' id='block_1_63' title="bbox 159 3283 1734 3364">
    <p class='ocr_par' dir='ltr' id='par_1_63' title="bbox 159 3283 1734 3364">
     <span class='ocr_line' id='line_1_63' title="bbox 159 3283 1734 3364; baseline -0.001 -15"><span class='ocrx_word' id='word_1_515' title='bbox 159 3294 442 3349; x_wconf 87' lang='lat' dir='ltr'><strong>moraliter</strong></span> <span class='ocrx_word' id='word_1_516' title='bbox 465 3295 532 3349; x_wconf 88' lang='lat' dir='ltr'><strong>ad</strong></span> <span class='ocrx_word' id='word_1_517' title='bbox 559 3311 656 3348; x_wconf 92' lang='lat' dir='ltr'><strong>nos</strong></span> <span class='ocrx_word' id='word_1_518' title='bbox 680 3283 891 3358; x_wconf 80' lang='lat' dir='ltr'><strong>referri,</strong></span> <span class='ocrx_word' id='word_1_519' title='bbox 916 3293 1006 3364; x_wconf 87' lang='lat' dir='ltr'><strong>qui</strong></span> <span class='ocrx_word' id='word_1_520' title='bbox 1034 3305 1218 3348; x_wconf 85' lang='lat' dir='ltr'><strong>sumus</strong></span> <span class='ocrx_word' id='word_1_521' title='bbox 1247 3293 1301 3348; x_wconf 92' lang='lat' dir='ltr'><strong>in</strong></span> <span class='ocrx_word' id='word_1_522' title='bbox 1335 3293 1590 3348; x_wconf 86' lang='lat' dir='ltr'><strong>Ecclesia.</strong></span> <span class='ocrx_word' id='word_1_523' title='bbox 1620 3294 1734 3348; x_wconf 86' lang='lat' dir='ltr'><strong>Dis-</strong></span> 
     </span>
    </p>
   </div>
   <div class='ocr_carea' id='block_1_64' title="bbox 157 3383 1733 3457">
    <p class='ocr_par' dir='ltr' id='par_1_64' title="bbox 157 3383 1733 3457">
     <span class='ocr_line' id='line_1_64' title="bbox 157 3383 1733 3457; baseline 0.001 -19"><span class='ocrx_word' id='word_1_524' title='bbox 157 3395 320 3457; x_wconf 82' lang='lat' dir='ltr'><strong>putat</strong></span> <span class='ocrx_word' id='word_1_525' title='bbox 355 3399 482 3457; x_wconf 86' lang='lat' dir='ltr'><strong>ergo</strong></span> <span class='ocrx_word' id='word_1_526' title='bbox 520 3383 706 3441; x_wconf 80' lang='lat' dir='ltr'><strong>contra</strong></span> <span class='ocrx_word' id='word_1_527' title='bbox 738 3395 834 3440; x_wconf 79' lang='lat' dir='ltr'><strong>nos</strong></span> <span class='ocrx_word' id='word_1_528' title='bbox 871 3386 1148 3451; x_wconf 82' lang='lat' dir='ltr'><strong>Dominus,</strong></span> <span class='ocrx_word' id='word_1_529' title='bbox 1193 3395 1248 3440; x_wconf 91' lang='lat' dir='ltr'><strong>et</strong></span> <span class='ocrx_word' id='word_1_530' title='bbox 1285 3387 1458 3457; x_wconf 85' lang='lat' dir='ltr'><strong>arguit</strong></span> <span class='ocrx_word' id='word_1_531' title='bbox 1493 3401 1590 3440; x_wconf 93' lang='lat' dir='ltr'><strong>nos</strong></span> <span class='ocrx_word' id='word_1_532' title='bbox 1619 3395 1733 3440; x_wconf 90' lang='lat' dir='ltr'><strong>tra-</strong></span> 
     </span>
    </p>
   </div>
   <div class='ocr_carea' id='block_1_65' title="bbox 154 3473 1732 3550">
    <p class='ocr_par' dir='ltr' id='par_1_65' title="bbox 154 3473 1732 3550">
     <span class='ocr_line' id='line_1_65' title="bbox 154 3473 1732 3550; baseline 0 -16"><span class='ocrx_word' id='word_1_533' title='bbox 154 3473 338 3534; x_wconf 67' lang='lat' dir='ltr'><strong>dendo</strong></span> <span class='ocrx_word' id='word_1_534' title='bbox 369 3487 466 3550; x_wconf 87' lang='lat' dir='ltr'><strong>pro</strong></span> <span class='ocrx_word' id='word_1_535' title='bbox 494 3479 646 3534; x_wconf 79' lang='lat' dir='ltr'><strong>nobis</strong></span> <span class='ocrx_word' id='word_1_536' title='bbox 685 3477 876 3532; x_wconf 77' lang='lat' dir='ltr'><strong>Filium</strong></span> <span class='ocrx_word' id='word_1_537' title='bbox 919 3494 1074 3534; x_wconf 90' lang='lat' dir='ltr'><strong>suum</strong></span> <span class='ocrx_word' id='word_1_538' title='bbox 1111 3479 1163 3534; x_wconf 92' lang='lat' dir='ltr'><strong>in</strong></span> <span class='ocrx_word' id='word_1_539' title='bbox 1203 3488 1450 3534; x_wconf 84' lang='lat' dir='ltr'><strong>mortem.</strong></span> <span class='ocrx_word' id='word_1_540' title='bbox 1485 3479 1549 3534; x_wconf 82' lang='lat' dir='ltr'><strong>Et</strong></span> <span class='ocrx_word' id='word_1_541' title='bbox 1587 3480 1732 3534; x_wconf 90' lang='lat' dir='ltr'><strong>misit</strong></span> 
     </span>
    </p>
   </div>
   <div class='ocr_carea' id='block_1_66' title="bbox 152 3558 1733 3643">
    <p class='ocr_par' dir='ltr' id='par_1_66' title="bbox 152 3558 1733 3643">
     <span class='ocr_line' id='line_1_66' title="bbox 152 3558 1733 3643; baseline -0.001 -17"><span class='ocrx_word' id='word_1_542' title='bbox 152 3581 280 3627; x_wconf 86' lang='lat' dir='ltr'><strong>ante</strong></span> <span class='ocrx_word' id='word_1_543' title='bbox 316 3558 767 3627; x_wconf 22' lang='lat' dir='ltr'><strong>faciem-nostram</strong></span> <span class='ocrx_word' id='word_1_544' title='bbox 797 3570 1038 3643; x_wconf 85' lang='lat' dir='ltr'><strong>Moysen,</strong></span> <span class='ocrx_word' id='word_1_545' title='bbox 1083 3570 1134 3626; x_wconf 91' lang='lat' dir='ltr'><strong>id</strong></span> <span class='ocrx_word' id='word_1_546' title='bbox 1170 3581 1250 3626; x_wconf 85' lang='lat' dir='ltr'><strong>est</strong></span> <span class='ocrx_word' id='word_1_547' title='bbox 1290 3571 1480 3642; x_wconf 86' lang='lat' dir='ltr'><strong>legem,</strong></span> <span class='ocrx_word' id='word_1_548' title='bbox 1510 3580 1564 3626; x_wconf 91' lang='lat' dir='ltr'><strong>et</strong></span> <span class='ocrx_word' id='word_1_549' title='bbox 1589 3572 1733 3626; x_wconf 90' lang='lat' dir='ltr'><strong>misit</strong></span> 
     </span>
    </p>
   </div>
   <div class='ocr_carea' id='block_1_67' title="bbox 149 3664 1732 3735">
    <p class='ocr_par' dir='ltr' id='par_1_67' title="bbox 149 3664 1732 3735">
     <span class='ocr_line' id='line_1_67' title="bbox 149 3664 1732 3735; baseline 0.002 -17"><span class='ocrx_word' id='word_1_550' title='bbox 149 3666 375 3728; x_wconf 79' lang='lat' dir='ltr'><strong>Aaron,</strong></span> <span class='ocrx_word' id='word_1_551' title='bbox 406 3665 496 3733; x_wconf 89' lang='lat' dir='ltr'><strong>qui</strong></span> <span class='ocrx_word' id='word_1_552' title='bbox 536 3665 921 3735; x_wconf 86' lang='lat' dir='ltr'><strong>interpretatur</strong></span> <span class='ocrx_word' id='word_1_553' title='bbox 956 3679 1110 3720; x_wconf 91' lang='lat' dir='ltr'><strong>mons</strong></span> <span class='ocrx_word' id='word_1_554' title='bbox 1150 3664 1509 3730; x_wconf 87' lang='lat' dir='ltr'><strong>fortitudinis,</strong></span> <span class='ocrx_word' id='word_1_555' title='bbox 1555 3667 1605 3720; x_wconf 92' lang='lat' dir='ltr'><strong>id</strong></span> <span class='ocrx_word' id='word_1_556' title='bbox 1649 3675 1732 3721; x_wconf 89' lang='lat' dir='ltr'><strong>est</strong></span> 
     </span>
    </p>
   </div>
   <div class='ocr_carea' id='block_1_68' title="bbox 147 3755 1732 3824">
    <p class='ocr_par' dir='ltr' id='par_1_68' title="bbox 147 3755 1732 3824">
     <span class='ocr_line' id='line_1_68' title="bbox 147 3755 1732 3824; baseline 0 -14"><span class='ocrx_word' id='word_1_557' title='bbox 147 3756 458 3819; x_wconf 84' lang='lat' dir='ltr'><strong>Christum,</strong></span> <span class='ocrx_word' id='word_1_558' title='bbox 488 3755 578 3824; x_wconf 91' lang='lat' dir='ltr'><strong>qui</strong></span> <span class='ocrx_word' id='word_1_559' title='bbox 606 3764 685 3808; x_wconf 64' lang='grc' dir='ltr'>εει</span> <span class='ocrx_word' id='word_1_560' title='bbox 711 3770 936 3824; x_wconf 86' lang='lat' dir='ltr'><strong>magnus</strong></span> <span class='ocrx_word' id='word_1_561' title='bbox 965 3756 1217 3809; x_wconf 87' lang='lat' dir='ltr'><strong>sacerdos</strong></span> <span class='ocrx_word' id='word_1_562' title='bbox 1244 3756 1602 3810; x_wconf 87' lang='lat' dir='ltr'><strong>sacerdotum.</strong></span> <span class='ocrx_word' id='word_1_563' title='bbox 1635 3756 1732 3810; x_wconf 80' lang='lat' dir='ltr'><strong>Mi-</strong></span> 
     </span>
    </p>
   </div>
   <div class='ocr_carea' id='block_1_69' title="bbox 142 3845 1732 3916">
    <p class='ocr_par' dir='ltr' id='par_1_69' title="bbox 142 3845 1732 3916">
     <span class='ocr_line' id='line_1_69' title="bbox 142 3845 1732 3916; baseline 0 -15"><span class='ocrx_word' id='word_1_564' title='bbox 142 3848 220 3901; x_wconf 79' lang='lat' dir='ltr'><strong>‘sit</strong></span> <span class='ocrx_word' id='word_1_565' title='bbox 248 3855 310 3902; x_wconf 86' lang='lat' dir='ltr'><strong>et</strong></span> <span class='ocrx_word' id='word_1_566' title='bbox 338 3845 578 3909; x_wconf 86' lang='lat' dir='ltr'><strong>Mariam,</strong></span> <span class='ocrx_word' id='word_1_567' title='bbox 609 3845 660 3898; x_wconf 86' lang='lat' dir='ltr'><strong>id</strong></span> <span class='ocrx_word' id='word_1_568' title='bbox 685 3855 787 3907; x_wconf 92' lang='lat' dir='ltr'><strong>est,</strong></span> <span class='ocrx_word' id='word_1_569' title='bbox 817 3845 1064 3899; x_wconf 84' lang='lat' dir='ltr'><strong>vaticinia</strong></span> <span class='ocrx_word' id='word_1_570' title='bbox 1090 3847 1490 3914; x_wconf 85' lang='lat' dir='ltr'><strong>prophetarum,</strong></span> <span class='ocrx_word' id='word_1_571' title='bbox 1517 3845 1732 3916; x_wconf 89' lang='lat' dir='ltr'><strong>quando</strong></span> 
     </span>
    </p>
   </div>
   <div class='ocr_carea' id='block_1_70' title="bbox 141 3933 1731 4008">
    <p class='ocr_par' dir='ltr' id='par_1_70' title="bbox 141 3933 1731 4008">
     <span class='ocr_line' id='line_1_70' title="bbox 141 3933 1731 4008; baseline -0.001 -15"><span class='ocrx_word' id='word_1_572' title='bbox 141 3939 324 3994; x_wconf 74' lang='lat' dir='ltr'><strong>etiam</strong></span> <span class='ocrx_word' id='word_1_573' title='bbox 354 3933 572 4000; x_wconf 83' lang='lat' dir='ltr'><strong>Balach,</strong></span> <span class='ocrx_word' id='word_1_574' title='bbox 618 3936 705 4004; x_wconf 92' lang='lat' dir='ltr'><strong>qui</strong></span> <span class='ocrx_word' id='word_1_575' title='bbox 733 3936 1120 4006; x_wconf 89' lang='lat' dir='ltr'><strong>interpretatur</strong></span> <span class='ocrx_word' id='word_1_576' title='bbox 1149 3938 1370 4008; x_wconf 89' lang='lat' dir='ltr'><strong>eligens,</strong></span> <span class='ocrx_word' id='word_1_577' title='bbox 1411 3938 1464 3991; x_wconf 89' lang='lat' dir='ltr'><strong>id</strong></span> <span class='ocrx_word' id='word_1_578' title='bbox 1500 3948 1583 3993; x_wconf 92' lang='lat' dir='ltr'><strong>est</strong></span> <span class='ocrx_word' id='word_1_579' title='bbox 1611 3939 1731 3992; x_wconf 87' lang='lat' dir='ltr'><strong>dia-</strong></span> 
     </span>
    </p>
   </div>
   <div class='ocr_carea' id='block_1_71' title="bbox 141 4023 1726 4095">
    <p class='ocr_par' dir='ltr' id='par_1_71' title="bbox 141 4023 1726 4095">
     <span class='ocr_line' id='line_1_71' title="bbox 141 4023 1726 4095; baseline 0 -13"><span class='ocrx_word' id='word_1_580' title='bbox 141 4029 334 4090; x_wconf 88' lang='lat' dir='ltr'><strong>bolus,</strong></span> <span class='ocrx_word' id='word_1_581' title='bbox 363 4027 452 4095; x_wconf 90' lang='lat' dir='ltr'><strong>qui</strong></span> <span class='ocrx_word' id='word_1_582' title='bbox 482 4027 668 4078; x_wconf 81' lang='lat' dir='ltr'><strong>Orune&#39;s</strong></span> <span class='ocrx_word' id='word_1_583' title='bbox 693 4023 887 4093; x_wconf 63' lang='lat' dir='ltr'><strong>quierit</strong></span> <span class='ocrx_word' id='word_1_584' title='bbox 913 4027 1193 4092; x_wconf 71' lang='lat' dir='ltr'><strong>devorare,</strong></span> <span class='ocrx_word' id='word_1_585' title='bbox 1234 4037 1287 4082; x_wconf 89' lang='lat' dir='ltr'><strong>et</strong></span> <span class='ocrx_word' id='word_1_586' title='bbox 1323 4039 1404 4082; x_wconf 91' lang='lat' dir='ltr'><strong>est</strong></span> <span class='ocrx_word' id='word_1_587' title='bbox 1433 4045 1523 4082; x_wconf 87' lang='lat' dir='ltr'><strong>rex</strong></span> <span class='ocrx_word' id='word_1_588' title='bbox 1555 4029 1726 4094; x_wconf 83' lang='lat' dir='ltr'><strong>Moab,</strong></span> 
     </span>
    </p>
   </div>
   <div class='ocr_carea' id='block_1_72' title="bbox 133 4115 1730 4190">
    <p class='ocr_par' dir='ltr' id='par_1_72' title="bbox 133 4115 1730 4190">
     <span class='ocr_line' id='line_1_72' title="bbox 133 4115 1730 4190; baseline 0.001 -18"><span class='ocrx_word' id='word_1_589' title='bbox 133 4119 246 4190; x_wconf 85' lang='lat' dir='ltr'><strong>&#39;qui</strong></span> <span class='ocrx_word' id='word_1_590' title='bbox 284 4115 670 4185; x_wconf 80' lang='lat' dir='ltr'><strong>interpretatur</strong></span> <span class='ocrx_word' id='word_1_591' title='bbox 701 4116 766 4168; x_wconf 84' lang='lat' dir='ltr'><strong>ex</strong></span> <span class='ocrx_word' id='word_1_592' title='bbox 791 4117 955 4184; x_wconf 83' lang='lat' dir='ltr'><strong>patre</strong></span> <span class='ocrx_word' id='word_1_593' title='bbox 990 4118 1250 4182; x_wconf 89' lang='lat' dir='ltr'><strong>omnimn,</strong></span> <span class='ocrx_word' id='word_1_594' title='bbox 1294 4119 1494 4172; x_wconf 86' lang='lat' dir='ltr'><strong>scilicet</strong></span> <span class='ocrx_word' id='word_1_595' title='bbox 1537 4121 1730 4188; x_wconf 88' lang='lat' dir='ltr'><strong>quibus</strong></span> 
     </span>
    </p>
   </div>
   <div class='ocr_carea' id='block_1_73' title="bbox 141 4204 1729 4274">
    <p class='ocr_par' dir='ltr' id='par_1_73' title="bbox 141 4204 1729 4274">
     <span class='ocr_line' id='line_1_73' title="bbox 141 4204 1729 4274; baseline -0.004 -9"><span class='ocrx_word' id='word_1_596' title='bbox 141 4211 394 4265; x_wconf 74' lang='lat' dir='ltr'><strong>dicitur:</strong></span> <span class='ocrx_word' id='word_1_597' title='bbox 431 4226 449 4256; x_wconf 84' lang='grc'><strong><em>‹</em></strong></span> <span class='ocrx_word' id='word_1_598' title='bbox 477 4204 587 4258; x_wconf 75' lang='lat' dir='ltr'><strong>Vos</strong></span> <span class='ocrx_word' id='word_1_599' title='bbox 616 4220 678 4258; x_wconf 84' lang='lat' dir='ltr'><strong>ex</strong></span> <span class='ocrx_word' id='word_1_600' title='bbox 712 4215 863 4274; x_wconf 87' lang='lat' dir='ltr'><strong>patre</strong></span> <span class='ocrx_word' id='word_1_601' title='bbox 889 4205 1098 4260; x_wconf 89' lang='lat' dir='ltr'><strong>diabolo</strong></span> <span class='ocrx_word' id='word_1_602' title='bbox 1123 4207 1273 4260; x_wconf 86' lang='lat' dir='ltr'><strong>estis.</strong></span> <span class='ocrx_word' id='word_1_603' title='bbox 1304 4226 1320 4258; x_wconf 76' lang='grc' dir='ltr'><strong><em>ι</em></strong></span> <span class='ocrx_word' id='word_1_604' title='bbox 1372 4207 1616 4272; x_wconf 82' lang='lat' dir='ltr'><strong>Quando,</strong></span> <span class='ocrx_word' id='word_1_605' title='bbox 1646 4208 1729 4260; x_wconf 91' lang='lat' dir='ltr'><strong>in-</strong></span> 
     </span>
    </p>
   </div>
   <div class='ocr_carea' id='block_1_74' title="bbox 130 4297 1728 4372">
    <p class='ocr_par' dir='ltr' id='par_1_74' title="bbox 130 4297 1728 4372">
     <span class='ocr_line' id='line_1_74' title="bbox 130 4297 1728 4372; baseline -0.002 -17"><span class='ocrx_word' id='word_1_606' title='bbox 130 4313 354 4372; x_wconf 84' lang='lat' dir='ltr'><strong>&#39;quam,</strong></span> <span class='ocrx_word' id='word_1_607' title='bbox 398 4299 591 4352; x_wconf 89' lang='lat' dir='ltr'><strong>Balach</strong></span> <span class='ocrx_word' id='word_1_608' title='bbox 630 4297 799 4351; x_wconf 84' lang='lat' dir='ltr'><strong>voluit</strong></span> <span class='ocrx_word' id='word_1_609' title='bbox 826 4312 920 4352; x_wconf 91' lang='lat' dir='ltr'><strong>vos</strong></span> <span class='ocrx_word' id='word_1_610' title='bbox 951 4297 1197 4367; x_wconf 89' lang='lat' dir='ltr'><strong>decipere</strong></span> <span class='ocrx_word' id='word_1_611' title='bbox 1232 4313 1328 4366; x_wconf 86' lang='lat' dir='ltr'><strong>per</strong></span> <span class='ocrx_word' id='word_1_612' title='bbox 1356 4297 1602 4361; x_wconf 88' lang='lat' dir='ltr'><strong>Balaam,</strong></span> <span class='ocrx_word' id='word_1_613' title='bbox 1639 4299 1728 4367; x_wconf 93' lang='lat' dir='ltr'><strong>qui</strong></span> 
     </span>
    </p>
   </div>
   <div class='ocr_carea' id='block_1_75' title="bbox 135 4385 1728 4458">
    <p class='ocr_par' dir='ltr' id='par_1_75' title="bbox 135 4385 1728 4458">
     <span class='ocr_line' id='line_1_75' title="bbox 135 4385 1728 4458; baseline -0.002 -14"><span class='ocrx_word' id='word_1_614' title='bbox 135 4396 548 4458; x_wconf 70' lang='lat' dir='ltr'><strong>interpretatur</strong></span> <span class='ocrx_word' id='word_1_615' title='bbox 577 4402 745 4440; x_wconf 88' lang='lat' dir='ltr'><strong>vanus</strong></span> <span class='ocrx_word' id='word_1_616' title='bbox 775 4386 1031 4457; x_wconf 83' lang='lat' dir='ltr'><strong>pepulus,</strong></span> <span class='ocrx_word' id='word_1_617' title='bbox 1077 4396 1132 4440; x_wconf 91' lang='lat' dir='ltr'><strong>et</strong></span> <span class='ocrx_word' id='word_1_618' title='bbox 1161 4395 1245 4441; x_wconf 91' lang='lat' dir='ltr'><strong>est</strong></span> <span class='ocrx_word' id='word_1_619' title='bbox 1275 4386 1412 4440; x_wconf 83' lang='lat' dir='ltr'><strong>ﬁlius</strong></span> <span class='ocrx_word' id='word_1_620' title='bbox 1441 4385 1596 4448; x_wconf 86' lang='lat' dir='ltr'><strong>Beor.</strong></span> <span class='ocrx_word' id='word_1_621' title='bbox 1637 4387 1728 4457; x_wconf 93' lang='lat' dir='ltr'><strong>qui</strong></span> 
     </span>
    </p>
   </div>
   <div class='ocr_carea' id='block_1_76' title="bbox 141 4478 1729 4552">
    <p class='ocr_par' dir='ltr' id='par_1_76' title="bbox 141 4478 1729 4552">
     <span class='ocr_line' id='line_1_76' title="bbox 141 4478 1729 4552; baseline -0.003 -16"><span class='ocrx_word' id='word_1_622' title='bbox 141 4490 336 4552; x_wconf 90' lang='lat' dir='ltr'><strong>potest</strong></span> <span class='ocrx_word' id='word_1_623' title='bbox 360 4480 698 4548; x_wconf 88' lang='lat' dir='ltr'><strong>interpretari</strong></span> <span class='ocrx_word' id='word_1_624' title='bbox 731 4479 782 4532; x_wconf 92' lang='lat' dir='ltr'><strong>in</strong></span> <span class='ocrx_word' id='word_1_625' title='bbox 812 4478 969 4547; x_wconf 82' lang='lat' dir='ltr'><strong>pelle,</strong></span> <span class='ocrx_word' id='word_1_626' title='bbox 1009 4493 1102 4532; x_wconf 91' lang='lat' dir='ltr'><strong>eos</strong></span> <span class='ocrx_word' id='word_1_627' title='bbox 1129 4478 1416 4548; x_wconf 77' lang='lat' dir='ltr'><strong>designans</strong></span> <span class='ocrx_word' id='word_1_628' title='bbox 1453 4480 1542 4548; x_wconf 87' lang='lat' dir='ltr'><strong>qui</strong></span> <span class='ocrx_word' id='word_1_629' title='bbox 1589 4494 1729 4532; x_wconf 89' lang='lat' dir='ltr'><strong>mor-</strong></span> 
     </span>
    </p>
   </div>
   <div class='ocr_carea' id='block_1_77' title="bbox 141 4545 1802 4638">
    <p class='ocr_par' dir='ltr' id='par_1_77' title="bbox 141 4545 1802 4638">
     <span class='ocr_line' id='line_1_77' title="bbox 141 4545 1802 4638; baseline 0.003 -17"><span class='ocrx_word' id='word_1_630' title='bbox 141 4573 259 4626; x_wconf 77' lang='lat' dir='ltr'><strong>iui‘s</strong></span> <span class='ocrx_word' id='word_1_631' title='bbox 289 4570 466 4625; x_wconf 86' lang='lat' dir='ltr'><strong>carnis</strong></span> <span class='ocrx_word' id='word_1_632' title='bbox 493 4569 742 4638; x_wconf 89' lang='lat' dir='ltr'><strong>operibus</strong></span> <span class='ocrx_word' id='word_1_633' title='bbox 779 4569 942 4622; x_wconf 90' lang='lat' dir='ltr'><strong>dediti</strong></span> <span class='ocrx_word' id='word_1_634' title='bbox 982 4575 1138 4631; x_wconf 89' lang='lat' dir='ltr'><strong>sunt,</strong></span> <span class='ocrx_word' id='word_1_635' title='bbox 1170 4575 1281 4621; x_wconf 86' lang='lat' dir='ltr'><strong>non</strong></span> <span class='ocrx_word' id='word_1_636' title='bbox 1323 4584 1442 4622; x_wconf 89' lang='lat' dir='ltr'><strong>eum</strong></span> <span class='ocrx_word' id='word_1_637' title='bbox 1485 4569 1725 4636; x_wconf 85' lang='lat' dir='ltr'><strong>permisit</strong></span> <span class='ocrx_word' id='word_1_638' title='bbox 1753 4545 1802 4605; x_wconf 80' lang='lat' dir='ltr'><strong>D</strong></span> 
     </span>
    </p>
   </div>
   <div class='ocr_carea' id='block_1_78' title="bbox 147 4655 1718 4727">
    <p class='ocr_par' dir='ltr' id='par_1_78' title="bbox 147 4655 1718 4727">
     <span class='ocr_line' id='line_1_78' title="bbox 147 4655 1718 4727; baseline -0.003 -11"><span class='ocrx_word' id='word_1_639' title='bbox 147 4663 301 4717; x_wconf 85' lang='lat' dir='ltr'><strong>Deus</strong></span> <span class='ocrx_word' id='word_1_640' title='bbox 333 4658 527 4714; x_wconf 75' lang='lat' dir='ltr'><strong>&quot;dcere</strong></span> <span class='ocrx_word' id='word_1_641' title='bbox 561 4657 746 4723; x_wconf 88' lang='lat' dir='ltr'><strong>nobis,</strong></span> <span class='ocrx_word' id='word_1_642' title='bbox 779 4659 995 4727; x_wconf 87' lang='lat' dir='ltr'><strong>insuper</strong></span> <span class='ocrx_word' id='word_1_643' title='bbox 1022 4656 1443 4711; x_wconf 87' lang='lat' dir='ltr'><strong>maledictionem</strong></span> <span class='ocrx_word' id='word_1_644' title='bbox 1469 4655 1718 4725; x_wconf 87' lang='lat' dir='ltr'><strong>Balaam,</strong></span> 
     </span>
    </p>
   </div>
   <div class='ocr_carea' id='block_1_79' title="bbox 143 4747 1719 4816">
    <p class='ocr_par' dir='ltr' id='par_1_79' title="bbox 143 4747 1719 4816">
     <span class='ocr_line' id='line_1_79' title="bbox 143 4747 1719 4816; baseline -0.004 -7"><span class='ocrx_word' id='word_1_645' title='bbox 143 4754 201 4809; x_wconf 87' lang='lat' dir='ltr'><strong>id</strong></span> <span class='ocrx_word' id='word_1_646' title='bbox 231 4759 343 4814; x_wconf 88' lang='lat' dir='ltr'><strong>est,</strong></span> <span class='ocrx_word' id='word_1_647' title='bbox 370 4749 492 4802; x_wconf 87' lang='lat' dir='ltr'><strong>vani</strong></span> <span class='ocrx_word' id='word_1_648' title='bbox 515 4747 697 4816; x_wconf 82' lang='lat' dir='ltr'><strong>populi</strong></span> <span class='ocrx_word' id='word_1_649' title='bbox 718 4787 731 4811; x_wconf 88' lang='lat'><strong>,</strong></span> <span class='ocrx_word' id='word_1_650' title='bbox 761 4747 1024 4802; x_wconf 85' lang='lat' dir='ltr'><strong>convertit</strong></span> <span class='ocrx_word' id='word_1_651' title='bbox 1052 4747 1103 4801; x_wconf 93' lang='lat' dir='ltr'><strong>in</strong></span> <span class='ocrx_word' id='word_1_652' title='bbox 1128 4748 1572 4802; x_wconf 83' lang='lat' dir='ltr'><strong>benedictionem.</strong></span> <span class='ocrx_word' id='word_1_653' title='bbox 1611 4747 1719 4802; x_wconf 85' lang='lat' dir='ltr'><strong>Va-</strong></span> 
     </span>
    </p>
   </div>
   <div class='ocr_carea' id='block_1_80' title="bbox 141 4837 1718 4908">
    <p class='ocr_par' dir='ltr' id='par_1_80' title="bbox 141 4837 1718 4908">
     <span class='ocr_line' id='line_1_80' title="bbox 141 4837 1718 4908; baseline -0.004 -9"><span class='ocrx_word' id='word_1_654' title='bbox 141 4857 252 4898; x_wconf 86' lang='lat' dir='ltr'><strong>nus</strong></span> <span class='ocrx_word' id='word_1_655' title='bbox 297 4849 384 4896; x_wconf 89' lang='lat' dir='ltr'><strong>est</strong></span> <span class='ocrx_word' id='word_1_656' title='bbox 419 4840 560 4894; x_wconf 86' lang='lat' dir='ltr'><strong>enim</strong></span> <span class='ocrx_word' id='word_1_657' title='bbox 590 4838 817 4908; x_wconf 91' lang='lat' dir='ltr'><strong>populus</strong></span> <span class='ocrx_word' id='word_1_658' title='bbox 841 4837 1140 4907; x_wconf 85' lang='lat' dir='ltr'><strong>gentilium,</strong></span> <span class='ocrx_word' id='word_1_659' title='bbox 1178 4849 1335 4892; x_wconf 89' lang='lat' dir='ltr'><strong>natus</strong></span> <span class='ocrx_word' id='word_1_660' title='bbox 1366 4839 1430 4893; x_wconf 90' lang='lat' dir='ltr'><strong>de</strong></span> <span class='ocrx_word' id='word_1_661' title='bbox 1455 4853 1520 4892; x_wconf 91' lang='lat' dir='ltr'><strong>eo</strong></span> <span class='ocrx_word' id='word_1_662' title='bbox 1545 4839 1636 4908; x_wconf 91' lang='lat' dir='ltr'><strong>qui</strong></span> <span class='ocrx_word' id='word_1_663' title='bbox 1665 4839 1718 4893; x_wconf 90' lang='lat' dir='ltr'><strong>in</strong></span> 
     </span>
    </p>
   </div>
   <div class='ocr_carea' id='block_1_81' title="bbox 141 4930 1720 5007">
    <p class='ocr_par' dir='ltr' id='par_1_81' title="bbox 141 4930 1720 5007">
     <span class='ocr_line' id='line_1_81' title="bbox 141 4930 1720 5007; baseline -0.003 -17"><span class='ocrx_word' id='word_1_664' title='bbox 141 4935 294 5007; x_wconf 92' lang='lat' dir='ltr'><strong>pcllc</strong></span> <span class='ocrx_word' id='word_1_665' title='bbox 330 4940 442 4994; x_wconf 90' lang='lat' dir='ltr'><strong>est,</strong></span> <span class='ocrx_word' id='word_1_666' title='bbox 487 4933 588 4987; x_wconf 89' lang='lat' dir='ltr'><strong>hoc</strong></span> <span class='ocrx_word' id='word_1_667' title='bbox 628 4939 728 4994; x_wconf 91' lang='lat' dir='ltr'><strong>est,</strong></span> <span class='ocrx_word' id='word_1_668' title='bbox 772 4930 861 4999; x_wconf 91' lang='lat' dir='ltr'><strong>qui</strong></span> <span class='ocrx_word' id='word_1_669' title='bbox 898 4938 1110 4999; x_wconf 88' lang='lat' dir='ltr'><strong>semper</strong></span> <span class='ocrx_word' id='word_1_670' title='bbox 1135 4930 1187 4983; x_wconf 93' lang='lat' dir='ltr'><strong>in</strong></span> <span class='ocrx_word' id='word_1_671' title='bbox 1219 4930 1334 4984; x_wconf 91' lang='lat' dir='ltr'><strong>suis</strong></span> <span class='ocrx_word' id='word_1_672' title='bbox 1360 4930 1720 4998; x_wconf 82' lang='lat' dir='ltr'><strong>voluptatibus</strong></span> 
     </span>
    </p>
   </div>
   <div class='ocr_carea' id='block_1_82' title="bbox 141 5020 1724 5097">
    <p class='ocr_par' dir='ltr' id='par_1_82' title="bbox 141 5020 1724 5097">
     <span class='ocr_line' id='line_1_82' title="bbox 141 5020 1724 5097; baseline -0.002 -17"><span class='ocrx_word' id='word_1_673' title='bbox 141 5031 492 5097; x_wconf 86' lang='lat' dir='ltr'><strong>permanent.</strong></span> <span class='ocrx_word' id='word_1_674' title='bbox 521 5022 758 5090; x_wconf 84' lang='lat' dir='ltr'><strong>Quorum</strong></span> <span class='ocrx_word' id='word_1_675' title='bbox 781 5020 1059 5075; x_wconf 90' lang='lat' dir='ltr'><strong>maledicta</strong></span> <span class='ocrx_word' id='word_1_676' title='bbox 1090 5029 1145 5075; x_wconf 89' lang='lat' dir='ltr'><strong>et</strong></span> <span class='ocrx_word' id='word_1_677' title='bbox 1170 5021 1454 5090; x_wconf 87' lang='lat' dir='ltr'><strong>opprobria</strong></span> <span class='ocrx_word' id='word_1_678' title='bbox 1485 5023 1536 5074; x_wconf 92' lang='lat' dir='ltr'><strong>in</strong></span> <span class='ocrx_word' id='word_1_679' title='bbox 1564 5022 1724 5077; x_wconf 85' lang='lat' dir='ltr'><strong>bene-</strong></span> 
     </span>
    </p>
   </div>
   <div class='ocr_carea' id='block_1_83' title="bbox 143 5111 1723 5182">
    <p class='ocr_par' dir='ltr' id='par_1_83' title="bbox 143 5111 1723 5182">
     <span class='ocr_line' id='line_1_83' title="bbox 143 5111 1723 5182; baseline -0.003 -11"><span class='ocrx_word' id='word_1_680' title='bbox 143 5115 446 5171; x_wconf 88' lang='lat' dir='ltr'><strong>dictionem</strong></span> <span class='ocrx_word' id='word_1_681' title='bbox 491 5126 646 5167; x_wconf 89' lang='lat' dir='ltr'><strong>versa</strong></span> <span class='ocrx_word' id='word_1_682' title='bbox 695 5119 848 5173; x_wconf 88' lang='lat' dir='ltr'><strong>sunt,</strong></span> <span class='ocrx_word' id='word_1_683' title='bbox 895 5111 1020 5181; x_wconf 90' lang='lat' dir='ltr'><strong>quia</strong></span> <span class='ocrx_word' id='word_1_684' title='bbox 1067 5126 1207 5165; x_wconf 90' lang='lat' dir='ltr'><strong>nunc</strong></span> <span class='ocrx_word' id='word_1_685' title='bbox 1248 5111 1547 5181; x_wconf 79' lang='lat' dir='ltr'><strong>glorificant</strong></span> <span class='ocrx_word' id='word_1_686' title='bbox 1587 5127 1723 5182; x_wconf 89' lang='lat' dir='ltr'><strong>quos</strong></span> 
     </span>
    </p>
   </div>
   <div class='ocr_carea' id='block_1_84' title="bbox 143 5201 1061 5276">
    <p class='ocr_par' dir='ltr' id='par_1_84' title="bbox 143 5201 1061 5276">
     <span class='ocr_line' id='line_1_84' title="bbox 143 5201 1061 5276; baseline -0.007 -15"><span class='ocrx_word' id='word_1_687' title='bbox 143 5202 616 5276; x_wconf 67' lang='lat' dir='ltr'><strong>[ersequebantur</strong></span> <span class='ocrx_word' id='word_1_688' title='bbox 643 5209 698 5256; x_wconf 91' lang='lat' dir='ltr'><strong>et</strong></span> <span class='ocrx_word' id='word_1_689' title='bbox 727 5201 1061 5257; x_wconf 91' lang='lat' dir='ltr'><strong>occidebant.</strong></span> 
     </span>
    </p>
   </div>
   <div class='ocr_carea' id='block_1_85' title="bbox 225 5289 1721 5362">
    <p class='ocr_par' dir='ltr' id='par_1_85' title="bbox 225 5289 1721 5362">
     <span class='ocr_line' id='line_1_85' title="bbox 225 5289 1721 5362; baseline -0.001 -14"><span class='ocrx_word' id='word_1_690' title='bbox 225 5314 246 5348; x_wconf 71' lang='grc' dir='ltr'><strong><em>ι</em></strong></span> <span class='ocrx_word' id='word_1_691' title='bbox 298 5293 436 5360; x_wconf 85' lang='lat' dir='ltr'><strong>Quid</strong></span> <span class='ocrx_word' id='word_1_692' title='bbox 493 5293 709 5362; x_wconf 90' lang='lat' dir='ltr'><strong>dignum</strong></span> <span class='ocrx_word' id='word_1_693' title='bbox 753 5289 972 5346; x_wconf 76' lang='lat' dir='ltr'><strong>oﬂ‘eram</strong></span> <span class='ocrx_word' id='word_1_694' title='bbox 1023 5290 1282 5345; x_wconf 79' lang='lat' dir='ltr'><strong>Domino?</strong></span> <span class='ocrx_word' id='word_1_695' title='bbox 1321 5289 1547 5346; x_wconf 86' lang='lat' dir='ltr'><strong>Curvem</strong></span> <span class='ocrx_word' id='word_1_696' title='bbox 1583 5307 1721 5362; x_wconf 87' lang='lat' dir='ltr'><strong>genu</strong></span> 
     </span>
    </p>
   </div>
   <div class='ocr_carea' id='block_1_86' title="bbox 145 5379 1723 5452">
    <p class='ocr_par' dir='ltr' id='par_1_86' title="bbox 145 5379 1723 5452">
     <span class='ocr_line' id='line_1_86' title="bbox 145 5379 1723 5452; baseline -0.004 -9"><span class='ocrx_word' id='word_1_697' title='bbox 145 5388 265 5443; x_wconf 83' lang='lat' dir='ltr'><strong>Deo</strong></span> <span class='ocrx_word' id='word_1_698' title='bbox 287 5384 534 5441; x_wconf 82' lang='lat' dir='ltr'><strong>excelso?</strong></span> <span class='ocrx_word' id='word_1_699' title='bbox 561 5382 810 5452; x_wconf 76' lang='lat' dir='ltr'><strong>Nunquid</strong></span> <span class='ocrx_word' id='word_1_700' title='bbox 855 5379 1074 5436; x_wconf 79' lang='lat' dir='ltr'><strong>oll‘eram</strong></span> <span class='ocrx_word' id='word_1_701' title='bbox 1107 5382 1156 5436; x_wconf 93' lang='lat' dir='ltr'><strong>ei</strong></span> <span class='ocrx_word' id='word_1_702' title='bbox 1189 5382 1643 5437; x_wconf 86' lang='lat' dir='ltr'><strong>holocaustomata</strong></span> <span class='ocrx_word' id='word_1_703' title='bbox 1668 5391 1723 5437; x_wconf 89' lang='lat' dir='ltr'><strong>et</strong></span> 
     </span>
    </p>
   </div>
   <div class='ocr_carea' id='block_1_87' title="bbox 143 5472 1722 5542">
    <p class='ocr_par' dir='ltr' id='par_1_87' title="bbox 143 5472 1722 5542">
     <span class='ocr_line' id='line_1_87' title="bbox 143 5472 1722 5542; baseline -0.001 -10"><span class='ocrx_word' id='word_1_704' title='bbox 143 5477 350 5534; x_wconf 84' lang='lat' dir='ltr'><strong>vitulos</strong></span> <span class='ocrx_word' id='word_1_705' title='bbox 386 5475 704 5532; x_wconf 87' lang='lat' dir='ltr'><strong>anniculos?</strong></span> <span class='ocrx_word' id='word_1_706' title='bbox 745 5473 990 5542; x_wconf 82' lang='lat' dir='ltr'><strong>Nunquid</strong></span> <span class='ocrx_word' id='word_1_707' title='bbox 1019 5472 1214 5542; x_wconf 88' lang='lat' dir='ltr'><strong>placari</strong></span> <span class='ocrx_word' id='word_1_708' title='bbox 1252 5481 1426 5542; x_wconf 89' lang='lat' dir='ltr'><strong>potest</strong></span> <span class='ocrx_word' id='word_1_709' title='bbox 1469 5472 1722 5530; x_wconf 91' lang='lat' dir='ltr'><strong>Dominus</strong></span> 
     </span>
    </p>
   </div>
   <div class='ocr_carea' id='block_1_88' title="bbox 141 5565 1719 5632">
    <p class='ocr_par' dir='ltr' id='par_1_88' title="bbox 141 5565 1719 5632">
     <span class='ocr_line' id='line_1_88' title="bbox 141 5565 1719 5632; baseline -0.003 -6"><span class='ocrx_word' id='word_1_710' title='bbox 141 5574 200 5626; x_wconf 89' lang='lat' dir='ltr'><strong>in</strong></span> <span class='ocrx_word' id='word_1_711' title='bbox 225 5568 466 5625; x_wconf 86' lang='lat' dir='ltr'><strong>millibus</strong></span> <span class='ocrx_word' id='word_1_712' title='bbox 492 5568 741 5632; x_wconf 89' lang='lat' dir='ltr'><strong>arietum,</strong></span> <span class='ocrx_word' id='word_1_713' title='bbox 765 5575 857 5621; x_wconf 89' lang='lat' dir='ltr'><strong>aut</strong></span> <span class='ocrx_word' id='word_1_714' title='bbox 882 5567 934 5620; x_wconf 93' lang='lat' dir='ltr'><strong>in</strong></span> <span class='ocrx_word' id='word_1_715' title='bbox 969 5565 1149 5621; x_wconf 89' lang='lat' dir='ltr'><strong>multis</strong></span> <span class='ocrx_word' id='word_1_716' title='bbox 1191 5566 1425 5621; x_wconf 91' lang='lat' dir='ltr'><strong>millibus</strong></span> <span class='ocrx_word' id='word_1_717' title='bbox 1448 5566 1719 5622; x_wconf 88' lang='lat' dir='ltr'><strong>hircorum</strong></span> 
     </span>
    </p>
   </div>
   <div class='ocr_carea' id='block_1_89' title="bbox 139 5659 1715 5733">
    <p class='ocr_par' dir='ltr' id='par_1_89' title="bbox 139 5659 1715 5733">
     <span class='ocr_line' id='line_1_89' title="bbox 139 5659 1715 5733; baseline 0 -17"><span class='ocrx_word' id='word_1_718' title='bbox 139 5659 466 5733; x_wconf 84' lang='lat' dir='ltr'><strong>pinguium?</strong></span> <span class='ocrx_word' id='word_1_719' title='bbox 489 5681 506 5712; x_wconf 73' lang='grc' dir='ltr'><strong><em>ι</em></strong></span> <span class='ocrx_word' id='word_1_720' title='bbox 524 5659 666 5714; x_wconf 89' lang='lat' dir='ltr'><strong>Deus</strong></span> <span class='ocrx_word' id='word_1_721' title='bbox 687 5660 935 5730; x_wconf 90' lang='lat' dir='ltr'><strong>p0pulum</strong></span> <span class='ocrx_word' id='word_1_722' title='bbox 957 5671 1338 5730; x_wconf 86' lang='lat' dir='ltr'><strong>provocaverat</strong></span> <span class='ocrx_word' id='word_1_723' title='bbox 1358 5663 1420 5716; x_wconf 89' lang='lat' dir='ltr'><strong>ad</strong></span> <span class='ocrx_word' id='word_1_724' title='bbox 1436 5659 1715 5730; x_wconf 87' lang='lat' dir='ltr'><strong>judicium,</strong></span> 
     </span>
    </p>
   </div>
   <div class='ocr_carea' id='block_1_90' title="bbox 142 5749 1717 5820">
    <p class='ocr_par' dir='ltr' id='par_1_90' title="bbox 142 5749 1717 5820">
     <span class='ocr_line' id='line_1_90' title="bbox 142 5749 1717 5820; baseline 0.003 -15"><span class='ocrx_word' id='word_1_725' title='bbox 142 5751 244 5806; x_wconf 79' lang='lat' dir='ltr'><strong>sed</strong></span> <span class='ocrx_word' id='word_1_726' title='bbox 268 5749 356 5805; x_wconf 85' lang='lat' dir='ltr'><strong>ille</strong></span> <span class='ocrx_word' id='word_1_727' title='bbox 377 5750 551 5807; x_wconf 87' lang='lat' dir='ltr'><strong>sciens</strong></span> <span class='ocrx_word' id='word_1_728' title='bbox 575 5761 632 5804; x_wconf 87' lang='lat' dir='ltr'><strong>se</strong></span> <span class='ocrx_word' id='word_1_729' title='bbox 659 5764 929 5820; x_wconf 89' lang='lat' dir='ltr'><strong>peccasse,</strong></span> <span class='ocrx_word' id='word_1_730' title='bbox 959 5765 1061 5806; x_wconf 89' lang='lat' dir='ltr'><strong>non</strong></span> <span class='ocrx_word' id='word_1_731' title='bbox 1088 5750 1199 5818; x_wconf 77' lang='lat' dir='ltr'><strong>vult</strong></span> <span class='ocrx_word' id='word_1_732' title='bbox 1233 5751 1436 5808; x_wconf 88' lang='lat' dir='ltr'><strong>intrare</strong></span> <span class='ocrx_word' id='word_1_733' title='bbox 1460 5767 1582 5809; x_wconf 89' lang='lat' dir='ltr'><strong>cum</strong></span> <span class='ocrx_word' id='word_1_734' title='bbox 1611 5753 1717 5809; x_wconf 87' lang='lat' dir='ltr'><strong>Deo</strong></span> 
     </span>
    </p>
   </div>
   <div class='ocr_carea' id='block_1_91' title="bbox 1835 3288 3409 3360">
    <p class='ocr_par' dir='ltr' id='par_1_91' title="bbox 1835 3288 3409 3360">
     <span class='ocr_line' id='line_1_91' title="bbox 1835 3288 3409 3360; baseline 0.001 -18"><span class='ocrx_word' id='word_1_735' title='bbox 1835 3288 1968 3360; x_wconf 81' lang='lat' dir='ltr'><strong>ligas</strong></span> <span class='ocrx_word' id='word_1_736' title='bbox 1997 3304 2138 3354; x_wconf 88' lang='lat' dir='ltr'><strong>eum,</strong></span> <span class='ocrx_word' id='word_1_737' title='bbox 2169 3297 2276 3343; x_wconf 88' lang='lat' dir='ltr'><strong>etc.</strong></span> <span class='ocrx_word' id='word_1_738' title='bbox 2307 3289 2448 3343; x_wconf 88' lang='lat' dir='ltr'><strong>Deus</strong></span> <span class='ocrx_word' id='word_1_739' title='bbox 2468 3289 2658 3357; x_wconf 73' lang='lat' dir='ltr'><strong>quzerit</strong></span> <span class='ocrx_word' id='word_1_740' title='bbox 2677 3303 2709 3342; x_wconf 90' lang='lat' dir='ltr'><strong>a</strong></span> <span class='ocrx_word' id='word_1_741' title='bbox 2731 3289 2884 3344; x_wconf 87' lang='lat' dir='ltr'><strong>nobis</strong></span> <span class='ocrx_word' id='word_1_742' title='bbox 2909 3298 3143 3344; x_wconf 90' lang='lat' dir='ltr'><strong>nostram</strong></span> <span class='ocrx_word' id='word_1_743' title='bbox 3174 3291 3409 3360; x_wconf 90' lang='lat' dir='ltr'><strong>ipsormu</strong></span> 
     </span>
    </p>
   </div>
   <div class='ocr_carea' id='block_1_92' title="bbox 1833 3378 3407 3452">
    <p class='ocr_par' dir='ltr' id='par_1_92' title="bbox 1833 3378 3407 3452">
     <span class='ocr_line' id='line_1_92' title="bbox 1833 3378 3407 3452; baseline -0.001 -16"><span class='ocrx_word' id='word_1_744' title='bbox 1833 3379 2058 3436; x_wconf 67' lang='lat' dir='ltr'><strong>Salutem</strong></span> <span class='ocrx_word' id='word_1_745' title='bbox 2098 3378 2292 3435; x_wconf 79' lang='lat' dir='ltr'><strong>facere</strong></span> <span class='ocrx_word' id='word_1_746' title='bbox 2301 3379 2561 3450; x_wconf 89' lang='lat' dir='ltr'><strong>judicium</strong></span> <span class='ocrx_word' id='word_1_747' title='bbox 2579 3419 2593 3444; x_wconf 91' lang='lat'><strong>,</strong></span> <span class='ocrx_word' id='word_1_748' title='bbox 2632 3388 2690 3434; x_wconf 80' lang='lat' dir='ltr'><strong>ut</strong></span> <span class='ocrx_word' id='word_1_749' title='bbox 2719 3379 2850 3434; x_wconf 91' lang='lat' dir='ltr'><strong>nihil</strong></span> <span class='ocrx_word' id='word_1_750' title='bbox 2879 3382 3079 3452; x_wconf 88' lang='lat' dir='ltr'><strong>absque</strong></span> <span class='ocrx_word' id='word_1_751' title='bbox 3105 3382 3329 3438; x_wconf 89' lang='lat' dir='ltr'><strong>consilio</strong></span> <span class='ocrx_word' id='word_1_752' title='bbox 3356 3393 3407 3438; x_wconf 85' lang='lat' dir='ltr'><strong>et</strong></span> 
     </span>
    </p>
   </div>
   <div class='ocr_carea' id='block_1_93' title="bbox 1832 3470 3409 3542">
    <p class='ocr_par' dir='ltr' id='par_1_93' title="bbox 1832 3470 3409 3542">
     <span class='ocr_line' id='line_1_93' title="bbox 1832 3470 3409 3542; baseline 0.003 -16"><span class='ocrx_word' id='word_1_753' title='bbox 1832 3473 2038 3527; x_wconf 86' lang='lat' dir='ltr'><strong>ratione</strong></span> <span class='ocrx_word' id='word_1_754' title='bbox 2091 3470 2384 3535; x_wconf 84' lang='lat' dir='ltr'><strong>faciamus,</strong></span> <span class='ocrx_word' id='word_1_755' title='bbox 2433 3471 2654 3542; x_wconf 87' lang='lat' dir='ltr'><strong>diligere</strong></span> <span class='ocrx_word' id='word_1_756' title='bbox 2705 3473 3151 3540; x_wconf 88' lang='lat' dir='ltr'><strong>miscricordiam,</strong></span> <span class='ocrx_word' id='word_1_757' title='bbox 3201 3485 3259 3530; x_wconf 92' lang='lat' dir='ltr'><strong>ut</strong></span> <span class='ocrx_word' id='word_1_758' title='bbox 3301 3491 3409 3530; x_wconf 89' lang='lat' dir='ltr'><strong>non</strong></span> 
     </span>
    </p>
   </div>
   <div class='ocr_carea' id='block_1_94' title="bbox 1831 3563 3407 3635">
    <p class='ocr_par' dir='ltr' id='par_1_94' title="bbox 1831 3563 3407 3635">
     <span class='ocr_line' id='line_1_94' title="bbox 1831 3563 3407 3635; baseline 0.004 -19"><span class='ocrx_word' id='word_1_759' title='bbox 1831 3563 1982 3632; x_wconf 89' lang='lat' dir='ltr'><strong>quasi</strong></span> <span class='ocrx_word' id='word_1_760' title='bbox 2023 3576 2089 3617; x_wconf 82' lang='lat' dir='ltr'><strong>ex</strong></span> <span class='ocrx_word' id='word_1_761' title='bbox 2131 3564 2449 3617; x_wconf 87' lang='lat' dir='ltr'><strong>necessitate</strong></span> <span class='ocrx_word' id='word_1_762' title='bbox 2485 3572 2575 3618; x_wconf 92' lang='lat' dir='ltr'><strong>aut</strong></span> <span class='ocrx_word' id='word_1_763' title='bbox 2613 3564 2873 3635; x_wconf 89' lang='lat' dir='ltr'><strong>compulsi</strong></span> <span class='ocrx_word' id='word_1_764' title='bbox 2906 3563 3163 3621; x_wconf 89' lang='lat' dir='ltr'><strong>faciamus</strong></span> <span class='ocrx_word' id='word_1_765' title='bbox 3193 3567 3407 3622; x_wconf 86' lang='lat' dir='ltr'><strong>miseri-</strong></span> 
     </span>
    </p>
   </div>
   <div class='ocr_carea' id='block_1_95' title="bbox 1831 3654 3406 3725">
    <p class='ocr_par' dir='ltr' id='par_1_95' title="bbox 1831 3654 3406 3725">
     <span class='ocr_line' id='line_1_95' title="bbox 1831 3654 3406 3725; baseline 0.002 -15"><span class='ocrx_word' id='word_1_766' title='bbox 1831 3655 2100 3719; x_wconf 89' lang='lat' dir='ltr'><strong>cordiam,</strong></span> <span class='ocrx_word' id='word_1_767' title='bbox 2134 3655 2226 3710; x_wconf 87' lang='lat' dir='ltr'><strong>sed</strong></span> <span class='ocrx_word' id='word_1_768' title='bbox 2275 3654 2467 3708; x_wconf 90' lang='lat' dir='ltr'><strong>volenti</strong></span> <span class='ocrx_word' id='word_1_769' title='bbox 2499 3656 2708 3721; x_wconf 87' lang='lat' dir='ltr'><strong>animo,</strong></span> <span class='ocrx_word' id='word_1_770' title='bbox 2738 3657 2861 3725; x_wconf 87' lang='lat' dir='ltr'><strong>quia</strong></span> <span class='ocrx_word' id='word_1_771' title='bbox 2901 3657 3122 3712; x_wconf 89' lang='lat' dir='ltr'><strong>hilarem</strong></span> <span class='ocrx_word' id='word_1_772' title='bbox 3168 3659 3406 3715; x_wconf 88' lang='lat' dir='ltr'><strong>datorem</strong></span> 
     </span>
    </p>
   </div>
   <div class='ocr_carea' id='block_1_96' title="bbox 1830 3745 3404 3816">
    <p class='ocr_par' dir='ltr' id='par_1_96' title="bbox 1830 3745 3404 3816">
     <span class='ocr_line' id='line_1_96' title="bbox 1830 3745 3404 3816; baseline 0.003 -16"><span class='ocrx_word' id='word_1_773' title='bbox 1830 3746 2002 3815; x_wconf 80' lang='lat' dir='ltr'><strong>diligit</strong></span> <span class='ocrx_word' id='word_1_774' title='bbox 2033 3745 2191 3800; x_wconf 91' lang='lat' dir='ltr'><strong>Deus.</strong></span> <span class='ocrx_word' id='word_1_775' title='bbox 2227 3764 2245 3796; x_wconf 87' lang='grc'><em>‹</em></span> <span class='ocrx_word' id='word_1_776' title='bbox 2280 3746 2344 3800; x_wconf 81' lang='lat' dir='ltr'><strong>Et</strong></span> <span class='ocrx_word' id='word_1_777' title='bbox 2375 3745 2661 3800; x_wconf 86' lang='lat' dir='ltr'><strong>sollicitum</strong></span> <span class='ocrx_word' id='word_1_778' title='bbox 2690 3747 2964 3805; x_wconf 89' lang='lat' dir='ltr'><strong>ambulare</strong></span> <span class='ocrx_word' id='word_1_779' title='bbox 2994 3767 3113 3804; x_wconf 92' lang='lat' dir='ltr'><strong>cum</strong></span> <span class='ocrx_word' id='word_1_780' title='bbox 3142 3751 3269 3816; x_wconf 89' lang='lat' dir='ltr'><strong>Deo,</strong></span> <span class='ocrx_word' id='word_1_781' title='bbox 3301 3770 3320 3804; x_wconf 73' lang='grc' dir='ltr'><strong>ι</strong></span> <span class='ocrx_word' id='word_1_782' title='bbox 3350 3762 3404 3806; x_wconf 90' lang='lat' dir='ltr'><strong>ut</strong></span> 
     </span>
    </p>
   </div>
   <div class='ocr_carea' id='block_1_97' title="bbox 1831 3835 3405 3908">
    <p class='ocr_par' dir='ltr' id='par_1_97' title="bbox 1831 3835 3405 3908">
     <span class='ocr_line' id='line_1_97' title="bbox 1831 3835 3405 3908; baseline 0.003 -18"><span class='ocrx_word' id='word_1_783' title='bbox 1831 3848 2102 3906; x_wconf 85' lang='lat' dir='ltr'><strong>nunquam</strong></span> <span class='ocrx_word' id='word_1_784' title='bbox 2127 3835 2298 3890; x_wconf 86' lang='lat' dir='ltr'><strong>securi</strong></span> <span class='ocrx_word' id='word_1_785' title='bbox 2331 3837 2519 3901; x_wconf 90' lang='lat' dir='ltr'><strong>simus,</strong></span> <span class='ocrx_word' id='word_1_786' title='bbox 2549 3838 2640 3891; x_wconf 85' lang='lat' dir='ltr'><strong>sed</strong></span> <span class='ocrx_word' id='word_1_787' title='bbox 2670 3853 2882 3908; x_wconf 87' lang='lat' dir='ltr'><strong>semper</strong></span> <span class='ocrx_word' id='word_1_788' title='bbox 2907 3850 3277 3908; x_wconf 73' lang='lat' dir='ltr'><strong>exspectemus</strong></span> <span class='ocrx_word' id='word_1_789' title='bbox 3307 3842 3405 3895; x_wconf 77' lang='lat' dir='ltr'><strong>ad—</strong></span> 
     </span>
    </p>
   </div>
   <div class='ocr_carea' id='block_1_98' title="bbox 1831 3925 3441 3996">
    <p class='ocr_par' dir='ltr' id='par_1_98' title="bbox 1831 3925 3441 3996">
     <span class='ocr_line' id='line_1_98' title="bbox 1831 3925 3441 3996; baseline 0.004 -16"><span class='ocrx_word' id='word_1_790' title='bbox 1831 3937 2046 3981; x_wconf 79' lang='lat' dir='ltr'><strong>ventum</strong></span> <span class='ocrx_word' id='word_1_791' title='bbox 2065 3925 2485 3996; x_wconf 84' lang='lat' dir='ltr'><strong>patrisfamilias,</strong></span> <span class='ocrx_word' id='word_1_792' title='bbox 2506 3926 2585 3978; x_wconf 89' lang='lat' dir='ltr'><strong>vel</strong></span> <span class='ocrx_word' id='word_1_793' title='bbox 2614 3939 2761 3981; x_wconf 90' lang='lat' dir='ltr'><strong>certe</strong></span> <span class='ocrx_word' id='word_1_794' title='bbox 2782 3940 2886 3981; x_wconf 84' lang='lat' dir='ltr'><strong>n‘on</strong></span> <span class='ocrx_word' id='word_1_795' title='bbox 2913 3929 3183 3983; x_wconf 89' lang='lat' dir='ltr'><strong>declinare</strong></span> <span class='ocrx_word' id='word_1_796' title='bbox 3204 3946 3233 3982; x_wconf 93' lang='lat' dir='ltr'><strong>a</strong></span> <span class='ocrx_word' id='word_1_797' title='bbox 3258 3947 3402 3984; x_wconf 81' lang='lat' dir='ltr'><strong>uiau-</strong></span> <span class='ocrx_word' id='word_1_798' title='bbox 3433 3978 3441 3986; x_wconf 94' lang='lat'><strong>.</strong></span> 
     </span>
    </p>
   </div>
   <div class='ocr_carea' id='block_1_99' title="bbox 1830 4017 3402 4086">
    <p class='ocr_par' dir='ltr' id='par_1_99' title="bbox 1830 4017 3402 4086">
     <span class='ocr_line' id='line_1_99' title="bbox 1830 4017 3402 4086; baseline 0 -13"><span class='ocrx_word' id='word_1_799' title='bbox 1830 4019 1970 4073; x_wconf 87' lang='lat' dir='ltr'><strong>datis</strong></span> <span class='ocrx_word' id='word_1_800' title='bbox 1983 4018 2113 4086; x_wconf 83' lang='lat' dir='ltr'><strong>ejus,</strong></span> <span class='ocrx_word' id='word_1_801' title='bbox 2132 4018 2224 4072; x_wconf 91' lang='lat' dir='ltr'><strong>sed</strong></span> <span class='ocrx_word' id='word_1_802' title='bbox 2253 4017 2489 4070; x_wconf 89' lang='lat' dir='ltr'><strong>studiose</strong></span> <span class='ocrx_word' id='word_1_803' title='bbox 2515 4018 2708 4069; x_wconf 90' lang='lat' dir='ltr'><strong>sectari</strong></span> <span class='ocrx_word' id='word_1_804' title='bbox 2738 4018 2956 4086; x_wconf 86' lang='lat' dir='ltr'><strong>vestigia</strong></span> <span class='ocrx_word' id='word_1_805' title='bbox 2980 4017 3113 4084; x_wconf 82' lang='lat' dir='ltr'><strong>ejus.</strong></span> <span class='ocrx_word' id='word_1_806' title='bbox 3141 4017 3239 4084; x_wconf 87' lang='lat' dir='ltr'><strong>Qui</strong></span> <span class='ocrx_word' id='word_1_807' title='bbox 3261 4021 3402 4074; x_wconf 86' lang='lat' dir='ltr'><strong>enim</strong></span> 
     </span>
    </p>
   </div>
   <div class='ocr_carea' id='block_1_100' title="bbox 1831 4106 3400 4169">
    <p class='ocr_par' dir='ltr' id='par_1_100' title="bbox 1831 4106 3400 4169">
     <span class='ocr_line' id='line_1_100' title="bbox 1831 4106 3400 4169; baseline -0.003 -6"><span class='ocrx_word' id='word_1_808' title='bbox 1831 4110 1960 4163; x_wconf 90' lang='lat' dir='ltr'><strong>dicit</strong></span> <span class='ocrx_word' id='word_1_809' title='bbox 1985 4125 2043 4163; x_wconf 91' lang='lat' dir='ltr'><strong>se</strong></span> <span class='ocrx_word' id='word_1_810' title='bbox 2067 4110 2117 4161; x_wconf 94' lang='lat' dir='ltr'><strong>in</strong></span> <span class='ocrx_word' id='word_1_811' title='bbox 2144 4107 2357 4162; x_wconf 91' lang='lat' dir='ltr'><strong>Christo</strong></span> <span class='ocrx_word' id='word_1_812' title='bbox 2385 4120 2622 4169; x_wconf 89' lang='lat' dir='ltr'><strong>manere,</strong></span> <span class='ocrx_word' id='word_1_813' title='bbox 2646 4106 2803 4160; x_wconf 91' lang='lat' dir='ltr'><strong>debet</strong></span> <span class='ocrx_word' id='word_1_814' title='bbox 2832 4106 2969 4161; x_wconf 92' lang='lat' dir='ltr'><strong>sicut</strong></span> <span class='ocrx_word' id='word_1_815' title='bbox 2997 4107 3084 4162; x_wconf 89' lang='lat' dir='ltr'><strong>ille</strong></span> <span class='ocrx_word' id='word_1_816' title='bbox 3112 4108 3400 4162; x_wconf 80' lang='lat' dir='ltr'><strong>ambulavit</strong></span> 
     </span>
    </p>
   </div>
   <div class='ocr_carea' id='block_1_101' title="bbox 1830 4201 2348 4272">
    <p class='ocr_par' dir='ltr' id='par_1_101' title="bbox 1830 4201 2348 4272">
     <span class='ocr_line' id='line_1_101' title="bbox 1830 4201 2348 4272; baseline -0.006 -15"><span class='ocrx_word' id='word_1_817' title='bbox 1830 4215 1884 4258; x_wconf 92' lang='lat' dir='ltr'><strong>et</strong></span> <span class='ocrx_word' id='word_1_818' title='bbox 1914 4203 2024 4272; x_wconf 90' lang='lat' dir='ltr'><strong>ipse</strong></span> <span class='ocrx_word' id='word_1_819' title='bbox 2052 4201 2348 4256; x_wconf 86' lang='lat' dir='ltr'><strong>ambulare.</strong></span> 
     </span>
    </p>
   </div>
   <div class='ocr_carea' id='block_1_102' title="bbox 1907 4291 3396 4355">
    <p class='ocr_par' dir='ltr' id='par_1_102' title="bbox 1907 4291 3396 4355">
     <span class='ocr_line' id='line_1_102' title="bbox 1907 4291 3396 4355; baseline 0.001 -11"><span class='ocrx_word' id='word_1_820' title='bbox 1907 4311 1924 4344; x_wconf 71' lang='grc' dir='ltr'>ι</span> <span class='ocrx_word' id='word_1_821' title='bbox 1967 4294 2077 4348; x_wconf 87' lang='lat' dir='ltr'><strong>Vox</strong></span> <span class='ocrx_word' id='word_1_822' title='bbox 2113 4292 2321 4346; x_wconf 88' lang='lat' dir='ltr'><strong>Domini</strong></span> <span class='ocrx_word' id='word_1_823' title='bbox 2362 4292 2427 4345; x_wconf 88' lang='lat' dir='ltr'><strong>ad</strong></span> <span class='ocrx_word' id='word_1_824' title='bbox 2471 4291 2741 4347; x_wconf 91' lang='lat' dir='ltr'><strong>civitatem</strong></span> <span class='ocrx_word' id='word_1_825' title='bbox 2781 4291 3007 4355; x_wconf 86' lang='lat' dir='ltr'><strong>clamat,</strong></span> <span class='ocrx_word' id='word_1_826' title='bbox 3036 4300 3090 4346; x_wconf 89' lang='lat' dir='ltr'><strong>et</strong></span> <span class='ocrx_word' id='word_1_827' title='bbox 3117 4291 3260 4348; x_wconf 85' lang='lat' dir='ltr'><strong>salus</strong></span> <span class='ocrx_word' id='word_1_828' title='bbox 3297 4295 3396 4348; x_wconf 86' lang='lat' dir='ltr'><strong>cril</strong></span> 
     </span>
    </p>
   </div>
   <div class='ocr_carea' id='block_1_103' title="bbox 1830 4381 3400 4449">
    <p class='ocr_par' dir='ltr' id='par_1_103' title="bbox 1830 4381 3400 4449">
     <span class='ocr_line' id='line_1_103' title="bbox 1830 4381 3400 4449; baseline 0.002 -13"><span class='ocrx_word' id='word_1_829' title='bbox 1830 4383 2140 4437; x_wconf 91' lang='lat' dir='ltr'><strong>timentibus</strong></span> <span class='ocrx_word' id='word_1_830' title='bbox 2179 4397 2369 4436; x_wconf 89' lang='lat' dir='ltr'><strong>nomen</strong></span> <span class='ocrx_word' id='word_1_831' title='bbox 2419 4390 2585 4436; x_wconf 84' lang='lat' dir='ltr'><strong>tuum.</strong></span> <span class='ocrx_word' id='word_1_832' title='bbox 2625 4401 2642 4434; x_wconf 74' lang='grc' dir='ltr'><strong><em>ι</em></strong></span> <span class='ocrx_word' id='word_1_833' title='bbox 2678 4381 2836 4436; x_wconf 80' lang='lat' dir='ltr'><strong>Juxta</strong></span> <span class='ocrx_word' id='word_1_834' title='bbox 2868 4384 3142 4438; x_wconf 89' lang='lat' dir='ltr'><strong>historiam</strong></span> <span class='ocrx_word' id='word_1_835' title='bbox 3185 4399 3316 4449; x_wconf 76' lang='lat' dir='ltr'><strong>vox,</strong></span> <span class='ocrx_word' id='word_1_836' title='bbox 3350 4386 3400 4440; x_wconf 90' lang='lat' dir='ltr'><strong>id</strong></span> 
     </span>
    </p>
   </div>
   <div class='ocr_carea' id='block_1_104' title="bbox 1829 4471 3398 4540">
    <p class='ocr_par' dir='ltr' id='par_1_104' title="bbox 1829 4471 3398 4540">
     <span class='ocr_line' id='line_1_104' title="bbox 1829 4471 3398 4540; baseline 0.002 -14"><span class='ocrx_word' id='word_1_837' title='bbox 1829 4482 1909 4526; x_wconf 87' lang='lat' dir='ltr'><strong>est</strong></span> <span class='ocrx_word' id='word_1_838' title='bbox 1936 4471 2097 4526; x_wconf 88' lang='lat' dir='ltr'><strong>verba</strong></span> <span class='ocrx_word' id='word_1_839' title='bbox 2130 4471 2379 4536; x_wconf 70' lang='grc' dir='ltr'><strong>Μίειιίεω,</strong></span> <span class='ocrx_word' id='word_1_840' title='bbox 2411 4472 2668 4540; x_wconf 88' lang='lat' dir='ltr'><strong>propheta</strong></span> <span class='ocrx_word' id='word_1_841' title='bbox 2702 4473 3050 4528; x_wconf 88' lang='lat' dir='ltr'><strong>vaticinante.</strong></span> <span class='ocrx_word' id='word_1_842' title='bbox 3083 4473 3152 4529; x_wconf 91' lang='lat' dir='ltr'><strong>Ut</strong></span> <span class='ocrx_word' id='word_1_843' title='bbox 3178 4475 3248 4529; x_wconf 87' lang='lat' dir='ltr'><strong>sit</strong></span> <span class='ocrx_word' id='word_1_844' title='bbox 3278 4490 3398 4529; x_wconf 83' lang='lat' dir='ltr'><strong>sen-</strong></span> 
     </span>
    </p>
   </div>
   <div class='ocr_carea' id='block_1_105' title="bbox 1825 4548 3398 4640">
    <p class='ocr_par' dir='ltr' id='par_1_105' title="bbox 1825 4548 3398 4640">
     <span class='ocr_line' id='line_1_105' title="bbox 1825 4548 3398 4640; baseline 0.005 -26"><span class='ocrx_word' id='word_1_845' title='bbox 1825 4576 1952 4615; x_wconf 89' lang='lat' dir='ltr'><strong>sus:</strong></span> <span class='ocrx_word' id='word_1_846' title='bbox 1982 4560 2335 4615; x_wconf 90' lang='lat' dir='ltr'><strong>Comminatio</strong></span> <span class='ocrx_word' id='word_1_847' title='bbox 2373 4560 2580 4614; x_wconf 89' lang='lat' dir='ltr'><strong>Domini</strong></span> <span class='ocrx_word' id='word_1_848' title='bbox 2619 4548 2806 4640; x_wconf 80' lang='lat' dir='ltr'><strong>contra</strong></span> <span class='ocrx_word' id='word_1_849' title='bbox 2856 4562 3153 4618; x_wconf 88' lang='lat' dir='ltr'><strong>Samariam</strong></span> <span class='ocrx_word' id='word_1_850' title='bbox 3198 4575 3308 4632; x_wconf 89' lang='lat' dir='ltr'><strong>est,</strong></span> <span class='ocrx_word' id='word_1_851' title='bbox 3341 4577 3398 4622; x_wconf 89' lang='lat' dir='ltr'><strong>ut</strong></span> 
     </span>
    </p>
   </div>
   <div class='ocr_carea' id='block_1_106' title="bbox 1825 4651 3499 4724">
    <p class='ocr_par' dir='ltr' id='par_1_106' title="bbox 1825 4651 3499 4724">
     <span class='ocr_line' id='line_1_106' title="bbox 1825 4651 3499 4724; baseline 0.004 -19"><span class='ocrx_word' id='word_1_852' title='bbox 1825 4653 2046 4707; x_wconf 91' lang='lat' dir='ltr'><strong>audiens</strong></span> <span class='ocrx_word' id='word_1_853' title='bbox 2077 4653 2299 4722; x_wconf 90' lang='lat' dir='ltr'><strong>populus</strong></span> <span class='ocrx_word' id='word_1_854' title='bbox 2330 4651 2464 4707; x_wconf 87' lang='lat' dir='ltr'><strong>Juda</strong></span> <span class='ocrx_word' id='word_1_855' title='bbox 2493 4652 2713 4707; x_wconf 90' lang='lat' dir='ltr'><strong>istorum</strong></span> <span class='ocrx_word' id='word_1_856' title='bbox 2747 4655 3024 4724; x_wconf 84' lang='lat' dir='ltr'><strong>supplicia,</strong></span> <span class='ocrx_word' id='word_1_857' title='bbox 3067 4657 3314 4722; x_wconf 85' lang='lat' dir='ltr'><strong>timeant,</strong></span> <span class='ocrx_word' id='word_1_858' title='bbox 3345 4670 3396 4714; x_wconf 92' lang='lat' dir='ltr'><strong>el</strong></span> <span class='ocrx_word' id='word_1_859' title='bbox 3492 4682 3499 4689; x_wconf 89' lang='lat'><strong>-</strong></span> 
     </span>
    </p>
   </div>
   <div class='ocr_carea' id='block_1_107' title="bbox 1825 4741 3394 4818">
    <p class='ocr_par' dir='ltr' id='par_1_107' title="bbox 1825 4741 3394 4818">
     <span class='ocr_line' id='line_1_107' title="bbox 1825 4741 3394 4818; baseline 0.004 -21"><span class='ocrx_word' id='word_1_860' title='bbox 1825 4744 2191 4811; x_wconf 89' lang='lat' dir='ltr'><strong>adipiscantur</strong></span> <span class='ocrx_word' id='word_1_861' title='bbox 2230 4741 2478 4798; x_wconf 88' lang='lat' dir='ltr'><strong>salutem.</strong></span> <span class='ocrx_word' id='word_1_862' title='bbox 2509 4743 2616 4798; x_wconf 91' lang='lat' dir='ltr'><strong>Sed</strong></span> <span class='ocrx_word' id='word_1_863' title='bbox 2648 4747 2706 4798; x_wconf 86' lang='lat' dir='ltr'><strong>et</strong></span> <span class='ocrx_word' id='word_1_864' title='bbox 2748 4755 3057 4814; x_wconf 84' lang='lat' dir='ltr'><strong>peccatores</strong></span> <span class='ocrx_word' id='word_1_865' title='bbox 3095 4747 3294 4818; x_wconf 87' lang='lat' dir='ltr'><strong>quique</strong></span> <span class='ocrx_word' id='word_1_866' title='bbox 3328 4752 3394 4804; x_wconf 84' lang='lat' dir='ltr'><strong>ti-</strong></span> 
     </span>
    </p>
   </div>
   <div class='ocr_carea' id='block_1_108' title="bbox 1824 4834 3398 4905">
    <p class='ocr_par' dir='ltr' id='par_1_108' title="bbox 1824 4834 3398 4905">
     <span class='ocr_line' id='line_1_108' title="bbox 1824 4834 3398 4905; baseline 0.004 -18"><span class='ocrx_word' id='word_1_867' title='bbox 1824 4843 2030 4888; x_wconf 83' lang='lat' dir='ltr'><strong>mentes</strong></span> <span class='ocrx_word' id='word_1_868' title='bbox 2049 4834 2325 4902; x_wconf 84' lang='lat' dir='ltr'><strong>supplicia,</strong></span> <span class='ocrx_word' id='word_1_869' title='bbox 2345 4849 2464 4904; x_wconf 72' lang='lat' dir='ltr'><strong>qua:</strong></span> <span class='ocrx_word' id='word_1_870' title='bbox 2481 4835 2662 4889; x_wconf 89' lang='lat' dir='ltr'><strong>vident</strong></span> <span class='ocrx_word' id='word_1_871' title='bbox 2683 4834 2816 4891; x_wconf 87' lang='lat' dir='ltr'><strong>alios</strong></span> <span class='ocrx_word' id='word_1_872' title='bbox 2837 4837 2970 4905; x_wconf 90' lang='lat' dir='ltr'><strong>pati,</strong></span> <span class='ocrx_word' id='word_1_873' title='bbox 2989 4837 3200 4892; x_wconf 87' lang='lat' dir='ltr'><strong>illorum</strong></span> <span class='ocrx_word' id='word_1_874' title='bbox 3217 4855 3398 4894; x_wconf 61' lang='lat' dir='ltr'><strong>exemo</strong></span> 
     </span>
    </p>
   </div>
   <div class='ocr_carea' id='block_1_109' title="bbox 1822 4923 3466 5000">
    <p class='ocr_par' dir='ltr' id='par_1_109' title="bbox 1822 4923 3466 5000">
     <span class='ocr_line' id='line_1_109' title="bbox 1822 4923 3466 5000; baseline 0.007 -26"><span class='ocrx_word' id='word_1_875' title='bbox 1822 4923 1910 4991; x_wconf 90' lang='lat' dir='ltr'><strong>plo</strong></span> <span class='ocrx_word' id='word_1_876' title='bbox 1951 4925 2321 4993; x_wconf 87' lang='lat' dir='ltr'><strong>corriguntur,</strong></span> <span class='ocrx_word' id='word_1_877' title='bbox 2349 4933 2404 4977; x_wconf 91' lang='lat' dir='ltr'><strong>et</strong></span> <span class='ocrx_word' id='word_1_878' title='bbox 2445 4923 2697 4992; x_wconf 86' lang='lat' dir='ltr'><strong>impletur</strong></span> <span class='ocrx_word' id='word_1_879' title='bbox 2733 4925 2786 4978; x_wconf 90' lang='lat' dir='ltr'><strong>in</strong></span> <span class='ocrx_word' id='word_1_880' title='bbox 2828 4925 2932 4980; x_wconf 91' lang='lat' dir='ltr'><strong>illis</strong></span> <span class='ocrx_word' id='word_1_881' title='bbox 2961 4927 3104 4996; x_wconf 86' lang='lat' dir='ltr'><strong>quod</strong></span> <span class='ocrx_word' id='word_1_882' title='bbox 3135 4930 3395 5000; x_wconf 86' lang='lat' dir='ltr'><strong>scriptum</strong></span> <span class='ocrx_word' id='word_1_883' title='bbox 3460 4967 3466 4976; x_wconf 85' lang='lat'><em>-</em></span> 
     </span>
    </p>
   </div>
   <div class='ocr_carea' id='block_1_110' title="bbox 1822 5012 3394 5084">
    <p class='ocr_par' dir='ltr' id='par_1_110' title="bbox 1822 5012 3394 5084">
     <span class='ocr_line' id='line_1_110' title="bbox 1822 5012 3394 5084; baseline 0.005 -18"><span class='ocrx_word' id='word_1_884' title='bbox 1822 5020 1958 5082; x_wconf 84' lang='lat' dir='ltr'><strong>est:</strong></span> <span class='ocrx_word' id='word_1_885' title='bbox 2001 5012 2286 5068; x_wconf 86' lang='lat' dir='ltr'><strong>Pestilente</strong></span> <span class='ocrx_word' id='word_1_886' title='bbox 2335 5012 2631 5083; x_wconf 84' lang='lat' dir='ltr'><strong>ﬂagellato,</strong></span> <span class='ocrx_word' id='word_1_887' title='bbox 2683 5017 2976 5084; x_wconf 86' lang='lat' dir='ltr'><strong>sapientior</strong></span> <span class='ocrx_word' id='word_1_888' title='bbox 3019 5019 3124 5072; x_wconf 90' lang='lat' dir='ltr'><strong>erit</strong></span> <span class='ocrx_word' id='word_1_889' title='bbox 3178 5021 3394 5076; x_wconf 69' lang='lat' dir='ltr'><strong>stultus;</strong></span> 
     </span>
    </p>
   </div>
   <div class='ocr_carea' id='block_1_111' title="bbox 1829 5106 3395 5177">
    <p class='ocr_par' dir='ltr' id='par_1_111' title="bbox 1829 5106 3395 5177">
     <span class='ocr_line' id='line_1_111' title="bbox 1829 5106 3395 5177; baseline 0.006 -21"><span class='ocrx_word' id='word_1_890' title='bbox 1829 5124 1848 5156; x_wconf 73' lang='grc' dir='ltr'><strong>ε</strong></span> <span class='ocrx_word' id='word_1_891' title='bbox 1878 5107 2091 5170; x_wconf 84' lang='lat' dir='ltr'><strong>Audite,</strong></span> <span class='ocrx_word' id='word_1_892' title='bbox 2126 5106 2328 5170; x_wconf 89' lang='lat' dir='ltr'><strong>tribus,</strong></span> <span class='ocrx_word' id='word_1_893' title='bbox 2376 5116 2432 5161; x_wconf 89' lang='lat' dir='ltr'><strong>et</strong></span> <span class='ocrx_word' id='word_1_894' title='bbox 2476 5107 2597 5176; x_wconf 91' lang='lat' dir='ltr'><strong>quis</strong></span> <span class='ocrx_word' id='word_1_895' title='bbox 2642 5109 2957 5177; x_wconf 89' lang='lat' dir='ltr'><strong>approbabit</strong></span> <span class='ocrx_word' id='word_1_896' title='bbox 3001 5111 3174 5165; x_wconf 84' lang='lat' dir='ltr'><strong>illud?</strong></span> <span class='ocrx_word' id='word_1_897' title='bbox 3208 5112 3395 5167; x_wconf 82' lang='lat' dir='ltr'><strong>Adhuc</strong></span> 
     </span>
    </p>
   </div>
   <div class='ocr_carea' id='block_1_112' title="bbox 1823 5196 3394 5269">
    <p class='ocr_par' dir='ltr' id='par_1_112' title="bbox 1823 5196 3394 5269">
     <span class='ocr_line' id='line_1_112' title="bbox 1823 5196 3394 5269; baseline 0.004 -20"><span class='ocrx_word' id='word_1_898' title='bbox 1823 5196 1962 5265; x_wconf 80' lang='lat' dir='ltr'><strong>ignis</strong></span> <span class='ocrx_word' id='word_1_899' title='bbox 1989 5197 2041 5250; x_wconf 91' lang='lat' dir='ltr'><strong>in</strong></span> <span class='ocrx_word' id='word_1_900' title='bbox 2068 5197 2225 5250; x_wconf 88' lang='lat' dir='ltr'><strong>domo</strong></span> <span class='ocrx_word' id='word_1_901' title='bbox 2255 5197 2424 5266; x_wconf 91' lang='lat' dir='ltr'><strong>impii,</strong></span> <span class='ocrx_word' id='word_1_902' title='bbox 2457 5199 2689 5252; x_wconf 88' lang='lat' dir='ltr'><strong>thesauri</strong></span> <span class='ocrx_word' id='word_1_903' title='bbox 2718 5200 3032 5269; x_wconf 89' lang='lat' dir='ltr'><strong>iniquitatis,</strong></span> <span class='ocrx_word' id='word_1_904' title='bbox 3065 5209 3120 5256; x_wconf 89' lang='lat' dir='ltr'><strong>et</strong></span> <span class='ocrx_word' id='word_1_905' title='bbox 3144 5217 3394 5267; x_wconf 73' lang='lat' dir='ltr'><strong>mensura</strong></span> 
     </span>
    </p>
   </div>
   <div class='ocr_carea' id='block_1_113' title="bbox 1823 5289 3390 5362">
    <p class='ocr_par' dir='ltr' id='par_1_113' title="bbox 1823 5289 3390 5362">
     <span class='ocr_line' id='line_1_113' title="bbox 1823 5289 3390 5362; baseline 0.003 -18"><span class='ocrx_word' id='word_1_906' title='bbox 1823 5290 2001 5344; x_wconf 89' lang='lat' dir='ltr'><strong>minor</strong></span> <span class='ocrx_word' id='word_1_907' title='bbox 2043 5290 2136 5344; x_wconf 73' lang='lat' dir='ltr'><strong>iraa</strong></span> <span class='ocrx_word' id='word_1_908' title='bbox 2175 5289 2348 5358; x_wconf 89' lang='lat' dir='ltr'><strong>plena.</strong></span> <span class='ocrx_word' id='word_1_909' title='bbox 2388 5309 2406 5341; x_wconf 78' lang='grc' dir='ltr'><strong><em>ι</em></strong></span> <span class='ocrx_word' id='word_1_910' title='bbox 2442 5289 2486 5345; x_wconf 93' lang='grc' dir='ltr'><strong>Ο</strong></span> <span class='ocrx_word' id='word_1_911' title='bbox 2513 5291 2696 5345; x_wconf 85' lang='lat' dir='ltr'><strong>decem</strong></span> <span class='ocrx_word' id='word_1_912' title='bbox 2739 5293 2930 5357; x_wconf 88' lang='lat' dir='ltr'><strong>tribus,</strong></span> <span class='ocrx_word' id='word_1_913' title='bbox 2980 5309 3098 5362; x_wconf 63' lang='lat' dir='ltr'><strong>quae</strong></span> <span class='ocrx_word' id='word_1_914' title='bbox 3123 5292 3390 5348; x_wconf 90' lang='lat' dir='ltr'><strong>vocamini</strong></span> 
     </span>
    </p>
   </div>
   <div class='ocr_carea' id='block_1_114' title="bbox 1824 5383 3389 5454">
    <p class='ocr_par' dir='ltr' id='par_1_114' title="bbox 1824 5383 3389 5454">
     <span class='ocr_line' id='line_1_114' title="bbox 1824 5383 3389 5454; baseline 0.001 -16"><span class='ocrx_word' id='word_1_915' title='bbox 1824 5383 2063 5439; x_wconf 88' lang='lat' dir='ltr'><strong>Samaria</strong></span> <span class='ocrx_word' id='word_1_916' title='bbox 2084 5424 2098 5448; x_wconf 94' lang='lat'><strong>,</strong></span> <span class='ocrx_word' id='word_1_917' title='bbox 2137 5384 2316 5439; x_wconf 88' lang='lat' dir='ltr'><strong>audite</strong></span> <span class='ocrx_word' id='word_1_918' title='bbox 2353 5399 2471 5453; x_wconf 71' lang='lat' dir='ltr'><strong>qua:</strong></span> <span class='ocrx_word' id='word_1_919' title='bbox 2513 5384 2767 5439; x_wconf 90' lang='lat' dir='ltr'><strong>Dominus</strong></span> <span class='ocrx_word' id='word_1_920' title='bbox 2797 5393 3145 5440; x_wconf 86' lang='lat' dir='ltr'><strong>contestatur.</strong></span> <span class='ocrx_word' id='word_1_921' title='bbox 3176 5385 3241 5438; x_wconf 79' lang='lat' dir='ltr'><strong>Et</strong></span> <span class='ocrx_word' id='word_1_922' title='bbox 3270 5385 3389 5454; x_wconf 88' lang='lat' dir='ltr'><strong>quis</strong></span> 
     </span>
    </p>
   </div>
   <div class='ocr_carea' id='block_1_115' title="bbox 1821 5475 3391 5548">
    <p class='ocr_par' dir='ltr' id='par_1_115' title="bbox 1821 5475 3391 5548">
     <span class='ocr_line' id='line_1_115' title="bbox 1821 5475 3391 5548; baseline 0.001 -17"><span class='ocrx_word' id='word_1_923' title='bbox 1821 5477 2135 5548; x_wconf 88' lang='lat' dir='ltr'><strong>approbavit</strong></span> <span class='ocrx_word' id='word_1_924' title='bbox 2165 5475 2312 5539; x_wconf 89' lang='lat' dir='ltr'><strong>illud,</strong></span> <span class='ocrx_word' id='word_1_925' title='bbox 2335 5476 2385 5530; x_wconf 92' lang='lat' dir='ltr'><strong>id</strong></span> <span class='ocrx_word' id='word_1_926' title='bbox 2415 5484 2497 5530; x_wconf 88' lang='lat' dir='ltr'><strong>est</strong></span> <span class='ocrx_word' id='word_1_927' title='bbox 2529 5492 2700 5541; x_wconf 90' lang='lat' dir='ltr'><strong>rarus,</strong></span> <span class='ocrx_word' id='word_1_928' title='bbox 2729 5477 2819 5546; x_wconf 85' lang='lat' dir='ltr'><strong>qui</strong></span> <span class='ocrx_word' id='word_1_929' title='bbox 2856 5476 3149 5531; x_wconf 87' lang='lat' dir='ltr'><strong>secundum</strong></span> <span class='ocrx_word' id='word_1_930' title='bbox 3180 5491 3241 5532; x_wconf 89' lang='lat' dir='ltr'><strong>ea</strong></span> <span class='ocrx_word' id='word_1_931' title='bbox 3272 5491 3391 5546; x_wconf 64' lang='lat' dir='ltr'><strong>quas</strong></span> 
     </span>
    </p>
   </div>
   <div class='ocr_carea' id='block_1_116' title="bbox 1822 5567 3390 5640">
    <p class='ocr_par' dir='ltr' id='par_1_116' title="bbox 1822 5567 3390 5640">
     <span class='ocr_line' id='line_1_116' title="bbox 1822 5567 3390 5640; baseline -0.001 -14"><span class='ocrx_word' id='word_1_932' title='bbox 1822 5571 2078 5626; x_wconf 86' lang='lat' dir='ltr'><strong>Dominus</strong></span> <span class='ocrx_word' id='word_1_933' title='bbox 2115 5569 2384 5640; x_wconf 71' lang='lat' dir='ltr'><strong>prmcipit,</strong></span> <span class='ocrx_word' id='word_1_934' title='bbox 2425 5569 2553 5624; x_wconf 83' lang='lat' dir='ltr'><strong>velit</strong></span> <span class='ocrx_word' id='word_1_935' title='bbox 2583 5585 2762 5640; x_wconf 87' lang='lat' dir='ltr'><strong>agere.</strong></span> <span class='ocrx_word' id='word_1_936' title='bbox 2799 5568 2989 5622; x_wconf 78' lang='lat' dir='ltr'><strong>Adhuc</strong></span> <span class='ocrx_word' id='word_1_937' title='bbox 3023 5567 3186 5637; x_wconf 85' lang='lat' dir='ltr'><strong>ignis,</strong></span> <span class='ocrx_word' id='word_1_938' title='bbox 3225 5569 3277 5624; x_wconf 90' lang='lat' dir='ltr'><strong>id</strong></span> <span class='ocrx_word' id='word_1_939' title='bbox 3305 5578 3390 5625; x_wconf 89' lang='lat' dir='ltr'><strong>est</strong></span> 
     </span>
    </p>
   </div>
   <div class='ocr_carea' id='block_1_117' title="bbox 1821 5659 3387 5734">
    <p class='ocr_par' dir='ltr' id='par_1_117' title="bbox 1821 5659 3387 5734">
     <span class='ocr_line' id='line_1_117' title="bbox 1821 5659 3387 5734; baseline 0.001 -18"><span class='ocrx_word' id='word_1_940' title='bbox 1821 5662 2076 5732; x_wconf 89' lang='lat' dir='ltr'><strong>iniquitas</strong></span> <span class='ocrx_word' id='word_1_941' title='bbox 2114 5661 2167 5715; x_wconf 93' lang='lat' dir='ltr'><strong>in</strong></span> <span class='ocrx_word' id='word_1_942' title='bbox 2207 5662 2366 5717; x_wconf 89' lang='lat' dir='ltr'><strong>domo</strong></span> <span class='ocrx_word' id='word_1_943' title='bbox 2395 5661 2543 5728; x_wconf 90' lang='lat' dir='ltr'><strong>impii</strong></span> <span class='ocrx_word' id='word_1_944' title='bbox 2581 5671 2696 5725; x_wconf 91' lang='lat' dir='ltr'><strong>est,</strong></span> <span class='ocrx_word' id='word_1_945' title='bbox 2725 5668 2779 5714; x_wconf 92' lang='lat' dir='ltr'><strong>et</strong></span> <span class='ocrx_word' id='word_1_946' title='bbox 2816 5659 3054 5734; x_wconf 83' lang='lat' dir='ltr'><strong>thesauri</strong></span> <span class='ocrx_word' id='word_1_947' title='bbox 3098 5659 3387 5730; x_wconf 81' lang='lat' dir='ltr'><strong>impietatis</strong></span> 
     </span>
    </p>
   </div>
   <div class='ocr_carea' id='block_1_118' title="bbox 1820 5742 3476 5824">
    <p class='ocr_par' dir='ltr' id='par_1_118' title="bbox 1820 5742 3476 5824">
     <span class='ocr_line' id='line_1_118' title="bbox 1820 5742 3476 5824; baseline -0.002 -16"><span class='ocrx_word' id='word_1_948' title='bbox 1820 5762 1942 5808; x_wconf 89' lang='lat' dir='ltr'><strong>sunt</strong></span> <span class='ocrx_word' id='word_1_949' title='bbox 1979 5753 2029 5806; x_wconf 92' lang='lat' dir='ltr'><strong>in</strong></span> <span class='ocrx_word' id='word_1_950' title='bbox 2063 5753 2219 5807; x_wconf 87' lang='lat' dir='ltr'><strong>domo</strong></span> <span class='ocrx_word' id='word_1_951' title='bbox 2256 5753 2415 5823; x_wconf 83' lang='lat' dir='ltr'><strong>regia.</strong></span> <span class='ocrx_word' id='word_1_952' title='bbox 2453 5751 2651 5806; x_wconf 84' lang='lat' dir='ltr'><strong>Deinde</strong></span> <span class='ocrx_word' id='word_1_953' title='bbox 2690 5749 2998 5818; x_wconf 83' lang='lat' dir='ltr'><strong>exsequitur</strong></span> <span class='ocrx_word' id='word_1_954' title='bbox 3023 5765 3116 5821; x_wconf 90' lang='lat' dir='ltr'><strong>per</strong></span> <span class='ocrx_word' id='word_1_955' title='bbox 3148 5749 3384 5824; x_wconf 80' lang='lat' dir='ltr'><strong>singula,</strong></span> <span class='ocrx_word' id='word_1_956' title='bbox 3471 5742 3476 5747; x_wconf 68' lang='grc'><strong>’</strong></span> 
     </span>
    </p>
   </div>
  </div>
