4022 6448
552 456 653 511 163
1012 439 1362 502 DAYMONIS
1401 431 1878 492 llALBERS‘l‘AT.
1929 425 2143 483 EPlSC.
2183 423 2331 480 ενι».
2375 420 2551 476 rans
2590 420 2627 475 ι.
2658 451 2726 460 -
2761 404 3117 474 εοδίΜΕΝτ.
3155 403 3325 471 ἰδίει.
3693 402 3801 470 tsi

551 571 744 640 quibus
772 567 928 621 malis
957 565 1042 619 illa
1071 573 1392 620 vastaretur.
1421 563 1669 616 Mensura
1696 557 1899 619 minor,
1928 552 1978 606 id
2003 558 2118 612 est,
2149 587 2159 610 ι

2267 544 2358 609 τιιίε
2395 557 2498 596 non
2538 556 2567 594 a
2609 549 2798 610 sponte
2841 537 3189 592 offerentibus
3230 535 3502 603 accipiunt
3547 549 3810 598 munera,

553 627 831 729 iiijustitia,
857 657 950 710 ira:
979 655 1152 726 plena,
1187 656 1238 710 id
1263 663 1344 710 est
1372 655 1506 708 iram
1537 651 1629 706 Dei
1661 653 1977 717 provocans.
2005 642 2125 696 Sta-
2224 637 2316 691 sed
2347 641 2543 703 cogunt
2572 630 3020 730 dare-subjectos.
3057 627 3390 730 Judex'ergo
3430 627 3482 730 in
3525 627 3815 730 reddendo

555 717 668 808 te}.
707 717 882 819 iniqua
920 717 994 802 et.
1013 717 1222 802 diversa
1249 747 1520 818 pondera,
1565 754 1624 797 ut
1661 743 1714 796 in
1761 739 1866 794 alio
1893 736 2127 808 pondere
2216 737 2326 794 cst,
2365 729 2490 798 quia
2534 727 2614 781 sic
2665 725 2827 780 alium
2863 723 3099 819 judicat,
3144 720 3414 790 quomodo
3443 719 3560 819 ipse
3590 717 3660 774 ab
3698 718 3816 773 alio

553 809 1174 903 νεηάοηιξηετοίιῃοηίει,
1200 809 1386 892 iii-alio
1408 809 1614 897 emant,
1635 832 1882 902 quodque
1902 835 1983 882 est
1999 841 2129 896 gra—
2223 819 2519 890 judicatur,
2551 826 2609 871 ut
2639 825 2826 871 mutuo
2857 815 3040 869 favore
3091 819 3360 865 tueantur.
3401 828 3426 903 ε
3464 809 3542 903 Et
3571 825 3818 882 magnus

522 985 526 990 .
551 935 685 991 vius,
716 933 816 984 hoc
843 946 946 983 uou
971 901 1230 999 pauperes
1251 928 1594 986 necessitate,
1618 901 1710 978 sed
1728 922 1922 976 divites
1942 924 2127 987 agunt,
2227 911 2438 966 locutus
2462 919 2543 964 est
2571 907 2898 1002 desiderium
2945 905 3297 1002 aiiiinmsufe.
3333 922 3351 954 ι
3384 901 3485 969 Qui
3533 901 3681 1002 inter

553 988 682 1092 plus.
710 1019 851 1089 pleni
878 988 1184 1088 iniquitate
1223 1033 1381 1088 quam
1424 1015 1602 1070 rebus.
1655 1013 1805 1068 Unde
1846 1010 2125 1080 sequitur:
2227 1009 2458 1092 magnus
2504 1006 2610 1092 0-51.
2651 996 2808 1092 ει-ἱη
2856 993 2973 1064 ιθεζο
3018 991 3382 1092 (ἲοξιῖδείιξιιιξο
3415 1005 3522 1043 ηοη
3567 990 3686 1053 θεῖν
3720 988 3819 1043 sed

631 1129 650 1160 ι
686 1079 934 1178 quuid
959 1079 1261 1175 jdstificabo
1283 1117 1542 1162 stateram
1580 1104 1798 1172 impiam
1852 1079 2129 1155 etisacelli
2231 1105 2381 1146 suam
2403 1089 2638 1158 loquitur
2658 1085 3010 1182 voluntatem:
3033 1102 3051 1133 ι
3075 1081 3138 1136 Et
3157 1079 3820 1182 coInturba‘verunteamn

553 1201 788 1268 ponde-ra
826 1170 1050 1253 110.05,?
1080 1199 1131 1251 ίη
1165 1199 1359 1267 quibus
1403 1197 1594 1251 divites
1636 1170 1750 1264 ejus
1790 1191 1972 1261 repleti
2007 1197 2134 1244 sunt
2233 1180 2285 1236 id
2309 1188 2394 1234 est
2416 1179 2600 1232 urbem
2623 1176 2705 1232 vel
2733 1185 2950 1240 terram,
2981 1173 3047 1228 de
3067 1188 3174 1245 qua
3198 1171 3335 1227 dixit
3359 1191 3372 1226 ;
3395 1170 3565 1226 Periit
3588 1180 3820 1226 sanctus

557 1292 873 1361 iniquitate,
915 1300 969 1345 et
1003 1291 1305 1345 habitantes
1333 1290 1384 1343 in
1415 1304 1477 1343 ea
1523 1287 1879 1357 loquebantur
1914 1283 2135 1339 menda-
2234 1275 2302 1330 de
2327 1281 2492 1368 terra.
2585 1361 2596 1368 .
2733 1359 2767 1368 ἓ.
2870 1357 2883 1368 .
3003 1364 3013 1368 Δ
3184 1356 3197 1368 .

550 1383 722 1436 'cium.
754 1402 774 1433 ι
810 1383 855 1435 Α
877 1383 1078 1436 divitiis
1107 1381 1446 1452 subjungitur
1476 1379 1834 1439 mendacium,
1865 1378 1989 1447 quia
2017 1391 2132 1429 ma-

2311 1381 2330 1414 ι
2365 1364 2462 1429 Qui
2489 1359 2807 1431 optimus'in
2835 1357 2915 1413 eis
2939 1364 3020 1412 est
3045 1356 3198 1426 quasi
3223 1353 3482 1425 paliurus,
3519 1371 3540 1405 ι
3571 1367 3824 1422 pungens

556 1487 660 1526 nus
673 1480 885 1526 assueta
899 1443 1226 1541 congregare
1241 1443 1474 1531 divitias,
1493 1443 2140 1533 fraudulentam-possidet
2237 1463 2292 1511 et
2317 1453 2604 1545 Vlllﬂcfﬁll’s
2634 1448 3163 1545 ifPPmPin‘luanlefl.
3183 1444 3358 1545 Sibi-Af
3385 1443 3456 1545 Δεῖ
3485 1443 3820 1545 (Ιξῑίινθεωξξ

562 1559 816 1630 linguam.
849 1559 980 1614 Cum
1016 1561 1125 1614 haec
1153 1567 1208 1614 et
1235 1559 1335 1612 alia
1380 1557 1618 1611 facerent
1647 1557 1917 1626 principes
1943 1554 2135 1618 vestri,

2267 1543 2390 1612 μιηεί
2432 1541 2584 1609 spina
2630 1540 2696 1594 de
2747 1551 2902 1608 sepe,
2945 1555 2961 1586 ι
3003 1543 3062 1588 ut
3093 1533 3164 1588 ibi
3205 1532 3471 1586 sentiatur
3513 1529 3692 1590 dolor,
3720 1529 3814 1584 ubi

563 1623 706 1705 nolui
749 1666 842 1706 vos
882 1651 1062 1705 statim
1108 1651 1313 1713 delere,
1348 1651 1441 1704 sed
1485 1623 1791 1718 exspectavi
1824 1623 2046 1712 adhuc,
2087 1654 2142 1701 et
2240 1635 2527 1705 Ρυιδικιῑυτ
2551 1631 2832 1687 ³υ³ίῖ¹ί¹¹¹ηο
2865 1647 2884 1679 ί
2921 1628 3044 1682 Dies
3067 1623 3452 1718 Specmal'io“_i_5
3477 1630 3601 1718 Ῥεῖν
3632 1623 3824 1718 τίεᾳίίίν

563 1743 816 1811 paulatim
841 1743 977 1810 εωρὶ
1011 1751 1288 1811 percutere
1316 1741 1507 1811 plagis,
1531 1714 1685 1810 quasi
1721 1755 1942 1794 monens
1967 1748 2025 1792 ut
2048 1753 2141 1792 vos
2245 1729 2319 1782 ιίο
2342 1738 2431 1781 lim
2448 1725 2610 1789 Venit.
2635 1738 2774 1778 ηυῐιο
2796 1722 2902 1776 erit
2925 1719 3146 1815 νίιεῑξιδε
3167 1730 3373 1815 eorum;
3400 1714 3829 1815 Nome_f3'_edf"

563 1802 1064 1902 corrigeretis.‘lllisi
1090 1833 1142 1886 in
1171 1840 1263 1887 ves
1289 1802 1506 1895 famem,
1533 1802 1695 1895 sitim,
1722 1830 1962 1894 morbos,
1987 1829 2145 1885 vasti~
2177 1898 2215 1910 ﬁ
2238 1820 2438 1874 θεηίεοο
2473 1837 2490 1868 ³
2715 1810 3121 1910 θβθθῼιθῑίοηίει
3163 1807 3521 1910 Νεωιίίξξιςφ
3556 1803 3697 1910 ei?“
3726 1802 3829 1858 53‘

557 1894 736 1976 tatem
776 1923 1022 1978 hostilem
1073 1931 1346 1994 segetum,
1378 1932 1432 1977 et
1468 1894 1745 1976 vinearum
1784 1921 2140 1976 sterilitatem.
2177 1898 2218 1956 Β
2247 1909 2430 1964 "alia?
2487 1906 2566 1962 vel
2619 1896 2956 2002 Hierusalem
2981 1944 2996 1968 ν
3050 1913 3211 2002 (Ιιιξυξι
3256 1898 3499 2002 Ιξτπάίοίί
3519 1894 3826 2002 “humani:

562 2003 676 2068 'Vos
702 2023 878 2067 autem
906 2030 1118 2085 semper
1143 2017 1355 2069 servitis
1386 2015 1724 2079 idololatria,
1757 2023 1812 2068 et
1836 2013 2146 2069 custodistis

2271 2015 2420 2068 psam
2473 1997 2828 2051 vastationem
2877 2002 3037 2049 vocat
3085 1991 3470 2046 visitationem.
3519 1988 3678 2044 Nunc
3725 1991 3831 2043 erit

559 2106 916 2160 etcremouias
939 2083 1073 2175 quas
1101 2105 1546 2160 constituitAmri
1579 2120 1671 2159 rex
1696 2105 2062 2174 impiissnnus,
2089 2112 2143 2158 et

2267 2092 2470 2146 iastitas
2516 2104 2726 2152 eorum,
2784 2087 2837 2142 id
2881 2095 2965 2142 est
3001 2084 3403 2147 habitatorum»;
3447 2096 3579 2154 ergo
3625 2081 3828 2135 nullius

565 2209 725 2250 omne
751 2209 888 2264 opus
915 2195 1104 2250 domus
1140 2196 1326 2250 Ach-ab
1352 2204 1406 2250 cl
1432 2194 1666 2259 Jezabel,
1691 2203 1745 2249 et
1775 2195 1974 2249 idcirco
1997 2210 2143 2250 com-
2241 2185 2519 2256 propheta:
2542 2183 2764 2238 vocibus
2784 2178 3042 2242 credatis,
3065 2193 3165 2233 nec
3189 2175 3610 2257 accommodetis
3639 2185 3830 2228 aurem

564 2289 749 2358 pulsus
776 2299 832 2342 ut
858 2289 1039 2343 darem
1066 2305 1160 2343 vos
1191 2290 1242 2343 in
1280 2289 1515 2353 sibilum,
1557 2298 1610 2344 et
1636 2289 1922 2360 portaretis
1949 2301 2145 2358 Oppre-

564 2379 742 2434 brium
769 2381 946 2450 populi
979 2382 1103 2446 mei,
1129 2382 1252 2436 dum
1298 2383 1479 2436 hostes
1506 2382 1848 2446 insultarent,
1876 2384 2018 2452 quod
2050 2383 2146 2437 Dei

565 2471 792 2542 populus
813 2459 1000 2541 captus
1021 2481 1076 2526 et
1099 2483 1383 2542 superatus
1403 2482 1548 2528 esset
1569 2474 1638 2527 ah
1661 2474 1904 2529 hostibus
1922 2491 1934 2527 :
1951 2489 2145 2529 nomen

567 2563 710 2618 enim
747 2579 924 2618 meum
955 2579 1053 2634 per
1075 2580 1169 2620 vos
1197 2565 1619 2636 blasphematur.

641 2678 661 2711 ι
698 2660 762 2713 Et
783 2659 961 2729 lingua
989 2673 1174 2714 eorum
1201 2650 1545 2714 fraudulenta
1592 2659 1644 2714 in
1675 2676 1769 2716 ore
1798 2661 2052 2730 ipsorum.
2078 2652 2151 2716 Et

570 2766 669 2821 ego
697 2765 825 2822 ergo
847 2752 985 2821 ccepi
1011 2761 1060 2806 te
1087 2761 1368 2822 percutere
1392 2753 1690 2821 perditione
1725 2769 1885 2824 super
1912 2754 2150 2824 peccatis

573 2842 695 2897 tuis.
729 2843 806 2895 Tu
835 2843 1084 2897 comedcs
1103 2883 1117 2909 ,
1148 2852 1202 2898 et
1231 2858 1334 2897 non
1381 2845 1710 2898 saturaberis
1729 2884 1744 2909 ,
1772 2854 1826 2898 et
1850 2845 2150 2900 lmmiliatio

571 2944 661 2990 tua
688 2937 741 2990 in
767 2937 941 2991 medio
966 2937 1058 3000 tui,
1087 2945 1143 2991 et
1173 2937 1560 3006 apprehendes,
1591 2947 1644 2992 et
1675 2953 1777 2992 non
1809 2938 2060 3004 salvabis,
2096 2947 2151 2994 et

573 3043 707 3098 quos
737 3028 1027 3082 salvaveris
1058 3029 1109 3082 in
1132 3029 1306 3098 gladio
1337 3029 1496 3083 dabo.
1523 3028 1600 3082 Tu
1627 3029 1941 3093 seminabis,
1968 3038 2150 3085 etnon

573 3126 776 3184 metes;
821 3127 876 3173 tu
915 3118 1147 3174 calcabis
1185 3119 1400 3184 olivam,
1434 3129 1618 3174 etnon
1650 3119 1866 3187 ungeris
1903 3120 2042 3186 oleo,
2099 3128 2152 3175 et

574 3217 808 3262 mustum
835 3216 889 3262 et
919 3223 1024 3263 non
1063 3209 1212 3264 bibes
1240 3209 1444 3264 vinum.
1475 3209 1541 3264 Et
1565 3211 1848 3266 custodisti
1877 3220 2151 3281 przecepta

573 3299 758 3364 Amri,
790 3307 844 3354 et
869 3309 1030 3354 omne
1058 3315 1191 3369 opus
1222 3301 1412 3356 domus
1451 3301 1670 3366 Achab,
1699 3311 1753 3356 et
1781 3302 2066 3356 ambulasti
2100 3303 2153 3356 in

574 3387 941 3458 voluptatibus
979 3402 1186 3452 eorum,
1213 3398 1274 3443 ut
1302 3391 1485 3444 darem
1532 3399 1582 3444 te
1612 3391 1663 3445 in
1695 3391 2074 3460 perditionem,
2102 3401 2158 3446 et

576 3493 766 3532 omnes
794 3477 1100 3532 habitantes
1131 3477 1186 3531 in
1221 3489 1284 3533 ea
1330 3479 1384 3533 in
1414 3479 1627 3534 sibilum
1652 3519 1666 3545 ,
1709 3488 1768 3534 et
1810 3481 2155 3551 opprobrium

579 3565 759 3637 populi
791 3565 898 3620 mei
923 3566 1225 3635 portabitis.
1260 3587 1280 3620 ι

1186 3715 1411 3774 CAPUT
1446 3716 1554 3772 Vll.

661 3846 681 3879 ι
717 3828 809 3882 Vm
834 3827 998 3892 mihi,
1042 3827 1166 3896 quia
1202 3827 1378 3884 factus
1416 3843 1535 3883 sum
1571 3827 1710 3884 sicut
1743 3829 1833 3898 qui
1866 3829 2070 3900 colligit
2107 3831 2160 3885 in

581 3928 838 3973 autumno
866 3933 1106 3974 racemos
1135 3919 1433 3973 vindemiae.
1454 3916 1569 3973 Non
1598 3928 1681 3974 est
1701 3920 1890 3974 botrus
1924 3921 1990 3974 ad
2016 3935 2164 3974 com-

579 4010 866 4073 edendum,
893 4025 1207 4079 przecoquas
1248 4009 1381 4064 ficus
1403 4010 1730 4066 desideravit
1771 4012 1950 4066 anima
1985 4027 2160 4067 mea.»

2247 2254 2522 2332 blanditiis
2553 2270 2950 2341 accipientium.
2989 2263 3053 2322 Si
3095 2266 3242 2322 enim
3274 2265 3327 2319 in
3353 2254 3547 2318 amicis
3586 2271 3648 2317 et
3698 2277 3831 2316 con-

2249 2362 2557 2435 sanguineis
2587 2377 2708 2416 rara
2739 2367 2820 2414 est
2863 2358 3028 2422 fides,
3070 2364 3273 2426 quanto
3299 2355 3471 2424 magis
3511 2355 3565 2408 in
3611 2354 3703 2408 his
3741 2353 3832 2422 qui

2249 2455 2530 2510 adulantes
2557 2452 2890 2507 mentiuntur
2940 2457 2999 2503 ut
3044 2448 3246 2517 aliquid
3298 2445 3615 2516 acquirunt?
3655 2445 3832 2499 Nolle
3913 2466 3931 2485 ι

2249 2561 2379 2617 ergo
2425 2545 2648 2600 credere
2695 2543 2900 2606 amico,
2934 2540 3059 2610 quia
3097 2537 3414 2607 Achitopbel
3461 2537 3723 2591 mentitus
3753 2545 3835 2590 est

2251 2637 2426 2693 amico
2467 2651 2564 2691 suo
2612 2633 2816 2700 David,
2844 2635 2899 2688 e't
2933 2621 3096 2686 Judas
3133 2629 3355 2683 tradidit
3377 2627 3680 2682 Christum.
3718 2647 3735 2677 ι
3770 2627 3836 2681 Et

2251 2731 2416 2787 nolite
2457 2729 2728 2786 conlidere
2770 2727 2822 2780 in
2860 2726 3030 2790 duce,
3068 2743 3086 2775 ι
3116 2723 3257 2777 sicut
3285 2720 3586 2775 Sichimitac
3615 2720 3672 2773 in
3702 2719 3834 2773 Abi-

2253 2823 2478 2886 melech,
2515 2835 2676 2891 quem
2709 2818 2807 2889 ipsi
2843 2816 3086 2872 fecerunt
3109 2828 3325 2885 regem,
3351 2819 3406 2866 et
3442 2812 3514 2866 ab
3556 2825 3625 2865 eo
3669 2809 3838 2864 inter.

2251 2915 2378 2972 fecti
2413 2921 2556 2970 sunt.

2327 3027 2347 3059 ι
2383 3005 2464 3062 Ab
2501 3021 2563 3060 ca
2597 3019 2713 3074 quae
2739 3000 2938 3058 dormit
2977 2999 3032 3054 in
3063 2999 3184 3053 sinu
3226 3006 3337 3061 tuo,
3365 2995 3574 3050 custodi
3597 2994 3837 3050 claustra

2248 3101 2365 3156 oris
2397 3099 2492 3165 tui,
2528 3116 2548 3152 ι
2579 3112 2650 3152 ne.
2677 3095 2901 3166 patiaris
2929 3091 3071 3163 quod
3101 3089 3334 3145 Samson
3361 3103 3395 3141 a
3422 3087 3617 3142 Dalila.
3653 3105 3673 3137 ε
3705 3086 3842 3154 Quia

2257 3197 2396 3251 illius
2419 3192 2800 3250 contumeliam
2824 3189 2951 3245 facit
2974 3188 3136 3258 patri,
3159 3206 3177 3239 ι
3204 3190 3344 3240 sicut
3369 3183 3618 3238 Absalom
3644 3175 3842 3247 David,

2257 3285 2587 3340 concubinas
2606 3282 2778 3352 patris
2807 3280 3100 3335 incestans.
3131 3296 3148 3327 ι
3181 3275 3316 3330 Filia
3339 3273 3608 3344 consurgit
3639 3275 3842 3328 adver-

2257 3392 2352 3432 sus
2391 3384 2613 3431 matrem
2662 3388 2815 3428 suam
2837 3412 2851 3436 ,
2885 3391 2904 3423 »
2944 3367 3097 3438 cujus
3132 3368 3214 3424 rei
3245 3367 3552 3437 quotidiana
3590 3365 3844 3436 exempla

2260 3476 2404 3525 sunt.
2446 3485 2464 3518 ι
2496 3466 2673 3520 Nurus
2697 3471 2886 3519 contra
2915 3476 3130 3516 socrum
3162 3474 3312 3514 suam
3332 3499 3347 3522 ,
3382 3471 3405 3510 δ
3439 3465 3498 3512 ut
3524 3469 3665 3512 uxor
3701 3456 3844 3512 Esau

2256 3568 2446 3614 contra
2487 3557 2804 3611 Rebeccam.
2838 3572 2857 3605 ι
2894 3553 3101 3608 Inimici
3149 3550 3380 3606 hominis
3415 3549 3707 3604 domestici
3742 3568 3764 3602 ι
3793 3558 3847 3602 et

2261 3649 2553 3705 familiares
2578 3668 2595 3699 ι
2628 3649 2763 3718 ejus.
2799 3667 2818 3700 ι
2847 3645 2982 3702 Cum
3004 3646 3119 3700 hac
3143 3645 3214 3700 ita
3249 3643 3381 3705 sint,
3405 3641 3573 3697 nolite
3599 3643 3847 3707 credere1

2261 3756 2295 3796 ο
2323 3742 2468 3797 cives
2492 3739 2753 3796 Samaria
2778 3738 2861 3793 vel
2888 3736 3243 3800 Hierusalem,
3272 3733 3422 3790 falsis
3451 3736 3761 3804 prophetis.

2341 3850 2358 3882 ι
2393 3831 2502 3901 Ego
2553 3838 2732 3886 autem
2780 3848 2799 3881 ι
2846 3844 2952 3883 non
3004 3828 3178 3882 habeo
3229 3825 3481 3880 fiduciam
3525 3825 3578 3878 in
3632 3826 3849 3880 illorum

2267 3922 2414 3978 falsis
2434 3921 2903 3992 promissiouibus,
2933 3919 3026 3974 sed
3060 3936 3078 3968 ι
3111 3917 3179 3972 ad
3210 3916 3492 3971 Dominum
3523 3915 3793 3986 aspiciam
3828 3936 3846 3968 ι

2266 4023 2321 4070 ει
2345 4015 2462 4084 ejus
2489 4013 2938 4067 misericordiam.
2971 4029 2990 4061 ε
3026 4009 3364 4078 Exspectabo
3405 4009 3572 4063 Deum
3611 4009 3850 4064 salvatm

582 4101 733 4168 Nunc
760 4103 1006 4172 praedicit
1031 4102 1402 4172 captivitatem
1445 4110 1499 4158 et
1529 4100 1679 4158 Iuda:
1705 4112 1760 4158 et
1782 4103 1966 4169 Israel,
2000 4104 2050 4158 id
2083 4112 2168 4157 est
2268 4121 2382 4162 rem
2409 4119 2606 4169 meum,
2633 4123 2651 4155 ι
2681 4111 2733 4158 ει
2755 4111 2933 4158 certus
2957 4117 3076 4156 sum
3099 4101 3220 4170 quia
3241 4119 3259 4152 ι
3279 4101 3460 4154 audiet
3480 4115 3567 4154 me
3589 4099 3854 4155 Dominus

582 4193 766 4247 decem
793 4193 1028 4246 tribuum
1057 4203 1110 4246 et
1133 4193 1386 4256 duarum,
1421 4203 1476 4247 et
1505 4194 1707 4265 plangit
1729 4196 1868 4265 quod
1898 4196 2075 4250 nullus
2098 4195 2168 4250 sit
2268 4199 2410 4254 Deus
2438 4213 2609 4252 meus.
2641 4197 2716 4251 Ne
2741 4196 2961 4261 lmteris,
2989 4195 3202 4250 inimica
3234 4211 3374 4260 mea,
3401 4209 3564 4266 super
3587 4211 3700 4259 me,
3729 4194 3854 4263 quia

579 4284 756 4355 justus
786 4284 838 4338 in
869 4283 1066 4353 populo
1112 4283 1250 4347 isto,
1301 4285 1390 4352 qui
1437 4286 1607 4353 possit
1639 4286 1888 4341 resistere
1925 4287 2019 4341 ira:
2048 4285 2164 4341 Dei.

584 4374 808 4427 Frustra
838 4372 1052 4442 (inquit)
1081 4371 1292 4426 locutus
1318 4389 1436 4427 sum
1455 4414 1469 4437 ,
1504 4376 1799 4442 prtedicens
1826 4376 1962 4430 mala
1988 4377 2162 4432 immi-

589 4465 789 4526 nentia,
816 4463 1015 4518 frustra
1045 4463 1188 4518 volui
1213 4477 1278 4517 ex
1303 4463 1514 4532 perdita
1541 4465 1763 4520 civitate
1806 4467 2016 4536 aliquos
2043 4484 2170 4523 con-

2270 4287 2458 4352 cecidi,
2484 4301 2823 4353 consurgant.
2853 4285 2985 4339 Cum
3008 4284 3198 4339 sedem
3223 4285 3274 4338 in
3302 4284 3560 4345 tenelnis.
3585 4285 3856 4340 Dominus

2271 4379 2361 4434 lux
2396 4394 2513 4434 mea
2543 4386 2641 4434 est.
2668 4377 2810 4432 lram
2834 4357 3041 4430 Domini
3073 4375 3322 4446 portabo,
3345 4375 3598 4445 quoniam
3626 4375 3858 4444 peccavi

2272 4471 2354 4535 ei,
2385 4469 2555 4525 donec
2594 4469 2797 4539 judicet
2833 4481 3049 4521 causam
3093 4481 3296 4529 meam,
3321 4473 3376 4520 et
3402 4464 3566 4519 faciat
3585 4465 3860 4536 judicium

585 4564 814 4618 vertere,
833 4564 886 4610 et
907 4557 1058 4624 quasi
1083 4565 1422 4610 remanentcs
1443 4570 1684 4611 racemos
1696 4556 1803 4626 jam
1835 4560 2173 4616 vindemiam
2197 4605 2248 4626 κ
2277 4574 2481 4614 meum.
2517 4557 2722 4614 Educet
2753 4573 2838 4613 me
2872 4558 2925 4612 in
2955 4556 3151 4620 lucem,
3194 4555 3388 4610 videbo
3405 4553 3680 4624 justitiam
3712 4555 3861 4624 ejus,

599 4605 813 4618 ---η-ν,
838 4605 885 4610 ν-
912 4605 1058 4624 ηπ--
1083 4605 1096 4610 -
1116 4605 1419 4610 ---μη---μη
1444 4605 1456 4609 -
1476 4605 1803 4626 ην--νην--η
1846 4605 2172 4616 ...ηηυ-...πν
2278 4605 2481 4614 ...ν---η
2518 4605 2721 4614 -..-----
2753 4605 2838 4613 --η
2955 4605 3151 4620 ---ν-ρ,
3208 4605 3382 4610 --η-ν
3411 4605 3680 4624 ,ηπ-η
3725 4605 3861 4624 -.--.

587 4647 759 4701 vincte
810 4645 1081 4717 colligere.
1115 4645 1183 4700 Et
1209 4661 1333 4702 cum
1385 4662 1626 4704 racemos
1675 4664 1781 4703 non
1833 4649 2128 4706 invenirem
2148 4693 2163 4718 ,
2195 4605 2253 4677 Β
2274 4660 2331 4705 et
2352 4650 2575 4720 aspiciet
2603 4665 2691 4705 me
2721 4649 2936 4704 inimica
2967 4663 3107 4710 mea,
3135 4656 3192 4702 et
3219 4647 3494 4717 operietur
3513 4647 3864 4710 cunfusione.

588 4738 734 4793 volui
761 4738 950 4794 saltem
976 4740 1292 4794 immaturas
1316 4740 1466 4804 flcus,
1490 4739 1544 4794 id
1571 4750 1655 4796 est
1678 4751 1900 4811 grossos
1922 4741 2167 4826 ficorum,

589 4831 895 4896 comedere,
949 4830 1075 4900 quia
1124 4830 1296 4885 bonas
1348 4839 1588 4886 maturas
1643 4847 1750 4888 non
1807 4832 2166 4889 inveniebam.

591 4920 744 4988 Quod
781 4920 882 4975 tale
905 4929 989 4976 est
1012 4959 1027 4986 ,
1064 4919 1231 4976 veluti
1263 4921 1310 4976 si
1336 4921 1458 4990 quis
1506 4922 1682 4989 dicat,
1710 4923 1838 4993 quia
1869 4939 2036 4994 panes
2063 4941 2168 4980 non

593 5013 798 5080 luveni,
828 5014 970 5068 volui
1001 5013 1316 5084 quisquilias
1352 5023 1406 5070 et
1431 5013 1662 5071 furfures
1703 5016 2029 5072 manducare
2059 5033 2168 5088 prie

589 5100 754 5160 famis
819 5103 1204 5174 magnitudine.
1249 5105 1418 5172 Quam
1442 5104 1846 5162 similitudinem
1893 5108 2006 5178 ipse
2046 5121 2171 5177 pro-

591 5195 754 5267 pheta
799 5195 1037 5265 exponit,
1065 5195 1248 5251 dicens
1275 5214 1292 5256 ε,

672 5308 691 5342 ι
725 5287 891 5343 Periit
915 5298 1136 5344 sanctus
1180 5289 1246 5345 de
1285 5299 1460 5355 terra,
1487 5300 1542 5346 et
1573 5300 1752 5347 rectus
1781 5292 1831 5346 in
1860 5291 2167 5347 hominibus

596 5397 703 5437 non
729 5389 828 5436 est.
857 5380 1056 5436 Omnes
1081 5382 1133 5435 in
1159 5384 1418 5453 sanguine
1447 5384 1769 5438 insidiantur
1797 5402 1810 5438 :
1840 5385 1924 5438 vir
1945 5384 2169 5439 fratrem

597 5489 755 5528 suum
793 5484 1022 5529 venatur
1050 5473 1116 5528 ad
1149 5485 1372 5528 mortem
1396 5516 1409 5538 ,
1437 5476 1636 5529 malum
1668 5492 1921 5530 manuum
1949 5491 2170 5531 suarum

598 5563 784 5618 dicunt
808 5563 1026 5619 bonum.
1052 5585 1069 5616 ι
1101 5564 1214 5619 Non
1242 5565 1414 5620 solum
1439 5565 1642 5619 faciunt
1662 5567 1775 5620 hare
1797 5566 1957 5630 mala,
1983 5581 2168 5621 verum

597 5654 760 5707 etiam
791 5652 1102 5734 defendunt,
1131 5664 1184 5710 et
1207 5656 1396 5710 ordine
1423 5671 1677 5724 perverso
1697 5657 1838 5726 quod
1863 5658 2063 5713 bonum
2089 5665 2171 5714 est

601 5741 786 5798 dicunt
812 5744 1030 5812 malum,
1053 5755 1108 5802 et
1132 5747 1275 5816 quod
1297 5755 1378 5801 est
1405 5745 1623 5813 malum,
1655 5747 1839 5804 dicunt
1859 5749 2078 5805 bonum.

680 5853 696 5885 ‹
727 5833 982 5905 Princeps
1028 5836 1292 5906 postulat,
1325 5836 1561 5908 ctjudcx
1610 5837 1661 5892 in
1702 5840 1973 5897 reddendo
1999 5850 2100 5895 est.
2144 5862 2162 5896 ι

2272 4756 2391 4811 qua:
2420 4740 2550 4796 dicit
2578 4740 2644 4795 ad
2669 4755 2754 4795 me
2779 4757 2791 4793 :
2825 4737 2926 4796 Ubi
2955 4746 3038 4792 est
3059 4738 3320 4792 Dominus
3343 4736 3483 4792 Deus
3512 4738 3667 4793 tuus?
3701 4737 3865 4794 Oculi

2273 4832 2378 4890 mei
2405 4833 2662 4888 videbunt
2700 4831 2754 4886 in
2792 4845 2934 4896 eam,
2977 4846 3122 4886 nunc
3146 4830 3252 4886 erit
3279 4829 3332 4885 in
3362 4829 3782 4886 conculcatione
3808 4838 3869 4885 ut

2275 4926 2446 4983 lutum
2476 4926 2793 4996 platearum.
2833 4944 2852 4978 ι
2887 4921 2997 4980 Vox
3042 4921 3378 4979 Hierusalem
3407 4932 3598 4979 contra
3629 4921 3870 4994 Babylo-

2275 5034 2398 5074 nem
2428 5027 2482 5073 ct
2507 5025 2734 5072 cieteras
2769 5025 2979 5088 gentes,
3005 5029 3126 5084 qua:
3164 5013 3568 5070 exsultaverunt
3601 5013 3656 5067 in
3700 5014 3868 5068 ruina

2275 5105 2428 5175 ejus:
2457 5105 2502 5162 Ο
2526 5105 2756 5177 Babylon
2781 5103 2996 5159 inimica
3022 5117 3164 5167 mea,
3195 5117 3264 5158 ne
3285 5101 3506 5167 lateris,
3531 5115 3600 5157 ne
3616 5101 3871 5174 gaudeas

2207 5192 2214 5198 ’
2275 5213 2440 5269 super
2470 5212 2578 5261 me,
2610 5196 2733 5265 quia
2764 5195 2933 5250 cecidi
2973 5194 3168 5250 merito
3202 5209 3342 5249 meo.
3379 5192 3668 5264 Postquam
3708 5193 3869 5248 enim

2276 5293 2411 5347 iram
2452 5288 2662 5344 Domini
2708 5296 3025 5358 portavero.
3059 5300 3413 5356 consurgam,
3463 5286 3588 5355 quia
3636 5283 3734 5339 ille
3781 5293 3874 5340 est

2275 5383 2456 5437 lumen
2498 5397 2676 5437 meum
2710 5381 2760 5435 in
2807 5379 3045 5434 tenebris
3090 5379 3517 5434 tribulationum.
3546 5377 3676 5432 Novi
3713 5380 3870 5451 quod

2277 5490 2363 5529 me
2394 5475 2466 5528 sit
2488 5473 2747 5528 ducturus
2773 5473 2839 5527 de
2861 5472 3107 5542 angustia
3139 5471 3279 5525 Deus
3305 5487 3480 5536 meus,
3503 5481 3558 5527 et
3579 5470 3722 5526 oculi
3757 5474 3871 5530 mei

2276 5565 2534 5619 videbunt
2552 5565 2818 5634 justitiam
2843 5563 2980 5630 ejus,
3012 5562 3063 5616 id
3093 5570 3177 5615 est
3213 5561 3469 5618 ultionem
3501 5577 3660 5631 intem
3683 5561 3874 5619 factu-

2277 5672 2371 5711 rus
2392 5664 2477 5711 est
2500 5671 2604 5710 non
2632 5655 2790 5726 longo
2818 5662 2939 5723 post
2969 5663 3230 5722 tempore,
3262 5653 3357 5708 sed
3389 5669 3532 5708 nunc
3556 5662 3611 5708 et
3636 5654 3687 5707 in
3717 5670 3870 5724 pra:-

2275 5748 2449 5803 scntia
2491 5761 2678 5802 eorum
2708 5754 2868 5800 erunt
2904 5744 2955 5798 in
2995 5743 3476 5810 conculcationem,
3516 5753 3571 5800 et
3613 5745 3875 5801 devastao

2276 5843 2476 5897 buntur
2503 5857 2529 5896 a
2563 5840 2730 5897 Medis
2755 5849 2807 5895 et
2835 5839 3034 5895 Persis.
3060 5839 3174 5895 Huc.
3196 5855 3364 5910 usque
3389 5855 3490 5895 vox
3521 5838 3876 5896 Hierusalem
