4022 6434
189 436 291 494 ωε

178 640 325 713 gitur
353 639 423 693 ad
446 637 620 707 ipsam
648 630 984 689 Hierusalem
1015 646 1030 683 :

248 729 297 787 0
321 726 691 790 Hierusalem,
738 729 1005 778 venerunt
1035 737 1053 771 ι
1087 718 1224 783 dies,
1266 736 1283 769 ι
1319 715 1373 771 id
1420 720 1505 770 est
1551 721 1763 782 tempus

185 838 204 872 ι
237 825 298 874 ut
336 816 672 873 aedificentur
722 811 967 867 maceria:
1018 819 1154 873 tute,
1194 826 1212 859 ι
1245 822 1366 877 quae
1412 804 1627 859 fuerant
1672 802 1762 856 de-

178 919 399 969 structa!
417 922 453 963 a
477 905 762 962 Chaldaeis.

252 1020 273 1054 ι
305 1001 365 1057 in
392 999 478 1054 die
503 997 616 1062 illa,
646 1016 665 1050 ι
695 995 747 1050 id
773 1002 857 1051 est
880 994 932 1048 in
955 1001 1218 1063 tempore,
1247 1010 1265 1043 ι
1306 990 1464 1061 longe
1490 988 1584 1044 fiet
1601 988 1707 1053 lex,
1736 1006 1754 1039 ι

177 1092 231 1150 id
254 1099 341 1148 est
368 1098 699 1162 praeceptum
739 1086 987 1152 illorum,
1035 1099 1143 1155 quo
1195 1084 1531 1154 imperabant
1568 1081 1662 1136 tibi
1700 1088 1761 1134 ut

183 1185 420 1241 servires
450 1183 564 1247 eis,
609 1188 665 1235 et
706 1192 1046 1249 nequaquam
1085 1175 1500 1247 Babyloniorum
1534 1172 1760 1242 imperio

176 1273 495 1344 subjaeebis.
532 1291 550 1324 ι
583 1271 640 1325 In
671 1268 758 1324 die
797 1269 908 1334 illa,
943 1286 963 1321 ι
996 1268 1098 1322 hoc
1138 1275 1243 1332 est,
1285 1266 1340 1321 in
1382 1273 1624 1335 tempore
1652 1278 1760 1334 quo

176 1364 584 1423 mdificabuntur
619 1361 869 1417 macerim
914 1369 1058 1425 tum,
1097 1376 1116 1410 ι
1152 1373 1322 1427 usque
1369 1358 1438 1412 ad
1482 1365 1537 1411 te
1581 1355 1760 1410 veniet

181 1456 370 1521 Assur,
398 1460 455 1509 et
478 1467 646 1523 usque
677 1451 746 1506 ad
773 1451 1018 1506 civitates
1044 1450 1300 1514 munitas,
1322 1457 1376 1503 et
1398 1466 1429 1504 a
1450 1446 1758 1502 civitatibus

174 1543 398 1599 munitis
426 1557 599 1612 usque
630 1541 699 1596 ad
732 1539 953 1606 flumen,
980 1548 1034 1595 et
1059 1540 1128 1594 ad
1161 1554 1312 1594 mare
1335 1540 1399 1595 de
1422 1538 1578 1603 mari,
1606 1548 1662 1593 et
1688 1539 1756 1593 ad

170 1643 414 1691 montem
456 1633 524 1689 de
572 1641 788 1697 monte,
840 1640 894 1687 et
940 1631 1047 1687 erit
1084 1638 1227 1685 terra
1265 1632 1317 1685 in
1364 1630 1752 1685 desolationem

175 1733 394 1795 propter
420 1722 751 1779 habitatores
776 1737 922 1777 suos.
953 1741 972 1773 ι
1004 1721 1061 1777 Id
1099 1729 1205 1786 est,
1235 1720 1440 1791 Assyrii
1488 1719 1754 1791 fugientes

177 1817 393 1872 venient
432 1816 595 1871 etiam
624 1816 690 1869 de
720 1814 1027 1870 civitatibus
1057 1812 1278 1868 munitis
1328 1827 1463 1883 quas
1500 1812 1752 1866 deserue-

1124 421 1520 482 ENABRA’HO
1557 418 1624 475 IN
1661 412 2000 473 MICHEAM
2037 402 2480 469 PROPHETAM.

178 551 301 607 sive
329 546 630 620 prophetae,
655 558 720 599 ex
749 553 981 613 persona
998 536 1179 610 populi
1206 554 1219 592 :
1251 551 1394 592 nunc
1423 546 1606 589 sermo
1635 527 1765 586 diri-
1792 530 1844 588 Α
1869 522 2104 580 illorum.
2135 520 2263 577 Sive
2291 522 2412 577 illos
2436 522 2530 592 qui
2565 522 2636 578 ob
2669 517 2934 578 iuniorem
2956 526 3298 591 sequestram
3325 533 3384 576 se
3408 536 3442 574 a

3342 408 3446 466 £60

1864 613 2128 681 societate
2169 620 2491 665 cacterorum
2526 610 2826 675 hominum,
2855 616 2915 665 ut
2941 608 3240 665 sanctiores
3280 621 3443 676 appa-

1864 711 2040 759 reant.
2070 702 2224 769 Quod
2251 700 2476 771 legimus
2504 698 2763 769 plurimos
2793 699 2988 755 fecisse
3015 697 3316 770 gentilium,
3342 696 3441 767 qui

1864 797 2196 851 detestantes
2227 791 2657 849 communionem
2693 791 2914 846 humani
2958 790 3191 863 generis,
3230 788 3442 844 habita-

1863 888 1994 943 bant
2021 887 2075 942 in
2103 887 2241 941 saltu
2265 884 2541 949 vitiorum,
2575 890 2632 937 et
2668 882 3121 938 conculcabantur
3152 896 3183 936 a
3228 880 3439 945 bestiis,

1863 980 1917 1036 id
1968 989 2053 1035 est
2103 976 2456 1033 drcmonibus.
2510 974 2775 1030 Caeterum
2826 973 3001 1029 sancti
3051 973 3290 1028 cremita:
3337 970 3437 1027 soli

1860 1079 2038 1135 erant,
2070 1070 2163 1126 sed
2189 1084 2293 1123 non
2317 1065 2629 1121 habitabant
2654 1066 2706 1120 in
2734 1065 2896 1130 saltu,
2920 1064 3015 1119 sed
3045 1064 3097 1118 in
3122 1062 3435 1119 ammnitate

1861 1160 2141 1214 virtutum.
2173 1157 2318 1228 Ergo
2345 1157 2400 1210 hi
2430 1156 2521 1226 qui
2558 1154 2657 1210 soli
2695 1162 2821 1209 sunt
2849 1162 2904 1209 et
2930 1153 2984 1208 in
3014 1152 3155 1207 saltu
3181 1153 3434 1207 vitiorum

1861 1249 2145 1313 habitant,
2193 1246 2449 1318 pascendi
2503 1254 2629 1301 sunt
2661 1254 2716 1299 et
2752 1243 2970 1314 regendi
3012 1242 3066 1296 in
3106 1241 3276 1311 virga.
3318 1239 3435 1296 Non

1861 1340 2002 1395 enim
2026 1338 2161 1392 tales
2186 1338 2356 1392 bonus
2375 1344 2562 1406 pastor
2583 1335 2802 1399 deserit,
2826 1333 2920 1388 sed
2941 1340 3155 1403 revocat
3179 1340 3230 1387 et
3253 1345 3440 1387 emen-

1857 1429 1969 1485 dat.
2010 1427 2164 1483 Unde
2191 1426 2437 1494 sequitur
2471 1439 2485 1478 :

1932 1537 1951 1570 ι
1987 1517 2046 1572 In
2080 1516 2256 1571 medio
2290 1513 2522 1571 Carmeli
2564 1522 2851 1584 pascentur
2898 1512 3071 1567 Basan
3119 1517 3177 1566 et
3223 1506 3437 1566 Galaad

1849 1608 2002 1678 juxta
2031 1608 2148 1663 dies
2174 1606 2447 1674 antiquos,
2479 1603 2771 1659 secundum
2803 1603 2944 1657 diem
2972 1599 3298 1671 egressionis
3325 1607 3436 1654 tua

1856 1702 1924 1757 de
1960 1708 2104 1753 terra
2143 1697 2397 1768 ASgypti,
2439 1696 2719 1751 ostendam
2749 1695 2797 1749 ei
2829 1693 3119 1748 mirabilia.
3164 1689 3440 1747 Videbunt

1857 1796 2063 1858 gentes,
2088 1795 2145 1842 et
2163 1785 2559 1842 confunduntur
2584 1797 2744 1852 super
2762 1783 2906 1837 omni
2930 1781 3244 1836 fortitudine
3265 1794 3384 1834 sua.
3406 1797 3431 1830 ι

176 1917 319 1974 mm,
352 1921 523 1978 usque
570 1906 638 1961 ad
680 1904 910 1971 nomen,
940 1905 992 1960 id
1035 1914 1117 1961 εει
1145 1919 1315 1975 usque
1345 1871 1414 1959 ξω
1456 1902 1745 1959 Jordancm
1777 1877 1827 1940 B
1855 1877 2131 1934 Carmelus
2151 1892 2307 1932 mons
2335 1885 2418 1932 est
2439 1874 2823 1938 fertilissimus,
2852 1881 2907 1929 et
2932 1872 3210 1928 Carmelus
3235 1871 3435 1927 dicitur

146 2005 234 2054 "et
272 1999 339 2053 ad
373 2012 524 2052 mare
570 1996 867 2060 Mortuum,
909 1995 1052 2064 quod
1103 1993 1196 2049 tibi
1244 1994 1478 2047 vicinum
1526 2002 1640 2060 est,
1680 1994 1747 2048 de

179 2091 317 2145 mari
364 2090 548 2145 Rubro
570 2089 636 2144 ad
664 2099 899 2145 montem
932 2088 1060 2143 Sion
1081 2128 1096 2152 ,
1121 2088 1186 2142 de
1225 2097 1427 2151 monte,
1459 2087 1511 2141 id
1554 2095 1636 2142 est
1680 2089 1749 2143 de

177 2183 450 2237 montanis
474 2181 760 2237 Persarum
781 2190 835 2237 et
858 2179 1152 2243 Medorum,
1170 2180 1235 2234 ad
1258 2195 1391 2249 quos
1411 2180 1561 2250 prius
1582 2180 1747 2235 Israel

164 2272 469 2328 translatus
496 2270 689 2327 fuerat.
720 2271 787 2325 Et
806 2272 912 2325 erit
943 2278 1087 2325 terra
1116 2268 1484 2323 Chaldaeorum
1510 2269 1749 2324 desolata

160 2379 205 2418 κα
234 2364 347 2419 suis
380 2362 796 2428 habitatoribus,
840 2374 860 2413 ι
896 2368 949 2415 et
968 2368 1188 2430 propter
1212 2359 1443 2414 fructttm
1472 2359 1750 2427 cogitatio-

160 2471 300 2509 ‘num
346 2469 552 2520 eorum,
583 2472 601 2505 ι
638 2453 693 2508 id
723 2462 807 2508 est
854 2451 994 2505 mala
1020 2465 1205 2520 opera,
1240 2464 1359 2520 quae
1390 2450 1596 2504 fructus
1621 2457 1749 2504 sunt

172 2543 435 2599 malarum
458 2544 871 2614 cogitationum.
899 2540 1133 2597 Possunt
1177 2541 1292 2594 haec
1335 2541 1612 2595 moraliter
1656 2555 1749 2594 rei

157 2632 301 2691 “ferri
326 2636 393 2690 ad
418 2636 652 2689 animam
683 2633 927 2699 iidelem,
954 2647 1074 2702 qua:
1098 2641 1181 2687 est
1211 2631 1571 2697 Hierusalem,
1604 2641 1660 2687 et
1691 2632 1746 2687 in

172 2742 277 2797 qua
321 2738 403 2783 est
438 2727 711 2797 templum
728 2726 859 2791 Dei,
903 2724 989 2780 vel
1022 2739 1143 2794 qua:
1182 2732 1269 2779 est
1317 2724 1575 2795 templum
1614 2723 1743 2789 Dei;

158 2830 292 2885 'qute
320 2829 445 2870 cum
474 2829 572 2884 pro
599 2813 839 2883 peccatis
863 2813 975 2867 suis
995 2811 1129 2866 vela
1160 2811 1373 2867 diabolo
1402 2812 1594 2866 tentari
1624 2826 1748 2881 per-

162 2905 431 2968 ‘mittitur,
460 2904 544 2960 vel
584 2904 813 2961 diversis
856 2902 1291 2957 tribulationibus
1338 2901 1610 2967 atteritur,
1638 2916 1747 2957 non

172 2997 339 3053 debet
361 2998 648 3067 desperare
677 2995 745 3051 de
772 2992 1174 3059 misericordia,
1210 2993 1305 3048 sed
1334 2993 1505 3062 magis
1529 3006 1587 3047 se
1612 3008 1745 3047 cons

169 3098 251 3143 tra
292 3087 580 3153 inimicos,
613 3086 668 3140 id
701 3094 784 3142 est
817 3086 1087 3140 daemones
1131 3082 1374 3154 erigere,
1416 3083 1507 3152 qtti
1546 3084 1749 3138 nostris

165 3178 431 3233 insultant
472 3178 721 3243 casibus,
774 3185 831 3231 et
877 3174 1100 3230 dicere:
1152 3193 1171 3226 ι
1204 3173 1572 3245 Consurgam,
1617 3176 1743 3245 quia

160 3268 433 3324 Dominus
460 3267 550 3321 lux
580 3280 700 3322 mea
730 3275 842 3332 est;
872 3266 987 3336 ipse
1033 3279 1118 3320 me
1144 3266 1303 3321 ducet
1333 3264 1400 3319 de
1427 3264 1663 3323 tenebris
1690 3265 1747 3319 in

154 3361 372 3417 ’lucem.
408 3380 427 3413 ι
462 3360 649 3417 Omnis
675 3360 819 3415 enim
840 3358 1128 3414 tribulatio
1156 3359 1212 3413 in
1236 3360 1494 3429 praesenti
1534 3357 1748 3414 videtur

165 3464 273 3508 non
310 3466 432 3508 esse
469 3450 672 3524 gaudii,
700 3451 795 3506 sed
830 3458 1015 3519 postea
1065 3449 1298 3504 fructum
1342 3448 1747 3518 pacatissimum

150 3545 484 3602 ‘exercitatis
511 3543 698 3599 reddet
729 3540 970 3611 iustitiae.
1001 3540 1135 3595 Cum
1175 3554 1302 3610 ergo
1343 3537 1600 3593 Dominus
1645 3538 1749 3593 hoc

152 3627 382 3701 ifecerit,
409 3643 463 3690 et
493 3648 591 3689 nos
619 3647 650 3688 e
677 3632 861 3688 multis
886 3628 1323 3686 tribulationibus
1350 3629 1576 3693 eruerit,
1598 3627 1749 3682 vide-

160 3729 302 3785 bunt
335 3726 541 3782 inimici
573 3725 766 3779 animae
794 3720 920 3778 mali
968 3721 1191 3793 spiritus
1221 3718 1541 3790 Babylonis,
1580 3718 1632 3773 id
1662 3724 1748 3773 est

148 3816 503 3874 confusionis
552 3813 836 3879 satellites,
888 3820 944 3867 et
981 3811 1333 3875 erubescent,
1383 3817 1438 3863 et
1483 3816 1641 3864 erunt
1689 3808 1746 3862 in

149 3908 631 3966 ‘conculcationem
659 3914 712 3959 et
736 3906 789 3959 in
819 3911 1208 3974 contemptum,
1241 3901 1597 3972 gaudentibus
1626 3916 1744 3956 san-

156 3999 270 4054 ctis
326 4004 384 4052 et
419 3993 821 4051 exsultantibus
857 3993 913 4046 in
944 4008 1039 4047 sua
1084 3990 1401 4045 liberatione
1440 3999 1495 4045 et
1530 3990 1745 4046 illorum

140 4088 313 4159 Justa
344 4081 707 4139 damnatione.

239 4198 262 4232 ε
299 4177 472 4231 Pasce
500 4173 758 4244 populum
785 4180 940 4227 tuum
973 4172 1027 4225 in
1056 4170 1205 4241 virga
1246 4178 1333 4225 tua
1371 4184 1586 4241 gregem
1629 4171 1743 4226 hae-

151 4266 422 4329 ‘redita'tis
452 4275 577 4322 tum.
611 4286 630 4317 ι
662 4250 778 4321 Vox
807 4265 901 4320 Dei
933 4263 1109 4319 Patris
1136 4263 1403 4334 loquentis
1442 4264 1509 4318 ad
1547 4264 1744 4319 Filium

154 4356 460 4420 Dominum
488 4366 731 4412 nostrum
757 4351 940 4409 Iesum
975 4353 1271 4420 Christum,
1310 4354 1399 4424 qui
1437 4362 1521 4408 est
1560 4358 1746 4424 pastor

160 4456 370 4517 bonus,
398 4448 819 4520 praecipiturque
845 4448 894 4502 ei
916 4452 977 4501 ut
997 4451 1185 4516 pascat
1211 4445 1462 4514 populum
1489 4444 1542 4498 in
1570 4444 1741 4514 virga,

160 4554 217 4602 et
242 4556 467 4615 gregem
494 4536 824 4594 haereditatis
854 4552 981 4591 sum.
1025 4526 1284 4591 Dlstincte
1306 4534 1529 4604 loquens
1554 4541 1740 4588 osten-
1765 4568 1820 4629 Β

158 4638 239 4691 dit
269 4631 422 4688 aliud
448 4645 568 4685 esse
588 4627 864 4701 populum,
902 4626 1044 4681 aliud
1071 4637 1307 4701 gregem,
1336 4624 1477 4696 quod
1515 4632 1568 4678 et
1592 4622 1742 4678 Psal-

160 4729 331 4783 mista
376 4724 535 4790 facit,
586 4722 807 4778 dicens!
841 4740 858 4772 ι
888 4720 998 4776 Nos
1043 4730 1223 4776 autem
1257 4718 1484 4791 populus
1522 4727 1646 4773 tuus
1686 4725 1741 4773 et

159 4834 295 4874 oves
342 4830 556 4886 pascuae
600 4822 725 4868 ture.
763 4832 783 4865 ι
821 4811 890 4882 Et
923 4810 1148 4882 populus
1198 4810 1531 4882 appellantur
1566 4800 1603 4864 il
1645 4808 1737 4879 qui

162 4912 381 4975 ratione
430 4916 651 4962 utuntur
686 4913 739 4961 et
773 4911 972 4959 norunt
1014 4902 1327 4958 discernere
1372 4901 1654 4957 veritatem
1705 4914 1737 4955 a

161 5000 431 5064 falsitate,
469 5013 598 5055 oves
634 5012 764 5053 vero
791 4995 1101 5066 simplices,
1140 4993 1232 5064 qui
1276 5007 1497 5047 necesse
1541 4991 1740 5047 habent

163 5096 347 5165 regia
373 5093 702 5151 doctoribus.
734 5091 869 5148 Cum
893 5105 1023 5161 ergo
1044 5088 1175 5144 dicit
1200 5105 1214 5141 :
1250 5106 1267 5138 ι
1295 5086 1462 5142 Pasce
1483 5084 1745 5156 populum‘

163 5195 222 5247 et
251 5200 472 5260 gregem
502 5182 828 5240 luereditatis
855 5189 979 5246 tum,
1014 5198 1033 5232 ι
1071 5177 1308 5234 ostendit
1335 5185 1388 5231 et
1408 5176 1657 5247 populum
1684 5183 1740 5231 et

164 5292 298 5335 oves
322 5277 563 5348 indigere
589 5276 756 5346 virga,
803 5266 865 5328 ut
899 5279 1154 5342 regantur
1182 5286 1213 5325 a
1243 5269 1490 5332 Domino,
1516 5268 1655 5323 sicut
1684 5270 1740 5322 et

166 5366 341 5439 Moysi
375 5381 496 5421 cum
542 5365 847 5419 mitteretur
883 5362 951 5417 ad
982 5358 1316 5416 Pharaonem
1342 5398 1357 5425 ,
1386 5356 1586 5412 dictum
1610 5361 1733 5410 est:

167 5457 387 5531 Vit-gem
415 5458 510 5513 Dei
535 5456 689 5512 tolles
714 5456 769 5511 in
797 5470 958 5509 manu
986 5463 1100 5508 tua.

239 5573 259 5605 ι
293 5551 613 5607 Habitantes
642 5547 784 5606 solos
814 5550 869 5604 in
894 5547 1057 5605 saltu.
1096 5567 1115 5600 ι
1148 5544 1438 5614 Propterea
1481 5540 1747 5611 pascendi"

165 5652 295 5700 sunt
321 5651 377 5699 et
403 5628 623 5713 regendi
655 5641 708 5695 in
734 5639 909 5710 virga,
939 5636 1063 5707 quia
1093 5634 1340 5691 habitant
1369 5631 1467 5688 soli
1494 5633 1547 5687 in
1574 5630 1733 5695 saltu,

167 5735 259 5793 ubi
282 5732 630 5804 intelligimus
653 5744 748 5786 eos
788 5728 880 5798 qui
927 5733 1178 5795 separant
1209 5739 1267 5780 se
1296 5724 1364 5779 ab
1391 5721 1652 5787 Ecclesia,
1682 5727 1737 5776 et

165 5826 413 5883 habitant
457 5826 509 5879 in
561 5821 700 5878 saltu
746 5818 1056 5893 gentilium,
1089 5825 1141 5872 et
1188 5815 1439 5872 fruuntur
1483 5813 1732 5869 amicitiis

1850 1968 2034 2024 Graece
2081 1977 2137 2024 et
2184 1968 2396 2032 Latine,
2443 1964 2692 2023 Chermel
2729 1964 3012 2020 Hebraice.
3041 1964 3433 2033 Interpretatur

1850 2058 2127 2114 Carmelus
2173 2059 2409 2129 cognitio
2450 2057 2900 2119 circumeisiouis,
2950 2055 3128 2112 Busan
3163 2055 3430 2122 confusio,

1850 2151 2055 2207 Galaad
2096 2150 2350 2221 migratio
2394 2148 2714 2205 testimonii.
2762 2147 2842 2201 Ita
2888 2147 3067 2216 populi
3113 2146 3427 2217 gentilium,

1851 2240 1941 2310 qui
1963 2249 2125 2294 antea
2149 2241 2269 2294 sine
2295 2247 2510 2309 pastore
2541 2246 2716 2303 erant,
2743 2245 2799 2291 et
2823 2236 3158 2305 vagabantur
3193 2235 3247 2289 in
3286 2233 3429 2291 saltu

1851 2329 2071 2395 erroris,
2101 2328 2496 2384 transferentur
2517 2327 2583 2382 ad
2605 2325 2929 2390 Carmelum,
2956 2325 3010 2381 id
3043 2333 3128 2381 est
3155 2325 3223 2380 ad
3246 2323 3435 2394 (segni-

1855 2421 2057 2476 tionem
2089 2435 2230 2475 verm
2259 2417 2705 2482 circumcisionis,
2736 2426 2792 2472 et
2827 2417 3064 2473 servient
3108 2414 3334 2471 Domino
3372 2413 3431 2469 in

1850 2510 2074 2580 spiritu;
2102 2518 2158 2565 et
2191 2509 2551 2579 intelligentcs
2576 2521 2819 2562 errorem
2853 2521 3010 2561 suum
3036 2502 3431 2560 confundentur

1850 2600 2163 2656 confusione
2188 2600 2339 2663 utili,
2384 2614 2505 2670 quae
2553 2597 2769 2654 adducit
2797 2596 3021 2668 gloriam
3042 2635 3059 2663 ,
3084 2595 3226 2666 quod
3265 2602 3427 2650 sonat

1849 2690 2041 2746 Basan.
2072 2690 2313 2760 Cumque
2334 2689 2408 2743 ita
2437 2686 2645 2747 confusi
2676 2685 2876 2741 fuerint
2900 2700 2998 2757 pro
3029 2683 3264 2756 peccatis
3288 2683 3422 2749 suis,

1851 2791 1975 2838 tunc
1998 2793 2286 2854 pascentur
2314 2782 2367 2836 in
2395 2778 2616 2844 Gaalad,
2642 2778 2784 2849 quod
2808 2778 3199 2848 interpretatur
3241 2783 3420 2830 trans-

1849 2874 2098 2944 migratio
2130 2872 2440 2937 testimonii,
2464 2871 2516 2925 id
2539 2878 2620 2926 est
2648 2877 2988 2925 revertentur
3008 2868 3076 2922 ad
3101 2866 3421 2931 Ecclesium,

1850 2966 1918 3021 ad
1946 2981 2109 3036 quam
2138 2966 2275 3037 legis
2302 2965 2496 3020 veteris
2540 2963 2846 3019 testimonia
2874 2960 3420 3030 transmigraveruut.

1850 3056 1965 3111 Hoc
1993 3067 2170 3111 autem
2193 3056 2285 3112 fiet
2305 3059 2598 3111 secundum
2619 3056 2733 3111 dies
2756 3055 3029 3125 antiquos,
3053 3054 3120 3109 de
3146 3053 3341 3123 quibus
3368 3062 3423 3108 et

1850 3146 2060 3218 Moyses
2087 3146 2254 3201 dicit:
2291 3163 2312 3198 ι
2343 3144 2608 3200 Memento
2628 3146 2838 3201 dierum
2870 3146 3233 3213 antiquorum,
3263 3164 3283 3197 ι
3309 3151 3414 3198 etc.

1768 3218 1822 3299 G
1851 3238 1930 3294 Illi
1974 3248 2155 3294 autem
2207 3237 2640 3294 recordabuntur
2676 3236 2884 3291 dierum
2919 3236 3294 3304 antiquorum,
3322 3233 3415 3304 qui

1849 3345 1955 3386 non
2001 3329 2265 3400 aspiciunt
2288 3328 2599 3399 praesentia,
2623 3328 2719 3382 sed
2755 3341 2874 3397 qua:
2910 3338 3124 3381 sursum
3153 3334 3295 3391 sunt,
3328 3325 3422 3381 ubi

1850 3420 2095 3477 Christus
2111 3429 2201 3479 est
2224 3420 2419 3476 sedens
2445 3419 2502 3473 in
2525 3418 2747 3474 dextera
2775 3417 2889 3472 Dei.
2919 3416 3177 3473 Ostendet
3210 3426 3424 3488 quoque

1849 3514 1929 3570 eis
1980 3512 2280 3577 mirabilia,
2316 3531 2335 3564 ι
2365 3525 2484 3583 quae
2507 3510 2696 3565 oculus
2723 3524 2829 3565 non
2855 3508 3013 3577 vidit,
3049 3516 3106 3563 et
3135 3509 3284 3564 auris
3316 3523 3421 3564 non

1848 3603 2070 3659 audivit;
2101 3622 2120 3654 ι
2154 3601 2307 3658 Tunc
2331 3600 2591 3657 Videbunt
2617 3614 2805 3656 omnes
2842 3606 3061 3671 gentes,
3090 3613 3211 3669 quae
3251 3613 3424 3668 quon-

1847 3694 1970 3749 dam
1994 3692 2296 3748 aiilixerant
2320 3690 2575 3762 populum
2603 3689 2721 3756 Dei,
2751 3697 2807 3745 et
2833 3687 3230 3745 confundentur
3257 3702 3427 3758 super

1846 3784 1992 3839 omni
2039 3780 2355 3855 fortitudine
2401 3796 2521 3846 sua,
2569 3794 2676 3849 qua
2719 3778 3121 3850 praevaluerunt
3162 3777 3424 3833 adversus

1847 3883 2064 3930 sanctos
2094 3873 2210 3928 Dei.
2242 3872 2348 3927 Sed
2370 3871 2514 3926 hanc
2542 3869 2911 3927 confusiOnem
2948 3869 3229 3925 habebunt
3266 3868 3419 3934 boui,

1845 3967 1972 4036 quia
2003 3964 2301 4035 intelligent
2327 3969 2545 4033 peccata
2571 3976 2686 4016 sua.
2728 3978 2746 4010 ‹
2785 3958 2994 4013 Ponent
3036 3973 3227 4012 manus
3262 3973 3424 4027 super

1845 4071 1927 4120 os,
1959 4075 1977 4107 ι
2007 4071 2104 4109 nec
2126 4053 2288 4107 ullam
2313 4050 2564 4120 loquendi
2590 4048 2864 4103 habebunt
2886 4044 3208 4101 libertatem.
3233 4045 3423 4123 Manus

1846 4155 2028 4200 autem
2073 4144 2327 4199 dicuntur
2370 4154 2534 4210 super
2577 4154 2639 4194 os
2681 4152 2905 4208 ponere,
2932 4134 3055 4206 quia
3091 4149 3283 4190 manus
3323 4149 3422 4206 pro

1843 4248 2005 4305 opere
2051 4232 2287 4303 ponitur,
2325 4238 2378 4285 et
2417 4243 2515 4300 pro
2557 4228 2672 4283 suis
2712 4226 2868 4282 malis
2907 4226 3165 4296 operibus
3209 4224 3421 4280 confusi

1848 4324 2119 4379 tacebunt.
2152 4322 2195 4375 E
2221 4318 2553 4390 contrajusti
2590 4330 2751 4372 manu
2781 4331 2844 4372 os
2877 4317 3146 4387 aperiunt,
3178 4315 3305 4385 quia
3350 4330 3419 4371 ex

1844 4417 2001 4472 bonis
2030 4414 2283 4485 operibus
2325 4411 2595 4481 accipiunt
2633 4408 2942 4464 facultatem
2991 4406 3243 4478 loquendi
3294 4420 3417 4462 cum

1846 4505 2090 4560 Domino.
2127 4523 2145 4556 ε
2181 4502 2353 4558 Aures
2384 4514 2405 4553 ι
2437 4513 2648 4569 quoque
2682 4517 2699 4550 ι
2731 4511 2917 4553 eorum
2964 4496 3141 4551 surda:
3175 4502 3354 4560 erunt,
3394 4514 3413 4548 ι

1846 4596 1972 4666 quia
2019 4594 2306 4650 noluerunt
2353 4591 2539 4646 audire
2587 4603 2774 4644 vocem
2820 4587 3051 4652 Christi,
3098 4587 3193 4642 sed
3243 4586 3423 4642 surda:

1848 4687 2061 4758 aspides
2088 4686 2477 4741 obturaverunt
2505 4697 2684 4746 aures,
2728 4695 2798 4736 ne
2837 4678 3087 4734 audirent
3113 4692 3300 4733 vocem
3330 4677 3417 4732 in-

1847 4777 2139 4843 cantantis,
2172 4775 2227 4831 id
2267 4782 2351 4830 est
2393 4772 2668 4844 sapienter
2711 4769 3055 4843 praedicantis
3081 4768 3306 4835 Christi,
3348 4767 3421 4823 de

1847 4872 2045 4945 quibus
2070 4870 2249 4926 adhuc
2281 4868 2481 4924 dicitur
2509 4886 2522 4921 ι

1923 5003 1942 5038 ι
1972 4984 2202 5055 Lingent
2232 4981 2508 5051 pulverem
2535 4976 2677 5034 sicut
2702 4982 3004 5047 serpentes,
3030 4972 3177 5029 velut
3203 4969 3417 5041 reptilia

1839 5078 2001 5135 terra:
2042 5072 2504 5148 perturbabuntur
2538 5070 2605 5126 de
2634 5069 2839 5126 aedibus
2882 5068 3015 5124 suis.
3057 5084 3074 5121 ι
3121 5065 3415 5134 Serpentes

1837 5184 2000 5240 super
2025 5173 2267 5221 ventrem
2292 5160 2624 5234 gradiuntur,
2659 5168 2715 5215 et
2744 5169 2940 5215 terram
2964 5154 3274 5228 gradientes
3302 5160 3415 5206 tra-

1838 5262 1995 5323 hunt,
2036 5259 2316 5328 ipsamque
2364 5261 2563 5308 terram
2605 5251 2913 5307 comedunt.
2953 5246 3110 5302 Tales
3153 5251 3279 5299 sunt
3323 5256 3417 5296 rea

1837 5350 2013 5422 probi,
2048 5328 2454 5416 terrenaropera
2484 5342 2767 5407 facientes,
2791 5350 2847 5396 et
2876 5349 3074 5395 terram
3097 5332 3408 5399 comedunt,

1844 5442 1968 5512 quia
1998 5440 2226 5496 terrenis
2270 5445 2565 5508 pascuntur
2607 5433 2898 5490 illecebris.
2949 5433 3123 5500 Super
3168 5432 3408 5480 ventrem

1844 5530 2179 5605 gradiuntur,
2208 5529 2336 5600 quia
2369 5529 2543 5584 ventri
2568 5535 2623 5582 et
2648 5526 2782 5597 gula:
2810 5523 3050 5579 serviunt
3074 5562 3088 5582 ,
3116 5532 3413 5587 eorumque

1842 5632 2030 5679 venter
2057 5622 2199 5676 Deus
2222 5628 2326 5675 est.
2357 5619 2424 5672 Et
2451 5617 2671 5672 trahunt
2695 5629 2756 5669 se
2779 5614 2845 5668 ad
2871 5612 3012 5668 diem
3039 5608 3255 5664 ultionis
3274 5606 3407 5679 justi

1835 5715 2026 5787 judicii
2069 5714 2184 5770 Dei.
2217 5713 2283 5767 Et
2311 5720 2439 5767 tunc
2466 5708 2825 5766 turbabuntur
2856 5705 2923 5761 de
2965 5701 3168 5759 sedibus
3190 5742 3205 5768 ,
3235 5700 3320 5754 vel
3354 5699 3406 5753 in

1845 5805 2294 5868 conclusionib'ts,
2324 5819 2446 5859 cum
2479 5818 2535 5858 se
2559 5797 2840 5857 conclusos
2868 5805 2921 5854 et
2945 5803 3253 5853 coarctatos
3284 5790 3409 5845 vide
