4022 6440
576 402 676 458 ιοτ

1035 396 1381 454 HAYMONIS
1417 363 1892 450 lIALBERSTA't‘.
1936 390 2151 448 EPISC.
2191 389 2340 446 opp.
2384 390 2560 445 rans
2598 390 2636 445 ι.
2677 418 2748 433 ρ-
2784 388 3135 444 conuexr.
3173 390 3341 444 BlBL.

3712 393 3825 447 168

577 517 705 578 rint,
735 521 788 567 et
818 508 1180 568 formidabant
1205 521 1309 560 non
1329 504 1611 560 Dominum
1639 504 1806 560 Deum
1836 519 2014 567 suum,
2041 501 2212 568 sedA
2237 500 2460 556 Judaieo
2506 500 2732 570 populo,
2775 501 2912 554 sicut
2948 501 3210 583 gentibus
3236 502 3492 555 misertus
3529 511 3632 557 est.
3678 503 3830 557 Deus

578 609 840 666 nostrum,
870 600 993 668 quia
1019 597 1246 651 necdum
1270 610 1394 648 eum
1422 604 1696 648 merentur
1721 593 1918 648 habere
1944 591 2133 647 Deum.

581 713 600 745 ι
625 693 904 751 Dominum
931 690 1093 744 Deum
1118 694 1357 742 nostrum
1381 685 1779 748 desiderabant,
1804 695 1858 738 et
1877 683 2141 736 timebunt

576 797 645 838 te.
687 803 703 836 ι
732 782 871 836 Cum
898 781 964 834 de
983 778 1148 832 tertia
1194 792 1423 846 persona
1470 776 1796 844 loqueretur,
1828 774 2006 828 subito
2045 788 2140 842 per

576 871 952 942 apostmplram
1001 869 1268 930 convertit
1312 882 1370 922 se
1400 867 1478 920 ad
1522 866 1832 930 Christum,
1875 872 1928 918 et
1969 864 2134 918 dicit:

581 983 598 1014 ι
630 963 914 1017 Timebunt
939 970 1012 1026 te,
1045 981 1064 1013 ι
1100 960 1301 1014 idcirco
1328 959 1718 1020 ohmutescent,
1743 965 1798 1010 et
1829 966 2020 1011 czetera
2048 971 2138 1025 pa-

573 1055 771 1109 tientur
793 1069 912 1123 qua:
938 1053 1081 1106 dicta
1107 1059 1251 1113 sunt,
1279 1051 1580 1103 uttimeant
1599 1057 1678 1114 te,
1694 1061 1736 1103 ὀ
1757 1047 1992 1111 Christe,
2015 1047 2140 1116 quia

572 1146 786 1201 initium
815 1144 1092 1213 sapientiae
1122 1140 1530 1195 timor‘Domini.

650 1255 669 1288 r
707 1236 856 1302 Quis,
889 1237 1048 1298 Deus,
1093 1233 1282 1287 similis
1311 1232 1404 1295 tui,
1432 1232 1520 1300 qui
1557 1229 1738 1299 aufers
1766 1229 2101 1299 iniquitatem
2121 1268 2137 1294 ,

574 1335 628 1380 et
660 1327 856 1380 transis
885 1335 1163 1393 peccatum
1208 1322 1550 1390 reliquiarum
1590 1320 1918 1375 hmreditatis
1949 1320 2085 1372 ture?
2115 1339 2134 1370 ι

575 1415 880 1484 lntelligens
901 1415 1156 1485 propheta
1181 1415 1247 1468 ad
1270 1413 1370 1467 hoc
1385 1412 1664 1466 Dominum
1687 1411 1845 1466 irasci
1871 1412 2137 1482 gentibus,

577 1516 636 1562 ιιι
687 1523 781 1562 eas
833 1506 1069 1560 turbaret
1116 1513 1171 1559 et
1220 1503 1601 1566 confunderet,
1645 1510 1699 1556 ct
1729 1508 1786 1554 ut
1823 1501 2050 1555 turbatis
2087 1512 2141 1554 ct

577 1595 1121 1664 confusisvparceret,
1149 1601 1203 1646 ct
1225 1600 1442 1661 peccata
1491 1589 1760 1653 auferret,
1809 1590 2140 1658 donaretque

577 1686 825 1748 salutem,
852 1686 1147 1738 admiratur
1170 1693 1224 1737 ct
1248 1683 1429 1737 laudat
1460 1682 1752 1736 bonitatem
1777 1681 1889 1743 Dei,
1922 1679 2134 1736 dicens:

583 1797 601 1829 ι
636 1778 766 1844 Quis
787 1817 801 1841 ,
826 1777 996 1840 Deus,
1027 1776 1217 1830 similis
1247 1774 1356 1828 tui?
1389 1793 1406 1825 ι
1442 1775 1698 1828 subaudis
1746 1772 1944 1828 nrdlus.
1981 1791 1999 1824 ι
2036 1774 2135 1840 Qui

2237 593 2382 646 enim
2421 592 2603 646 volens
2643 593 3070 647 misericordiam
3091 633 3105 656 ,
3133 593 3260 662 quia
3293 593 3604 648 misericors
3631 605 3738 656 est,
3769 609 3828 650 et

2239 683 2358 738 ideo
2407 691 2709 736 revertetur
2766 682 3069 737 miserendo
3115 683 3194 737 eis
3233 697 3368 751 quos
3420 683 3713 753 abjecerat.
3759 685 3829 740 Et

2238 775 2446 844 proiicit
2479 775 2532 828 in
2565 774 2885 843 profundum
2916 774 3080 828 maris
3108 784 3326 845 peccata
3354 787 3536 830 nostra
3561 816 3576 841 ,
3620 785 3678 832 ut
3700 777 3826 846 jam

2240 881 2344 919 non
2375 874 2690 935 appareant.

2315 976 2332 1008 ι
2366 957 2528 1012 Dabis
2551 959 2832 1011 veritatem
2850 955 3036 1022 Jacob,
3060 959 3484 1016 misericordiam
3511 963 3821 1029 Abraham,

2239 1062 2359 1116 qua:
2401 1045 2596 1115 jurasti
2641 1049 2884 1118 patribus
2932 1050 3132 1104 nostris
3172 1066 3204 1104 a
3255 1052 3445 1108 diebus
3492 1055 3758 1124 antiquis.
3799 1077 3818 1108 ι

2238 1136 2408 1201 lllam,
2434 1136 2626 1205 inquit,
2643 1137 2950 1204 veritatem,
2966 1155 3126 1207 quam
3150 1144 3442 1210 promisisti
3467 1143 3638 1200 Jacob
3661 1162 3825 1202 servo

2240 1234 2350 1291 tuo,
2383 1235 2436 1280 et
2462 1227 2890 1281 misericordiam
2920 1245 3080 1298 quam
3112 1231 3386 1299 pollicitus
3413 1249 3474 1287 es
3497 1233 3702 1289 dilecto
3728 1246 3824 1292 tuo

2238 1315 2533 1379 Abraham,
2561 1317 2714 1371 dabis
2739 1319 3085 1373 credentibus
3109 1321 3160 1373 in
3186 1329 3236 1375 te
3253 1336 3319 1376 ex
3342 1331 3570 1393 utroque
3595 1326 3819 1396 populo.

2239 1407 2370 1461 Nam
2402 1423 2496 1478 per
2524 1406 2718 1471 Jacob,
2761 1409 2849 1477 qui
2904 1410 3274 1480 supplantator
3303 1412 3519 1477 dicitur,
3558 1418 3823 1486 antiquus

2237 1495 2538 1551 Iudaeorum
2567 1497 2789 1566 populus
2819 1497 3148 1569 intelligitur,
3189 1501 3278 1569 qui
3313 1502 3367 1555 in
3391 1501 3672 1557 Christum
3703 1519 3826 1559 cre-

2239 1585 2370 1640 dens
2418 1584 2781 1656 supplantavit
2817 1586 3204 1642 infidelitatem.
3234 1589 3343 1643 Illis
3385 1605 3512 1662 ergo
3554 1593 3706 1646 dabit
3731 1609 3826 1647 ve-

2237 1677 2451 1732 ritatem
2499 1677 2881 1746 prtemiorum,
2939 1693 3057 1747 qua:
3102 1679 3180 1734 eis
3227 1679 3496 1750 pollicitus
3539 1691 3624 1736 cst
3662 1701 3675 1712 ·
3723 1699 3825 1753 per

2237 1767 2540 1832 Abraham,
2579 1767 2668 1836 qui
2718 1776 2873 1837 pater
2902 1769 3226 1835 multarum,
3256 1771 3510 1826 subaudis
3552 1773 3822 1842 gentium,

575 1868 754 1922 aufers
781 1867 1113 1936 iniquitatem
1155 1874 1211 1918 et
1252 1864 1449 1921 transis
1484 1873 1759 1935 peccatum
1791 1863 2134 1932 reliquiarum
2169 1848 2211 1906 Β
2244 1859 2648 1926 interpretatur,
2698 1845 2982 1911 multitudo
3027 1852 3264 1928 gentium
3317 1860 3648 1930 designatur,
3700 1876 3824 1930 qua:

575 1961 903 2017 ltzct‘cditatis
931 1959 1067 2015 tuae?
1095 1979 1114 2010 ι
1147 1957 1299 2014 Sicut
1323 1960 1591 2026 quondam
1621 1957 1672 2010 in
1698 1955 1928 2025 [Egypto
1961 1963 2139 2008 exter-

576 2057 806 2110 minator
826 2053 1049 2123 angelus
1069 2052 1257 2105 videns
1284 2050 1597 2119 sanguinem
1614 2049 1680 2102 in
1712 2045 2139 2102 foribus-Israeli-

575 2153 768 2206 tarum,
803 2141 1250 2213 pertransivitmt
1274 2155 1379 2194 non
1410 2139 1490 2193 eis
1514 2137 1713 2192 nocuit.

652 2251 672 2283 ι
706 2232 819 2287 Non
873 2232 1122 2286 immittet
1177 2230 1316 2284 ultra
1371 2227 1606 2282 furorem
1656 2242 1846 2298 suum,
1883 2226 2136 2295 quoniam

574 2325 760 2379 volens
794 2323 1216 2379 misericordiam
1242 2329 1344 2376 est.
1376 2319 1695 2374 Revertetur
1719 2327 1773 2372 et
1797 2316 2140 2372 miserebitur

576 2419 765 2474 nostri.
813 2417 1051 2487 Deponet
1095 2415 1406 2486 iniquitates
1442 2421 1657 2468 nostras
1677 2452 1691 2476 ,
1721 2419 1776 2466 et
1807 2409 2054 2480 projiciet
2085 2408 2139 2462 in

573 2507 897 2578 profundum
929 2507 1095 2562 maris
1113 2507 1290 2561 omnia
1314 2513 1534 2575 peccata
1557 2512 1764 2566 nostra,
1787 2521 1806 2552 ι
1843 2502 2001 2555 idest
2032 2515 2138 2556 non

577 2596 632 2651 in
672 2605 987 2668 perpetuum
1025 2597 1304 2661 irascetur,
1337 2596 1431 2651 sed
1469 2594 1757 2666 aliquando
1800 2592 2142 2648 miserebitur

2244 1949 2512 2004 credendo
2539 1949 2590 2003 in
2621 1949 2892 2003 Christum
2921 1947 3073 2004 facta:
3102 1960 3228 2005 sunt
3255 1951 3344 2006 filii
3376 1952 3673 2018 Abraham,
3704 1944 3826 2024 qui-

2241 2040 2342 2095 bus
2371 2041 2518 2094 dabit
2564 2041 2984 2096 misericordiam
3030 2045 3334 2114 gratissime
3355 2086 3370 2111 ,
3395 2057 3448 2100 et
3493 2062 3591 2101 suo
3623 2047 3824 2102 merito

2244 2150 2337 2190 eas
2364 2134 2710 2204 justiﬁcando
2739 2151 2766 2189 a
2799 2136 3054 2205 peccatis.
3089 2135 3218 2204 Qua:
3252 2137 3432 2191 omnia
3453 2135 3674 2206 jurasti,
3719 2138 3825 2194 hoc

2245 2233 2328 2278 est
2375 2225 2780 2280 immutabiliter
2834 2225 3130 2295 promisisti
3186 2227 3426 2296 patrihus
3472 2244 3615 2283 verre
3674 2230 3821 2297 fidei,

2245 2317 2385 2386 quod
2427 2317 2670 2372 videlicet
2715 2331 2783 2372 ex
2825 2326 2936 2372 tota
2973 2317 3249 2372 hominum
3296 2319 3642 2375 multitudine
3688 2323 3826 2378 alios

2244 2407 2504 2472 veritate,
2551 2407 2686 2460 alios
2738 2407 3106 2461 misericordia
3159 2407 3417 2464 salvares.
3473 2427 3493 2462 ι
3542 2409 3826 2468 Universae

2245 2497 2388 2553 enim
2417 2497 2517 2552 viae
2546 2498 2780 2564 Domini,
2812 2498 3180 2556 misericordia
3209 2509 3265 2555 et
3289 2501 3504 2557 veritas.
3547 2521 3566 2554 ι

1551 2885 1658 2966 ΙΝ
1738 2885 2103 2965 NAHUM
2181 2887 2834 2966 PROPHETAM.

647 3130 852 3186 Nahum
881 3131 1162 3200 propheta,
1186 3129 1326 3185 sicut
1350 3126 1609 3194 etJonas,
1639 3131 1914 3186 interitum
1941 3131 2145 3186 Niniva:
2173 3135 2216 3196 C
2247 3131 2514 3202 Assyriis;
2555 3131 2691 3195 sive,
2724 3129 2900 3184 altiori
2939 3143 3129 3193 sensu,
3159 3128 3301 3198 quod
3338 3131 3516 3185 audiat
3555 3136 3826 3201 gemitum

573 3220 811 3278 civitatis
838 3234 1042 3291 magnae
1070 3217 1390 3273 vaticinatus
1418 3228 1499 3273 est
1517 3261 1530 3283 ,
1557 3228 1614 3274 et
1648 3221 1939 3276 secundum
1985 3235 2138 3274 suum

576 3313 927 3377 vocabulum,
955 3313 1079 3381 quia
1125 3311 1333 3367 Nahum
1381 3314 1688 3368 consolator
1734 3315 2138 3384 interpretatur,

578 3407 886 3462 consolatur
933 3405 1296 3474 captivitatem
1339 3405 1526 3460 decem
1571 3406 1830 3470 tribuum,
1862 3422 1998 3474 quas
2028 3405 2140 3474 jam

577 3495 964 3551 transtulerant
987 3494 1192 3564 Assyrii
1224 3494 1274 3547 in
1304 3493 1526 3548 Niniven
1548 3534 1564 3558 ,
1591 3504 1849 3563 regnante
1879 3495 1930 3548 in
1957 3492 2140 3550 Judzea

576 3584 807 3640 Ezechia
850 3599 993 3654 rege.
1032 3583 1147 3638 Non
1187 3584 1330 3638 enim
1355 3591 1473 3637 erat
1507 3598 1674 3652 parva
1703 3583 1998 3639 consolatio
2032 3594 2140 3638 tam

577 3677 662 3731 bis
690 3677 778 3747 qui
809 3676 921 3743 jam
961 3675 1195 3746 Assyriis
1228 3675 1564 3740 serviebant,
1595 3690 1756 3744 quam
1801 3676 1907 3730 illis
1949 3677 2040 3744 qui
2085 3677 2140 3730 in

575 3765 757 3821 Iudaea
787 3767 884 3820 sub
911 3766 1139 3820 Ezechia
1167 3765 1568 3829 obsidebantur,
1609 3775 1665 3820 ut
1699 3767 1946 3822 audirent
1975 3767 2141 3838 Assy-

579 3855 690 3910 rios
715 3856 958 3910 inimicos
980 3869 1106 3910 suos
1131 3871 1162 3909 a
1189 3853 1454 3910 Chaldaeis
1481 3856 1790 3926 eapicndos.‘

1089 4008 1312 4065 CAPUT
1350 4008 1638 4067 PRIMUM.

654 4138 673 4170 ι
711 4117 858 4176 Onus
878 4119 1100 4174 Niniwc.
1116 4119 1276 4175 Liber
1305 4122 1522 4178 visionis
1549 4123 1753 4178 Nahum
1777 4124 2088 4180 llelcheszri.
2116 4146 2133 4180 ι

576 4212 724 4268 Onus
751 4213 886 4282 apud
918 4215 1205 4282 prophetas
1232 4231 1391 4283 grave
1415 4219 1619 4285 pondus
1638 4219 1994 4280 miseriarum,
2023 4219 2134 4272 ubi-

577 4317 789 4370 cunque
835 4304 1080 4373 ponitur,
1129 4306 1372 4374 designat
1415 4308 1556 4375 quod
1594 4324 1716 4362 eum
1753 4317 1943 4363 contra
1979 4325 2138 4378 quem

578 4393 776 4447 dicitur
815 4403 1049 4463 premat,
1093 4411 1193 4449 nec
1231 4397 1371 4450 sinat
1416 4397 1626 4451 elevare
1669 4402 1955 4454 cervicem.
1986 4401 2137 4466 Quod

2243 3233 2551 3278 sanctorum
2571 3263 2584 3285 ,
2611 3220 2859 3291 quodque
2891 3219 2942 3272 in
2975 3217 3078 3272 fine
3108 3219 3285 3273 saeculi
3316 3220 3466 3292 digna
3490 3223 3828 3281 adversariis

2243 3311 2437 3366 inferat
2475 3309 2754 3381 supplicia.
2803 3308 3104 3364 Emulator
3146 3319 3368 3364 vocatur
3405 3310 3603 3366 zelans.
3658 3312 3828 3371 Zelus

2242 3411 2419 3457 autem
2446 3402 2731 3470 aliquando
2764 3401 2816 3455 in
2841 3400 3037 3456 bonam
3081 3411 3288 3471 partem
3326 3403 3560 3472 ponitur,
3603 3404 3828 3461 dicente

2241 3493 2407 3548 Paulo
2449 3512 2461 3547 :
2500 3492 2854 3547 Emularnini
2901 3492 3229 3547 charismata
3278 3487 3541 3559 meliora;
3600 3503 3654 3549 et
3707 3497 3829 3566 ipso

2241 3585 2500 3641 Dominus
2543 3587 2593 3639 in
2636 3583 2842 3654 psalmo
2881 3602 2893 3636 :
2940 3603 2956 3634 ι
2994 3568 3154 3638 Zelus
3197 3583 3386 3639 domus
3432 3596 3536 3639 tua:
3584 3587 3828 3642 comedit

2241 3691 2346 3731 me.
2384 3697 2402 3728 ›
2435 3664 2653 3731 Zelatur
2694 3676 2837 3730 enim
2887 3662 3028 3729 Deus
3077 3675 3130 3728 in
3179 3666 3404 3729 salutem
3447 3691 3584 3746 quos
3626 3677 3827 3746 dignos

2207 3763 2210 3766 ’
2241 3769 2421 3834 habet,
2451 3778 2510 3822 ut
2543 3784 2677 3838 quos
2707 3783 2812 3821 non
2840 3775 3019 3820 servat
3045 3767 3357 3832 clementia,
3387 3769 3624 3838 corrigat
3649 3770 3824 3823 casti-

2240 3863 2402 3934 gatio.
2437 3862 2572 3918 llinc
2599 3861 2664 3914 ad
2684 3844 3044 3922 Hierusalem,
3074 3876 3192 3929 qum
3218 3859 3485 3914 obstinata
3514 3859 3823 3915 intentione

2243 3956 2296 4009 in
2345 3955 2581 4025 peccatis
2621 3954 3006 4023 permanebat,
3059 3952 3230 4006 iratus
3279 3952 3536 4007 Dominus
3580 3952 3827 4021 loquitur

2241 4061 2337 4115 per
2368 4044 2701 4099 Ezechielem
2731 4062 2742 4096 :
2775 4063 2792 4094 ι
2830 4043 2987 4096 Zelus
3036 4057 3186 4097 meus
3234 4043 3457 4096 recessit
3505 4059 3534 4096 a
3579 4052 3656 4105 te,
3712 4058 3827 4098 non

2243 4140 2445 4191 irascar
2478 4135 2572 4189 tibi
2607 4133 2765 4188 ultra.
2797 4152 2814 4184 ι
2854 4132 3147 4202 Sequitur:
3179 4151 3197 4183 ι
3229 4131 3508 4187 Ulciscens
3535 4132 3825 4197 Dominus,

2241 4237 2295 4283 et
2349 4229 2553 4282 habens
2599 4225 2835 4279 furorem
2863 4263 2876 4288 ,
2931 4213 3196 4277 ulciscens
3235 4222 3490 4276 Dominus
3536 4221 3588 4275 in
3633 4221 3829 4277 hostes

2242 4336 2368 4374 suos
2390 4360 2404 4383 ,
2432 4329 2487 4374 ct
2510 4320 2750 4374 irascens
2777 4317 2889 4386 ipse
2925 4315 3157 4368 inimicis
3185 4314 3318 4368 suis.
3355 4331 3373 4364 ι
3411 4313 3662 4368 Dominus
3697 4315 3831 4368 uul-

2243 4409 2353 4462 lum
2383 4419 2583 4461 motum
2615 4406 2814 4467 animi,
2848 4403 3051 4457 nullum
3080 4411 3257 4474 potest
3282 4404 3523 4472 recipere
3553 4402 3827 4468 furorem,

577 4491 756 4537 autem
783 4483 998 4548 dicitur,
1049 4483 1259 4538 Nahum
1309 4483 1635 4550 llelchesaai,
1685 4487 1892 4542 viculus
1945 4497 2028 4541 est
2085 4489 2136 4542 in

2243 4501 2334 4568 qui
2363 4499 2418 4552 in
2443 4513 2650 4551 summa
2676 4495 3059 4564 tranquillitate
3084 4495 3229 4549 mitis
3256 4504 3337 4549 est
3361 4506 3414 4549 et
3441 4509 3678 4549 serenus.
3715 4494 3832 4549 Sed

577 4576 824 4642 Galilaaa,
853 4577 965 4648 jam
1003 4576 1242 4631 funditus
1281 4577 1518 4641 dirutus,
1562 4587 1618 4632 et
1663 4579 1751 4632 vix
1794 4580 2142 4634 aedificiorum

577 4673 952 4726 demonstrans
1002 4671 1245 4739 vestigia.
1285 4671 1434 4736 Quod
1481 4672 1623 4726 enim
1667 4672 1883 4742 quidam
1927 4673 2144 4739 dicunt,

579 4759 1083 4817 eumllelcheswum
1112 4760 1363 4817 habuisse
1388 4771 1617 4831 patrem,
1643 4763 1836 4818 falsum
1863 4772 1966 4818 est.
1986 4763 2148 4818 Liber

580 4855 803 4910 visionis
832 4856 896 4910 de
928 4871 993 4910 co
1022 4855 1237 4920 dicitur,
1268 4855 1392 4925 quia
1425 4871 1528 4908 nun
1569 4855 1621 4908 in
1658 4856 1858 4910 exstasi
1887 4855 2143 4925 loqueba-

581 4960 690 5015 tur,
726 4960 786 5004 ut
823 4949 1058 5005 haeretici
1092 4949 1371 5011 dixerunt,
1429 4959 1678 5018 tanquam
1727 4949 1971 5003 nesciens
2017 4947 2144 5017 quid

580 5041 784 5095 diceret
814 5055 962 5094 more
1000 5053 1501 5108 encrgumenorum,
1548 5039 1638 5092 sed
1670 5038 1914 5102 videbat,
1967 5039 2020 5092 id
2063 5047 2147 5093 est

579 5129 906 5200 intelligebat
929 5138 1116 5183 cuncta
1145 5144 1264 5197 qua:
1295 5127 1628 5196 loquebatur.
1662 5127 1934 5182 Moralitcr
1973 5128 2144 5197 loqui-

581 5231 668 5274 tur
699 5221 954 5290 propheta
983 5220 1034 5274 in
1067 5218 1432 5274 consolatione
1469 5230 1778 5274 sanctorum
1821 5221 1887 5275 de
1927 5222 2145 5276 interitu

578 5319 632 5363 et
659 5310 764 5364 fine
796 5311 998 5374 tnundi,
1031 5324 1189 5376 quem
1217 5309 1460 5382 designat
1486 5308 1694 5373 Mitive,
1733 5326 1852 5379 qua:
1882 5311 2147 5380 interpre-

579 5410 724 5454 tatur
742 5401 962 5470 pulehra
989 5398 1072 5453 vel
1094 5400 1349 5469 Speciosa.
1373 5400 1432 5453 Et
1460 5400 1592 5453 nihil
1617 5401 1860 5456 videmus
1871 5401 2146 5470 pulchrius

583 5491 798 5551 mundo,
825 5499 1090 5557 quatenus
1107 5487 1285 5543 omnia
1307 5489 1504 5544 caduca
1535 5498 1589 5544 et
1616 5489 1880 5543 mundana
1907 5498 2146 5545 content-

578 5588 730 5643 nant,
755 5589 809 5632 et
829 5580 895 5633 ad
923 5580 1270 5650 diemjudicii
1302 5597 1358 5635 se
1388 5590 1597 5652 parcnt.

652 5691 669 5719 ι
717 5671 854 5724 Deus
883 5671 1178 5737 aemulator,
1204 5681 1256 5725 et
1287 5672 1546 5728 ulciscens
1577 5674 1851 5728 Dominus.
1888 5695 1904 5726 ι
1940 5672 2146 5727 Laudat

576 5761 836 5831 propheta
897 5763 1205 5830 υοιιιὶιιιιιιι,
1243 5765 1384 5834 quod
1424 5765 1562 5820 ultor
1602 5768 1668 5820 sit
1723 5766 1902 5837 populi
1950 5767 2030 5820 sui
2079 5766 2144 5821 de

2246 4589 2612 4657 metaphorice
2646 4588 2843 4641 dicitur
2879 4587 3076 4642 habere
3103 4585 3362 4651 furorem,
3406 4602 3527 4641 cum
3568 4585 3709 4639 mala
3747 4587 3835 4640 ul-

2246 4678 2486 4742 ciscitur,
2535 4677 2660 4746 quia
2711 4677 2789 4730 sic
2841 4676 3228 4731 sustinentibus
3278 4677 3509 4731 videtur.
3561 4675 3837 4732 Irascitur

2245 4783 2375 4837 ergo
2401 4767 2675 4831 Dominus,
2702 4775 2760 4820 ut
2786 4765 2937 4820 tollat
2958 4781 2988 4818 a
3013 4765 3167 4820 nobis
3195 4766 3336 4834 quod
3359 4766 3459 4820 sibi
3482 4767 3833 4820 contrarium

2245 4868 2326 4914 cst
2345 4899 2358 4924 ,
2385 4868 2440 4913 et
2469 4858 2692 4914 sublatis
2724 4858 2808 4911 his
2832 4872 2951 4927 quae
2980 4856 3082 4910 sibi
3115 4845 3418 4925 displicent,
3456 4855 3506 4910 in
3535 4857 3832 4924 antiquum

2245 4958 2443 5008 statum
2465 4939 2696 5003 correcti
2722 4949 2966 5004 homines
2992 4948 3229 5002 redeant.
3258 4945 3390 5002 Nam
3417 4948 3670 5018 scriptum
3698 4957 3828 5002 est:

2252 5059 2268 5092 ι
2299 5039 2790 5108 Flagellatomnem
2819 5035 2985 5092 lilium
3013 5053 3176 5108 quem
3211 5039 3426 5109 recipit.
3463 5057 3482 5090 ι

2321 5149 2340 5181 ι
2384 5129 2642 5185 Dominus
2665 5131 2875 5200 patiens
2897 5139 2953 5183 et
2973 5145 3200 5200 magnus
3227 5129 3553 5183 fortitudine.
3589 5146 3606 5178 ι
3643 5127 3835 5193 Quem

2246 5237 2406 5293 supra
2449 5221 2712 5274 zelantem
2764 5228 2819 5274 et
2870 5221 3070 5276 habere
3121 5220 3356 5276 furorem
3408 5221 3644 5283 dixerat,
3674 5237 3835 5276 nunc

2247 5312 2538 5382 patientem
2563 5321 2744 5365 vocat:
2762 5305 2854 5365 diu
2878 5313 3019 5366 enim
3043 5312 3386 5383 Assyriorum
3408 5312 3656 5367 sustinuit
3687 5327 3832 5380 pec-

2247 5413 2450 5467 cata,et
2469 5419 2561 5458 sua
2578 5403 2984 5473 longanimitate
3013 5407 3324 5475 provocavit
3349 5420 3440 5459 cos
3464 5403 3528 5458 ad
3549 5405 3835 5474 paenitet»

2247 5496 2396 5550 tiam.
2422 5495 2527 5550 Sed
2544 5496 2670 5566 quia
2692 5505 3130 5567 contempserunt
3149 5497 3445 5552 bonitatem
3471 5495 3586 5559 Dei,
3611 5511 3834 5564 nequa-

2173 5602 2175 5604 ·
2247 5601 2406 5656 quam
2424 5585 2576 5654 quasi
2605 5586 2916 5639 innocentes
2941 5585 3137 5640 inultos
3165 5586 3362 5640 habere
3386 5587 3604 5654 patitur.
3626 5584 3746 5640 Hoc
3777 5597 3835 5642 et

2247 5675 2314 5730 dc
2357 5675 2512 5730 nobis
2552 5676 2731 5730 dicere
2766 5673 2917 5743 juxta
2965 5674 3222 5729 moralem
3268 5675 3595 5730 intellectum
3624 5690 3833 5744 possu-

2249 5780 2386 5844 mus,
2419 5779 2553 5834 quos
2580 5765 2881 5838 benignitas
2908 5766 2999 5820 Dei
3029 5767 3093 5819 ad
3120 5766 3491 5836 paenitentiam
3521 5779 3830 5836 exspectat.
