4042 6338
273 485 382 541 169

1273 481 1672 540 ENARRA'I'IO
1710 483 1776 539 IN
1818 481 2064 539 MHUM
2104 478 2542 537 PROPHETAM.

3427 480 3532 540 I70

271 594 394 650 Non
438 606 572 670 ergo
619 603 1028 654 contemnamus
1074 594 1290 652 divitias
1330 596 1586 652 bonitatis
1629 597 1746 668 ejus
1804 603 1859 652 et
1884 603 1935 665 Α
1960 594 2260 660 hominum,
2305 603 2400 649 aut
2421 594 2511 649 hic
2551 609 2648 665 per
2695 593 3088 666 paenitentiam,
3121 601 3216 650 aut
3248 593 3306 651 in
3327 591 3532 667 judicio

268 671 709 764 lsiigauimitatis
753 688 890 760 ejus,
922 703 991 744 ne
1039 687 1202 759 (quod
1221 687 1384 759 absit)
1430 687 1862 743 thesaurizemus

273 783 438 838 nobis
471 782 608 838 iram
635 781 690 835 in
716 779 804 836 die
825 779 920 836 ira:
945 787 1000 835 et
1022 778 1368 836 revelationis
1385 777 1517 848 justi
1531 777 1718 847 judicii
1741 779 1856 834 Dei.

283 892 301 924 ι
341 873 410 928 Et
443 869 710 927 mundans
749 885 856 926 non
892 869 1056 926 faciet
1088 871 1451 926 innocentem.
1485 889 1504 920 ι
1541 868 1632 924 Sic
1654 869 1798 926 enim
1827 885 1860 924 a

275 964 513 1037 peccatis
538 961 834 1018 clementer
861 960 1138 1028 emundat,
1167 968 1225 1016 ut
1240 959 1389 1031 juste
1415 960 1556 1028 quod
1577 957 1716 1014 male
1736 973 1860 1029 ges-

276 1062 469 1110 serunt
492 1051 700 1126 puniat.
733 1049 870 1106 Nam
890 1051 1032 1106 sicut
1050 1049 1187 1106 nihil
1208 1050 1336 1107 boni
1363 1047 1564 1105 deserit
1587 1049 1731 1118 quod
1753 1063 1857 1103 non

275 1149 618 1209 remuneret,
649 1142 725 1199 ita
758 1141 892 1197 nihil
929 1141 1138 1211 peccati
1168 1139 1423 1210 relinquit
1447 1137 1591 1209 quod
1631 1153 1737 1194 non
1763 1137 1859 1194 da—

272 1241 441 1289 mnet.
476 1232 740 1288 Mundans
765 1246 894 1304 ergo
936 1230 1066 1286 facit
1095 1231 1454 1298 innocentem,
1488 1229 1614 1300 quia
1640 1243 1738 1300 per
1762 1229 1857 1284 lla-

271 1323 414 1396 gella
447 1323 692 1390 mundat,
723 1338 791 1379 ne
819 1336 878 1379 se
905 1322 1196 1379 arbitretur
1221 1322 1559 1377 innocentem
1582 1318 1671 1376 ille
1697 1337 1856 1391 quem

267 1414 519 1470 mundat.
570 1432 589 1464 c
635 1412 897 1468 Dominus
941 1411 997 1466 in
1046 1419 1367 1482 tempestate
1412 1419 1468 1466 et
1511 1410 1723 1466 turbine
1754 1410 1855 1466 via:

267 1506 418 1578 ejus,
451 1513 509 1562 et.
542 1505 752 1561 nebulae
781 1504 955 1577 pulvis
990 1505 1182 1575 pedum
1213 1503 1347 1573 ejus.
1382 1523 1400 1558 ι
1439 1503 1851 1571 Miraculorum,

267 1595 472 1667 quibus
509 1595 673 1652 corda
711 1594 989 1650 hominum
1024 1593 1188 1650 veluti
1221 1593 1450 1650 turbinis
1482 1601 1689 1651 terrore
1715 1611 1851 1666 qua-

268 1686 567 1752 tiebantur,
588 1683 940 1757 Septuaginta
956 1685 1269 1757 signatius,r
1288 1685 1699 1742 commotionem
1717 1707 1735 1737 ι
1753 1703 1852 1757 pro

268 1797 288 1829 ι
307 1779 534 1834 turbine
551 1797 572 1832 ι
590 1787 906 1848 posuerunt,
929 1789 989 1835 ut
1007 1780 1352 1836 ostenderent
1367 1789 1664 1837 commotas
1685 1781 1852 1838 fuisse

1960 700 2057 756 per
2085 684 2383 741 districtam
2411 685 2750 740 severitatem
2778 693 3161 754 prosternatur.

2036 796 2055 828 ι
2091 776 2229 831 Ante
2276 774 2466 831 faciem
2514 775 2898 847 indignationis
2935 775 3051 845 ejus
3097 776 3220 847 quis
3255 777 3450 835 stabit?
3476 785 3533 835 et

1961 866 2082 938 quis
2121 867 2339 922 resistet
2361 866 2456 921 ira:
2480 866 2678 922 furoris
2703 865 2853 936 ejus?
2889 886 2908 920 ι
2942 865 3209 924 Subaudis
3234 878 3328 924 aut
3353 885 3528 934 rarus.

1959 966 2053 1012 aut
2071 957 2265 1013 nullus.
2291 956 2446 1013 Nulla
2465 957 2608 1012 enim
2630 956 2734 1012 erit
2755 956 2952 1021 anima,
2976 971 3096 1026 qua:
3115 971 3220 1011 non
3261 966 3454 1027 paveat
3474 959 3533 1012 in

1953 1049 2156 1120 judicio
2199 1049 2326 1114 Dei,
2365 1065 2488 1106 cum
2513 1057 2660 1104 astra
2697 1063 2910 1118 quoque
2945 1063 3053 1103 non
3091 1048 3200 1102 sint
3239 1049 3437 1104 munda
3477 1049 3534 1105 in

1958 1153 2244 1213 conspectu
2273 1141 2389 1212 ejus
2413 1162 2426 1198 :
2457 1161 2476 1195 ι
2504 1142 2803 1214 Indignatio
2827 1142 2944 1213 ejus
2971 1141 3140 1198 eli'usa
3168 1149 3253 1198 est
3287 1149 3347 1197 ut
3369 1142 3532 1214 ignis,

1956 1243 2010 1290 et
2042 1243 2206 1305 petrae
2240 1235 2511 1292 dissolutae
2547 1243 2674 1290 sunt
2707 1236 2777 1290 ab
2815 1249 2899 1290 eo.
2940 1255 2960 1288 ι
3003 1234 3086 1289 Ad
3116 1235 3218 1291 hoc
3255 1233 3422 1291 eﬁ‘usa
3449 1243 3535 1292 est

1955 1328 2253 1400 indignatio
2277 1330 2417 1401 ejus,
2444 1337 2505 1384 ut
2526 1338 2692 1400 petra:
2718 1328 2843 1401 (hoc
2868 1338 2982 1396 est,
3015 1330 3147 1385 dura
3174 1330 3336 1386 corda
3361 1332 3535 1386 homi-

1955 1416 2106 1489 num)
2135 1419 2566 1486 bontererentur,
2595 1427 2652 1474 et
2679 1418 3016 1475 solverentur
3041 1420 3109 1476 ad
3138 1421 3530 1493 paenitentiam,

1953 1517 2009 1566 et
2036 1510 2340 1580 inciperent
2361 1510 2558 1566 habere
2583 1527 2681 1566 cor
2703 1513 2993 1568 contritum
3017 1521 3073 1569 et
3094 1513 3455 1580 humiliatum,
3480 1523 3536 1570 et

1953 1597 2294 1656 edicerentur
2318 1600 2413 1655 Dei
2441 1601 2790 1668 sacrificium,
2819 1602 2945 1672 quia
2971 1602 3294 1659 sacriﬁcium
3322 1604 3433 1661 Deo
3451 1616 3536 1660 est

1953 1687 2176 1760 spiritus
2213 1690 2620 1748 contribulatus.

2029 1798 2047 1832 ι
2081 1781 2260 1838 Bonus
2281 1781 2538 1838 Dominus
2560 1790 2614 1839 et
2629 1782 2940 1840 confortans
2959 1785 3015 1840 in
3037 1785 3123 1842 die
3150 1784 3530 1851 tribulationis,

261 1881 484 1928 mentes
520 1872 795 1928 hominum
840 1875 908 1930 ad
951 1873 1168 1930 insolita
1207 1882 1263 1929 et
1298 1873 1537 1929 inaudita
1568 1875 1844 1930 miracula.
1951 1879 2007 1926 et
2036 1872 2211 1929 sciens
2242 1881 2522 1944 sperantes
2547 1873 2604 1929 in
2629 1889 2706 1930 se.
2738 1894 2756 1926 ι
2791 1875 2906 1931 Hoc
2931 1875 3182 1931 ultimum
3217 1878 3318 1934 ἀπὸ
3345 1883 3531 1943 κοινοῦ,

261 1960 322 2016 ln
359 1962 590 2032 pedibus
623 1961 866 2030 Domini,
899 1963 1157 2018 adventus
1185 1961 1302 2030 ejus
1334 1962 1401 2016 ad
1423 1960 1685 2031 judicium
1709 1981 1722 2018 τ
1750 1977 1848 2018 ne-
1877 1963 1925 2024 B
1951 1960 2007 2017 id
2038 1971 2120 2018 est
2143 1963 2436 2029 communi,
2467 1964 2632 2019 etiam
2657 1965 2726 2019 ad
2754 1965 3031 2034 superiora
3051 1965 3316 2037 jungitur.
3349 1966 3532 2021 Bonus

261 2055 409 2112 bulae
439 2064 496 2110 et
525 2055 700 2127 pulvis
718 2096 733 2122 ,
765 2053 976 2110 occulta
1005 2063 1062 2110 et
1095 2053 1465 2110 inscrutahilia
1491 2061 1616 2109 sunt
1639 2054 1734 2110 Dei
1755 2053 1846 2125 ju-
1947 2060 2029 2108 est
2055 2053 2310 2110 Dominus
2329 2055 2689 2125 sperantibus,
2716 2055 3029 2112 confortans
3052 2067 3328 2126 sperantes
3362 2057 3417 2113 in
3446 2071 3530 2123 se,

261 2147 441 2214 dicia,
485 2147 677 2218 quibus
716 2147 901 2202 orbem
933 2142 1272 2213 iudicaturus
1311 2150 1412 2199 est.
1458 2142 1675 2199 Nebula:
1717 2160 1846 2217 ergo
1946 2155 2002 2199 et
2026 2145 2201 2200 sciens
2235 2153 2516 2216 sperantes
2544 2147 2600 2202 in
2639 2161 2717 2202 se.
2759 2145 2896 2202 Cum
2927 2146 3072 2202 enim
3099 2148 3327 2218 coeperit
3367 2147 3534 2203 irasci

257 2240 442 2311 pulvis
478 2249 606 2295 sunt
639 2238 832 2310 pedum
864 2235 1107 2302 Domini,
1142 2236 1270 2306 quia
1302 2249 1422 2306 quae
1457 2251 1601 2291 nunc
1634 2237 1844 2292 occulta
1943 2237 2209 2309 gentibus,
2234 2247 2290 2295 et
2316 2239 2683 2311 potentissima
2708 2255 2874 2311 regna
2890 2249 3130 2305 vastare,
3159 2240 3295 2296 sciet
3321 2255 3415 2295 eos
3437 2239 3531 2312 qui

259 2342 314 2388 et
345 2332 672 2388 densissima
700 2327 940 2387 involuta
964 2337 1123 2397 sunt,
1155 2338 1282 2385 tunc
1308 2328 1562 2387 fatiscent
1587 2339 1645 2387 et
1673 2330 1842 2388 resol-
1943 2331 2028 2387 sui
2059 2339 2203 2396 sunt,
2233 2331 2335 2387 hoc
2360 2340 2445 2387 est
2485 2331 2828 2388 miserebitur
2869 2330 2994 2387 illis.
3038 2329 3194 2386 Scire
3221 2330 3364 2388 enim
3409 2331 3530 2400 Dei,

258 2432 462 2480 ventur
487 2423 539 2478 in
575 2422 870 2493 pulverem,
899 2429 958 2476 ut
974 2428 1196 2492 pateant
1219 2421 1488 2478 omnibus.
1940 2421 2143 2494 eligere
2161 2421 2246 2480 vel
2269 2421 2513 2480 misereri
2534 2432 2636 2478 est.
2662 2421 2813 2478 Diem
2833 2437 2963 2478 vero
2985 2420 3372 2488 tribulationis,
3388 2423 3531 2480 diem

335 2531 356 2565 ι
387 2513 684 2583 lncrepans
708 2525 890 2578 mare,
914 2517 969 2567 et
991 2511 1270 2567 exsiccans
1295 2510 1444 2578 illud,
1460 2519 1516 2567 et
1536 2511 1718 2568 omnia
1745 2511 1845 2568 llu-
1942 2515 2074 2571 dicit
2095 2514 2308 2587 judicii.
2399 2555 2402 2558 -

258 2605 492 2661 minaad
507 2603 1078 2663 deucrtumdeducens.
1106 2621 1124 2654 ι
1149 2602 1311 2658 Juxta
1335 2602 1570 2659 litteram
1584 2604 1844 2662 describi-~
2019 2628 2036 2660 ι
2079 2607 2146 2662 Et
2187 2608 2239 2662 in
2270 2606 2469 2664 diluvio
2507 2615 2864 2678 praetereunte
2901 2607 3422 2664 consummationem
3451 2606 3533 2674 fu—

256 2704 349 2750 tur
379 2694 623 2766 potentia
652 2693 780 2759 Dei,
813 2701 868 2750 et
893 2693 1195 2748 ostenditur
1231 2692 1356 2762 quia
1382 2709 1489 2749 non
1513 2708 1612 2764 pro
1649 2709 1845 2766 magno
1940 2697 2049 2753 ciet
2066 2697 2169 2752 loci
2189 2695 2323 2766 ejus,
2349 2708 2405 2752 et
2425 2697 2672 2754 inimicos
2691 2697 2806 2768 ejus
2825 2707 3219 2769 persequentur
3241 2698 3526 2765 tenebm._»

253 2788 332 2843 sit
350 2787 432 2842 illi
450 2786 702 2858 Assyrios
721 2783 914 2849 delere,
941 2782 1037 2855 qui
1054 2791 1230 2855 potest
1247 2793 1302 2839 et
1323 2783 1590 2840 elementa
1610 2795 1840 2841 mutare.
1940 2789 2084 2845 Deus
2113 2798 2308 2845 natura
2337 2789 2513 2846 bonus
2534 2799 2590 2845 et
2620 2791 2734 2858 ipsa
2765 2799 2848 2846 est
2871 2789 3113 2854 bonitas,
3157 2804 3256 2844 nec
3284 2789 3338 2843 in
3369 2789 3532 2844 tinem

254 2880 449 2938 Potest
476 2889 535 2936 et
562 2879 628 2934 ad
657 2879 842 2934 mundi
876 2876 1039 2932 finem
1065 2877 1294 2944 referri,
1326 2878 1451 2948 quia
1485 2892 1610 2933 cum
1635 2879 1844 2935 venerit
1941 2881 2244 2947 irascetur;
2298 2882 2393 2937 sed
2437 2882 2539 2938 etsi
2590 2882 2870 2938 hominum
2916 2881 3122 2936 malitia
3171 2880 3422 2946 creverit,
3478 2889 3536 2936 et

255 2974 523 3029 Dominus
553 2971 920 3040 udjudicium,
943 2971 1411 3026 siccabitmareet
1431 2969 1672 3037 ﬂumina,
1689 2972 1842 3042 juxta
1940 2973 2116 3027 omnis
2176 2986 2306 3028 caro
2354 2973 2658 3043 corruperit
2709 2972 2852 3027 viam
2915 2986 3068 3027 suam
3107 3009 3124 3037 ,
3181 2970 3398 3025 inducet
3453 2969 3534 3026 ili-

254 3064 392 3121 illud
419 3083 434 3119 :
469 3083 490 3116 ι
529 3063 595 3120 Et
621 3078 772 3120 mare
791 3063 906 3135 jam
939 3078 1048 3118 non
1077 3063 1198 3118 erit.
1234 3084 1255 3116 ι
1285 3062 1480 3119 Altiori
1519 3079 1712 3130 sensu,
1755 3064 1840 3119 in—
1940 3061 2177 3130 luvium,
2209 3063 2264 3118 id
2291 3070 2375 3118 est
2399 3061 2668 3134 flagellum
2690 3101 2706 3128 ,
2743 3077 2850 3117 non
2879 3061 3023 3131 quod
3058 3070 3408 3130 permaneat,
3438 3061 3532 3115 sed

253 3162 449 3226 crepat
491 3153 748 3210 Dominus
778 3168 948 3220 mare,
994 3163 1051 3209 et
1074 3152 1313 3209 exsiccat
1343 3151 1492 3218 illud,
1519 3152 1604 3208 vel
1627 3168 1844 3209 omnem
1940 3155 2085 3227 quod
2111 3165 2470 3226 pertranseat.
2503 3155 2570 3209 Et
2595 3156 2710 3224 ipse
2733 3153 2896 3210 faciet
2935 3152 3454 3209 consummationem
3475 3159 3534 3207 ct

253 3245 678 3301 amaritudinem
701 3253 755 3301 et
783 3244 1103 3317 salsuginem
1128 3244 1460 3300 infidelitatis
1487 3259 1586 3300 sua
1610 3259 1845 3301 commu-
1950 3247 2111 3303 finem
2141 3247 2244 3303 loci
2273 3247 2410 3316 ejus,
2434 3245 2490 3301 id
2523 3253 2608 3302 est
2635 3245 2840 3312 diluvii,
2866 3251 2928 3300 ut
2956 3251 3293 3314 pertranseat
3317 3244 3398 3299 ira
3425 3243 3532 3304 Do-

253 3341 465 3396 tatione
480 3338 765 3393 destruxit.
784 3336 1286 3403 Exsiccatllumina,
1301 3337 1356 3392 id
1375 3344 1460 3393 est
1473 3337 1592 3392 falsi
1613 3337 1848 3393 nominis
1874 3317 1920 3382 C
1949 3341 2104 3406 mini,
2136 3347 2189 3395 et
2208 3339 2321 3395 sola
2347 3345 2607 3410 appareat
2642 3337 2947 3394 clementia.
2975 3335 3162 3392 Potest
3189 3337 3289 3396 hoc
3320 3335 3532 3410 specia-

252 3431 577 3497 scientiam,
604 3428 945 3485 extollentem
982 3443 1040 3484 se
1075 3438 1263 3485 contra
1311 3429 1615 3496 veritatem,
1642 3429 1712 3485 ad
1758 3430 1844 3485 ni-
1948 3432 2071 3488 liter
2093 3430 2283 3488 referri
2311 3431 2379 3486 ad
2403 3430 2598 3495 Israel,
2627 3444 2784 3500 quem
2809 3443 2933 3484 cum
2960 3429 3143 3483 hostes
3169 3427 3501 3482 vastaverint
3520 3469 3534 3494 ,

251 3522 432 3579 hilum
461 3519 672 3592 redigit.
707 3535 728 3571 ι
752 3517 1062 3574 lntirmatus
1080 3503 1164 3575 est
1191 3519 1364 3575 Basan
1389 3528 1446 3576 et
1471 3519 1770 3586 Carmelus,
1794 3528 1848 3576 et
1949 3531 2004 3579 et
2027 3531 2197 3579 totam
2217 3529 2419 3578 terram
2447 3522 2599 3592 quasi
2629 3519 2828 3576 diluvio
2851 3517 3250 3584 inundaverint,
3267 3517 3427 3574 finem
3456 3518 3538 3572 fa-

249 3611 359 3668 uos
393 3610 590 3667 Libani
613 3610 870 3680 elanguit.
902 3631 921 3664 ι
951 3608 1336 3682 Metaphorice,
1362 3627 1461 3682 per
1479 3611 1846 3668 infirmitatem
1951 3625 2137 3672 cturus
2162 3614 2232 3671 sit
2263 3613 2591 3686 Captivitatis
2610 3654 2626 3679 ,
2653 3621 2708 3668 et
2732 3627 2854 3668 eum
2885 3611 2952 3666 ad
2991 3609 3147 3666 sedes
3174 3610 3419 3681 proprias
3448 3626 3536 3664 re-

245 3700 437 3759 Basan
463 3712 522 3758 et
546 3700 779 3758 Carmeli
797 3741 815 3768 ,
847 3717 966 3772 quae
999 3709 1126 3757 sunt
1152 3702 1401 3774 regiones
1445 3703 1732 3758 uberrima:
1752 3743 1767 3769 ,
1795 3711 1850 3758 et
1909 3717 1912 3720 ·
1952 3707 2212 3764 ducturus
2229 3745 2246 3773 ,
2267 3705 2517 3777 Assyrios
2541 3719 2670 3760 vero
2699 3703 2945 3757 inimicos
2969 3703 3040 3758 sit
3067 3700 3365 3758 atilicturus
3395 3711 3540 3757 tene-

245 3808 361 3866 ρει·
389 3792 656 3848 Libanum
682 3799 918 3848 montem
935 3832 951 3860 ,
998 3792 1190 3848 cedros
1207 3833 1222 3858 ,
1263 3792 1555 3850 altissimas
1595 3793 1845 3861 arboreS,
1951 3801 2084 3856 bris.
2109 3799 2222 3856 Hoc
2244 3799 2419 3869 ipsum
2439 3805 2494 3854 et
2515 3797 2581 3852 de
2607 3796 2833 3860 sanctis,
2854 3797 2996 3850 etde
3015 3809 3203 3849 eorum
3229 3801 3540 3863 persecuto-

243 3886 558 3952 ferentem,
581 3886 978 3943 demonstratur
993 3887 1133 3958 quod
1145 3903 1276 3960 gens
1293 3887 1656 3960 Assyriorum,
1681 3904 1850 3959 quon-
1953 3893 2104 3948 ribus
2131 3889 2411 3948 sciendum
2448 3897 2533 3944 est
2553 3929 2569 3954 ,
2604 3887 2746 3958 quod
2789 3885 3039 3941 videlicet
3089 3884 3230 3939 Deus
3253 3893 3538 3954 postquam

237 3981 397 4037 dam
425 3976 826 4048 potentissima.
853 3989 908 4036 et
935 3979 1182 4050 plurimis
1212 3979 1518 4034 nationibus
1544 3979 1848 4050 imperans,
1953 3993 2171 4041 sanctos
2199 3984 2254 4038 in
2293 3981 2547 4054 praesenti
2575 3977 2860 4043 afflixerit,
2887 3978 3210 4033 misereatur
3237 3975 3450 4031 illorqu
3481 3975 3538 4029 in

236 4067 384 4124 Deo
410 4067 1016 4138 irascente,populanda
1045 4068 1132 4124 sit.
1161 4068 1243 4122 Ad
1269 4067 1407 4123 diem
1436 4083 1650 4138 quoque
1673 4069 1851 4124 novis-

1955 4075 2167 4142 futuro,
2211 4080 2584 4145 persecutores
2625 4085 2755 4125 vero
2805 4067 3212 4140 apprehendant
3265 4065 3500 4123 tenebrae
3521 4107 3538 4134 ,

239 4162 470 4218 simum
499 4159 608 4216 ista
633 4171 855 4232 possunt
881 4159 1090 4228 referri,
1122 4161 1334 4233 quando
1349 4169 1599 4232 potentes
1623 4169 1679 4218 et
1701 4163 1853 4218 nohi-
1953 4182 2088 4238 quas
2123 4165 2420 4235 elegerunt,
2448 4160 2539 4217 ubi
2569 4167 2861 4231 perpetuus
2892 4177 2913 4211 ι
2941 4157 3048 4214 erit
3071 4155 3229 4214 ﬂetus
3256 4165 3312 4213 et
3338 4157 3541 4214 stridor

237 4250 339 4306 les
363 4257 424 4305 et
440 4249 647 4305 divitiis
684 4251 1017 4306 abundantes
1057 4251 1470 4307 inﬁrmabuntur
1499 4261 1552 4306 et
1579 4250 1848 4320 peribunt.
1955 4256 2216 4312 dentium.
2253 4273 2272 4307 ι

239 4345 667 4414 Interpretatur
701 4353 879 4399 autem
909 4343 1083 4399 Basan
1118 4343 1355 4414 confusio
1399 4343 1513 4400 sive
1542 4343 1849 4414 ignominia,
2031 4367 2050 4399 ι
2087 4347 2224 4415 Quid
2251 4345 2498 4418 cogitatis
2521 4353 2708 4402 contra
2754 4342 3076 4400 Dominum?
3111 4326 3542 4398 Consummatio-

239 4434 554 4493 Carmelus
602 4434 826 4504 cognitio
855 4434 1278 4488 circumcisionis.
1315 4434 1492 4490 lnnuit
1535 4451 1665 4510 ergo
1712 4437 1855 4508 quod
1955 4455 2081 4495 nem
2099 4439 2212 4509 ipse
2236 4437 2416 4494 faciet.
2441 4435 2558 4492 Non
2582 4441 2870 4506 consurget
2889 4431 3082 4504 duplex
3099 4431 3540 4490 tribulatio.iHe-

239 4527 454 4584 omnia
484 4541 606 4596 qua:
645 4526 960 4581 confusione
1002 4534 1057 4580 et
1098 4524 1388 4596 ignominia
1434 4527 1594 4597 digna
1625 4536 1769 4594 sunt,
1800 4529 1855 4584 in
1954 4531 2083 4587 brzei
2110 4530 2265 4600 juxta
2287 4531 2520 4586 litteram
2551 4532 2695 4585 hunc
2723 4527 2900 4582 locum
2924 4534 3198 4596 exponunt
3224 4542 3238 4579 :
3267 4523 3311 4581 Ο
3334 4523 3540 4591 Judaei,

239 4617 354 4673 die
370 4615 570 4685 judicii
595 4613 956 4670 inﬁrmentur.
987 4613 1065 4668 llli
1085 4615 1250 4670 etiam
1275 4615 1366 4686 qui
1381 4615 1630 4672 videntur
1655 4617 1855 4672 habere
1889 4697 1900 4699 _
1957 4627 2082 4699 quid
2111 4627 2358 4699 cogitatis
2403 4626 2634 4692 malum,
2675 4623 2828 4693 quasi
2858 4622 2938 4677 sic
2971 4621 3244 4691 capiendae
3281 4621 3392 4675 sint
3425 4621 3544 4675 dure

239 4707 527 4766 notitiam
580 4721 724 4762 vera:
779 4705 1236 4772 circumcisionis,
1297 4713 1352 4761 et
1399 4716 1731 4777 praesumunt
1790 4708 1856 4764 de

1959 4697 2148 4785 tribus,
2180 4697 2319 4776 sicut
2347 4727 2517 4789 capta:
2560 4726 2685 4774 sunt
2712 4715 2920 4772 decem.
2957 4714 3069 4770 Non
3120 4721 3410 4784 consurget
3439 4714 3539 4767 du-

241 4797 506 4858 scientia
528 4797 626 4852 Dei
664 4793 818 4868 legis,
840 4793 1048 4865 jactant
1075 4809 1289 4868 quoque
1325 4812 1383 4853 se
1411 4798 1686 4855 dealbatos
1728 4815 1855 4854 san-

1960 4814 2086 4884 plex
2128 4809 2434 4873 tribulatio,
2482 4817 2542 4863 ut
2587 4806 2667 4863 sic
2697 4807 2978 4878 capiantur
3014 4803 3102 4859 isti
3129 4803 3397 4873 quomodo
3427 4802 3497 4857 illi
3526 4821 3538 4855 :

238 4891 469 4947 ctitate
492 4896 550 4942 et
571 4886 825 4942 florentes
843 4886 1150 4950 virtutibus,
1176 4900 1310 4956 quos
1338 4887 1583 4957 designat
1599 4887 1856 4954 Libanus,

1964 4904 2088 4975 quia
2108 4899 2333 4973 Assyrii,
2355 4899 2448 4970 qui
2471 4899 2628 4954 modo
2650 4898 2803 4968 quasi
2827 4897 2991 4968 spinae
3012 4912 3069 4950 se
3093 4895 3540 4966 complectuntur,

241 4983 358 5055 qui
421 4980 818 5048 interpretatur
860 4977 1151 5043 dealbatio,
1193 4977 1533 5048 trepidabunt
1561 4987 1616 5033 et
1644 4979 1856 5051 langue-

1966 4993 2335 5066 percutientur
2359 4991 2426 5046 ab
2454 4989 2644 5061 angelo
2663 4988 2895 5044 Domini.
2919 4987 3033 5042 Hoc
3059 4987 3260 5042 factum
3281 4994 3546 5056 estquan-

239 5079 471 5138 scent,
499 5071 750 5126 veniente
777 5067 1006 5124 Domino
1028 5069 1096 5124 ad
1116 5066 1398 5137 judicium.

1969 5085 2038 5140 do
2069 5099 2175 5139 una
2202 5090 2359 5138 nocte
2404 5081 2670 5159 percussit
2701 5095 2770 5136 ex
2793 5080 2873 5135 eis
2898 5078 3118 5150 angelus
3145 5087 3360 5134 centum
3393 5085 3544 5131 octn-

331 5194 362 5227 α
385 5155 628 5227 -Μοῐιιεε
667 5171 922 5226 commoti
968 5177 1094 5226 sunt
1121 5169 1189 5224 ab
1213 5185 1306 5236 60,
1367 5177 1422 5226 et
1445 5169 1612 5226 colles
1640 5169 1863 5226 desolati
1969 5176 2114 5247 ginta
2151 5173 2386 5245 quinque
2427 5155 2612 5228 millia.
2644 5171 2796 5240 Quod
2821 5181 3000 5225 autem
3029 5170 3314 5240 sequitur:
3341 5187 3362 5220 ‹
3388 5168 3468 5222 Ex
3495 5177 3548 5222 te

235 5273 427 5326 Sunt.
461 5261 531 5316 Et
555 5262 882 5318 contremuit
929 5270 1071 5318 terra
1103 5275 1131 5316 a
1164 5259 1302 5316 facie
1345 5259 1494 5330 ejus.
1524 5269 1580 5316 ei
1605 5261 1774 5327 orbis.
1809 5269 1864 5315 et
1970 5267 2135 5322 exibit
2162 5265 2406 5337 cogitans
2431 5273 2616 5321 contra
2643 5263 2926 5319 Dominum
2960 5260 3252 5324 malitiam,
3287 5277 3305 5310 ι
3336 5259 3402 5314 de
3435 5259 3546 5313 Ra-

235 5367 478 5417 omnes
506 5351 810 5408 habitantes
845 5352 898 5406 in
935 5367 1020 5408 eo.
1061 5369 1081 5404 ι
1121 5348 1304 5406 Potest
1343 5350 1658 5420 simpliciter
1697 5351 1868 5421 accipi
1970 5371 2131 5428 psace
2157 5357 2341 5412 volunt
2369 5355 2612 5428 intelligi,
2642 5369 2798 5426 quem
2830 5353 2975 5408 misit
2997 5367 3092 5406 rex
3115 5348 3458 5420 Assyriorum
3483 5351 3549 5405 ad

236 5444 428 5521 quod
475 5444 532 5498 in
580 5443 1042 5499 consummatione
1069 5441 1255 5498 mundi
1277 5449 1334 5496 et
1361 5451 1570 5497 montes
1597 5450 1652 5497 et
1677 5441 1863 5509 colles,
1971 5449 2446 5520 blasphemandum
2484 5448 2653 5502 Deum
2681 5447 2969 5501 viventem.
3000 5443 3143 5498 Sane
3185 5441 3288 5496 hoc
3325 5442 3468 5512 quod
3498 5442 3550 5496 in

237 5537 544 5594 veniente
565 5533 814 5600 Domino,
830 5538 1287 5589 commoveantur.
1306 5529 1364 5586 Si
1384 5532 1526 5586 enim
1550 5531 1603 5586 in
1618 5531 1856 5602 passione

1973 5539 2237 5596 Hebraica
2251 5539 2478 5595 veritate
2495 5539 2753 5593 habetur:
2774 5556 2791 5588 ι
2804 5533 2923 5590 Non
2941 5541 3232 5605 consurget
3243 5530 3436 5603 duplex
3455 5532 3552 5587 tri-

238 5631 392 5702 ejus
429 5625 520 5682 sol
544 5625 864 5681 obscuratus
893 5632 973 5682 est
995 5631 1051 5680 et
1069 5631 1218 5680 terra
1247 5623 1486 5689 tremuit,
1511 5623 1679 5678 multo
1698 5625 1856 5695 magis

1973 5631 2193 5698 bulatio,
2217 5651 2236 5684 ›
2261 5629 2609 5701 Septuaginta
2629 5627 2870 5700 apertius
2882 5627 3034 5697 quasi
3048 5632 3380 5696 exponentes
3404 5619 3554 5694 dixe-

239 5738 402 5782 cum
437 5719 628 5775 in-sua
672 5714 952 5786 majestate
1002 5715 1232 5784 venerit,
1259 5714 1621 5772 turbabuntur
1646 5725 1701 5771 et
1729 5731 1874 5773 com-
1973 5731 2176 5778 runtz't
2204 5717 2860 5792 NonjudicabitDominus
2886 5718 2970 5775 bis
2985 5717 3039 5773 in
3065 5715 3318 5788 idipsum,
3347 5735 3366 5769 ι
3397 5711 3453 5772 et
3475 5711 3555 5772 sic

236 5809 657 5877 movebuntur
681 5809 881 5865 omnia.
910 5808 1169 5882 Figurate
1193 5821 1348 5875 vero,
1402 5808 1684 5864 denuntiat
1730 5807 1874 5880 quod
1973 5813 2229 5870 usitatum
2241 5821 2596 5884 versaturper
2607 5828 2700 5867 ora
2711 5810 2971 5867 omnium.
2988 5810 3082 5866 Ait
3098 5825 3228 5882 ergo
3250 5809 3513 5880 propheta
3535 5810 3553 5850 τ

235 5908 476 5971 OlIIIIiS
511 5911 823 5974 potentatus
863 5911 954 5957 aut
995 5901 1349 5957 sublimitates
1385 5902 1677 5969 montium,
1713 5903 1766 5957 id
1795 5910 1878 5959 est
1981 5923 1999 5957 ι
2021 5905 2157 5973 Quid
2175 5904 2423 5976 cogitatis
2437 5911 2622 5961 contra
2645 5897 3556 5959 Dominum?iMarcionhaeretitus

742 5996 1012 6056 Parnm.
1061 5993 1312 6056 CXVII.
3125 5996 3164 6048 6
