3962 6340
516 469 613 524 171

972 462 1325 519 HAYMONIS
1361 459 1839 518 HALBEBSTAT.
1883 457 2094 512 EPISC.
2137 457 2289 513 OPP.
2331 455 2509 512 PARS
2545 455 2587 512 Ι.
2629 484 2697 496 -
2731 455 3083 512 COMMENT.
3124 447 3294 512 BlBL.
3655 457 3744 514 ΗΞ

513 581 647 634 duos
667 577 797 632 deos
809 576 1100 639 aumvenit,
1121 590 1285 628 unum
1301 574 1511 628 Veteris
1524 572 1847 628 Testamenti
1867 570 2087 636 malum,
2116 577 2167 636 Α
2193 570 2330 628 liber
2357 569 2505 625 Isaia
2528 570 2799 636 declarat,
2829 571 3011 626 statim
3041 580 3098 626 ut
3128 570 3496 630 Sennacherib
3520 587 3747 633 reversus

512 667 812 732 crudelem,
839 675 890 721 et
929 666 1021 735 qui
1056 666 1230 735 panis
1265 664 1541 720 hominum
1569 663 1900 718 delectetur:
1925 662 2088 716 alium

511 761 708 818 bonum
733 759 863 814 Novi
893 758 1256 824 Testamenti,
1286 774 1444 828 quem
1467 758 1651 811 dicunt
1671 742 2088 811 consummatio-

511 870 632 912 nem
673 851 856 907 mundi
904 849 1192 904 facturum.
1235 848 1432 905 Contra
1485 849 1583 902 hos
1611 847 1743 901 dicit
1783 847 2075 916 propheta:

513 966 534 999 ς
554 947 692 1014 Quid
723 944 972 1014 cogitatis
995 949 1185 998 contra
1218 941 1535 997 Dominum?
1567 959 1585 991 ι
1612 939 1730 1010 Ipse
1763 939 1851 1008 qui
1885 937 2089 992 creavit

511 1037 790 1102 mundum,
824 1036 942 1106 ejus
966 1049 1180 1104 quoque
1232 1033 1391 1087 faciet
1421 1031 1958 1087 consummationem.
1978 1028 2083 1083 Ve-

511 1137 817 1188 rumtamen
840 1127 1033 1182 scitote
1053 1127 1177 1194 quia
1203 1141 1307 1179 non
1331 1132 1621 1193 consurget
1648 1122 1841 1192 duplex
1866 1120 2085 1176 tribula-

509 1221 605 1283 tio,
621 1233 720 1272 nec
733 1216 816 1270 bis
829 1215 1233 1286 iudicabuntur,
1250 1215 1372 1284 quia
1398 1215 1450 1266 in
1469 1212 1574 1267 illis
1585 1227 1720 1281 quos
1741 1226 1976 1283 prasens
1993 1211 2087 1265 tri-

507 1308 711 1363 bulatio
731 1305 937 1378 afﬂigit,
963 1304 1196 1361 futuram
1221 1305 1613 1360 damnationem
1634 1319 1957 1374 consurgere
1977 1319 2085 1358 non

509 1403 655 1457 sinit.
685 1401 750 1456 Et
779 1401 1152 1471 peccatoribus
1183 1401 1380 1456 idcirco
1408 1400 1548 1454 Deus
1573 1400 1640 1454 ad
1666 1414 1903 1470 prasens
1924 1399 2088 1455 infert

506 1493 794 1564 supplicia,
826 1507 893 1547 ne
917 1492 972 1546 in
997 1501 1254 1547 aeternum
1283 1501 1525 1562 pereant.

583 1604 601 1634 ι
641 1584 776 1652 Quia
804 1583 942 1638 sicut
986 1583 1150 1652 spina
1175 1598 1234 1637 se
1261 1582 1489 1636 invicem
1518 1581 1975 1649 complectuntur,
2005 1583 2086 1638 sic

506 1675 808 1732 convivium
847 1690 1032 1729 eorum
1075 1673 1278 1742 pariter
1325 1673 1644 1742 potantium.
1690 1671 2087 1728 Consumentur

506 1769 660 1836 quasi
686 1766 880 1836 stipula
907 1765 1156 1819 ariditate
1183 1764 1358 1832 plena.
1392 1784 1408 1813 ι
1439 1763 1513 1818 De
1537 1763 1803 1818 haereticis
1840 1762 2084 1831 speciali-

507 1872 587 1918 ter
625 1861 892 1931 loquitur,
929 1873 1156 1928 quorum
1193 1857 1526 1918 convivium,
1563 1857 1613 1910 id
1651 1865 1735 1910 est
1773 1857 2004 1911 societas
2029 1863 2086 1910 et

2194 670 2275 716 est
2313 660 2538 715 Ninivcn
2558 703 2572 724 ,
2623 660 2836 732 fugiens
2862 661 3071 732 plagam
3102 677 3264 731 quam
3302 664 3524 734 angelus
3555 665 3748 723 Domini

2192 753 2335 807 circa
2353 768 2477 807 eum
2508 753 2728 817 fecerat,
2780 753 3092 809 interfectus
3132 764 3215 810 est
3243 770 3272 809 a
3303 755 3430 810 filiis
3465 757 3598 823 suis,
3639 773 3748 815 cum

2195 841 2447 900 adoraret
2477 845 2530 898 in
2569 844 2766 915 templo
2791 843 3023 900 Nesroth
3053 846 3212 902 deum
3251 863 3427 902 suum.
3457 848 3524 902 Et
3551 851 3653 906 hoc
3678 862 3750 908 est

2189 935 2330 1004 quod
2345 935 2589 1004 sequitur
2615 954 2626 988 :
2661 953 2678 988 ι
2708 935 2776 990 de
2802 936 2960 992 domo
2977 935 3068 992 Dei
3095 937 3170 992 tui
3191 937 3531 1007 interﬁciant,
3555 960 3574 994 ι
3605 951 3662 997 ut
3687 943 3750 999 ibi

2187 1027 2432 1097 puniaris
2455 1030 2594 1083 unde
2615 1025 2875 1098 sperabas
2903 1029 3183 1084 auxilium.
3218 1047 3236 1080 ι
3274 1029 3538 1100 Sculptile
3560 1041 3618 1088 et
3643 1049 3750 1090 con-

2188 1119 2351 1174 flatile
2375 1135 2567 1189 ponam
2595 1120 2898 1190 sepulcrum
2927 1131 3094 1184 tuum,
3120 1123 3244 1190 quia
3275 1123 3631 1182 iubonoratus
3647 1142 3743 1190 es,»

2189 1221 2248 1267 ut
2271 1213 2413 1268 inter
2450 1228 2573 1268 aras
2612 1222 2668 1268 et
2708 1213 2848 1271 idola
2877 1230 2942 1270 ac
2971 1214 3297 1285 pulvinaria,
3351 1215 3593 1273 nefarius
3637 1236 3750 1274 san-

2187 1305 2307 1375 guis
2337 1312 2460 1361 tuus
2487 1304 2812 1360 effundatur.
2865 1305 3186 1361 Referamus
3223 1308 3337 1362 hac
3372 1308 3655 1364 moraliter
3692 1313 3752 1367 ad

2189 1396 2491 1462 hareticos,
2515 1398 2714 1468 quibus
2740 1398 3050 1468 pradicitur
3079 1401 3221 1470 quod
3240 1416 3364 1455 cum
3387 1417 3456 1457 ea
3478 1406 3628 1472 passi
3653 1405 3751 1460 fue-

2191 1490 2298 1543 rint
2327 1504 2448 1558 qua
2466 1487 2609 1544 dicta
2635 1499 2784 1554 sunt,
2833 1505 3172 1560 nequaquam
3203 1492 3394 1548 anima
3419 1494 3752 1564 deceptorum

2185 1596 2252 1636 ex
2275 1597 2465 1638 eorum
2504 1583 2785 1638 erroribus
2825 1583 3095 1653 accipient
3126 1584 3343 1640 nomina
3375 1586 3628 1656 amplius,
3667 1603 3755 1644 nec

2186 1683 2442 1743 spargant
2469 1672 2608 1727 ultra
2634 1675 2839 1729 semina
2873 1673 3146 1730 falsitatis.
3171 1675 3239 1730 Et
3258 1675 3326 1732 de
3349 1677 3512 1733 domo
3543 1677 3643 1734 Dei
3665 1682 3754 1746 tui,

2188 1765 2240 1828 id
2269 1774 2352 1820 est
2393 1765 2640 1820 ecclesiis
2687 1765 3090 1837 malignantium
3144 1768 3466 1824 interficiam
3517 1772 3755 1842 sculptile

2186 1864 2240 1910 et
2261 1855 2548 1923 conflatile,
2598 1857 2651 1912 id
2691 1865 2773 1912 est
2801 1874 3016 1914 omnem
3055 1859 3208 1928 pravi
3250 1860 3517 1932 dogmatis
3547 1863 3757 1918 idolola-

505 1949 926 2006 necessitudines
963 1947 1212 2001 amicitia
1242 1945 1319 2000 sic
1354 1955 1496 2009 sunt,
1540 1945 1692 2014 quasi
1724 1946 1890 2016 spina
1916 1959 1976 2001 se
2000 1945 2084 2000 in-
2107 1937 2155 1998 Β
2185 1948 2362 2002 triam.
2408 1946 2465 2003 Si
2513 1948 2656 2003 enim
2692 1963 2856 2003 avaro
2883 1951 3112 2018 pecunia
3152 1951 3284 2006 deus
3330 1959 3432 2017 est,
3475 1961 3530 2008 et
3569 1954 3754 2024 guloso

507 2041 674 2096 vicem
714 2038 1148 2108 complectentes.
1197 2036 1292 2092 Vel
1335 2036 1640 2092 convivium
1681 2053 1867 2093 eorum
1913 2039 2084 2094 altare

504 2131 634 2186 dicit
659 2137 714 2184 et
741 2143 978 2183 mensam
1002 2127 1234 2192 Domini,
1263 2142 1423 2195 quam
1449 2126 1522 2180 illi
1553 2142 1607 2180 se
1630 2127 1829 2181 habere
1851 2126 2079 2196 jactant,

501 2223 596 2280 sed
623 2236 809 2278 eorum
835 2229 1168 2278 sacramenta
1200 2221 1433 2274 animam
1463 2220 1725 2283 lacerant,
1753 2221 1892 2275 sicut
1914 2219 2082 2289 spina

499 2328 744 2384 corpora.
781 2311 914 2368 Cum
951 2312 1092 2368 enim
1129 2321 1314 2366 contra
1360 2309 1648 2364 Dominum
1680 2309 1992 2377 loquuntur,
2025 2314 2082 2362 et

502 2406 623 2460 vino
649 2404 850 2461 erroris
889 2418 948 2460 se
989 2402 1275 2467 inebriant,
1302 2401 1487 2470 utique
1535 2401 1741 2470 pariter
1784 2405 1995 2468 potant,
2024 2404 2081 2452 et

500 2495 704 2550 idcirco
749 2502 1138 2548 consumuntur
1182 2501 1384 2545 aterno
1436 2491 1541 2560 igni
1596 2491 1872 2560 gehenna,
1923 2486 2078 2557 quasi

501 2585 694 2656 stipula
737 2584 984 2638 ariditate
1019 2584 1195 2653 plena.

577 2695 595 2727 ι
643 2675 797 2740 Etex
833 2683 885 2728 te
913 2673 1082 2728 exibit
1109 2673 1353 2743 cogitans
1393 2682 1580 2727 contra
1609 2670 1893 2726 Dominum
1919 2669 2075 2724 ntali-

503 2768 630 2822 tiam
651 2805 666 2833 ,
697 2772 876 2821 mente
903 2772 1235 2832 pertractans
1269 2762 1783 2833 pravaricationem.
1839 2781 1856 2811 ι
1909 2761 2077 2830 Aper-

501 2858 704 2915 tissime
751 2870 936 2912 omnes
979 2854 1214 2909 haeretici
1262 2864 1445 2908 contra
1492 2853 1774 2907 Dominum
1813 2851 2074 2905 malitiam

500 2949 756 3021 cogitant,
784 2962 905 3002 cum
932 2945 1091 3001 Arius
1117 2945 1244 3000 dicit
1272 2945 1462 3000 Filium
1485 2944 1580 3000 Dei
1603 2951 1902 2999 creaturam
1933 2956 2072 3006 esse,

500 3056 607 3098 non
631 3039 868 3111 genitum
888 3053 955 3094 ex
985 3036 1282 3093 substantia
1305 3036 1500 3102 Patris,
1529 3035 1620 3091 sed
1644 3033 1864 3090 factum.
1891 3033 2075 3089 Sabel-

499 3128 773 3187 lius*dicit
801 3143 962 3184 unam
989 3127 1043 3181 in
1093 3125 1355 3182 Trinitate
1380 3140 1698 3198 personam;
1749 3124 2074 3180 Manichaus

498 3221 774 3278 Christum
793 3234 901 3274 non
941 3231 1152 3282 verum,
1175 3218 1268 3274 sed
1305 3219 1701 3288 phantasticum
1740 3232 1938 3286 corpus
1974 3216 2070 3269 ha-

499 3313 678 3370 buisse
703 3311 914 3366 delirat.

578 3423 598 3455 ‹
625 3403 752 3458 Hac
777 3403 909 3457 dicit
933 3399 1192 3456 Dominus
1225 3417 1236 3452 ε
1268 3399 1326 3454 Si
1356 3399 1580 3470 perfecti
1621 3399 1858 3465 fuerint,
1903 3408 1960 3454 et
1996 3400 2068 3454 ita

507 3494 711 3565 plures,
734 3490 816 3547 sic
834 3505 1048 3561 quoque
1068 3491 1438 3555 attondentur,
1463 3499 1520 3545 et
1543 3491 1911 3560 pertransibit.
1941 3511 1961 3544 ι
1995 3491 2071 3548 De

500 3588 742 3661 Assyriis
773 3587 928 3657 juxta
975 3586 1209 3641 litteram
1258 3586 1433 3642 dicit:
1466 3587 1619 3654 Quod
1669 3588 1714 3642 si
1747 3588 1969 3658 perfecti
2016 3599 2072 3643 et

505 3681 709 3738 robusti
753 3679 974 3744 fuerint,
1004 3687 1298 3749 augeantur
1323 3694 1550 3735 numero
1578 3687 1894 3735 cunctarum
1941 3694 2069 3751 gen-

502 3775 655 3837 tium,
687 3772 764 3828 sic
785 3784 1001 3842 quoque
1027 3777 1270 3825 vastante
1297 3770 1486 3842 angelo
1511 3770 1722 3826 Domini
1749 3772 2069 3825 attondean-

501 3876 610 3928 tur,
641 3863 696 3919 id
714 3871 798 3919 est
824 3862 1155 3926 minuantur,
1184 3860 1349 3916 veluti
1376 3861 1552 3932 capilli
1575 3859 1783 3932 forcipe
1815 3859 2068 3916 facillime

500 3955 881 4027 praciduntur.
925 3953 993 4008 Et
1033 3952 1400 4023 pertransibit,
1434 3952 1692 4008 subaudis
1729 3952 1922 4017 Assur,
1969 3952 2072 4006 hoc

496 4058 602 4115 est,
645 4062 768 4104 esse
797 4047 1019 4110 desinet,
1050 4045 1134 4100 vel
1165 4052 1372 4100 vastato
1410 4059 1508 4099 suo
1545 4044 1786 4100 exercitu
1833 4053 2072 4098 reverte-

502 4149 591 4196 tur
637 4139 690 4192 in
735 4147 933 4193 terram
968 4153 1140 4192 suam.
1172 4155 1190 4188 (
1219 4136 1392 4192 Alllixi
1419 4145 1492 4201 te,
1539 4146 1726 4193 etnon
1759 4134 1986 4208 aﬂligam
2018 4146 2072 4193 te

501 4231 662 4287 ultra.
709 4249 728 4282 ι
765 4227 1095 4284 Subauditur
1123 4227 1496 4297 hoc.tempore
1540 4241 1637 4297 per
1675 4229 1773 4283 hos
1806 4227 2007 4294 hostes,
2038 4245 2070 4285 a

499 4323 699 4396 quibus
745 4336 890 4377 nunc
935 4318 1222 4375 obsideris.
1276 4319 1408 4374 Nam
1459 4320 1756 4389 saepissime
1803 4337 1897 4390 per
1936 4323 2072 4379 alios

500 4413 842 4485 postmodum
871 4399 1052 4466 aﬂﬁcti
1082 4419 1226 4466 sunt.
1259 4409 1410 4468 Unde
1439 4409 1614 4464 adhuc
1634 4408 1848 4464 additur
1881 4429 1890 4440 ·

576 4525 596 4558 ‹
636 4506 703 4561 Et
733 4514 860 4560 tunc
887 4512 1161 4561 conteram
1190 4503 1396 4574 virgam
1426 4501 1544 4571 ejus
1571 4504 1637 4557 de
1677 4503 1841 4557 dorso
1878 4512 1990 4570 tuo,
2019 4512 2074 4560 et

502 4597 715 4654 vincula
745 4607 833 4652 tua
865 4597 1215 4666 disrumpam,
1249 4616 1266 4648 ι
1301 4597 1352 4651 id
1384 4603 1468 4652 est
1497 4612 1710 4651 omnem
1748 4607 2070 4667 potestatem

503 4695 664 4764 quam
709 4691 889 4756 habet,
920 4699 974 4744 et
1001 4689 1053 4743 in
1093 4705 1196 4759 qua
1227 4689 1508 4759 gloriatur,
1557 4689 1668 4744 sive
1692 4689 1904 4744 vincula
1950 4707 2070 4760 qua

501 4782 862 4854 praeparabat,
897 4790 955 4835 ut
981 4789 1162 4850 captos
1194 4781 1403 4851 ligaret.
1433 4780 1636 4836 Altiore
1660 4796 1844 4846 sensu,
1881 4783 1923 4838 si
1953 4799 2070 4853 per-

502 4873 630 4930 fecti
671 4872 870 4928 fuerint
901 4872 1046 4941 impii
1090 4872 1141 4926 in
1173 4872 1396 4936 malitia,
1429 4880 1483 4924 et
1511 4872 1688 4942 plures
1721 4874 1773 4927 in
1821 4889 2066 4941 numero,

501 4965 852 5022 attondentur
879 4978 977 5033 per
1000 4970 1248 5026 mortem,
1281 4971 1334 5016 ct
1361 4963 1762 5032 pertransibunt
1797 4973 1959 5034 atque
1984 4966 2071 5020 de-

505 5060 705 5124 ficient,
751 5056 824 5111 ita
860 5063 1047 5109 utnon
1084 5054 1208 5110 sint.
1255 5052 1404 5120 Quod
1430 5067 1558 5107 vero
1592 5054 1867 5123 sequitur:
1892 5055 2068 5110 Aﬁlixi

509 5158 581 5214 te,
608 5147 672 5202 ad
712 5146 1004 5203 Ecclesiam
1046 5146 1258 5207 dicitur,
1297 5143 1668 5214 promittitque
1705 5145 1753 5199 ei
1781 5148 1924 5214 quod
1952 5153 2074 5216 post

505 5237 844 5292 aﬂlictionem
870 5235 1148 5304 prasentis
1173 5235 1293 5290 vita
1319 5244 1575 5306 sequatur
1604 5236 1902 5290 consolatio
1931 5252 2070 5290 sem-

505 5329 725 5398 piterna
755 5325 1042 5380 felicitatis.
1076 5345 1091 5376 I
1115 5326 1182 5380 Et
1216 5327 1494 5397 praecipiet
1524 5343 1685 5398 super
1715 5335 1765 5382 te
1789 5326 2068 5392 Dominus,

503 5428 559 5475 et
587 5434 694 5474 non
718 5419 1068 5474 seminabitur
1106 5433 1170 5473 ex
1207 5420 1420 5475 nomine
1461 5428 1549 5476 tuo
1579 5419 1828 5490 amplius.
1858 5439 1875 5472 υ
1903 5419 1946 5474 0
1969 5423 2068 5474 As-

504 5528 621 5578 sur,
645 5525 711 5566 ne
734 5520 889 5581 putes
910 5510 1130 5568 fortuitu
1153 5511 1368 5566 evenire
1392 5512 1533 5582 quod
1556 5526 1814 5580 passurus
1837 5527 1918 5578 es,
1938 5527 2070 5580 pra-

503 5606 665 5676 cipiet
689 5603 948 5658 Dominus
975 5613 1163 5660 contra
1193 5614 1264 5670 te,
1289 5604 1416 5675 quia
1445 5604 1559 5673 ipso
1580 5603 1804 5671 jubente
1838 5605 2068 5660 sustine-

500 5698 583 5753 bis
603 5695 741 5752 ntala
760 5710 881 5766 qua
899 5695 1152 5768 pradicta
1176 5703 1320 5750 sunt.
1342 5713 1360 5746 ι
1381 5692 1494 5750 Non
1517 5695 1869 5751 seminabitur
1887 5713 1950 5752 ex
1969 5715 2064 5753 no-

502 5789 644 5844 mine
674 5797 784 5854 tuo,
823 5808 841 5841 ι
875 5787 1036 5843 id~est
1071 5787 1246 5842 nullus
1295 5795 1548 5840 nascetur
1581 5801 1646 5840 ex
1670 5793 1740 5852 te,
1769 5789 1860 5856 qui
1887 5803 1950 5843 ex
1977 5797 2068 5844 tuo

499 5894 719 5939 vocetur
753 5884 988 5947 nomine,
1021 5889 1074 5935 et
1104 5883 1273 5935 hares
1303 5879 1416 5947 ejus
1446 5879 1763 5950 appelletur.
1815 5881 1880 5936 Ut
1919 5881 2066 5936 enim

2185 2037 2317 2092 deus
2341 2046 2530 2094 venter
2563 2047 2667 2104 est,
2709 2054 2840 2111 ergo
2885 2048 2940 2096 et
2982 2040 3255 2098 hareticis
3284 2042 3396 2113 ipse
3427 2058 3559 2100 suus
3581 2061 3754 2111 error,

2183 2142 2342 2196 quem
2394 2128 2772 2184 confinxerunt
2819 2130 2886 2185 de
2941 2131 3196 2188 cordibus
3249 2133 3401 2200 suis,
3457 2133 3663 2192 idolum
3704 2144 3754 2193 et

2182 2219 2424 2289 sculptile
2446 2230 2624 2292 potest
2652 2223 2778 2278 dici.

2257 2329 2273 2360 ‹
2315 2310 2453 2366 Ecce
2480 2326 2642 2382 super
2675 2321 2889 2368 montes
2927 2315 3092 2384 pedes
3119 2315 3539 2386 evangelizantis
3577 2328 3641 2373 et
3668 2335 3754 2374 an-

2180 2404 2479 2460 nuntiantis
2505 2421 2712 2476 pacem:
2744 2405 2992 2473 Celebra,
3035 2407 3205 2474 Juda,
3237 2408 3557 2466 festivitates
3608 2420 3748 2478 tuas,

2178 2501 2232 2550 et
2253 2494 2415 2550 redde
2437 2504 2560 2552 vota
2581 2504 2693 2562 tua,
2719 2498 2846 2567 quia
2867 2513 2973 2554 non
2997 2499 3214 2569 adjiciet
3235 2499 3372 2555 ultra
3399 2510 3459 2556 ut
3478 2511 3753 2573 pertrans-

2176 2591 2264 2638 eat
2292 2583 2346 2640 in
2371 2592 2445 2652 te,
2473 2586 2638 2642 Belial
2666 2588 2950 2644 universus
2977 2590 3201 2645 interiit.
3240 2610 3260 2642 ι

2789 2737 3016 2798 CAPUT
3054 2741 3116 2795 ll.

2255 2867 2274 2900 ι
2311 2850 2568 2905 Ascendit
2594 2853 2688 2922 qui
2714 2853 2986 2925 dispergat
3014 2869 3196 2909 coram
3229 2863 3309 2922 te,
3349 2856 3441 2927 qui
3483 2859 3753 2913 custodiat

2178 2939 2533 2996 obsidionem.
2561 2963 2576 2992 ι
2595 2942 2847 3013 Legimus
2869 2943 2922 2997 in
2948 2943 3085 3000 libro
3116 2944 3562 3016 Paralipomenon
3587 2949 3749 3019 quod,

2177 3029 2456 3088 obsidente
2508 3031 2877 3090 Sennacherib
2917 3034 3276 3102 Hierusalem,
3311 3053 3415 3092 non
3457 3048 3755 3109 potuerunt

2179 3121 2606 3195 Hierosolymita
2655 3126 2829 3195 primo
2865 3141 3051 3182 mense
3079 3128 3156 3199 (id
3181 3136 3264 3184 est
3307 3128 3498 3200 Aprili)
3545 3129 3755 3186 Pascha

2178 3211 2376 3271 facere.
2407 3214 2560 3270 Caso
2601 3224 2779 3272 autem
2810 3218 3052 3274 exercitu
3091 3219 3207 3290 ejus
3252 3235 3350 3289 per
3395 3221 3668 3293 angelum,
3702 3231 3758 3278 et

2106 3301 2152 3364 C
2183 3313 2356 3360 morte
2385 3305 2750 3364 Sennacherib
2780 3310 3044 3377 nuntiata,
3081 3313 3316 3366 secundo
3355 3328 3564 3380 mense,
3595 3314 3652 3370 id
3675 3325 3758 3370 est

2179 3396 2335 3462 Maio,
2368 3397 2610 3454 fecerunt
2643 3401 2811 3470 phase
2841 3402 2895 3457 in
2925 3403 3127 3458 latitia.
3155 3404 3248 3460 Ait
3272 3420 3401 3477 ergo
3431 3409 3699 3476 propheta
3741 3432 3753 3462 ;

2175 3487 2220 3544 0
2246 3487 2406 3558 Juda,
2439 3507 2508 3548 ne
2537 3493 2611 3548 sis
2652 3494 2938 3562 sollicitus,
2986 3506 3041 3552 et
3070 3513 3137 3552 ne
3171 3498 3380 3564 timeas,
3429 3501 3552 3570 quia
3581 3502 3757 3558 inter-

2173 3580 2346 3638 fectus
2381 3593 2466 3639 est
2489 3585 2661 3643 hostis
2688 3596 2830 3645 tuus.
2859 3589 3002 3646 Ecce
3031 3592 3176 3646 venit
3195 3593 3294 3648 tibi
3323 3596 3568 3661 nuntius,
3600 3612 3758 3651 mons

2174 3682 2257 3731 tes
2281 3683 2337 3732 et
2357 3676 2522 3732 colles
2543 3679 2881 3738 velocissime
2913 3691 3309 3748 transcurrunt,
3341 3695 3399 3740 et
3429 3688 3763 3742 annuntiant

2173 3768 2272 3823 tibi
2294 3785 2482 3839 pacem
2511 3783 2566 3827 et
2601 3773 2974 3831 liberationem
3007 3777 3156 3833 urbis
3177 3777 3248 3833 de
3283 3778 3508 3848 imperio
3539 3778 3759 3834 Senna-

2171 3855 2378 3914 cherib.
2426 3860 2569 3931 Ergo
2607 3864 2818 3920 celebra
2865 3865 3210 3934 festivitates,
3258 3867 3421 3924 redde
3455 3877 3582 3924 vota
3627 3886 3764 3942 gau-

2173 3949 2328 4016 dens,
2358 3951 2481 4019 quia
2511 3952 2738 4009 salvavit
2759 3964 2811 4010 te
2842 3956 3118 4023 Dominus,
3147 3967 3201 4014 et
3227 3959 3391 4014 Belial
3415 3967 3560 4018 totus
3585 3962 3764 4018 inter-

2173 4038 2266 4104 iit,
2314 4039 2366 4094 id
2394 4048 2478 4096 est
2515 4045 2693 4100 omnis
2718 4048 2989 4104 exercitus
3017 4065 3142 4104 cum
3172 4065 3299 4120 rege
3324 4066 3442 4107 suo.
3481 4051 3763 4124 Interpre-

2173 4135 2319 4184 tatur
2339 4139 2516 4185 autem
2541 4132 2730 4200 Belial,
2774 4137 2980 4208 absque
3001 4138 3151 4211 jugo.
3191 4139 3412 4213 Mystice
3437 4145 3764 4216 pracipitur

2174 4223 2449 4292 Ecclesia,
2480 4241 2640 4296 quam
2667 4228 2910 4286 diabolus
2935 4232 3258 4301 gravissimo
3273 4232 3405 4305 jugo
3435 4233 3768 4292 idololatria

2171 4317 2472 4385 premebat,
2504 4328 2564 4373 ut
2605 4319 2828 4376 liberata
2874 4337 2971 4392 per
3001 4324 3214 4379 Domini
3251 4326 3576 4395 passionem,
3615 4328 3770 4384 cele-

2173 4409 2291 4464 bret
2334 4409 2677 4480 festivitates,
2723 4422 2780 4468 et
2816 4415 3006 4470 reddat
3044 4416 3271 4473 Domino
3314 4427 3436 4473 vota
3483 4418 3766 4477 laudatio-

2173 4515 2300 4554 num
2349 4516 2470 4554 cum
2518 4503 2721 4573 angelis
2774 4504 3095 4574 interempto
3143 4506 3339 4574 Belial;
3376 4527 3395 4560 ‹
3435 4523 3556 4578 qua
3600 4512 3768 4567 enim

2177 4592 2588 4646 communicatio
2616 4594 2818 4650 Christi
2835 4595 2910 4650 ad
2938 4595 3139 4652 Belial?
3176 4617 3194 4647 ι
3226 4597 3338 4652 Hoc
3362 4599 3534 4668 ipsum
3567 4601 3740 4656 dicen

2097 4657 2148 4718 D
2174 4683 2299 4738 dum
2331 4694 2447 4749 est,
2497 4685 2540 4740 si
2571 4689 2784 4756 quando
2826 4689 3120 4746 Ecclesiam
3161 4708 3191 4746 a
3229 4657 3677 4762 persecutoribus
3709 4705 3775 4752 et

2173 4775 2496 4830 adversariis
2549 4775 2763 4845 liberat,
2803 4790 2863 4836 ut
2910 4782 3147 4838 celebret
3199 4783 3496 4852 spiritualis
3548 4785 3772 4844 latitia

2174 4871 2333 4938 festa,
2373 4882 2427 4928 et
2463 4884 2644 4930 votum
2694 4871 2990 4942 gratiarum
3037 4873 3225 4928 reddat
3269 4873 3515 4929 Domino.
3555 4894 3572 4925 ι
3607 4877 3774 4934 Con-

2174 4963 2431 5034 templare
2470 4965 2633 5028 viam,
2677 4962 2921 5018 conferta
2975 4962 3205 5028 lumbos,
3253 4962 3448 5018 robora
3487 4965 3770 5026 virtutem

2176 5055 2349 5120 valde,
2385 5055 2510 5125 quia
2545 5054 2775 5110 reddidit
2804 5054 3064 5110 Dominus
3087 5055 3396 5125 superbiam
3431 5054 3624 5121 Jacob,
3677 5061 3776 5116 sic

2173 5148 2478 5217 superbiam
2507 5147 2688 5210 Israel,
2719 5149 2843 5216 quia
2872 5155 3171 5202 vastatores
3199 5146 3600 5216 dissipaverunt
3629 5163 3771 5218 eps,

2171 5249 2225 5295 et
2272 5240 2592 5311 propagines
2647 5253 2831 5292 eorum
2877 5245 3275 5307 corruperunt,
3315 5258 3333 5288 ι
3379 5236 3461 5291 Ad
3515 5237 3773 5297 Niniv'en

2173 5348 2386 5386 rursum
2434 5333 2710 5403 pr0pheta
2760 5345 2938 5386 sermo
2987 5331 3268 5402 dirigitur,
3319 5340 3374 5386 et
3421 5331 3624 5386 dicitur
3651 5335 3714 5387 ei
3753 5353 3770 5390 :

2171 5425 2387 5496 Absque
2427 5424 2588 5479 dubio
2631 5423 2811 5480 veniet
2859 5422 3366 5488 Nabuchodonosor,
3415 5424 3507 5493 qui
3557 5432 3613 5478 te
3649 5423 3773 5479 de-

2169 5522 2362 5570 struat.
2395 5529 2430 5570 o
2452 5512 2661 5573 Ninive.
2684 5525 2738 5569 et
2762 5529 2920 5585 agros
2952 5523 3072 5569 tuos
3093 5515 3350 5570 devastet.
3383 5512 3520 5580 Quia
3547 5513 3736 5585 igitur
3752 5518 3781 5571 ?

2170 5603 2478 5662 inevitabile
2508 5605 2600 5660 tibi
2643 5605 2885 5660 imminet
2927 5605 3144 5671 bellum,
3181 5607 3414 5676 pradico
3459 5605 3578 5670 tibi,
3617 5621 3778 5664 con-

2172 5695 2428 5767 templare
2462 5695 2745 5765 diligenter
2774 5696 2914 5750 viam
2955 5705 3009 5750 et
3036 5696 3140 5752 iter
3175 5711 3272 5768 per
3311 5697 3452 5766 quod
3485 5705 3784 5755 ventur-us

2167 5799 2248 5842 est
2283 5795 2474 5854 tortor,
2511 5796 2568 5843 et
2610 5789 2832 5860 accinge
2877 5787 3104 5852 lumbos,
3153 5789 3347 5843 robora
3371 5797 3426 5844 et
3453 5789 3784 5848 exhortata

2171 5880 2420 5935 virtutem
2444 5880 2714 5936 exercitus
2755 5879 2854 5946 tui,
2879 5878 3005 5949 quia
3036 5879 3176 5934 sicut
3209 5880 3348 5934 ultus
3373 5887 3456 5933 est
3483 5878 3786 5941 Dominus
