4022 6438
234 441 338 509 1-73

1230 430 1631 507 numnam
1660 449 1728 506 lN
1768 434 2015 507 meum
2053 440 2498 508 rnorem“.

3409 450 3515 513 174

231 562 452 626 ludam,
482 559 536 616 id
563 567 648 617 est
667 558 802 615 duas
833 558 1007 615 tribus
1048 559 1114 615 de
1148 561 1399 631 superbia
1427 559 1818 630 Sennacherib,
1846 565 1902 624 A
1926 562 2087 618 urbes
2132 561 2217 618 vel
2262 563 2483 619 castella
2532 573 2583 619 et
2634 566 2869 633 viculos,
2921 568 3035 624 sive
3074 568 3350 637 mulieres,
3388 588 3513 642 quae

233 668 313 709 sic
334 651 631 708 ulciscetur
646 650 845 716 lsrael.
871 649 926 707 id
955 657 1039 708 est
1059 649 1243 708 decem
1273 650 1464 720 tribus,
1497 668 1619 723 quae
1647 652 1702 709 in
1724 642 1826 709 Ni-

232 746 359 801 nive
378 743 605 815 captivae
626 749 898 799 tenentur.
924 741 1040 799 Hoc
1057 751 1144 800 est
1158 743 1311 800 enim
1331 744 1475 815 quod
1492 744 1652 802 dicit:
1671 744 1827 801 Sicut

234 836 470 894 reddidit
519 835 783 893 Dominus
826 837 1141 906 superbiam
1183 835 1374 903 Jacob,
1411 837 1466 893 id
1504 846 1590 895 est
1631 852 1821 909 super-

232 931 380 987 biam
403 943 568 1001 quam
594 938 955 986 exercuerant
982 928 1194 1002 Assyrii
1222 939 1413 987 contra
1439 928 1607 986 Jacob
1623 971 1639 998 ,
1666 930 1723 986 id
1741 939 1826 988 est

233 1018 450 1087 ludam,
498 1021 580 1077 sic
620 1021 811 1077 reddet
853 1021 1168 1093 superbiam
1210 1022 1394 1089 lsrael,
1444 1023 1498 1079 id
1542 1032 1625 1079 est
1659 1040 1822 1096 quam

187 1133 197 1139 ’
235 1113 487 1172 fecerunt
509 1114 612 1185 ipsi
635 1113 847 1188 Assyrii
873 1124 1059 1172 contra
1100 1116 1286 1184 Israel,
1317 1116 1375 1174 id
1400 1128 1486 1175 est
1508 1118 1699 1175 decem
1727 1119 1824 1174 tri-

236 1209 357 1266 bus.
388 1209 614 1283 Mystico
642 1224 806 1267 sensu
826 1252 842 1277 ,
870 1209 1185 1283 praecipitur
1220 1211 1381 1267 nobis
1409 1221 1469 1267 ut
1492 1211 1821 1283 contemple-

239 1319 364 1360 mur
385 1304 529 1360 viam
552 1320 652 1375 per
692 1319 859 1375 quam
888 1304 1218 1361 ambulaturi
1253 1320 1475 1372 sumus,
1503 1306 1607 1361 hoc
1638 1314 1726 1362 est
1766 1312 1825 1361 ut

237 1398 454 1455 oculum
476 1399 676 1456 mentis
700 1399 1001 1472 dirigamus
1025 1400 1082 1455 in
1106 1399 1247 1455 viam
1276 1398 1514 1464 fidelem,
1537 1414 1824 1470 per‘quam

238 1491 523 1547 veniamus
543 1493 612 1547 ad
630 1506 754 1546 eum
783 1493 877 1562 qui
902 1493 1034 1549 dicit
1058 1511 1072 1548 :
1107 1510 1127 1544 ι
1152 1492 1266 1563 Ego
1292 1508 1413 1549 sum
1438 1493 1543 1549 via.
1574 1512 1591 1544 ι
1621 1494 1825 1551 Deinde

238 1585 542 1642 videbimur
574 1583 651 1657 [ι’.
678 1583 968 1658 jubemur]
1000 1595 1182 1642 tenere
1226 1585 1458 1652 lumbos,
1494 1592 1557 1641 ut
1601 1587 1827 1643 mortifi-

237 1691 421 1734 eemus
447 1677 503 1733 in
530 1676 689 1733 nobis
710 1692 900 1733 omnes
925 1677 1144 1734 illicitos
1170 1678 1441 1749 appetitus
1464 1679 1663 1735 carnis.
1698 1680 1827 1736 Ter-

238 1769 313 1824 tio
370 1768 688 1840 praecipitur
729 1779 791 1823 ut
818 1768 1136 1825 roboremus
1166 1769 1445 1837 virtutem,
1492 1787 1604 1841 quo
1648 1772 1824 1842 possi-

237 1875 356 1917 mus
383 1874 624 1932 pugnare
649 1860 908 1917 adversus
933 1859 1226 1917 diabolum.

1927 651 2153 735 captivae
2190 652 2544 711 ducebantur.
2602 654 2756 722 Quod
2795 672 2922 714 vero
2959 660 3124 715 dicit:
3162 680 3180 713 ‹
3223 659 3513 720 Gementes

1926 750 1986 797 ut
2010 741 2306 810 columbae,
2341 762 2361 797 ι
2391 743 2630 800 ostendit
2668 747 2813 817 quod
2855 757 3041 808 tantus
3072 761 3191 809 erat
3222 760 3418 821 terror,
3453 764 3512 813 ut

1926 847 1995 887 ne
2018 832 2234 903 quidem
2260 833 2317 889 in
2353 833 2621 906 singultus
2647 833 2733 891 vel
2756 839 2989 908 gemitus
3010 853 3391 919 prorumperet
3418 846 3511 903 do-

1925 923 2030 992 lor,
2073 925 2170 982 sed
2198 925 2338 981 inter
2371 942 2430 983 se
2456 927 2620 983 tacite
2645 926 2985 1001 plangerent,
3034 933 3308 992 imitantes
3343 938 3514 1008 gemi-

1927 1028 2042 1074 tum
2099 1019 2495 1076 columbarum.
2553 1019 2791 1077 Possunt
2835 1021 2951 1079 haec
3000 1028 3179 1082 omnia
3237 1031 3303 1086 ad
3350 1031 3513 1087 linem

1928 1113 2112 1169 mundi
2137 1112 2348 1179 referri,
2374 1115 2590 1186 quando
2621 1115 2868 1173 interibit
2890 1118 3068 1174 omnis
3096 1130 3368 1179 armatura
3396 1125 3514 1179 dia-

1925 1208 2057 1265 boli.
2093 1209 2247 1265 Tunc
2284 1208 2574 1266 allidentur
2599 1226 2792 1267 currus
2822 1212 2876 1269 in
2918 1212 3147 1283 plateis,
3206 1217 3311 1272 hoc
3346 1227 3429 1274 est
3458 1220 3511 1274 in

1928 1301 2054 1359 latis
2080 1301 2265 1358 seaculi
2293 1302 2578 1359 itineribus
2598 1304 2861 1361 coarctati
2890 1305 3134 1376 angustia
3169 1309 3429 1378 temporis
3457 1320 3515 1366 et

1926 1393 2182 1450 instantis
2246 1391 2457 1463 iudicii.
2522 1393 2852 1466 Aperiantur
2913 1405 3082 1468 porta:
3146 1413 3267 1470 qua:
3320 1398 3515 1459 clausae

1926 1494 2102 1550 erant,
2154 1485 2209 1542 id
2254 1494 2340 1541 est
2389 1486 2773 1544 revelabuntur
2817 1489 3000 1544 omnia
3050 1505 3171 1560 quae
3224 1490 3513 1549 latuerant.

1928 1576 2079 1632 Tunc
2107 1575 2282 1643 miles,
2332 1577 2385 1632 id
2413 1586 2499 1633 est
2535 1579 2781 1636 diabolus
2823 1581 3078 1655 princeps
3104 1584 3293 1640 mundi
3331 1583 3511 1655 hujus,

1927 1682 2051 1723 cum
2080 1667 2312 1734 ancillis,
2328 1668 2389 1723 id
2407 1678 2493 1725 est
2521 1678 2645 1726 eum
2677 1672 2959 1731 animabus
2982 1674 3082 1730 sibi
3104 1691 3203 1747 per
3222 1686 3513 1749 peccatum

1928 1760 2173 1825 subditis,
2207 1759 2273 1815 ad
2312 1760 2583 1822 infernum
2618 1764 2864 1835 captivus
2904 1766 3226 1837 impelletur.
3278 1768 3515 1829 Possunt

1926 1866 2141 1922 quoque
2169 1866 2268 1923 per
2292 1853 2517 1911 ancillas
2543 1854 2599 1911 in
2621 1857 2820 1913 bonam
2846 1865 3057 1930 partem
3100 1862 3272 1933 accipi
3300 1862 3513 1935 simpli-

308 1970 333 2002 .
366 1951 602 2023 (nyqu
656 1949 877 2007 {ouium
928 1952 1047 2024 ejus
1100 1952 1335 2024 ignitus,
1390 1952 1493 2009 viri
1546 1962 1821 2011 exercuus
1850 1938 1897 2000 B
1924 1957 2015 1998 ces
2065 1945 2261 2000 animae
2300 1952 2357 2001 et
2384 1945 2590 2013 fideles,
2622 1964 2742 2019 quae
2787 1950 3053 2007 ducentur
3096 1954 3414 2026 gaudentes,
3458 1964 3516 2013 et

240 2045 360 2116 eius
386 2046 444 2102 in
483 2046 769 2113 coccineis,
796 2047 966 2120 ignea:
994 2046 1219 2103 habena
1246 2063 1442 2103 currus
1474 2048 1529 2102 in
1552 2048 1650 2104 die
1683 2065 1818 2121 prte-

242 2137 536 2211 parationis
556 2136 691 2208 eius,
722 2145 780 2193 et
805 2138 1098 2211 agitatores
1125 2139 1392 2210 consopiti
1411 2147 1557 2202 sunt,
1586 2140 1641 2194 in
1664 2140 1821 2197 itine-

237 2232 391 2288 ribus
425 2233 731 2288 conturbati
773 2240 921 2289 sunt.
966 2252 987 2286 ι
1020 2232 1331 2289 Secundum
1369 2232 1649 2288 historiam
1691 2249 1819 2290 cou-

233 2324 489 2381 scribitur
510 2325 784 2380 exercitus
824 2324 1227 2391 Chaldaeorum,
1253 2324 1477 2380 veniens
1508 2334 1699 2380 contra
1727 2324 1823 2379 Nio

233 2413 417 2482 niven,
462 2422 519 2469 et
545 2422 802 2470 narratur
828 2431 1025 2487 pompa
1052 2416 1474 2486 praparantium
1510 2432 1570 2472 se
1606 2417 1659 2471 in
1700 2417 1819 2472 bel-

233 2508 365 2564 lum.
401 2527 420 2560 «
475 2508 709 2582 Clypeus
753 2510 974 2581 (inquit)
1025 2510 1251 2567 fortium
1292 2512 1521 2584 ignitus,
1561 2532 1580 2565 ι
1634 2512 1691 2567 id
1732 2520 1821 2569 est

232 2601 454 2657 vibrans
493 2611 551 2657 et
600 2601 753 2671 quasi
797 2600 1091 2674 fulgurans.
1136 2622 1158 2656 ι
1194 2604 1309 2660 Viri
1348 2606 1412 2661 in
1466 2605 1755 2669 coccineis,
1794 2625 1813 2658 ι

234 2692 292 2748 id
308 2700 400 2765 est
424 2693 666 2749 vestibus
682 2694 886 2751 coloris
904 2696 1251 2763 eooeinei,-ut
1272 2697 1393 2768 ipsa
1414 2698 1649 2754 vestium
1674 2698 1822 2756 simi-

232 2785 410 2842 litudo
438 2795 703 2843 terrorem
726 2787 871 2861 ignis
900 2797 961 2845 et
992 2790 1275 2861 sanguinis
1309 2792 1548 2862 speciem
1576 2806 1820 2862 praesen-

232 2888 398 2936 taret.
434 2898 457 2932 ι
484 2880 659 2951 Ignem
706 2880 952 2947 habenas,
986 2900 1005 2933 ι
1032 2883 1103 2937 ob
1145 2882 1367 2939 nimiam
1414 2882 1817 2940 festinationem

228 2972 655 3044 prmparantium
695 2988 756 3030 se
783 2991 835 3028 in
857 2973 1143 3043 praelium.
1161 2992 1179 3025 ί
1216 2975 1524 3045 Agitatores
1540 2976 1819 3048 emaepiti

227 3074 385 3122 sunt.
419 3085 438 3117 ι
480 3063 598 3120 Non
627 3072 714 3120 est
736 3063 957 3136 (inquit)
987 3065 1205 3131 mirum,
1245 3066 1288 3120 si
1318 3073 1426 3121 tam
1453 3067 1709 3125 velociter
1726 3081 1822 3124 ve-

227 3158 410 3222 niunt,
436 3172 559 3212 cum
586 3156 900 3229 agitatores,
942 3156 998 3212 id
1026 3165 1109 3211 est
1142 3164 1393 3212 rectores
1420 3156 1505 3212 vel
1536 3156 1709 3213 lsrael
1737 3157 1822 3212 vel

223 3249 581 3321 Assyriorum
604 3248 874 3320 consopiti
893 3256 1043 3305 sunt.
1073 3246 1276 3304 Mistim
1316 3248 1461 3304 enim
1489 3264 1670 3305 sermo
1691 3262 1820 3305 eon-

1921 2037 2228 2095 columbino
2258 2056 2535 2099 murmure
2562 2042 2919 2103 confessionis
2940 2047 3110 2105 Deum
3134 2034 3435 2114 laudantes.

1997 2149 2015 2182 σ
2052 2130 2118 2185 Et
2145 2129 2337 2188 Ninive
2362 2135 2516 2204 quasi
2545 2136 2751 2207 piscina
2782 2152 3046 2210 aquarum
3066 2156 3224 2214 aquae
3249 2142 3385 2213 ejus,
3412 2144 3515 2217 ipsi

1919 2238 2050 2280 vero
2081 2224 2351 2297 fugerunt.
2385 2226 2555 2295 State,
2598 2238 2755 2295 state,
2795 2239 2851 2289 et
2877 2247 2986 2293 non
3014 2243 3098 2290 est
3137 2235 3229 2306 qui
3268 2248 3517 2295 reverta-

1923 2316 2027 2369 tur.
2064 2333 2085 2367 ι
2147 2314 2400 2373 Ostendit
2429 2319 2574 2389 quod
2619 2320 2795 2393 captis
2840 2322 3144 2380 minoribus
3177 2325 3513 2393 civitatibus,

1920 2422 2055 2478 quas
2090 2423 2252 2478 supra
2300 2409 2440 2494 filias
2464 2422 2775 2479 vocaverat,
2816 2412 2933 2484 ipsa
2960 2413 3151 2471 Ninive
3176 2419 3513 2489 metropolis.

1919 2514 2039 2573 quae
2073 2510 2251 2557 tantos
2281 2501 2519 2559 habebat
2572 2505 2818 2576 populos,
2869 2514 2928 2563 ut
2948 2508 3117 2579 aquis
3138 2511 3367 2581 piscinae
3393 2528 3517 2584 pos-

1920 2591 2028 2648 sint
2057 2593 2380 2664 comparari,
2420 2596 2684 2652 remansit
2710 2598 3101 2670 expugnanda,
3142 2610 3197 2657 et
3222 2602 3340 2663 sine
3367 2604 3513 2661 utili-

1922 2690 2031 2737 tate
2066 2690 2271 2738 tantam
2305 2684 2560 2741 habuerit
2590 2687 3023 2757 multitudinem,
3058 2692 3187 2749 dum
3215 2694 3396 2753 nullus
3424 2678 3519 2754 es-A

1920 2782 2004 2830 set
2049 2776 2138 2855 qui
2181 2776 2427 2832 hostibus
2478 2778 2775 2837 resisteret.
2828 2780 2897 2838 Et
2926 2782 3197 2842 clamante
3241 2786 3355 2858 ipsa
3386 2788 3517 2847 civi-

1922 2872 2052 2930 tate,
2084 2884 2102 2916 t
2124 2864 2299 2934 State,
2315 2876 2476 2937 state,
2500 2879 2729 2941 »φοι-ωε
2754 2871 3010 2942 claudite,
3026 2891 3240 2935 murum
3262 2894 3518 2939 conscen-

1922 2957 2055 3023 dite,
2100 2959 2279 3016 nullus
2306 2971 2448 3017 esset
2476 2963 2567 3033 qui
2602 2965 2837 3033 audiret,
2868 2968 2964 3022 sed
2989 2983 3180 3028 omnes
3204 2982 3353 3046 terga
3395 2989 3519 3031 ver-

1924 3056 2120 3113 terent,
2169 3059 2223 3104 et
2253 3051 2440 3106 urbem
2492 3055 2556 3109 ad
2598 3055 2947 3126 praedandam
2994 3056 3353 3123 dimitterent.
3414 3066 3514 3125 Di-

1924 3137 2067 3195 citur
2117 3154 2247 3209 ergo
2277 3134 2343 3194 ad
2396 3136 2739 3215 Babylonios,
2778 3148 2903 3216 quia
2941 3139 3030 3201 'illi
3084 3148 3359 3222 fugerunt.
3416 3170 3513 3215 vos

1928 3247 1947 3281 ο
1986 3228 2210 3301 Diripite
2255 3238 2539 3302 argentum
2567 3273 2580 3298 ,
2632 3234 2853 3306 diripite
2901 3252 3135 3304 aurum,
3179 3249 3235 3295 et
3282 3258 3388 3298 non
3431 3255 3517 3301 est
3624 3298 3625 3301 η

224 3318 438 3401 texitur
479 3360 492 3398 :
524 3350 584 3399 et
630 3318 789 3400 nunc-
826 3341 1025 3398 dicitur
1066 3340 1221 3412 quod
1262 3340 1434 3398 lsrael
1480 3357 1673 3411 passus
1716 3341 1814 3408 sit,
1845 3318 1895 3382 θ
1921 3320 2047 3378 ﬁnis
2073 3321 2384 3379 ἀίνίιίέπυηι
2419 3344 2440 3377 ι
2482 3333 2543 3378 ει
2565 3340 2725 3395 opum
2767 3346 2786 3378 ι
2820 3344 2887 3384 ex
2912 3332 3165 3391 omnibus
3203 3336 3347 3392 vasis
3373 3337 3516 3395 desi-

222 3452 378 3493 nunc
418 3437 549 3507 quid
595 3435 804 3506 Assyrii
858 3434 1115 3502 fecerint,
1170 3451 1313 3490 nunc
1353 3434 1482 3505 quid
1535 3434 1816 3507 Babylonii

221 3539 424 3588 contra
445 3528 698 3601 Assyrios
723 3527 885 3583 velint
912 3542 1092 3599 agere.
1124 3545 1143 3578 ι
1170 3526 1460 3598 Quadrigae
1478 3526 1596 3596 ejus
1615 3527 1818 3584 collisa

221 3631 362 3680 sunt
382 3621 438 3677 in
466 3619 679 3691 plateis.
722 3638 739 3669 ι
774 3618 946 3674 Tanta
974 3617 1207 3690 (inquit)
1237 3626 1322 3674 est
1350 3618 1640 3674 multitudo
1669 3633 1816 3677 com-

216 3716 380 3775 misti
429 3715 682 3787 agminis,
724 3724 785 3770 ut
820 3714 1095 3786 quadrigae
1135 3713 1188 3768 in
1246 3714 1455 3785 plateis,
1498 3715 1630 3770 dum
1672 3714 1813 3768 viam

219 3816 508 3880 nequeunt
546 3822 658 3879 pra:
695 3805 1039 3865 multitudine
1072 3807 1337 3878 reperire,
1383 3807 1531 3862 inter
1568 3821 1627 3861 se
1662 3805 1815 3862 colli-

219 3901 452 3957 dantur.
504 3918 523 3951 c
553 3900 819 3969 Aspectus
851 3912 1072 3963 eorum,
1108 3916 1127 3951 ι
1159 3898 1210 3953 id
1248 3905 1335 3954 est
1370 3895 1811 3969 Babyloniorum,

226 4012 246 4045 ι
278 3990 443 4061 quasi
456 3988 920 4059 lampades,quasi
939 3987 1151 4061 fulgura
1164 3990 1520 4045 discernentia
1549 4009 1570 4043 ι
1606 3998 1665 4044 ιη
1687 3998 1814 4045 ante

220 4079 351 4138 solo
396 4078 517 4133 visu
569 4076 909 4136 adversarios
953 4087 1195 4136 terreant
1234 4096 1396 4152 quam
1431 4095 1690 4137 mucrone
1736 4079 1815 4136 fe-

221 4170 399 4228 riant.

309 4280 330 4313 ‹
368 4260 764 4318 Becordabitur
793 4260 1015 4319 fortium
1056 4278 1299 4331 suorum,
1330 4274 1489 4322 ruent
1527 4266 1583 4322 in
1600 4266 1815 4323 itineri-

219 4357 335 4414 bus
354 4354 487 4416 suis.
521 4352 793 4411 Velociter
815 4356 1111 4413 ascendent
1134 4370 1320 4413 muros
1352 4356 1492 4428 ejus,
1526 4368 1586 4413 et
1609 4375 1817 4432 prepa-

221 4448 445 4509 rabitur
484 4448 880 4505 umbraculum.
911 4468 929 4502 »
988 4450 1141 4505 Tunc
1179 4450 1398 4525 (inquit)
1442 4455 1815 4523 recordabitur

220 4545 460 4618 populus
487 4544 834 4616 Assyriorum
864 4543 1084 4601 fortium
1126 4561 1369 4614 suorum,
1399 4556 1455 4602 et
1487 4557 1686 4618 qureret
1714 4564 1814 4604 eos

222 4636 324 4709 qui
357 4637 470 4708 jam
517 4638 571 4691 in
615 4637 901 4692 itineribus
940 4646 1282 4701 corruerunt.
1323 4638 1590 4695 Velociter
1617 4655 1811 4695 ascen-

221 4730 361 4783 dent
405 4743 618 4784 murum
660 4726 866 4784 Niniva:
910 4728 980 4782 ad
1020 4726 1434 4795 defendendum,
1484 4738 1541 4783 et
1584 4738 1813 4801 propter

220 4822 444 4892 longam
494 4818 832 4876 obsidionem
880 4821 1256 4891 pmparabunt
1298 4820 1401 4876 sibi
1437 4822 1808 4879 umbraculum

222 4913 293 4967 ad
323 4917 489 4967 aestus
523 4910 813 4980 pellendos.

307 5022 325 5055 ι
358 5001 538 5058 Porta;
573 5000 857 5058 ﬂuviorum
891 5010 1091 5074 aperta:
1141 5011 1294 5070 sunt,
1346 5012 1401 5060 et
1449 5004 1702 5075 templum
1745 5005 1811 5060 ad

226 5094 407 5153 solum
428 5092 697 5160 dirutum,
733 5104 785 5150 et
825 5094 979 5152 miles
1020 5096 1263 5166 captivus
1305 5096 1571 5155 abductus
1602 5106 1708 5161 est,
1758 5106 1812 5152 et

226 5185 445 5243 ancilla:
493 5185 609 5259 eius
656 5186 1005 5245 minabantur
1053 5197 1333 5258 gementes
1398 5196 1457 5243 ut
1510 5188 1809 5255 columbas,

228 5287 637 5335 murmurantes
677 5278 731 5334 in
762 5280 1016 5336 cordibus
1051 5280 1183 5337 suis.
1208 5300 1226 5332 ι
1260 5280 1400 5350 Quid
1439 5281 1637 5352 (inquit
1684 5297 1810 5352 pro-

226 5368 420 5441 pheta)
468 5368 590 5437 fuit,
635 5370 760 5441 quia
796 5372 910 5426 hinc
958 5370 1223 5437 fecerunt,
1252 5388 1374 5428 cum
1419 5372 1596 5429 nullus
1643 5375 1813 5444 possit

229 5460 326 5516 Dei
353 5459 608 5516 resistere
629 5461 1003 5533 dispositioni?
1024 5461 1160 5519 Nam
1189 5471 1346 5535 capta
1370 5462 1580 5529 Ninive,
1612 5474 1811 5535 aperta:

227 5560 360 5609 sunt
384 5559 556 5622 porta:
583 5550 894 5623 ﬂuviorum,
931 5555 983 5612 id
1012 5563 1093 5610 est
1144 5555 1431 5613 multorum
1467 5556 1810 5627 populorum,

226 5644 357 5713 quia
410 5643 501 5699 illa
548 5644 742 5700 civitas
790 5646 962 5701 instar
1010 5645 1287 5703 ﬂuminum
1334 5648 1568 5705 habebat
1611 5649 1812 5705 civium

229 5735 653 5793 multitudinem.
690 5736 996 5811 Templum,
1050 5756 1276 5814 rqnum
1331 5726 1501 5807 dicit,
1533 5746 1677 5816 quod
1722 5744 1813 5801 de-

228 5829 546 5885 struendum
595 5839 700 5889 est.
743 5830 895 5889 Miles
938 5834 1203 5903 captivus,
1256 5850 1443 5891 omnes
1488 5836 1814 5907 generaliter

231 5912 325 5987 qui
363 5922 413 5977 in
466 5923 791 5994 Babylonem
837 5925 1049 5982 abducti
1102 5938 1244 5995 sunt,
1287 5930 1532 5997 ancillas,
1577 5931 1813 5989 minores

1920 3415 2273 3483 derabilibus,
2307 3436 2325 3468 ι
2370 3432 2491 3490 qua:
2527 3426 2678 3474 tanto
2720 3429 2963 3494 tempore
2987 3437 3330 3501 congregata:
3352 3440 3513 3499 sunt;

1917 3523 2019 3565 nec
2047 3515 2257 3564 tantum
2278 3502 2355 3564 illi
2382 3506 2722 3569 sufficiebant
2757 3516 3006 3585 praedari,
3039 3530 3300 3590 quantum
3329 3526 3513 3596 praeda

1916 3616 1974 3658 se
2000 3599 2376 3674 diripientibus
2418 3600 2699 3663 offerebat.
2754 3607 2978 3682 Mystice
3018 3611 3213 3670 Ninive
3250 3620 3510 3677 mundum

1916 3691 2150 3749 diximus
2194 3690 2445 3767 ﬁgurari,
2484 3696 2638 3767 cujus
2678 3714 2832 3770 aquae
2878 3717 2984 3757 non
3028 3707 3211 3773 maris,
3256 3725 3362 3765 non
3410 3708 3510 3767 ﬂu-

1916 3783 2145 3851 minum,
2186 3801 2289 3841 non
2320 3782 2569 3854 fontium,
2602 3789 2696 3845 sed
2725 3792 2883 3863 aquis
2904 3795 3129 3865 piscinae
3157 3799 3363 3857 similes
3385 3817 3507 3860 esse

1916 3874 2187 3942 dicuntur,
2228 3894 2350 3949 qua:
2382 3894 2491 3937 non
2537 3882 2739 3939 habent
2781 3901 2951 3957 aquas
2972 3886 3174 3962 jugiter
3198 3905 3504 3962 manantes,

1917 3967 2012 4023 sed
2058 3968 2342 4039 pluviales,
2384 3981 2439 4026 et
2458 3971 2620 4028 brevi
2650 3973 2757 4029 fine
2794 3976 3099 4043 conclusas,
3133 3983 3258 4052 quia
3288 3984 3507 4043 haereti-

1917 4073 2103 4114 corum
2135 4059 2386 4129 dogmata
2413 4062 2568 4132 quasi
2617 4064 2683 4117 de
2730 4065 2870 4121 coelo
2900 4068 3070 4139 lapsa,
3117 4082 3172 4126 et
3203 4083 3357 4129 extra
3388 4075 3507 4132 fon-

1918 4157 2026 4204 tem
2058 4144 2314 4207 Ecclesize
2344 4159 2490 4219 sunt,
2529 4153 2779 4225 quamvis
2830 4171 3026 4231 magna
3070 4171 3124 4217 et
3149 4160 3389 4222 coelestia
3425 4171 3514 4225 vi-

1918 4240 2149 4298 deantur
2171 4244 2510 4314 promittere.
2549 4236 2659 4315 Ipsi
2710 4244 2966 4319 fugerunt
3004 4253 3370 4313 recedentesa
3394 4252 3509 4318 'Do-

1918 4335 2084 4402 mino,
2107 4351 2207 4392 nec
2229 4351 2329 4407 per
2349 4336 2725 4406 paenitentiam
2756 4336 2939 4396 redire
2950 4342 3224 4412 volentes,
3255 4344 3383 4405 licet
3410 4367 3509 4410 eos

1918 4426 2164 4481 hortetur
2193 4425 2451 4483 Dominus
2493 4428 2561 4482 ad
2589 4430 2988 4499 paenitentiam,
3036 4446 3090 4491 et
3120 4438 3263 4495 dicat
3290 4459 3303 4495 :
3340 4461 3358 4495 ‹
3388 4436 3500 4501 Re-

1914 4518 2188 4572 vertimini
2216 4558 2231 4583 ,
2272 4517 2366 4572 lilii
2393 4560 2406 4581 ,
2468 4528 2825 4589 revertentes,
2881 4533 2935 4580 et
2982 4530 3187 4586 sanabo
3219 4536 3504 4593 contritio-

1917 4628 2012 4667 nes
2041 4622 2266 4668 vestras.
2305 4633 2324 4666 ι
2370 4614 2573 4669 llorum
2603 4615 2805 4671 divitia:
2827 4658 2840 4684 ,
2876 4619 2978 4675 hoc
3005 4631 3089 4678 est
3130 4626 3374 4684 scientiae
3397 4631 3508 4701 glo-

1918 4706 2077 4761 riatio
2101 4705 2384 4777 diripietur
2411 4716 2465 4761 et
2485 4708 2552 4763 ad
2586 4708 2809 4765 nihilum
2834 4712 3123 4786 redigetur.

1999 4817 2013 4849 ι
2053 4796 2320 4867 Dissipata
2360 4806 2415 4853 et
2455 4799 2624 4856 scissa
2654 4810 2708 4857 et
2730 4801 3022 4859 dilacerata
3053 4815 3154 4875 est,
3210 4820 3263 4864 et
3305 4827 3399 4867 cor
3427 4823 3504 4868 ta-

1930 4898 2162 4958 bescens,
2206 4900 2260 4947 et
2290 4892 2572 4949 dissolutio
2623 4896 3026 4968 geniculorum,
3078 4912 3132 4958 et
3173 4903 3405 4964 defectio
3449 4911 3504 4966 in

1918 4983 2127 5038 cunctis
2183 4983 2419 5047 renibus,
2477 4993 2530 5038 et
2578 4983 2746 5041 facies
2797 4990 3040 5047 omnium
3093 4995 3234 5051 sicut
3277 4999 3502 5070 nigredo

1919 5073 2056 5128 ουκ.
2095 5094 2111 5126 ι
2147 5072 2259 5129 Sub
2309 5076 2480 5145 figura
2507 5077 2747 5133 mulieris
2774 5080 3047 5153 dissipata:
3095 5098 3147 5141 et
3177 5089 3499 5160 dilacerata,

1920 5166 2245 5221 describitur
2264 5166 2437 5236 qualis
2466 5165 2631 5224 fuerit
2660 5168 2848 5228 Ninive
2879 5183 3119 5247 tempore
3146 5183 3498 5252 captivitatis,

1921 5254 2201 5312 tabescens
2221 5257 2402 5322 corde,
2432 5257 2706 5316 dissolutis
2739 5264 2983 5334 genibus,
3033 5278 3084 5323 et
3120 5286 3228 5340 prie
3274 5278 3501 5335 terroris

1919 5349 2285 5421 magnitudine
2344 5349 2508 5407 facies
2554 5370 2740 5410 eorum
2791 5359 2995 5428 pallore
3044 5362 3329 5435 deformes,
3378 5371 3499 5429 ollae

1919 5445 2212 5500 combustae
2269 5445 2672 5505 similitudinem
2729 5454 3049 5511 videbantur
3096 5460 3311 5529 habere.
3369 5468 3499 5537 Quae

1917 5541 2093 5595 omnia
2116 5539 2266 5609 juxta
2322 5544 2554 5602 litteram
2582 5540 2706 5605 licet
2738 5550 2789 5606 in
2836 5550 3025 5609 Ninive
3070 5556 3494 5634 siutcompleta,

1916 5637 2130 5713 quando
2165 5654 2195 5692 a
2250 5637 2746 5701 Nabuchodonosor
2775 5656 2929 5716 capta
2976 5659 3085 5714 est,
3129 5664 3305 5711 tamen
3336 5660 3392 5715 in
3420 5660 3501 5718 fu-

1918 5739 2037 5788 turo
2057 5730 2260 5801 judicio
2287 5752 2446 5805 super
2472 5738 2666 5806 impios
2696 5750 2921 5796 ventura
2960 5746 3273 5804 creduntur.

1994 5855 2009 5884 ‹
2061 5834 2161 5889 Ubi
2196 5848 2277 5890 est
2305 5837 2669 5892 habitaculum
2699 5838 2945 5911 leonum,
2977 5854 3027 5901 et
3057 5863 3253 5917 pascua
3292 5853 3501 5914 catulo-

1919 5946 2035 5984 rum
2082 5930 2340 5987 leonum?
2378 5951 2393 5984 ι
2432 5930 2809 5992 Habitaculum
2862 5937 3097 6008 leonum,
3143 5941 3369 6001 Ninivcn
3412 5945 3500 6002 di-
