4022 6440
513 461 620 527 175

969 463 1322 524 HAYMONIS
1361 463 1835 556 HALBERS'DAT.
1882 464 2095 524 EPISC.
2137 459 2290 525 OPP.
2331 465 2513 526 PARS
2545 467 2680 524 1.-
2714 462 3071 526 COMMENT.
3109 467 3284 526 BIBL.

3697 469 3801 525 176

510 587 610 654 cit,
640 587 912 660 quondm
949 581 1122 638 aulam
1145 581 1372 652 regiam,
1404 589 1461 637 et
1487 581 1541 637 in
1569 597 1676 652 qua
1697 581 1900 647 leones,
1929 581 1983 636 id
2011 589 2093 638 est
2119 584 2170 649 Α
2197 592 2456 640 corruent
2482 583 2537 639 in
2564 583 2878 656 corporibus
2905 583 3034 641 suis.
3069 603 3089 637 ι
3108 582 3208 640 Vel
3226 582 3281 639 in
3303 597 3404 639 sua
3421 575 3797 640 multitudinev

508 677 870 753 potentissimi
923 683 978 732 et
1017 675 1379 740 crudelissimi
1433 675 1630 730 morati
1674 672 1907 730 fuerant.
1960 692 1978 725 ‹
2013 672 2096 728 Ad

511 787 675 843 quam
699 770 796 826 ivit
823 768 930 835 leo,
951 775 1011 822 ut
1042 767 1421 839 ingrederetur
1454 766 1580 822 illuc
1606 765 1816 822 catulus
1841 765 2034 822 leonis.
2071 785 2090 818 ι

509 865 626 920 Rex
648 859 937 933 Babylonis
963 857 1460 916 Nabuchodonosor
1480 859 1584 925 leo,
1607 865 1662 912 et
1683 856 1891 913 catulus
1926 857 2098 913 leonis

510 952 831 1024 subregulus
857 951 998 1023 ejus.
1035 968 1057 1004 ι
1089 951 1160 1007 Et
1179 967 1288 1008 non
1321 950 1520 1022 estqui
1548 958 1843 1017 exterreat,
1878 969 1897 1004 ι
1933 949 2024 1020 qui
2046 947 2096 1004 ei

505 1045 746 1102 resistat.

582 1158 600 1189 ι
645 1136 758 1193 Leo
786 1135 933 1207 cepit
975 1133 1303 1190 sufficienter
1331 1132 1524 1190 catulis
1557 1133 1702 1199 suis,
1738 1151 1756 1185 ι
1794 1131 1847 1187 id
1887 1139 1968 1186 est
2000 1129 2100 1184 Na-

504 1228 926 1287 buchodonosor
969 1226 1145 1282 victor
1187 1225 1312 1296 jure
1336 1233 1528 1280 cuncta
1555 1223 1816 1295 possedit.
1858 1241 1878 1275 ι
1908 1222 1976 1276 Ει
2003 1235 2100 1276 ne-

507 1321 654 1379 cavit
687 1317 876 1374 leaenis
923 1316 1038 1373 suis
1060 1357 1077 1384 ,
1108 1335 1128 1369 ι
1177 1315 1233 1370 id
1278 1322 1365 1372 est
1392 1315 1616 1370 urbibus
1643 1313 1778 1379 suis,
1826 1311 1913 1368 vel
1947 1318 2100 1367 certe

505 1413 769 1470 uxoribus
797 1410 1042 1480 captivas
1060 1407 1116 1464 in
1140 1406 1454 1463 servitutem
1492 1404 1732 1461 tradidit.
1767 1421 1786 1456 ι
1821 1403 1891 1458 Et
1916 1400 2101 1472 imple-

506 1507 587 1562 vit
626 1504 809 1577 praeda
840 1503 1124 1574 speluncas
1154 1516 1303 1566 suas,
1333 1509 1389 1556 et
1413 1499 1589 1556 cubile
1635 1513 1792 1555 suum
1823 1497 2037 1568 rapina,
2074 1514 2093 1548 ι

506 1601 561 1656 id
587 1606 675 1656 est
697 1598 946 1654 civitates
974 1603 1029 1652 et
1055 1595 1270 1652 castella
1298 1611 1392 1650 sua
1425 1593 1540 1650 sive
1568 1591 1791 1659 scrinia,
1829 1608 1981 1657 auro,
2010 1606 2098 1644 ar-

505 1700 669 1766 gento
697 1731 712 1757 ,
791 1688 1046 1759 omnique
1097 1687 1334 1760 pretiosa
1405 1684 1739 1758 supellectile
1789 1684 2096 1756 complevit.

505 1787 669 1843 Juxta
697 1781 1076 1856 tropologiam,
1129 1797 1254 1838 cum
1296 1779 1490 1836 Ninive
1513 1786 1725 1835 vastata
1763 1777 1947 1843 fuerit,
1997 1777 2102 1832 hoc

504 1887 589 1938 est
633 1895 758 1937 cum
803 1877 1034 1932 mundus
1065 1877 1157 1946 qui
1212 1876 1266 1931 in
1306 1875 1541 1945 maligno
1580 1874 1789 1946 positus
1827 1883 1930 1938 est,
1971 1886 2099 1943 per-

2201 674 2328 730 dum
2351 673 2574 730 interse
2602 673 2826 730 nimium
2864 675 3262 744 constipantur,
3306 673 3392 730 vel
3420 672 3476 730 in
3511 674 3803 730 cadaveri-

2197 765 2301 824 bus
2329 766 2758 824 interfectorum.
2812 786 2832 820 ι
2859 766 3092 840 PrOpter
3117 765 3518 823 multitudinem
3549 765 3800 822 fornica-

2200 860 2406 916 tionum
2432 861 2736 918 meretricis
2759 861 3020 933 speciosae
3041 869 3098 917 et
3121 868 3293 932 gratae
3333 868 3388 916 et
3406 859 3666 916 habentis
3690 874 3805 914 ma-

2199 951 2395 1020 leficia,
2425 940 2547 1024 qua:
2566 953 2810 1010 vendidit
2843 961 3030 1025 gentes
3056 953 3114 1009 in
3157 951 3612 1009 fornicationibus
3657 951 3801 1020 suis,

2198 1053 2254 1102 et
2281 1045 2510 1101 familias
2537 1046 2590 1101 in
2620 1045 2902 1102 maleficiis
2942 1047 3056 1103 suis
3094 1065 3114 1098 ι
3158 1045 3498 1102 Meretricem
3536 1043 3800 1111 Niniven,

2198 1134 2284 1190 vel
2309 1145 2531 1207 propter
2557 1135 2947 1202 idololatriam,
2985 1137 3070 1192 vel
3113 1135 3244 1208 quia
3272 1136 3513 1192 omnium
3546 1137 3800 1208 gentium

2199 1234 2320 1282 erat
2342 1226 2666 1297 emporium,
2720 1235 2777 1283 et
2802 1227 3196 1299 negotiationes
3241 1227 3330 1284 vel
3355 1242 3570 1283 merces
3603 1242 3801 1283 earum

2200 1318 2569 1389 suscipiebant
2599 1335 2613 1374 :
2649 1327 2706 1374 et
2730 1319 2934 1376 idcirco
2954 1325 3079 1375 c'um
3123 1317 3376 1375 omnibus
3401 1320 3656 1390 gentibus
3685 1319 3804 1374 for-

2201 1410 2543 1477 nicabantur,
2591 1419 2647 1467 et
2695 1411 2937 1466 omnium
2983 1411 3222 1480 gentium
3259 1410 3416 1467 idolis
3457 1411 3801 1468 serviebant.

2199 1501 2271 1557 Et
2301 1501 2502 1558 idcirco
2528 1510 2756 1559 vocatur
2778 1502 3034 1558 meretrix
3063 1501 3306 1572 speciosa
3334 1509 3389 1557 et
3416 1511 3573 1573 grata
3611 1511 3667 1558 et
3699 1504 3803 1558 ha-

2201 1591 2334 1648 bens
2376 1592 2662 1650 maleficia.
2715 1593 3017 1650 Studebant
3044 1594 3274 1666 magicis
3311 1595 3541 1661 artibus,
3575 1603 3633 1650 et
3659 1595 3804 1650 mul-

2201 1693 2286 1742 tas
2309 1696 2497 1759 gentes
2533 1689 2634 1745 sub
2662 1704 2757 1744 sua
2809 1689 3016 1746 ditione
3059 1690 3336 1746 tenebant.
3386 1687 3579 1746 Altiori
3611 1704 3799 1754 sensu,

2202 1778 2396 1837 Ninive
2425 1781 2687 1837 mundum
2715 1782 2982 1854 designat,
3021 1782 3077 1838 in
3104 1799 3211 1854 quo
3237 1771 3504 1855 plurimus
3520 1783 3800 1854 justorum

2201 1869 2446 1926 funditur
2481 1872 2723 1944 sanguis,
2753 1873 2808 1928 in
2838 1888 2945 1945 quo
2973 1874 3213 1930 haeretici
3243 1873 3418 1945 gladio
3446 1873 3650 1946 linguae
3688 1891 3802 1932 sua:

505 1973 805 2040 transierit,
861 1970 1044 2026 dicent
1066 1969 1237 2024 sancti
1269 1967 1604 2024 exsultantes
1634 1983 1647 2020 :
1690 1965 1792 2021 Ubi
1824 1974 1910 2020 est
1937 1963 2095 2020 habi-
2122 1952 2171 2013 Β
2201 1961 2449 2020 homines
2471 1962 2822 2020 interficiunt.
2854 1965 3164 2022 Audiuntur
3185 1966 3241 2022 in
3269 1982 3336 2024 eo
3365 1981 3527 2024 voces
3551 1967 3799 2040 ﬂagello-

503 2065 746 2122 taculum
771 2063 1012 2127 leonum,
1069 2061 1124 2116 id
1161 2068 1244 2116 est
1285 2062 1611 2126 dmmonum,
1667 2066 1723 2114 et
1753 2057 1846 2113 ubi
1891 2069 2095 2128 pascua

501 2156 810 2214 catulorum
840 2153 1202 2224 malignorum
1249 2151 1559 2222 spirituum,
1611 2148 1704 2220 qui
1729 2148 2002 2220 rugientes
2034 2156 2096 2202 ut

502 2250 751 2322 rapiant,
797 2255 854 2303 et
881 2253 1129 2317 quaerant
1168 2259 1199 2300 a
1248 2245 1360 2300 Deo
1403 2257 1583 2299 escam
1634 2240 1782 2296 sibi?
1809 2239 1893 2296 Ad
1931 2255 2096 2310 quam

499 2340 734 2398 Niniven
761 2338 860 2394 ivit
907 2337 1009 2401 leo,
1039 2335 1093 2391 id
1139 2341 1224 2390 est
1251 2333 1535 2400 diabolus,
1581 2341 1638 2388 et
1662 2329 1876 2387 catulus
1923 2328 2097 2384 leonis

498 2431 892 2497 Antichristus,
921 2429 1108 2499 dequo
1133 2426 1424 2498 Apostolus
1449 2445 1462 2481 :
1485 2445 1504 2478 ι
1530 2423 1890 2481 Adversarius
1920 2431 2097 2478 vester

500 2522 752 2580 diabolus
778 2528 1039 2592 tanquam
1064 2517 1152 2574 leo
1186 2518 1427 2590 rugiens,
1463 2536 1483 2570 ι
1526 2525 1632 2572 etc.
1677 2513 1834 2570 Hunc
1882 2513 2095 2569 leonem

498 2624 630 2672 ante
659 2614 952 2671 adventum
978 2610 1182 2668 Christi
1212 2626 1322 2665 non
1367 2608 1470 2664 fuit
1511 2607 1604 2678 qui
1643 2615 1968 2673 exterreret,
2001 2605 2097 2661 do-

496 2720 604 2764 nec
649 2701 963 2776 supervenit
1007 2700 1202 2758 fortior
1256 2699 1379 2766 illo,
1431 2706 1487 2754 et
1516 2697 1757 2769 alligavit
1790 2697 2010 2762 fortem,
2040 2704 2098 2752 et

497 2800 788 2873 speluncas
816 2797 970 2870 ejus,
1024 2795 1117 2870 (id
1144 2802 1230 2851 est
1279 2792 1462 2850 abdita
1515 2791 1851 2864 inferorum)
1883 2798 2095 2847 scruta-

497 2904 588 2952 tus
613 2901 720 2961 est,
749 2901 805 2950 et
831 2891 1053 2963 rapinas
1079 2887 1198 2960 ejus
1243 2887 1322 2960 (id
1343 2895 1428 2943 est
1476 2885 1726 2942 homines
1771 2898 1906 2955 quos
1945 2893 2094 2939 tene-

498 2989 616 3063 bat)
653 2989 723 3045 ab
753 2985 871 3058 ejus
895 2993 1163 3059 potestate
1191 2984 1408 3056 eripuit.

574 3097 596 3132 «
629 3079 771 3136 Ecce
817 3092 919 3150 ego
968 3077 1036 3133 ad
1067 3083 1140 3143 te,
1178 3075 1310 3133 dicit
1337 3075 1600 3132 Dominus
1634 3073 1988 3139 exercituum,
2038 3079 2094 3128 et

495 3171 826 3229 succendam
879 3185 1051 3241 usque
1104 3169 1172 3226 ad
1240 3167 1448 3225 fumum
1501 3168 1791 3240 quadrigas
1850 3177 1973 3223 tuas
2037 3174 2095 3222 et

495 3262 778 3322 leunculos
806 3270 928 3318 tuos
974 3261 1222 3318 comedet
1247 3260 1478 3332 gladius,
1519 3268 1579 3316 ct
1620 3259 1995 3324 exterminaho
2026 3258 2091 3312 de

494 3367 644 3414 terra
698 3355 939 3426 praedam
993 3362 1181 3419 tuam,
1239 3317 1296 3408 et
1349 3369 1460 3410 non
1500 3351 1751 3408 audietur
1799 3351 1945 3405 ultra
1987 3366 2088 3406 vox
2118 3317 2168 3384 ο

494 3449 814 3505 nuntiorum
842 3455 1080 3502 tuorum.
1113 3463 1132 3496 ι
1163 3443 1208 3501 Ο
1234 3443 1450 3510 Ninive,
1476 3444 1595 3500 haec
1621 3443 1804 3500 omnia
1829 3457 2096 3513 quasprae-

495 3539 643 3596 dicta
680 3545 824 3603 sunt,
850 3553 959 3592 non
987 3536 1115 3603 alio,
1149 3537 1242 3592 sed
1272 3551 1362 3592 me
1393 3544 1606 3607 agente,
1637 3536 1880 3608 patieris.
1910 3557 1928 3589 ε
1954 3537 2096 3592 Ecce

495 3645 598 3706 ego
625 3631 693 3687 ad
722 3639 796 3696 te,
831 3649 851 3682 ι
887 3628 979 3700 qui
1009 3636 1162 3684 actor
1187 3644 1306 3684 sum
1333 3630 1526 3686 horum
1561 3629 1826 3697 omnium,
1870 3644 2095 3686 succen-

495 3722 626 3780 dam
657 3737 829 3792 usque
855 3720 924 3776 ad
949 3719 1181 3788 fumum,
1218 3720 1272 3776 id
1319 3729 1408 3777 est
1445 3736 1617 3793 usque
1647 3721 1715 3776 ad
1744 3737 2091 3778 consumma-

497 3815 742 3873 tionem:
800 3829 928 3870 nam
964 3812 1253 3870 deficiente
1301 3814 1426 3887 igne
1471 3822 1528 3871 et
1572 3814 1720 3887 ligno
1748 3825 2089 3887 consumpto,

494 3907 680 3965 fumus
731 3916 996 3965 remanet.
1048 3906 1118 3962 Et
1145 3906 1353 3964 catulos
1401 3915 1524 3965 tuos
1546 3949 1562 3976 ,
1597 3907 1652 3963 id
1679 3917 1764 3964 est
1799 3909 2009 3964 nobiles
2037 3916 2094 3962 et

495 4000 816 4074 subregulos
853 4010 1010 4068 tuos,
1038 3999 1320 4057 devorabit
1346 4000 1577 4073 gladius.
1609 4000 2000 4057 Exterminabo
2026 4001 2093 4055 de

495 4107 644 4156 terra
667 4098 908 4171 praedam
946 4104 1118 4161 tuam,
1145 4104 1207 4152 ut
1229 4112 1338 4154 non
1379 4095 1520 4151 ultra
1549 4110 1670 4152 eam
1693 4095 1962 4164 devastes,
1991 4110 2091 4152 nec

491 4190 700 4246 tributa
730 4189 937 4261 exigas.
974 4188 1102 4244 Haec
1138 4187 1322 4244 omnia
1367 4203 1489 4259 quae
1534 4187 1604 4243 ad
1626 4187 1855 4243 Niniven
1902 4187 2094 4243 dicun-

492 4289 604 4348 tur,
645 4281 703 4336 in
727 4279 936 4350 judicio
986 4295 1152 4352 super
1193 4277 1467 4335 diabolum
1513 4287 1570 4334 et
1623 4279 1740 4350 ejus
1799 4279 2091 4350 complices

493 4379 724 4434 ventura
751 4382 898 4432 sunt.

1101 4507 1334 4566 CAPUT
1366 4506 1452 4563 Ill.

2198 2065 2340 2120 rum,
2388 2054 2514 2124 quia
2543 2053 2726 2112 multa:
2763 2055 3140 2113 tribulationes
3184 2055 3479 2126 iustorum.
3534 2058 3682 2129 Ergo
3711 2074 3801 2114 ca-

2199 2145 2328 2200 dent
2350 2145 2404 2200 in
2427 2146 2748 2217 corporibus
2769 2147 2900 2214 suis,
2957 2163 3080 2204 cum
3109 2163 3209 2218 per
3245 2147 3470 2204 nimiam
3513 2147 3799 2207 libidinem

2199 2252 2351 2293 suam
2368 2238 2652 2294 debilitant
2675 2256 2927 2312 corpora,
2953 2241 3039 2297 vel
3053 2241 3218 2298 etiam
3238 2241 3292 2297 in
3321 2242 3434 2298 suis
3452 2242 3656 2298 cadunt
3678 2259 3800 2302 cor—

2196 2328 2614 2401 poribus,'quia,
2643 2339 2703 2386 ut
2727 2330 2803 2386 ait
2822 2331 3145 2403 Apostolus:
3175 2351 3196 2384 ι
3222 2331 3325 2400 Qui
3352 2332 3711 2401 fornicantur,
3742 2335 3799 2393 in

2199 2433 2397 2488 corpus
2419 2435 2576 2475 suum
2605 2429 2850 2492 peccant.
2887 2441 2908 2475 ι
2932 2421 3012 2478 lbi
3040 2422 3260 2490 cadunt,
3285 2422 3360 2479 ibi
3386 2423 3796 2482 damnationem

2197 2518 2412 2567 aeterna:
2440 2514 2630 2568 mortis
2654 2513 2961 2584 acquirunt.

2275 2620 2296 2654 ι
2327 2602 2470 2660 Ecce
2496 2617 2596 2675 ego
2632 2605 2700 2660 ad
2728 2612 2783 2660 te
2802 2604 2936 2662 dicit
2955 2605 3216 2663 Dominus
3242 2608 3602 2676 exercituum,
3635 2618 3691 2666 et
3715 2625 3796 2666 re.

2197 2694 2390 2752 velabo
2417 2696 2666 2767 pudenda
2694 2705 2788 2752 tua
2812 2697 2868 2753 in
2894 2697 3033 2754 facie
3054 2707 3169 2766 tua,
3215 2708 3271 2756 et
3307 2701 3593 2758 ostendam
3621 2703 3796 2775 genti-

2197 2785 2300 2842 bus
2337 2787 2635 2844 nuditatem
2665 2797 2835 2855 tuam,
2882 2797 2938 2844 et
2975 2790 3196 2862 regibus
3233 2790 3588 2864 ignominiam
3616 2800 3791 2861 tuam,

2196 2885 2253 2932 et
2278 2876 2561 2949 projiciam
2591 2893 2754 2951 super
2781 2888 2834 2935 te
2854 2881 3287 2939 abominationes
3311 2925 3328 2951 ,
3358 2891 3415 2940 et
3447 2885 3794 2942 contumeliis

2198 2978 2252 3027 te
2277 2969 2529 3038 aﬁiciam,
2561 2979 2615 3028 et
2638 2987 2836 3042 ponam
2875 2983 2930 3029 te
2965 2975 3020 3030 in
3047 2976 3376 3048 exemplum.
3413 2997 3434 3030 ι
3460 2976 3654 3034 Adhuc
3697 2978 3794 3034 Ni-

2197 3064 2320 3121 nive
2375 3065 2740 3122 comminatur
2795 3066 2974 3135 Deus,
3036 3068 3182 3138 quod
3236 3070 3490 3126 ostendat
3540 3070 3798 3142 gentibus

2197 3156 2549 3229 ignominiam
2574 3155 2713 3228 ejus,
2765 3165 2827 3214 ut
2851 3157 2928 3214 illi
2966 3158 3059 3230 qui
3107 3175 3230 3216 cum
3260 3176 3325 3216 ea
3361 3159 3612 3217 fornicati
3643 3173 3795 3228 sunt,

2198 3252 2300 3322 ipsi
2330 3267 2450 3307 eam
2502 3252 2801 3324 despiciant
2850 3260 2907 3308 et
2934 3253 3276 3310 contumeliis
3311 3253 3561 3319 alliciant,
3609 3253 3798 3324 sitque

2197 3343 2453 3399 omnibus
2483 3343 2540 3399 in
2588 3344 2914 3416 exemplum.
2963 3345 3059 3401 Est
3107 3354 3288 3402 autem
3323 3345 3642 3417 metaphora
3671 3362 3800 3402 mu-

2199 3435 2349 3492 lieris
2379 3435 2652 3503 adulterae,
2699 3453 2819 3508 qua:
2841 3453 2965 3494 cum
2992 3436 3160 3494 fuerit
3183 3439 3547 3509 deprehensa,
3587 3438 3794 3512 produ-

2196 3527 2341 3583 citur
2372 3527 2429 3584 in
2451 3529 2709 3596 medium,
2743 3537 2802 3585 et
2827 3539 2954 3586 ante
2979 3530 3224 3587 omnium
3253 3531 3441 3588 oculos
3478 3532 3794 3598 damnatur,

2196 3631 2254 3679 et
2275 3623 2338 3678 fit
2375 3624 2680 3695 exemplum
2721 3625 2932 3682 caeteris
2959 3626 3296 3684 mulieribus.
3354 3625 3482 3682 Haec
3518 3634 3701 3682 autem
3741 3635 3797 3682 et

2197 3715 2266 3769 ad
2293 3716 2557 3772 mundum
2583 3716 2917 3788 tropologice
2965 3716 3158 3775 referri
3207 3727 3458 3790 possunt,
3507 3717 3665 3789 cujus
3690 3735 3795 3790 pu—

2195 3807 2369 3864 denda
2401 3809 2454 3864 in
2481 3807 2676 3866 faciem
2703 3811 2967 3869 Dominus
2993 3812 3279 3882 revelabit,
3331 3829 3455 3870 cum
3476 3829 3602 3871 eum
3629 3813 3797 3871 faciet

2194 3898 2380 3954 videre
2405 3913 2622 3958 errores
2647 3918 2796 3960 suos.
2849 3902 3110 3960 Ostendet
3136 3904 3304 3962 etiam
3332 3905 3643 3963 nuditatem
3677 3905 3796 3975 ejus

2195 3994 2464 4064 gentibus,
2497 4006 2556 4050 ut
2580 3996 2883 4069 intelligant
2905 3999 3049 4070 quod
3073 3999 3518 4057 condemnandus
3540 3999 3615 4057 sit
3642 4015 3797 4056 mun-

2194 4088 2296 4144 dus
2330 4088 2457 4158 iste,
2507 4091 2600 4162 qui
2648 4090 2774 4147 dum
2826 4102 3050 4164 putatur
3095 4095 3286 4161 teneri,
3338 4093 3514 4166 fugit:
3575 4103 3633 4150 et
3661 4095 3793 4151 nulli

2193 4191 2500 4240 amatorum
2536 4182 2700 4240 fidem
2751 4197 2959 4254 servat,
2995 4189 3091 4244 sed
3129 4203 3253 4246 cum
3284 4187 3512 4244 miseros
3541 4188 3797 4245 homines

2193 4274 2489 4348 deceperit,
2526 4277 2692 4334 tradit
2713 4291 2809 4334 eos
2831 4287 3046 4336 aeterna:
3070 4279 3384 4350 perditioni.

2267 4388 2286 4423 ι
2316 4369 2385 4426 Et
2414 4370 2520 4428 erit
2541 4371 2720 4428 omnis
2743 4372 2836 4444 qui
2881 4373 3082 4430 viderit
3114 4383 3186 4441 te,
3229 4373 3438 4431 resiliet
3463 4390 3494 4431 a
3519 4383 3599 4443 te,
3628 4386 3688 4433 et
3712 4377 3798 4432 di-

2189 4470 2320 4520 cet:
2351 4463 2579 4520 Vastata
2607 4473 2692 4521 est
2734 4463 2947 4524 Ninive.
2988 4486 3008 4521 i
3043 4465 3364 4541 Quicunque
3390 4469 3612 4544 (inquit)
3643 4472 3797 4528 vide-

2189 4554 2262 4610 rit
2284 4562 2554 4611 vastatam
2597 4553 2860 4626 Niniven,
2898 4567 2956 4614 et
2985 4558 3041 4614 in
3081 4559 3391 4632 exemplum
3416 4562 3673 4619 omnibus
3696 4579 3796 4635 po-

577 4664 597 4702 α
623 4645 739 4713 Vae,
782 4644 976 4702 civitas
1019 4643 1364 4716 sanguinum,
1406 4641 1665 4698 universa
1692 4641 1958 4698 mendacii
2009 4643 2092 4700 di-
2113 4688 2169 4751 Β
2195 4645 2382 4712 sitam,
2412 4645 2618 4702 resiliet
2644 4649 2713 4703 ab
2741 4664 2830 4715 ea,
2861 4649 3058 4706 timens
3107 4651 3308 4706 involvi
3335 4651 3393 4707 in
3421 4651 3585 4708 simili
3600 4670 3790 4725 poma,

497 4738 826 4797 laceratione
877 4736 1036 4808 plena
1061 4776 1077 4802 ,
1130 4749 1238 4790 non
1288 4735 1507 4791 recedet
1535 4750 1566 4788 a
1602 4742 1655 4789 te
1683 4734 1892 4806 rapina.
1925 4755 1946 4788 ι
1981 4735 2088 4792 De-

498 4833 757 4892 scribitur
786 4830 1027 4903 potentia
1079 4827 1269 4884 Ninive
1304 4829 1576 4897 civitatis,
1624 4839 1680 4886 et
1705 4831 1805 4886 sub
1853 4831 2086 4902 quadam

495 4923 883 4982 lamentatione
923 4920 1216 4978 crudelitas
1258 4919 1374 4989 ejus
1420 4921 1685 4993 arguitur.
1732 4923 1825 4977 Vae
1865 4921 2086 4994 (inquit)

495 5017 689 5073 civitas
711 5013 1038 5086 sanguinum
1067 5019 1121 5068 et
1150 5013 1582 5080 homicidiorum,
1608 5014 1662 5068 in
1691 5028 1794 5086 qua
1819 5013 1965 5068 nulla
2003 5021 2089 5068 est

497 5109 718 5177 veritas,
751 5107 846 5164 sed
871 5122 1030 5162 omne
1069 5107 1430 5176 mendacium,
1464 5107 1624 5179 plena
1650 5108 1837 5180 rapina
1863 5117 1915 5163 et
1946 5107 2088 5163 lace-

499 5200 711 5256 ratione
766 5199 1111 5270 praedarum.
1168 5215 1198 5254 a
1243 5214 1350 5270 qua
1410 5215 1690 5271 nunquam
1741 5201 1928 5271 rapina
1996 5216 2083 5256 rc-

498 5291 682 5346 cessit.

579 5401 600 5434 ι
629 5382 745 5438 Vox
779 5380 993 5454 flagelli,
1021 5391 1077 5439 et
1099 5399 1202 5440 vox
1240 5384 1474 5457 impetus
1520 5393 1677 5450 rotae,
1727 5393 1782 5440 et
1804 5384 1926 5454 equi
1972 5384 2083 5441 fre-

498 5474 716 5540 mentis,
745 5483 800 5529 et
829 5476 1104 5549 quadrigae
1139 5477 1422 5544 ferventis,
1466 5486 1522 5532 et
1546 5477 1744 5549 equitis
1783 5476 2083 5533 ascenden-

498 5566 608 5631 tis,
661 5574 716 5622 et
755 5566 1006 5624 micantis
1033 5568 1234 5641 gladii,
1286 5578 1342 5624 et
1390 5569 1714 5639 fulgurantis
1770 5569 1974 5636 hastae,
2030 5579 2085 5627 et

497 5659 854 5717 multitudinis
899 5660 1214 5726 interfectae,
1264 5671 1320 5717 et
1364 5661 1546 5732 gravis
1592 5661 1780 5716 ruinae.
1809 5681 1830 5716 ›
1882 5654 2081 5721 Vocem

495 5768 596 5822 pro
623 5753 800 5809 sonitu
831 5754 1027 5824 posuit.
1083 5753 1450 5809 Pulcherrima
1490 5754 1782 5825 descriptio
1811 5757 2084 5813 exercitus

495 5847 564 5903 ad
596 5849 841 5918 praelium
868 5865 928 5906 se
965 5851 1341 5921 praeparantis.
1378 5872 1395 5901 ‹
1426 5849 1533 5907 Nec
1570 5860 1653 5908 est
1691 5852 1815 5910 ﬁnis
1862 5856 2084 5911 cadave-

494 5953 618 5997 rum
644 5959 663 5993 ι
696 5957 906 6009 eorum,
934 5943 1062 6014 quia
1092 5942 1145 5999 in
1183 5943 1402 6000 civitate
1431 5949 1682 6016 prostrati
1722 5955 1902 6002 erunt.
1962 5969 1978 5999 ι
2016 5949 2082 6004 Et

2193 4750 2249 4796 et
2272 4740 2540 4796 miserans
2565 4755 2686 4796 eam
2715 4741 2858 4798 dicct
2887 4760 2901 4800 :
2945 4763 2963 4796 ‹
2994 4742 3128 4811 Quis
3155 4744 3519 4801 commovebit
3542 4761 3713 4818 super
3739 4755 3795 4802 te

2191 4837 2393 4908 caput?
2419 4837 2563 4894 unde
2587 4853 2828 4908 quaeram
2850 4840 3246 4898 consolatorem
3277 4841 3415 4898 tibi?
3447 4862 3467 4896 ι
3503 4840 3640 4910 Quis
3667 4853 3796 4898 tuus

2191 4929 2296 4984 erit
2323 4929 2656 4998 consolator,
2693 4947 2815 5002 quae
2859 4933 2986 4988 dum
3017 4934 3072 4988 in
3107 4941 3197 4989 tua
3223 4933 3372 4990 fuisti
3401 4935 3790 5006 prosperitate,

2191 5019 2322 5075 nulli
2337 5021 2702 5090 miserebaris,
2720 5039 2821 5081 nec
2836 5025 3070 5096 parabas
3082 5027 3178 5082 tibi
3192 5027 3400 5084 socium
3411 5027 3466 5082 in
3479 5027 3624 5084 luctu
3636 5070 3651 5091 ,
3671 5037 3796 5082 tan-

2190 5128 2353 5182 quam
2366 5130 2580 5188 semper
2601 5115 2751 5183 felix,
2773 5133 2988 5190 semper
2999 5134 3187 5191 posses
3205 5135 3327 5176 esse
3339 5118 3553 5176 domina
3567 5121 3592 5174 7
3609 5117 3722 5176 Sed
3737 5131 3795 5176 et

2193 5221 2292 5261 nos
2305 5221 2426 5262 cum
2452 5208 2858 5265 consideramus
2870 5218 3120 5266 naturam
3140 5210 3328 5268 mundi
3343 5209 3583 5279 labilem,
3601 5219 3660 5267 et
3671 5227 3794 5267 om-

2191 5313 2314 5353 nem
2347 5299 2465 5370 ejus
2491 5299 2717 5371 gloriam
2751 5302 3094 5360 velocissimo
3127 5319 3289 5360 cursu
3333 5305 3568 5360 transire
3588 5347 3604 5372 ,
3656 5315 3792 5362 tunc

2192 5391 2461 5447 resilimus
2498 5393 2566 5447 ab
2595 5408 2680 5458 eo,
2722 5394 2826 5451 hoc
2853 5403 2937 5451 est
2979 5395 3350 5452 subtrahimus
3369 5411 3470 5454 nos
3501 5396 3569 5453 ab
3595 5413 3793 5455 amore

2189 5480 2322 5550 ejus,
2366 5484 2490 5540 odio
2517 5485 2778 5542 habemus
2801 5488 3273 5559 concupiscentias
3296 5487 3436 5559 ejus,
3483 5506 3605 5561 qua:
3633 5507 3788 5546 mer-

2190 5585 2323 5648 gunt
2358 5577 2411 5632 in
2441 5577 2743 5647 interitum,
2773 5587 2831 5635 et
2855 5595 2920 5636 ea
2944 5595 3064 5651 quae
3102 5590 3230 5637 sunt
3250 5591 3454 5638 aeterna
3491 5582 3792 5653 incipimus

2189 5670 2514 5728 desiderare.

2266 5782 2283 5813 ι
2320 5761 2571 5834 Nunquid
2623 5765 2818 5824 melior
2846 5783 2905 5824 es
2949 5768 3018 5825 ab
3058 5767 3388 5825 Alexandria
3435 5767 3790 5840 populorum,

2189 5871 2310 5928 qua:
2347 5856 2557 5914 habitat
2585 5858 2642 5914 in
2680 5859 3031 5930 fluminibus?
3062 5860 3232 5934 Aqua:
3261 5861 3316 5917 in
3359 5860 3594 5917 circuitu
3639 5861 3790 5930 ejus.

2189 5950 2344 6022 cujus
2373 5951 2574 6008 divitia:
2621 5970 2787 6011 mare.
2833 5955 3001 6028 Aqu:e
3043 5957 3186 6014 muri
3210 5955 3349 6030 ejus.
3385 5975 3404 6010 ι
3437 5955 3670 6012 Ammon
3710 5958 3790 6010 in-
