3962 6340
257 432 362 488 177

1267 426 1657 487 ENARRATIO
1694 423 1762 482 IN
1795 423 2038 482 NAHUM
2076 424 2514 482 PROPHETAM.

3405 428 3505 496 1⁸18

253 556 585 619 terpretatur
607 546 833 616 papulas
859 545 1212 610 Alexandriae,
1235 543 1666 614 describiturque
1693 543 1830 598 situs
1856 544 1909 604 Α
1933 551 2262 612 congregare
2285 548 2346 594 ut
2371 539 2631 608 bruchus,
2661 503 3018 612 multiplicare
3042 547 3104 598 ut
3125 540 3350 600 locusta.
3379 542 3505 602 Plu-

251 641 426 712 ipsius
440 635 795 694 Alexandriae.
826 635 1089 692 Hebraice
1128 635 1274 692 enim
1314 634 1484 693 Noma
1505 635 1830 691 Alexandria

251 730 475 788 dicitur.
523 725 787 798 Loquitur
829 742 958 799 ergo
1001 726 1264 799 propheta
1290 725 1360 782 ad
1387 725 1650 782 Niniven:
1681 724 1830 780 Nun-

251 819 385 892 quid
407 817 624 882 melior,
641 833 702 875 es
729 826 821 873 aut
847 816 1118 889 potentior
1141 831 1200 872 es
1227 815 1440 888 populis
1468 815 1829 881 Alexandriae,

251 930 375 986 quas
400 927 562 984 super
586 909 766 970 Nilum
789 921 846 969 et
864 926 1013 968 mare
1048 911 1226 984 posita
1252 952 1268 979 ,
1296 911 1426 967 hinc
1449 911 1575 968 inde
1597 909 1832 965 ﬂumini—

254 1007 724 1066 nibus'ambiturl
777 1025 797 1059 ι
832 1005 1000 1078 Aqua:
1027 1005 1084 1060 in
1107 1004 1338 1060 circuitu
1364 1004 1500 1076 ejus.
1535 1024 1556 1058 ι
1609 1005 1690 1060 Ex
1723 1019 1830 1060 una

251 1101 399 1158 enim
430 1111 585 1174 parte
616 1099 760 1169 Nilo,
792 1115 863 1156 ex
908 1098 1015 1156 alia
1053 1097 1175 1155 lacu
1221 1097 1534 1165 Mareotico,
1576 1112 1644 1153 ex
1671 1097 1828 1153 tertia

253 1193 394 1248 mari
423 1193 678 1266 cingitur.

327 1304 347 1338 ι
375 1265 652 1358 ,Ειιιίὸρίδ
681 1285 938 1344 fortitudo
960 1285 1098 1356 ejus,
1141 1265 1506 1357 etEgyptus,
1534 1290 1592 1338 et
1614 1297 1722 1338 non
1744 1290 1830 1338 est

249 1377 398 1432 ﬁnis.
425 1375 608 1432 Africa
634 1387 690 1434 et
714 1375 911 1450 Libyes
937 1376 1156 1434 fuerunt
1181 1376 1240 1435 in
1264 1359 1466 1432 auiilio
1496 1383 1620 1442 tuo,
1653 1374 1750 1431 sed
1773 1382 1831 1430 et

249 1474 368 1543 ipsa
395 1473 451 1526 in
470 1470 1001 1544 transmigrationem
1022 1470 1183 1527 ducta
1200 1478 1283 1526 est
1307 1470 1364 1526 in
1384 1468 1770 1539 captivitatem.
1801 1485 1836 1544 ι¹

243 1558 389 1632 Quid
427 1562 706 1636 Ethiopian
744 1572 801 1620 et
823 1561 1094 1636 Egyptus
1121 1571 1179 1619 et
1204 1571 1434 1630 caeteras,
1464 1577 1600 1633 quas
1627 1557 1840 1636 descri-_‘

247 1656 349 1722 bit,
394 1633 641 1711 nationes
689 1655 745 1711 in
771 1633 1024 1727 praesidio
1065 1654 1270 1713 fuerint
1313 1655 1672 1721 Alexandriaa,
1712 1633 1836 1730 ipse:

245 1748 384 1803 situs
420 1746 818 1818 provinciarum
855 1748 1111 1804 ostendit.
1144 1747 1252 1804 Sed
1275 1757 1331 1802 et
1358 1750 1474 1818 ipsa
1507 1747 1726 1819 (inquit)
1770 1747 1826 1803 in

247 1836 778 1908 transmigrationem
816 1839 1059 1895 ducetur.
1097 1857 1118 1891 ι
1152 1837 1371 1894 Parvuli
1395 1838 1514 1908 ejus
1536 1838 1654 1894 elisi
1699 1847 1840 1894 sunt!

248 1927 301 1982 iu
326 1923 765 1996 capite’omnium
791 1928 1028 1995 viarum,
1047 1935 1104 1984 et
1125 1941 1290 2000 super
1313 1927 1544 1999 inclytos
1569 1929 1685 2000 ejus
1725 1929 1825 1984 mi-

248 2025 438 2074 serunt
467 2027 691 2088 sortem,
733 2027 791 2074 et
812 2034 1002 2076 omnes
1024 2019 1310 2090 optimates
1339 2017 1456 2088 ejus
1479 2017 1676 2074 conﬁxi
1703 2029 1830 2074 sunt

249 2110 306 2166 in
327 2111 777 2183 compedibus.Et
795 2119 852 2167 tu
873 2126 1004 2184 ergo
1027 2110 1404 2176 inebriaberis,
1427 2119 1485 2167 et
1503 2110 1614 2166 eris
1640 2110 1827 2179 despe-

247 2211 361 2268 cta,
378 2210 435 2257 et
463 2211 523 2258 tu
542 2217 752 2275 quaeres
772 2202 1033 2260 auxilium
1066 2204 1135 2260 ab
1155 2203 1396 2259 inimico.
1432 2221 1452 2255 ι
1479 2201 1606 2259 Haec
1627 2203 1830 2258 descri-

244 2296 622 2369 bitpropbeta,
648 2297 938 2354 ostendens
949 2305 1135 2370 quaeet
1151 2312 1314 2369 quam
1341 2296 1580 2353 crudelia
1597 2296 1830 2352 victores

245 2389 411 2445 victis
427 2387 630 2444 faciant
643 2388 813 2445 mala:
837 2387 969 2445 nulli
995 2389 1162 2456 aetati,
1189 2387 1322 2444 nulli
1349 2387 1524 2454 sexui,
1545 2387 1679 2443 nulli
1706 2403 1832 2460 par-

246 2492 378 2538 cant
401 2483 722 2540 conditioni.
760 2482 894 2540 Cum
923 2497 1052 2554 ergo
1077 2482 1194 2538 haec
1216 2495 1444 2553 passura
1474 2481 1547 2536 sit
1591 2479 1826 2536 Alexan-

245 2575 369 2632 dria
393 2575 770 2647 potentissima
797 2575 1011 2642 civitas,
1047 2574 1175 2645 quid
1201 2575 1438 2642 miraris,
1464 2589 1500 2631 ο
1527 2571 1737 2640 Ninive,
1783 2575 1831 2630 si

245 2670 413 2726 etiam
439 2668 540 2727 tibi
562 2669 678 2726 hac
707 2668 827 2740 ipsa
852 2667 1172 2725 evenerint?
1213 2666 1282 2722 Et
1319 2674 1375 2720 tu
1408 2681 1536 2737 ergo
1565 2665 1720 2721 bibes
1761 2664 1830 2720 de

245 2762 443 2819 eodem
485 2759 674 2828 calice,
723 2768 781 2818 et
815 2759 885 2816 ad
925 2767 1132 2816 tantam
1160 2759 1346 2816 venies
1376 2756 1726 2830 ignominiam
1773 2765 1830 2812 et

247 2856 650 2924 necessitatem,
701 2863 763 2912 ut
812 2854 976 2912 etiam
1021 2854 1092 2910 ab
1140 2853 1386 2911 hostibus
1440 2851 1545 2908 tuis
1590 2850 1830 2922 postules

251 2944 533 3007 auxilium.
1817 3001 1830 3011 .

327 3067 349 3100 ι
383 3046 586 3105 Omnes
621 3046 957 3103 munitiones
987 3053 1095 3101 tuae
1132 3044 1274 3100 sicut
1299 3041 1435 3098 ﬁcus
1460 3056 1585 3098 cum
1627 3039 1830 3110 gressis

249 3140 386 3205 suis,
413 3139 463 3196 si
491 3135 1004 3204 concussaefuerint,
1035 3135 1231 3191 cadent
1252 3133 1308 3189 in
1332 3148 1396 3189 os
1421 3117 1822 3188 comedentis.)

245 3231 443 3289 Omnia
474 3227 692 3324 (inquit)
716 3228 1054 3285 ﬁrmamenta
1075 3225 1216 3282 muri
1258 3225 1356 3291 tui,
1391 3222 1637 3279 videlicet
1663 3219 1832 3314 bella-
1857 3257 1904 3324 Ο

251 3332 398 3381 tores
440 3321 541 3390 tui,
581 3322 665 3378 sic
689 3329 852 3376 erunt
867 3321 1008 3376 sicut
1031 3319 1162 3374 ﬁcus
1186 3317 1493 3390 primitivae,
1523 3329 1658 3386 quas
1681 3311 1834 3385 gros-

250 3431 341 3474 sos
375 3413 526 3486 vulgo
551 3414 759 3482 dicunt,
782 3427 902 3485 quas
929 3426 1190 3468 concussa
1212 3410 1402 3466 leviter
1428 3408 1497 3463 ab
1523 3406 1714 3462 arbore
1737 3404 1831 3461 de—

248 3509 446 3574 fluunt,
473 3516 531 3563 et
552 3507 753 3563 cadunt
777 3506 835 3562 in
865 3519 928 3562 os
959 3503 1310 3568 comedentis,
1349 3501 1468 3571 pari
1499 3501 1659 3554 modo
1683 3507 1740 3554 et
1769 3506 1829 3552 tu

249 3599 509 3656 facillime
528 3597 780 3668 capieris,
810 3611 910 3653 nec
937 3595 1138 3652 multus
1171 3593 1229 3649 in
1267 3590 1524 3663 capiendo
1552 3589 1706 3645 labor
1727 3589 1833 3644 erit

250 3691 534 3748 militibus.
568 3688 697 3746 Hzec
712 3689 867 3761 juxta
888 3687 1141 3744 litteram.
1168 3683 1473 3742 Secundum
1497 3681 1829 3753 allegoriam,

248 3784 383 3855 quia
403 3783 633 3839 Ammon
658 3781 842 3854 populi
879 3781 1333 3850 interpretantur,
1361 3773 1485 3832 talis
1508 3782 1687 3846 potest
1711 3787 1833 3829 esse

252 3890 484 3933 sensus:
514 3873 867 3931 Considerate
903 3869 1128 3942 populos
1154 3867 1426 3935 Ecclesiae,
1457 3867 1549 3938 qui
1589 3866 1679 3922 siti
1704 3873 1830 3922 sunt

252 3984 424 4041 super
451 3983 634 4024 amnes
663 3964 1030 4039 propheticos,
1059 3972 1114 4020 et
1141 3963 1344 4019 habent
1387 3960 1444 4016 in
1469 3958 1699 4016 circuitu
1734 3956 1833 4013 ilu-

256 4061 414 4118 mina
443 4060 736 4115 doctorum.
767 4057 936 4129 Cujus
962 4056 1176 4112 initium
1204 4069 1236 4110 a
1259 4053 1399 4110 mari
1425 4060 1529 4120 est,
1577 4051 1632 4108 id
1676 4059 1762 4107 est
1798 4067 1830 4106 a

253 4155 379 4226 lege
407 4150 620 4207 Veteris
643 4149 970 4206 Testamenti
995 4161 1200 4214 amara,
1245 4152 1301 4200 et
1333 4159 1494 4215 quam
1527 4158 1688 4200 nemo
1713 4143 1832 4198 sine

251 4248 376 4319 lege
409 4243 608 4302 Christi
653 4244 828 4316 potuit
855 4241 1169 4314 adimplere.
1219 4238 1392 4295 Habet
1437 4238 1495 4293 in
1523 4235 1832 4293 defensione

249 4337 626 4409 Ethiopiam:
657 4354 678 4388 ι
718 4333 995 4406 Ethiopia
1023 4331 1316 4406 praeveniet
1353 4345 1547 4386 manus
1581 4327 1698 4399 ejus
1723 4329 1834 4382 Deo

251 4433 429 4508 (Paul.
459 4431 628 4504 vau)
667 4449 680 4486 :
717 4449 737 4483 ι
767 4444 888 4500 quae
917 4427 1082 4484 etiam
1110 4440 1207 4496 per
1226 4421 1518 4498 Egyptum
1546 4419 1830 4490 ﬁguratur,

251 4527 512 4600 quoniam
525 4525 581 4580 in
595 4520 834 4578 tenebris
845 4527 970 4574 ante
983 4515 1182 4574 Christi
1197 4513 1476 4570 scientiam
1488 4511 1826 4567 versabatur.

1934 644 2020 687 res
2041 630 2218 687 fecisti
2240 629 2631 702 negotiationes
2658 639 2798 699 tuas,
2825 648 2984 702 quam
3009 632 3172 689 stellae
3207 642 3334 690 sunt
3354 634 3510 701 cmli.

1932 719 2177 777 Bruchus
2200 736 2469 793 expensus
2487 729 2592 788 est,
2618 729 2674 777 et
2698 723 2954 791 avolavit;
2973 725 3222 781 custodes
3246 726 3324 781 tui
3346 727 3503 798 quasi

1932 811 2171 878 locustae,
2225 819 2280 866 et
2307 810 2515 882 parvuli
2555 803 2632 866 ttii
2681 813 2834 882 quasi
2874 813 3094 870 locusta:
3148 815 3500 886 locustarum,

1933 920 2053 976 quae
2076 903 2356 962 consident
2402 904 2456 959 in
2485 904 2704 975 sepibus
2745 904 2800 960 in
2829 903 2917 960 die
2939 906 3175 979 frigoris.
3228 908 3318 964 Sol
3349 919 3502 966 ortus

1930 1006 2034 1064 est,
2075 1005 2129 1053 et
2147 996 2515 1062 evolaverunt,
2549 1005 2730 1053 etnon
2759 1004 2844 1052 est
2870 999 3114 1070 cognitus
3143 999 3291 1057 locus
3315 1017 3500 1056 earum

1931 1092 2022 1147 ubi
2059 1090 2278 1147 fuerint.
2315 1110 2333 1144 ι
2388 1090 2577 1146 Adhuc
2621 1090 2689 1145 ad
2734 1089 2961 1148 Niniven
3007 1107 3185 1148 sermo
3231 1095 3500 1167 dirigitur.

1869 1243 1883 1254 __
1930 1181 2047 1240 Non
2075 1183 2292 1256 (inquit)
2319 1183 2540 1249 mirum,
2565 1183 2608 1237 si
2641 1190 2749 1237 tam
2776 1181 2947 1238 facilis
2972 1191 3058 1240 est
3083 1184 3364 1240 subversio
3388 1194 3499 1252 tua,

1931 1276 2072 1332 sicut
2095 1275 2342 1330 excussio
2372 1273 2764 1344 primitivarum
2787 1273 3035 1340 ﬁcorum,
3064 1289 3189 1330 cum
3209 1275 3386 1331 omnis
3413 1292 3504 1347 po-

1929 1368 2087 1438 pulus
2117 1375 2239 1422 tuus
2261 1363 2597 1421 effeminatus
2621 1365 2712 1430 sit,
2739 1372 2794 1419 et
2816 1372 3047 1436 nequeat
3070 1365 3343 1422 resistere.
3372 1365 3504 1422 Pan-

1931 1460 2128 1514 dentur
2153 1473 2282 1529 ergo
2299 1465 2491 1528 portrc,
2521 1472 2628 1512 non
2656 1457 2864 1522 amicis,
2890 1457 2986 1514 sed
3013 1456 3264 1514 inimicis.
3310 1459 3506 1516 Vectes

1930 1551 2127 1620 quibus
2147 1549 2555 1615 claudebantur,
2582 1547 2720 1620 ignis
2739 1548 3001 1604 absumet.
3038 1549 3175 1616 Quia
3198 1565 3328 1621 ergo
3349 1549 3504 1623 longa

1932 1641 2036 1696 erit
2066 1639 2289 1706 obsidio,
2339 1639 2497 1695 hauri
2525 1639 2621 1693 tibi
2645 1653 2861 1709 aquam,
2898 1646 2954 1695 et
2979 1655 3110 1697 cura
3134 1657 3202 1697 ne
3228 1649 3386 1713 potus
3415 1645 3506 1698 de-

1933 1730 2004 1786 sit
2035 1731 2290 1786 obsessis.
2347 1728 2492 1784 Muni
2523 1737 2698 1785 turres
2729 1738 2870 1797 tuas,
2901 1730 3042 1786 intra
3071 1732 3126 1788 in
3163 1732 3352 1800 lutum,
3380 1735 3506 1790 sub-

1934 1828 2086 1884 audis
2111 1827 2270 1882 nudis
2312 1827 2556 1898 pedibus,
2587 1833 2641 1880 et
2664 1825 2836 1891 calca,
2884 1825 3140 1882 subaudis
3183 1827 3330 1894 illud,
3357 1827 3506 1884 subi-

1929 1935 2080 1990 gens,
2107 1919 2210 1974 hoc
2229 1927 2312 1973 est
2340 1932 2638 1973 macerans
2663 1927 2717 1972 et
2745 1916 3123 1988 compingens:
3153 1925 3207 1972 ct
3235 1933 3358 1974 cum
3381 1918 3506 1973 inde

1928 2007 2123 2064 feceris
2148 2007 2368 2074 lateres,
2405 2017 2528 2064 tene
2557 2006 2696 2072 illos,
2739 2014 2795 2063 et
2816 2007 3039 2062 obstrue
3061 2007 3359 2078 interrupta
3388 2022 3507 2062 mu-

1929 2117 2131 2159 rorum.
2173 2100 2346 2172 Prope
2387 2109 2472 2156 est
2515 2100 2661 2155 enim
2693 2098 2920 2154 obsidio.
2965 2098 3071 2154 Sed
3097 2113 3220 2154 cum
3247 2098 3363 2154 haec
3391 2113 3506 2154 om-

1929 2195 2017 2251 nia
2041 2193 2257 2260 feceris,
2281 2193 2452 2265 gaude
2475 2193 2749 2264 Operibus,
2777 2200 2831 2246 et
2878 2197 2988 2246 tam
3035 2189 3315 2258 velociter,
3343 2189 3505 2245 veluti

1927 2288 2163 2346 bruchus
2216 2288 2436 2343 devorat
2459 2285 2682 2341 herbam
2708 2293 2886 2338 terrae.
2921 2283 3027 2338 Sed
3047 2291 3102 2338 et
3133 2298 3257 2338 cum
3283 2281 3508 2338 immen-

1930 2397 2045 2438 sam
2073 2379 2394 2437 bellatorum
2436 2377 2833 2434 multitudinem
2863 2375 3292 2446 congregaveris,
3345 2375 3420 2430 ita
3449 2383 3508 2430 ut

1929 2474 2138 2530 brucho
2168 2471 2487 2528 densissimo
2512 2478 2568 2525 et
2595 2467 2820 2524 locustis
2868 2467 3169 2537 comparari
3219 2466 3410 2538 possit,
3451 2472 3508 2521 et

1929 2577 2055 2621 cum
2079 2565 2136 2620 in
2166 2578 2333 2618 unum
2360 2559 2696 2632 congesseris
2732 2573 2922 2615 omnes
2960 2558 3239 2613 thesauros
3265 2563 3321 2612 et
3371 2555 3510 2612 divi-

1933 2657 2058 2723 tias,
2112 2655 2204 2726 qui
2253 2669 2360 2710 non
2405 2660 2635 2724 possunt
2679 2650 2987 2718 numerari,
3032 2650 3171 2705 sicut
3220 2663 3321 2705 nec
3360 2656 3508 2704 astra

1931 2749 2075 2816 coeli,
2107 2749 2187 2806 sic
2229 2748 2285 2804 in
2325 2754 2600 2803 momento
2626 2744 2884 2815 temporis
2923 2743 3138 2798 amittes
3163 2741 3283 2798 haec
3304 2740 3508 2807 omnia,

1931 2847 2072 2902 sicut
2097 2845 2328 2913 _locusta
2377 2849 2432 2897 et
2464 2839 2705 2898 bruchus
2744 2838 2830 2894 vel
2865 2838 3103 2893 atelebos
3126 2878 3142 2902 ,
3199 2835 3313 2893 sole
3351 2835 3507 2892 inca-

1933 2939 2169 2995 lescente
2205 2935 2438 3002 avolant,
2486 2949 2587 2990 nec
2631 2931 2997 3004 reperiuntur.
3027 2929 3162 2986 Tres
3198 2929 3343 2986 enim
3382 2935 3511 2985 sunt

1933 3031 2141 3102 species
2204 3029 2530 3086 locustarum
2555 3069 2571 3094 ,
2637 3026 2846 3081 locusta
2913 3021 3084 3092 major
3159 3030 3214 3078 et
3275 3021 3503 3088 volans,

1933 3123 2170 3179 bruchus
2234 3121 2440 3176 locusta
2503 3118 2619 3174 sine
2693 3115 2832 3179 alis,
2912 3111 3152 3167 atelebos
3220 3110 3506 3166 minimum

1935 3229 2103 3284 genus
2153 3221 2210 3267 et
2255 3208 2556 3273 stridulum,
2594 3207 2737 3262 inter
2795 3205 3057 3260 locustam
3093 3209 3149 3256 et
3217 3199 3503 3264 brucbum,

1935 3304 2162 3363 modicis
2218 3301 2409 3374 pennis
2455 3306 2676 3371 reptans
2721 3296 2901 3366 potius
2951 3307 3114 3364 quam
3142 3290 3350 3347 volans.
3393 3286 3496 3344 Na-

1915 3392 2056 3454 tura
2109 3402 2193 3452 est
2221 3392 2462 3450 omnium
2519 3389 2848 3445 locustarum
2900 3392 2962 3440 ut
3001 3383 3200 3454 frigore
3236 3388 3504 3452 torpeant,

1934 3486 2160 3543 volitent
2222 3483 2418 3540 calore.
2456 3478 2827 3551 ,Tropologice
2863 3475 3092 3548 populus
3133 3473 3326 3529 Nimve
3350 3515 3366 3540 ,
3404 3489 3509 3529 saa-

1934 3584 2145 3641 culares
2191 3579 2441 3637 homines
2487 3584 2630 3640 sunt,
2675 3575 2750 3630 ita
2775 3571 2954 3628 carnis
2978 3569 3318 3642 passionibus
3355 3574 3412 3624 et
3447 3567 3512 3622 il-

1932 3681 2162 3738 lecebris
2189 3677 2404 3744 evirati,
2429 3683 2490 3731 ut
2518 3672 2832 3730 mulieribus
2865 3675 3272 3739 comparentur,
3301 3672 3358 3720 et
3376 3663 3512 3720 nihil

1933 3773 2089 3830 virile
2123 3770 2450 3843 possideant.
2499 3766 2836 3837 Quapropter
2863 3763 3174 3834 aperientur
3207 3768 3378 3831 porta:
3420 3772 3512 3814 eo-

1935 3879 2080 3929 rum,
2105 3860 2160 3917 id
2179 3868 2263 3917 est
2289 3873 2480 3916 sensus
2515 3856 2758 3927 corporis
2781 3853 3037 3918 inimicis,
3066 3852 3120 3906 id
3145 3859 3226 3906 est
3254 3847 3512 3904 daemoni-

1934 3955 2054 4012 bus.
2095 3953 2306 4009 Habent
2337 3966 2468 4006 vero
2510 3948 2665 4019 quasi
2693 3945 3016 4004 fortissimos
3039 3950 3220 3997 vectes
3247 3939 3510 3995 rationem

1935 4054 1991 4102 et
2041 4043 2370 4100 intellectum
2395 4081 2410 4108 ,
2456 4039 2652 4110 quibus
2701 4043 2954 4108 poterant
2997 4031 3238 4102 oppilare
3292 4042 3510 4084 sensum

1933 4151 2110 4193 suum.
2161 4135 2268 4190 Sed
2293 4134 2393 4188 hos
2417 4138 2598 4186 vectes
2638 4134 2920 4184 consumet
2966 4124 3124 4196 ignis,
3180 4121 3306 4191 quia
3353 4134 3512 4190 supe-

1934 4234 2124 4283 rantur
2164 4223 2347 4295 ignitis
2375 4219 2572 4278 diaboli
2595 4217 2809 4288 jaculis.
2851 4215 3006 4272 Unde
3032 4210 3343 4286 praecipitur
3387 4207 3511 4265 tali-

1933 4317 2070 4384 bus,
2114 4323 2177 4370 ut
2219 4328 2414 4384 aquam
2448 4309 2714 4368 sermonis
2761 4307 2930 4362 divini
2977 4304 3250 4361 hauriant.
3299 4301 3511 4382 Aquam

1933 4409 2081 4466 enim
2105 4405 2426 4479 profundam
2457 4403 2587 4459 dicit
2613 4399 2868 4456 Salomon
2891 4413 2960 4454 ex
2993 4410 3089 4453 ore
3110 4394 3232 4460 viri,
3257 4403 3312 4450 et
3332 4392 3408 4449 ibi
3433 4392 3510 4448 in-

1933 4497 2154 4555 venient
2175 4494 2391 4566 aliquod
2429 4492 2621 4549 salutis
2668 4488 2988 4546 remedium.
3021 4485 3248 4541 Jubetur
3296 4495 3511 4554 quoque

251 4578 744 4687 populos
765 4610 946 4682 Libyae
968 4620 1207 4668 arenosae
1221 4612 1276 4661 et
1289 4603 1506 4670 sterilis,
1519 4617 1583 4658 ac
1605 4599 1733 4656 solis
1747 4615 1836 4655 ar—
1860 4618 1913 4681 D
1936 4605 2151 4648 sumere
2195 4589 2365 4644 lutum
2393 4593 2450 4642 et
2492 4585 2758 4687 subigere,
2793 4590 2850 4637 ct
2888 4578 3418 4687 lateres‘conﬁcere,’
3450 4586 3512 4631 ut

253 4710 390 4765 dore
408 4667 661 4777 pertistaz,
701 4701 756 4757 id
783 4667 1105 4757 est'eosdem
1132 4695 1376 4769 gentiles,
1401 4667 1498 4765 qui
1515 4693 1689 4764 primo
1715 4691 1833 4749 sine
1861 4667 1907 4681 ”
1935 4679 2242 4738 meminerit
2263 4694 2321 4734 se
2343 4678 2408 4733 de
2433 4667 2545 4731 luto
2572 4673 2883 4738 conﬁctum,
2910 4667 3194 4727 mortalem
3217 4667 3512 4738 sumpsisse

253 4801 486 4856 humore
496 4795 789 4867 spiritualis
812 4794 997 4866 gratiae
1019 4801 1074 4848 et
1086 4792 1302 4846 lavacro
1314 4786 1652 4860 baptismatis
1666 4801 1830 4857 squa-

251 4893 460 4949 lebant.
493 4890 627 4948 Cum
651 4889 770 4946 haec
795 4887 976 4943 omnia
1020 4884 1234 4949 habeat,
1283 4880 1387 4936 nisi
1438 4888 1618 4934 tamen
1651 4884 1844 4936 custow

254 4985 421 5041 dierit
459 4982 607 5038 omni
643 4978 918 5051 diligentia
967 4990 1122 5031 suum
1159 4987 1286 5037 cor,
1333 4970 1448 5040 ipsa
1484 4981 1698 5038 quoque
1741 4980 1828 5022 ea-

253 5077 410 5147 ptiva
432 5073 676 5137 ducetur,
711 5077 769 5126 et
783 5065 992 5140 parvuli
1011 5063 1128 5134 ejus
1147 5063 1310 5119 rudes
1333 5060 1517 5116 inﬁde
1541 5058 1826 5124 elidentur,

253 5175 310 5222 et
353 5161 833 5236 praecipitabuntur
866 5159 921 5214 in
950 5162 1264 5228 peceatum,
1315 5158 1374 5207 et
1413 5151 1616 5214 hostes,
1667 5148 1720 5203 id
1748 5155 1832 5204 est

255 5255 569 5330 spirituales
593 5250 911 5318 adversarii,
954 5246 1244 5322 przeclaras
1271 5241 1389 5314 ejus
1409 5243 1637 5298 virtutes
1679 5240 1831 5295 anni—

253 5350 526 5409 hilabunt.

333 5460 354 5494 ‹
393 5440 532 5496 Ecce
573 5437 801 5510 populus
829 5442 952 5491 tuus
993 5430 1248 5488 mulieres
1271 5427 1331 5483 in
1357 5425 1536 5482 medio
1575 5424 1672 5480 tui.
1724 5423 1831 5479 lni-

254 5536 419 5594 micis
460 5534 569 5590 tuis
617 5532 687 5588 ad
730 5528 1064 5602 apertionem
1117 5521 1420 5595 pandentur
1461 5527 1631 5591 portm
1675 5527 1834 5574 terra:

255 5617 396 5691 tum,
419 5621 694 5679 devorabit
723 5619 862 5692 ignis
885 5624 1067 5672 vectes
1091 5623 1232 5670 tuos.
1263 5612 1472 5682 Aquam
1497 5617 1719 5680 propter
1738 5608 1834 5664 ob-

254 5717 525 5774 sidionem
570 5711 727 5769 hauri
755 5709 875 5777 tibi,
918 5714 1134 5765 exstrue
1154 5703 1479 5762 munitiones
1513 5710 1652 5766 tuas,
1691 5698 1834 5753 intra

253 5810 313 5865 in
353 5815 528 5862 intum
551 5813 607 5860 et
632 5802 804 5871 calca,
834 5799 1088 5872 subigens
1116 5806 1239 5852 tene
1280 5795 1524 5851 laterem.
1550 5793 1628 5848 Ibi
1657 5805 1835 5849 come-

255 5902 353 5977 det
373 5908 428 5958 te
450 5897 609 5972 ignis,
637 5895 841 5981 peribis
870 5893 1067 5968 gladio,
1096 5889 1377 5948 devorabit
1409 5897 1461 5945 te
1486 5896 1547 5944 ut
1565 5883 1830 5945 bruchus:

1935 4772 2320 4830 conditionem.
2367 4768 2474 4826 Sed
2521 4769 2695 4838 ipsum
2738 4766 2910 4821 lutum
2949 4779 3089 4835 aqua
3121 4761 3386 4818 sermonis
3413 4759 3507 4816 Dei

1939 4872 2218 4937 temperet,
2266 4870 2328 4918 ut
2366 4861 2564 4916 lateres
2609 4855 3089 4928 conﬁciat4quibus
3117 4853 3345 4910 munitio
3381 4867 3510 4907 con-

1933 4963 2196 5022 struatur,
2229 4968 2296 5008 ne
2315 4953 2510 5007 iterum
2533 4949 2706 5006 hostis
2733 4962 2831 5019 per
2874 4953 3058 5018 portas
3082 4945 3253 5017 possit
3279 4941 3508 5013 ingredi,

1935 5049 2040 5103 hoc
2083 5052 2168 5101 est
2199 5042 2458 5112 exemplis
2480 5039 2882 5110 Scripturarum
2910 5037 3226 5100 instruatur,
3271 5041 3332 5087 ut
3372 5030 3509 5086 sciat

1937 5136 2135 5196 diaboli
2189 5135 2439 5192 resistere
2489 5131 2891 5188 tentationibus.
2949 5127 3150 5184 Deinde
3190 5126 3409 5196 jubetnr
3450 5133 3511 5178 ut

1937 5227 2320 5298 multiplicetur
2344 5224 2486 5282 sicut
2513 5221 2774 5288 bruchus,
2804 5220 2907 5276 hoc
2945 5227 3028 5274 est
3070 5221 3280 5272 crescat
3326 5223 3381 5268 et
3410 5227 3510 5267 au-

1939 5329 2130 5394 geatur
2156 5332 2384 5374 numero
2408 5316 2688 5379 virtutum,
2713 5321 2774 5369 ut
2799 5313 2941 5367 sicut
2974 5317 3099 5364 ante
3120 5303 3510 5374 multiplicabat

1942 5415 2238 5470 mundanas
2271 5407 2684 5482 negotiationes,
2729 5405 2804 5460 ita
2832 5400 3222 5457 multitudinem
3258 5404 3510 5466 peccato-

1938 5521 2060 5562 rum
2095 5511 2342 5575 exaaquet
2377 5499 2720 5556 multitudine
2745 5497 3026 5552 virtutum.

2015 5625 2035 5658 ι
2069 5604 2506 5661 Dormitaverunt
2531 5606 2776 5671 pastores
2809 5594 2906 5660 tui,
2958 5607 3055 5649 rex
3101 5592 3271 5648 Assur
3291 5633 3306 5658 ,
3354 5605 3510 5661 sepe-

1937 5698 2134 5754 lientur
2154 5695 2423 5767 principes
2452 5691 2548 5746 tui.
2592 5685 2854 5744 Latitavit
2875 5683 3102 5756 populus
3129 5691 3254 5740 tuus
3274 5682 3330 5738 in
3361 5696 3513 5736 mou-

1939 5793 2102 5858 tibus,
2131 5799 2188 5846 et
2213 5806 2320 5846 non
2348 5797 2434 5843 est
2474 5785 2564 5857 qui
2596 5789 2900 5854 congreget.
2938 5800 2958 5833 ›
2993 5778 3124 5836 Cum
3159 5777 3373 5849 (inquit)
3417 5789 3516 5845 po-
3593 5775 3596 5782 '

1938 5885 2096 5957 pulus
2133 5891 2256 5937 tuus
2279 5878 2638 5942 effeminatus,
2688 5881 2742 5930 et
2769 5871 2922 5943 quasi
2945 5869 3148 5943 fragilis
3175 5877 3236 5925 ut
3260 5866 3513 5924 muliere-
