4022 6438
250 380 344 436 181

1238 380 1638 447 ENABBATIO
1674 382 1744 439 lN
1778 381 2099 442 IIABACUC
2129 383 2566 449 ΡΒΟΡΗΕΤΑΜ.

3432 346 3651 455 18.2-

326 510 345 543 ι
373 491 618 587 Aspicite
637 492 713 587 (in
752 493 1026 587 gentibus,
1068 502 1126 587 et
1149 496 1345 562 videte,
1377 506 1431 552 et
1467 497 1831 566 admiramini,
1863 505 1913 567 Α
1941 500 2075 563 tabit
2102 516 2356 574 aggerem
2382 519 2449 559 ex
2474 505 2743 577 lapidibus
2765 515 2820 565 et
2851 515 3016 575 terra,
3046 510 3225 587 capiet
3245 525 3391 581 eam,
3406 513 3538 570 sub-

252 594 307 639 et
337 584 727 657 obstupescite,
768 585 895 657 quia
927 602 1061 658 opus
1108 585 1306 642 factum
1339 596 1423 643 est
1450 588 1505 644 in
1536 589 1726 645 diebus
1756 605 1851 645 ve-

248 675 411 743 stris,
444 676 588 747 quod
620 691 780 733 nemo
802 677 989 733 credet
1010 693 1132 733 cum
1158 680 1526 739 enarrabitur.
1558 702 1577 734 ι
1604 682 1720 738 Vox
1748 680 1858 737 Do-

254 768 392 825 mini
436 768 816 841 respondentis
855 778 1046 826 contra
1078 771 1215 839 hoc,
1256 774 1399 843 quod
1436 775 1697 846 prepheta
1727 791 1857 831 eau-

251 869 407 917 satus
450 859 631 917 fuerat
678 862 1023 918 innocentem
1056 863 1313 943 populum
1365 865 1434 921 ab
1468 867 1651 937 impiis
1694 883 1853 939 supe-

250 962 454 1008 ratum.
483 952 640 1009 Hanc
671 953 892 1027 (inquit)
940 955 1303 1026 iniquitatem,
1337 974 1501 1030 quam
1530 975 1626 1015 vos
1655 960 1856 1031 putatis

252 1045 307 1101 in
341 1045 457 1102 solo
484 1045 654 1103 Israel
687 1045 910 1114 factam,
943 1049 1149 1103 cernite
1177 1049 1229 1103 in
1257 1049 1378 1105 aliis
1419 1050 1538 1105 ﬁeri
1584 1051 1852 1127 gentibus.

253 1136 370 1193 Non
394 1138 537 1203 enim
560 1137 727 1195 ludas
758 1147 974 1195 tantum
1006 1152 1061 1196 et
1086 1141 1423 1197 Hierusalem
1452 1141 1719 1205 Chaldzris
1748 1150 1858 1201 tra-

254 1229 353 1285 diti
382 1240 539 1296 sunt,
586 1231 680 1287 sed
710 1247 900 1289 omnes
933 1248 1030 1304 per
1062 1234 1349 1291 circuitum
1390 1235 1656 1291 nationes.
1716 1220 1860 1304 Dici;

254 1324 422 1379 etiam
465 1323 969 1383 Nabuchodonosor
995 1335 1199 1382 tantam
1230 1336 1554 1398 potestatem
1597 1338 1654 1387 et
1686 1330 1858 1397 virtu-

262 1425 369 1471 tem
402 1415 745 1489 habiturum,
764 1426 822 1472 ut
843 1418 889 1473 si
923 1418 1046 1489 quis
1074 1419 1294 1487 dixerit,
1334 1436 1446 1493 pra:
1476 1436 1556 1478 ret
1580 1423 1855 1494 magnitu-

262 1509 389 1565 dine
418 1509 666 1565 videatur
687 1511 1025 1567 incredibile.
1057 1510 1213 1581 Quod
1248 1528 1379 1571 vero
1410 1513 1541 1570 illud
1578 1529 1715 1586 opus
1756 1515 1851 1584 sit,

268 1604 505 1659 ostendit
532 1620 654 1660 eum
682 1605 815 1662 dicit
847 1621 861 1660 :
1350 1618 1353 1622 '

333 1719 350 1749 ‹
375 1698 515 1768 Quia
545 1714 677 1756 ecce
704 1701 1110 1772 ego'suscitabo
1136 1699 1439 1769 Chaldaeos,
1464 1710 1683 1774 gentem
1707 1716 1857 1761 ama-

259 1807 375 1847 ram
405 1803 460 1851 et
481 1793 747 1860 velocem,
777 1795 1145 1852 ambulantem
1175 1812 1337 1868 super
1359 1796 1697 1855 latitudinem
1742 1807 1851 1854 ters

255 1900 353 1953 rte,
376 1895 436 1942 ut
458 1887 735 1959 possideat
764 1888 1115 1945 tabernacula
1140 1905 1248 1945 non
1270 1905 1390 1946 sua.

338 1998 353 2031 ι
382 1979 677 2041 Horribilis
696 1990 752 2037 et
779 1982 1041 2040 terribilis
1072 1993 1156 2041 est
1189 2004 1202 2039 :
1237 2005 1257 2040 ι
1292 1985 1669 2047 Chaldaeorum
1715 2003 1845 2061 gen-

261 2080 375 2131 tem
409 2072 575 2137 fuisse
602 2076 1067 2150 pugnaeissimam'
1090 2088 1147 2135 et
1189 2078 1624 2143 robustissimum
1676 2091 1845 2141 testes

259 2174 387 2222 sunt
413 2164 618 2239 Trogus
652 2176 708 2223 et
750 2167 1041 2240 Pompeius
1062 2181 1111 2236 ει,
1144 2178 1201 2226 et
1230 2171 1416 2227 caeteri
1456 2173 1555 2242 qui
1579 2172 1847 2231 barbaras

259 2256 517 2314 historias
545 2260 1011 2331 conscripserunt.
1045 2261 1155 2317 Nec
1194 2272 1446 2319 contenta
1478 2264 1592 2321 suis
1626 2264 1842 2332 finibus,

256 2346 365 2405 huc
414 2348 651 2422 illucque
696 2352 1033 2420 discurrens,
1064 2356 1364 2426 vagabatur
1397 2372 1561 2427 super
1606 2357 1847 2425 altitudie.

255 2455 382 2497 nem
409 2449 588 2509 terrae,
626 2453 782 2514 rapto
812 2444 997 2501 vivens
1026 2454 1080 2501 et
1102 2446 1280 2519 gladio
1300 2488 1315 2513 ,
1345 2456 1401 2504 et
1433 2449 1721 2519 possidens
1748 2466 1842 2505 ur-

252 2531 351 2587 bes
382 2546 489 2586 non
515 2548 661 2595 suas,
704 2552 722 2583 ‹
756 2533 831 2591 Ex
866 2536 1158 2608 semetipsa
1183 2536 1457 2608 judicium
1481 2548 1535 2593 et
1563 2553 1702 2594 onus
1728 2538 1845 2609 ejus

251 2626 585 2698 egredietur.
630 2627 888 2693 Leviores
913 2630 1100 2707 pardis
1129 2631 1253 2701 equi
1282 2632 1429 2703 ejus,
1461 2640 1516 2688 et
1548 2632 1847 2699 velociores

251 2717 397 2795 lupis
423 2722 768 2793 vespertinis,
796 2730 852 2781 et
896 2721 1261 2787 diﬁundentur
1281 2725 1501 2795 αιςυᾱιιεε.
1514 2725 1650 2797 ejus.
1682 2725 1847 2796 Equi»

253 2819 341 2865 tes
368 2825 603 2880 namque
645 2810 762 2887 ejus
804 2813 870 2869 de
901 2812 1057 2886 longe
1094 2815 1335 2882 venient,
1380 2815 1641 2877 volabunt
1686 2817 1845 2887 quasi

250 2900 439 2972 aquila
466 2901 731 2961 festinans
754 2904 823 2961 ad
847 2905 1258 2971 corrredendum.
1283 2905 1486 2963 Omnes
1510 2907 1579 2963 ad
1603 2908 1849 2977 praedam

246 2995 494 3052 venient.
534 3014 554 3048 ι
584 2996 698 3054 Hoc
721 3005 823 3062 est,
853 3012 922 3055 ex
949 3012 1048 3053 sua
1077 3006 1241 3070 gente
1263 2998 1537 3069 principes
1561 3007 1616 3054 et
1631 2999 1847 3071 judices

248 3086 570 3153 constituet,
624 3103 725 3144 nec
760 3087 981 3145 habebit
1007 3087 1271 3143 satellites
1317 3087 1546 3143 aliarum
1578 3089 1847 3160 gentium.

1959 590 2115 649 audis
2136 593 2513 651 munitionem.
2547 615 2565 649 ι
2593 596 2744 656 Tunc
2768 601 3067 659 mutabitur
3088 591 3331 675 spiritus,
3362 626 3378 658 ι
3407 606 3539 664 sub-

1957 683 2113 741 audis
2151 686 2292 759 ejus,
2318 687 2422 744 hoc
2447 697 2533 744 est
2582 690 2634 746 in
2667 696 2981 763 superbiam
3019 696 3280 770 erigetur,
3311 700 3540 757 credens

1956 791 2016 835 se
2036 792 2157 834 esse
2177 777 2370 835 Deum.
2402 780 2559 837 Unde
2582 791 2637 839 et
2666 793 2902 843 statuam
2928 804 3152 846 auream
3185 793 3364 849 erexit
3412 792 3541 863 sibi,

1957 882 2188 940 eamque
2215 884 2409 925 omnes
2435 881 2623 943 gentes
2650 875 2879 945 adorare
2904 883 3180 953 prmeepit.
3204 882 3274 939 Et
3292 900 3415 940 eum
3438 884 3542 942 hoc

1956 956 2171 1027 fecerit,
2199 963 2573 1031 pertransibit,
2604 965 2658 1021 id
2682 978 2766 1022 est
2812 983 3030 1025 sensum
3059 973 3354 1031 humanum
3382 974 3542 1031 amit-

1957 1057 2053 1117 tet,
2080 1058 2134 1104 et
2181 1048 2431 1120 ejicietur
2471 1055 2536 1109 ah
2570 1055 2902 1126 hominibus,
2924 1070 2978 1115 et
3001 1071 3126 1132 post
3152 1064 3268 1125 haec
3300 1075 3540 1134 corruet,

1957 1143 2012 1198 id
2038 1153 2123 1200 est
2159 1159 2280 1201 esse
2329 1146 2560 1204 desinet.
2608 1168 2627 1207 ς
2671 1149 2798 1209 Haec
2841 1162 2927 1208 est
2975 1152 3243 1225 fortitudo
3291 1157 3409 1227 ejus
3453 1156 3544 1223 dei

1958 1235 2061 1290 sui.
2096 1256 2113 1288 ι
2152 1236 2262 1293 Hoc
2282 1253 2381 1308 per
2400 1239 2632 1297 ironiam
2660 1242 2948 1314 legendum
2979 1254 3083 1311 est,
3119 1256 3178 1313 ut
3205 1249 3277 1305 sit
3305 1264 3500 1308 sensus
3520 1288 3538 1306 .

1956 1325 2085 1383 Haec
2111 1326 2477 1387 est'fortitudo
2499 1347 2662 1403 quam
2686 1335 2833 1393 dedit
2857 1336 2906 1393 ei
2928 1335 3024 1392 Bel
3048 1338 3181 1395 deus
3212 1353 3364 1409 suus.
3398 1341 3544 1407 Talis

1959 1420 2102 1476 enim
2126 1420 2228 1479 fuit
2251 1420 2368 1492 ejus
2391 1423 2672 1491 fortitudo,
2696 1427 2872 1499 qualis
2892 1439 2947 1499 et
2970 1427 3131 1495 Belis
3162 1430 3249 1487 dei
3274 1431 3385 1497 sui.
3403 1431 3541 1489 Tro-

1958 1515 2485 1587 pologice,°Cbaldaci
2516 1518 2629 1589 (qui
2649 1520 2911 1577 dwmones
2936 1522 3389 1596 interpretantur)
3420 1539 3531 1579 ma-

1960 1609 2043 1666 los
2069 1611 2355 1681 designant
2380 1611 2536 1677 alios,
2575 1628 2674 1684 per
2713 1629 2851 1689 quos
2876 1614 3172 1673 vindictam
3211 1616 3355 1672 Deus
3385 1631 3545 1673 exer-

1961 1715 2068 1763 cet.
2097 1704 2345 1761 Immittit
2363 1706 2509 1762 enim
2538 1707 2680 1763 Deus
2713 1708 3147 1780 indignationem
3184 1718 3241 1766 et
3291 1709 3429 1765 iram
3486 1717 3543 1765 et

1962 1799 2368 1859 tribulationem
2425 1817 2521 1872 per
2566 1802 2787 1873 angelos
2841 1803 3034 1860 malos.
3086 1803 3191 1875 lpsi
3237 1810 3572 1875 sunt.gens‘

1873 1893 1923 1957 Β
1951 1906 2135 1946 amara
2153 1933 2168 1957 ,
2192 1892 2318 1963 quia
2350 1892 2483 1948 nulli
2506 1904 2758 1964 parcunt.
2783 1893 2949 1950 Velox
2986 1895 3287 1967 spiritualis
3329 1906 3538 1955 nan

1949 1984 2270 2051 subtilitate,
2295 1985 2577 2042 ambulans
2611 2002 2774 2057 super
2816 1985 3161 2045 latitudinem
3211 1997 3404 2057 terras,
3432 1988 3537 2045 hoe

1947 2086 2034 2136 est
2063 2094 2160 2151 per
2181 2079 2452 2150 spatiosas
2469 2078 2654 2141 saeculi
2683 2080 2819 2137 vias.
2847 2080 2929 2136 Ex
2954 2082 3253 2153 semetipso
3266 2082 3535 2153 judicium
3584 2098 3607 2111 '

1946 2172 2065 2243 ejus
2080 2171 2414 2245 egredietur,
2433 2173 2560 2243 quia
2593 2173 2665 2227 ad
2686 2186 2906 2244 pronam
2934 2174 3233 2235 secundum
3265 2190 3365 2231 sua
3389 2172 3533 2233 facta

1947 2264 2212 2329 tradetur,
2245 2273 2299 2333 et
2328 2262 2469 2318 illius
2491 2263 2753 2334 potestati
2775 2264 3166 2336 permittuntur
3191 2264 3366 2335 impii,
3392 2265 3535 2321 sicut

1946 2353 2188 2410 Pliiletus
2244 2362 2301 2410 et
2354 2354 2740 2425 Hermogenes,
2788 2369 2925 2425 quos
2977 2354 3269 2425 Apostolus
3315 2352 3540 2417 tradidit

1947 2444 2182 2514 Satanae,
2209 2455 2268 2502 ut
2292 2445 2566 2504 discerent
2606 2462 2714 2505 non
2760 2447 3158 2520 blasphemare.
3211 2468 3233 2501 ι
3282 2446 3535 2519 Nunquid

1946 2556 2054 2596 non
2084 2549 2139 2596 tu
2167 2557 2197 2596 a
2222 2541 2507 2612 principio,
2534 2540 2763 2599 Domine
2786 2542 2929 2603 Deus
2950 2550 3328 2610 meus,sanete
3357 2556 3533 2604 meus.

1944 2640 2136 2697 etnon
2168 2634 2498 2691 metiemur?
2548 2653 2569 2686 ι
2604 2633 2912 2706 lntelligens
2938 2635 3205 2705 propheta
3244 2648 3316 2691 ex
3353 2632 3533 2691 verbis

1944 2728 2323 2797 respondentis
2346 2728 2582 2795 Domini,
2598 2729 2805 2791 ideirco
2825 2726 3321 2786 Nabuchodonosor
3339 2735 3530 2785 contra

1942 2821 2159 2888 ludam,
2188 2820 2272 2876 vel
2293 2818 2564 2876 diabolum
2591 2829 2785 2875 contra
2796 2820 2973 2891 justos
2992 2818 3272 2889 accepisse
3294 2826 3533 2889 potesta-

1944 2923 2054 2974 tem
2072 2911 2219 2981 justo
2239 2912 2445 2984 judicio
2474 2931 2487 2967 :
2516 2913 2659 2983 quod
2685 2928 2817 2969 vero
2846 2912 3080 2968 vivimus
3100 2919 3157 2969 et
3174 2910 3246 2967 ab
3270 2926 3338 2967 eo
3368 2910 3532 2966 interc

1944 3008 2073 3063 fecti
2109 3023 2221 3063 non
2251 3022 2458 3073 sumus,
2487 3015 2592 3061 tute
2623 3006 2928 3063 clementiae
2968 3014 3074 3062 est.
3127 3024 3146 3058 ι
3198 3003 3444 3075 Domine,
3476 3002 3531 3058 in

1937 3102 2203 3173 judicium
2232 3103 2460 3174 posuisti
2487 3118 2610 3156 eum
2648 3120 2668 3153 ι
2702 3101 2759 3157 id
2789 3110 2875 3157 est
2915 3099 3446 3164 Nabuchodonosor,
3475 3107 3530 3153 et

249 3177 352 3236 Vel
382 3188 530 3236 certe
556 3196 622 3247 ex
655 3181 770 3253 ipsa
790 3181 1058 3251 judicium
1085 3180 1204 3251 ejus
1239 3182 1562 3254 egredietur,
1591 3191 1671 3247 ut,
1699 3181 1846 3241 sicut
1877 3259 1912 3267 _
1942 3211 2042 3267 per
2075 3198 2192 3263 ejus
2219 3194 2519 3265 potentiam
2544 3193 2691 3263 juste
2731 3192 2961 3261 iudices,
3012 3200 3070 3247 et
3115 3189 3359 3259 corrigas
3403 3203 3533 3259 pec-

245 3272 401 3337 fec“:
454 3272 533 3329 δίο
565 3271 812 3344 rec-ipim:
859 3282 916 3329 ει
943 3273 1085 3329 Sicut
1128 3273 1364 3333 ηδιίινίι
1408 3271 1564 3339 alios,
1607 3272 1688 3329 ⁸ίο
1723 3274 1841 3345 ipsa
1868 3259 1912 3322 C
1942 3259 2149 3345 cantes.
2182 3259 2293 3343 Hoc
2318 3297 2401 3343 est
2428 3259 2573 3341 enim
2602 3259 2746 3355 quod
2773 3283 3040 3354 sequitur,
3077 3298 3096 3333 ‹
3133 3289 3189 3337 et
3222 3279 3440 3344 fortem,
3472 3288 3532 3337 ut

245 3371 518 3420 vastetur.
569 3363 847 3432 Leviores.
897 3364 951 3421 id
996 3373 1080 3425 est
1129 3364 1437 3423 velociores
1482 3364 1669 3436 pardis
1717 3364 1843 3435 equi

246 3457 392 3529 ejus,
434 3456 576 3526 quod
610 3464 694 3512 est
736 3456 938 3513 animal
963 3456 1386 3523 velerissitntun,
1417 3466 1473 3512 et
1498 3456 1729 3528 pulchra,
1750 3470 1847 3515 vna.

247 3549 450 3606 rietate
479 3548 815 3605 distinctum.
859 3547 1026 3620 Lupis
1059 3564 1277 3620 quoque
1302 3550 1625 3620 vespertinis
1651 3563 1841 3609 eorum

244 3657 426 3713 equos
466 3650 767 3714 comparat,
798 3643 925 3714 quia
952 3642 1210 3699 szeviores
1243 3643 1498 3699 dicuntur
1526 3650 1687 3699 nocte
1722 3656 1843 3698 esse

244 3733 452 3799 vicina,
484 3732 676 3789 diurna
703 3734 848 3789 fame
875 3734 927 3790 in
959 3734 1173 3791 rabiem
1202 3736 1477 3797 concitati.
1509 3728 1845 3808 Comparan-

245 3835 345 3883 tur
369 3842 587 3897 quoque
618 3827 840 3898 aquilae,
884 3842 1009 3897 quae
1031 3828 1373 3887 velocissime
1400 3829 1624 3887 festmat
1649 3828 1723 3887 ad
1740 3829 1839 3885 deo

242 3922 574 3980 vorandum.
606 3919 865 3991 Sequitur
891 3940 904 3976 :
940 3939 959 3973 ι
998 3921 1187 3979 Facies
1213 3936 1407 3981 eorum
1428 3931 1622 3981 ventus
1651 3937 1838 3987 usus,

241 4021 308 4069 et
384 4011 737 4082 eongregabit
798 4012 959 4082 quasi
1022 4027 1249 4069 arenam
1309 4014 1719 4084 captivitatem,
1787 4021 1845 4068 et

246 4110 375 4181 ipse
423 4107 491 4162 de
543 4105 761 4178 regibus
808 4107 1206 4177 triumphabit,
1262 4118 1320 4165 et
1366 4109 1579 4179 tyranni
1628 4107 1845 4163 ridiculi

245 4200 373 4274 ejus
408 4208 588 4255 erunt.
626 4198 745 4270 ipse
774 4214 940 4269 super
962 4213 1183 4255 omnem
1213 4200 1566 4255 munitionem
1614 4200 1841 4261 ridebit,

243 4305 309 4353 et
348 4293 719 4365 comportabit
763 4308 1041 4365 aggerem,
1073 4299 1127 4348 et
1151 4293 1330 4364 capiet
1355 4307 1500 4348 eam.
1535 4291 1687 4347 Tunc
1718 4307 1839 4373 mp-

247 4389 463 4448 tabitur
493 4387 749 4458 spiritus,
780 4394 838 4444 et
859 4384 1250 4457 pertransibit,
1282 4391 1337 4440 et
1363 4392 1603 4440 corruet.
1634 4404 1654 4436 ι
1688 4383 1841 4451 Quo-

244 4480 416 4541 modo
444 4480 513 4536 ad
537 4477 721 4537 flatum
750 4478 965 4534 urentis
982 4477 1134 4535 venti
1158 4485 1353 4532 cuncta
1387 4483 1737 4530 marcescunt
1762 4474 1840 4527 vi-

245 4574 454 4640 rentia,
484 4573 558 4630 ita
583 4573 655 4630 ad
682 4580 970 4643 aspectum
988 4569 1209 4626 illorum
1236 4569 1421 4625 omnia
1452 4567 1833 4632 vastabuntur,

246 4628 546 4738 tantusque
576 4665 681 4721 erit
708 4628 967 4719 numerus
1007 4661 1204 4735 praedae
1257 4669 1315 4718 et
1355 4661 1727 4731 captivorum,
1780 4628 1919 4715 utn

245 4776 435 4820 arena:
463 4761 633 4825 maris
660 4759 832 4831 possit
860 4758 1088 4829 aquari,
1117 4756 1264 4828 quod
1295 4764 1479 4812 tamen
1518 4769 1615 4826 per
1643 4754 1839 4825 hyper-

245 4857 415 4915 bolen
434 4853 810 4927 accipiendum
830 4859 937 4908 est.
964 4849 1086 4922 Ipse
1106 4864 1346 4920 quoque,
1372 4847 1427 4903 id
1447 4855 1534 4903 est
1555 4845 1843 4902 Nabucho-

246 4952 514 5014 donosor,
527 4947 599 5011 de
613 4945 834 5017 regibus
853 4942 1112 5001 subaudis
1132 4941 1361 5001 aliarum
1385 4938 1627 5011 gentium
1652 4937 1842 4995 trium-

247 5043 461 5119 phabit.
524 5060 542 5093 ι
598 5039 668 5108 Et
715 5038 932 5111 tyranni
980 5034 1197 5093 ridiculi
1242 5035 1365 5106 ejus
1413 5041 1601 5100 erunt,
1641 5053 1658 5084 ι
1703 5045 1844 5103 quos

216 5118 603 5212 'triumpbans
622 5149 750 5205 ante
795 5152 954 5193 suum
1007 5148 1228 5192 currum
1277 5131 1587 5203 praecedere
1643 5128 1841 5195 faciet,

251 5243 531 5306 tantaeque
555 5233 663 5293 erit
684 5229 953 5303 superbiae
971 5269 987 5295 ,
1011 5237 1074 5284 ut
1104 5235 1355 5303 naturam
1406 5238 1671 5295 superare
1709 5235 1843 5277 con-

254 5325 466 5384 tendat.
518 5323 777 5393 Denique
825 5319 1347 5384 Nabuchodonosor,
1414 5314 1601 5372 volens
1648 5327 1845 5383 capere

250 5421 460 5491 Tyrum
487 5417 769 5475 civitatem
800 5416 855 5471 iu
905 5413 1075 5469 maris
1123 5411 1307 5473 medio
1349 5410 1532 5473 sitam,
1572 5406 1739 5478 jactis
1787 5406 1841 5462 in

253 5525 410 5568 mare
448 5509 731 5566 immensis
760 5506 1011 5570 molibus,
1044 5514 1257 5559 tantum
1295 5498 1656 5572 comportavit
1680 5511 1842 5568 agge-

251 5619 396 5669 rem,
410 5610 471 5658 ut
496 5615 635 5673 pene
656 5602 832 5671 ipsum
853 5614 1002 5655 mare
1026 5596 1261 5653 insulam
1282 5594 1508 5658 faceret,
1526 5601 1585 5648 ut
1609 5591 1663 5647 in
1686 5591 1842 5661 aquis

251 5696 507 5768 pedestre
531 5695 636 5751 iter
666 5692 935 5751 statuerit.
978 5690 1198 5747 ltidebit
1252 5686 1373 5761 (ait)
1419 5700 1582 5756 super
1623 5698 1840 5741 omnem

255 5788 637 5853 munitionem,
658 5786 821 5857 quasi
839 5783 1094 5840 facillime
1119 5781 1243 5851 capi
1269 5779 1462 5853 possit,
1493 5787 1551 5836 et
1584 5791 1838 5847 compor-

332 5927 361 5959 ι
386 5915 465 5983 Ex
482 5929 593 5989 uno
619 5923 675 5972 et
701 5913 892 5972 eodem
915 5911 1049 5970 duos
1070 5909 1279 5966 inducit
1303 5907 1602 5969 scriptores

1945 3381 2273 3451 corriperes,
2302 3378 2537 3434 fundasti
2566 3393 2689 3433 eum
2720 3396 2738 3428 ι
2774 3377 2833 3432 id
2858 3368 2943 3431 est
2989 3374 3056 3428 ad
3089 3375 3192 3430 hoc
3232 3379 3439 3428 tantam
3475 3378 3530 3427 et

1946 3481 2059 3531 tam
2088 3472 2319 3533 solidam
2345 3472 2396 3528 ci
2418 3470 2614 3527 dedisti
2642 3466 3038 3532 fortitudinem,
3058 3474 3117 3522 ut
3144 3481 3242 3538 per
3263 3476 3393 3531 eum
3411 3480 3530 3520 eor-

1946 3567 2154 3639 riperes
2211 3566 2608 3637 delinquentes.
2662 3564 2795 3621 llaec.
2811 3571 3015 3629 autem,
3048 3577 3169 3633 qua
3191 3559 3265 3617 ad
3290 3559 3530 3619 litterato

1945 3660 2011 3717 de
2038 3658 2309 3715 Chaldaeis
2338 3667 2393 3715 et
2425 3672 2550 3729 rege
2580 3673 2769 3714 eorum
2796 3657 3070 3724 dicuntur,
3112 3660 3339 3728 possunt
3362 3653 3529 3708 etiam

1947 3754 2014 3809 ad
2046 3753 2319 3813 diabolum
2353 3751 2569 3815 referri,
2591 3767 2753 3822 quem
2779 3751 2921 3806 Deus
2948 3751 3001 3805 in
3022 3748 3231 3820 judicio
3257 3746 3457 3819 posuit,
3475 3753 3531 3801 et

1944 3848 2101 3919 quasi
2123 3847 2434 3903 carniﬁcem
2462 3845 2838 3910 fortissimum,
2856 3854 2915 3898 ut
2935 3860 3032 3915 per
3052 3859 3177 3900 eum
3207 3843 3380 3897 malos
3404 3855 3531 3910 sup.

1944 3939 2123 4010 plieiis
2147 3939 2369 4003 alliciat,
2394 3938 2566 3993 honos
2593 3946 2775 3991 autem
2803 3934 3032 3999 afﬂictos
3060 3933 3273 4005 probet.

2022 4051 2043 4084 ι
2080 4030 2263 4085 Mundi
2288 4037 2417 4085 sunt
2453 4029 2594 4083 oculi
2632 4029 2730 4093 tui,
2760 4042 2829 4082 ne
2851 4027 3037 4081 videas
3081 4024 3303 4087 malum,
3344 4033 3403 4078 et
3444 4037 3530 4078 re-

1945 4127 2155 4198 spicere
2185 4126 2252 4180 ad
2282 4123 2623 4194 iniquitatem
2667 4138 2773 4177 non
2820 4120 3045 4193 poteris.
3082 4138 3102 4172 ι
3138 4118 3265 4173 Seio
3285 4116 3529 4187 (inquit),

1943 4220 2189 4284 Domine,
2214 4217 2358 4290 quod
2385 4216 2583 4271 malum
2613 4226 2667 4270 et
2688 4215 2943 4286 iniustum
2976 4228 3082 4269 non
3108 4210 3341 4267 libenter
3381 4209 3532 4280 aspio

1946 4313 2081 4380 cias,
2111 4325 2211 4368 nec
2239 4319 2418 4382 potest
2447 4310 2732 4381 quisquam
2759 4308 3008 4363 dubitare
3047 4306 3115 4361 de
3155 4302 3371 4373 justitia
3410 4311 3523 4358 tua.

1945 4404 2329 4461 Verumtamen
2351 4417 2450 4457 cur
2471 4399 2742 4471 permittis
2765 4397 3093 4470 Babylonios
3103 4404 3257 4451 tanta
3275 4402 3529 4477 agere,‘et

1943 4494 2013 4549 ab
2045 4492 2208 4563 impio
2235 4490 2731 4548 Nabuchodonosor
2752 4490 2959 4560 justum
2997 4486 3233 4558 opprimi
3257 4485 3442 4545 lsraeL

2017 4604 2037 4637 ι
2074 4584 2254 4653 Quare
2282 4599 2389 4640 non
2415 4583 2639 4653 respicis
2661 4596 2824 4653 super
2843 4581 3028 4650 inique
3052 4588 3292 4651 agentes,
3308 4584 3361 4632 et
3382 4584 3531 4632 taces

1945 4679 2241 4734 deverante
2278 4677 2445 4748 impio
2469 4677 2755 4748 jnstiorcm
2786 4674 2881 4729 se?
2916 4691 2936 4725 ι
2976 4671 3190 4727 Justum
3216 4676 3398 4724 autem
3445 4668 3523 4723 di-

1899 4778 1913 4784 ’
1944 4774 2118 4831 cimus
2145 4771 2334 4837 Israel,
2358 4786 2464 4827 non
2494 4785 2604 4841 quo
2638 4766 2881 4841 perfecte
2907 4766 3085 4838 justus
3126 4763 3217 4830 sit,
3247 4761 3342 4819 sed
3385 4760 3531 4832 quod

1946 4865 2003 4920 in
2036 4863 2445 4933 comparatione
2479 4858 2838 4932 opprimentis
2868 4856 3020 4928 impii
3044 4856 3225 4927 justus
3258 4852 3525 4907 videatur.

2022 4978 2039 5008 ι
2076 4957 2144 5011 Ει
2169 4955 2336 5011 facies
2365 4954 2603 5010 hominis
2635 4952 2795 5024 quasi
2820 4951 3003 5021 pisces
3042 4947 3232 5010 maris,
3276 4953 3334 5001 et
3371 4943 3529 5013 quasi

1945 5048 2139 5120 reptile
2161 5062 2267 5103 non
2296 5048 2503 5103 habens
2529 5046 2848 5117 principem.
2880 5064 2899 5096 ι
2928 5042 3082 5098 Sicut
3102 5039 3324 5112 (inquit)
3350 5038 3528 5108 pisces

1944 5143 2115 5197 maris
2131 5150 2187 5196 et
2214 5137 2605 5195 irrationabilia
2629 5138 2875 5209 jumenta
2902 5143 2957 5190 et
2985 5132 3203 5203 reptilia
3227 5130 3346 5185 sine
3372 5130 3528 5198 prin-

1944 5234 2063 5305 cipe
2094 5242 2242 5299 sunt,
2266 5241 2321 5287 et
2351 5230 2650 5286 infirmiora
2672 5228 3005 5285 devorautur
3039 5240 3069 5279 a
3103 5221 3443 5286 fortioribus,
3473 5228 3528 5275 et

1944 5327 2035 5397 qui
2055 5323 2146 5393 jus
2174 5325 2338 5381 habet
2366 5322 2581 5388 virium,
2606 5320 2917 5378 dominatur
2946 5317 3001 5371 in
3041 5314 3299 5377 alterum,
3333 5310 3415 5364 sic
3440 5311 3524 5364 in-

1946 5428 2030 5475 ter
2052 5416 2298 5473 homines
2323 5414 2458 5469 nihil
2490 5414 2634 5468 valet
2662 5412 2833 5477 ratio,
2855 5409 2949 5466 sed
2976 5404 3301 5465 fortitudine.
3329 5411 3525 5459 outteta

1945 5516 2100 5571 fiunt.
2132 5513 2344 5568 Etcum
2385 5518 2473 5566 tua
2500 5506 2836 5580 providentia
2865 5508 3123 5576 regantur
3167 5500 3368 5561 omnia,
3418 5514 3524 5553 non

1942 5620 2162 5679 possum
2187 5604 2330 5660 scire
2353 5617 2452 5658 cur
2473 5600 2668 5671 impius
2690 5599 2892 5660 vincat,
2911 5593 3091 5665 justus
3119 5592 3386 5648 vincatur.
3414 5588 3527 5644 Hoc

1944 5708 2126 5755 autem
2148 5695 2302 5761 dicit,
2328 5709 2437 5750 non
2457 5693 2602 5764 quod
2624 5692 2706 5747 sic
2723 5688 2946 5755 sentiat,
2963 5685 3063 5744 sed
3080 5685 3333 5742 humans
3352 5683 3526 5754 impa—

1944 5789 2147 5847 tientiat
2167 5786 2394 5858 suscipit
2420 5784 2671 5841 formam.
3506 5796 3513 5801 α
