3962 6340
532 378 636 436 183

609 512 628 545 ι
659 491 852 549 Lotum
875 493 929 549 in
954 493 1112 550 hamo
1135 494 1453 562 sublevabit,
1475 497 1643 552 traxit
1668 495 1800 553 illud
1822 498 1877 564 in
1903 513 2102 570 sagena

1022 379 1372 440 HAYMONIS
1407 382 1886 445 HALBERSTAT.
1926 384 2139 443 EPISC.
2175 385 2328 444 OPP.
2368 387 2547 445 PARS
2584 387 2624 445 Ι.
2647 419 2720 433 -ι
2751 387 3108 446 COMMENT.
3147 390 3310 447 BIBL.

3635 397 3711 452 ιει

2129 501 2180 563 Α
2205 499 2462 555 cordibus
2488 503 2768 558 nostris.»
2800 503 2868 559 Et
2901 503 3006 560 hoc
3049 503 3204 571 ideo,
3251 509 3374 576 quia
3416 507 3572 563 adhuc
3605 511 3714 568 visio

533 600 650 652 sua,
681 592 736 639 et
757 586 1102 655 congregavit
1127 585 1182 639 in
1213 594 1326 641 rete
1352 601 1529 641 suum.
1559 586 1734 657 Super
1755 589 1858 644 hoc
1898 588 2105 646 laetabi-
2203 592 2390 660 procul
2412 601 2512 658 est,
2537 595 2590 648 in
2613 603 2853 666 tempore
2881 595 3197 662 constituto,
3218 605 3272 652 et
3300 611 3417 651 cum
3440 596 3551 654 ﬁnis
3565 615 3712 660 rerum

531 685 624 730 tur
650 686 703 731 et
725 674 1031 737 exsultabit,
1057 685 1342 748 propterea
1377 677 1675 734 immolabit
1709 695 1920 751 sagenae
1957 696 2100 748 suae,

532 772 585 818 et
616 763 936 818 sacriﬁcabit
962 764 1063 820 reti
1090 780 1210 831 suo,
1239 767 1365 836 quia
1397 767 1452 821 in
1496 769 1626 839 ipsis
1674 769 1970 827 incrassata
2019 781 2103 828 est

525 869 656 924 pars
685 854 849 925 ejus.»
879 855 1014 922 Quia
1043 856 1282 912 dixerat:
1305 857 1480 913 Erunt
1501 859 1747 917 homines
1767 863 1907 918 sicut
1925 865 2102 935 pisces

528 946 726 1014 maris,
751 956 934 1004 servat
975 951 1347 1019 metaphoram
1384 951 1635 1023 piscium.
1689 953 1842 1010 Sicut
1883 956 2100 1030 (inquit)

524 1038 766 1108 piscator
792 1041 958 1096 mittit
981 1041 1233 1108 hamum,
1276 1051 1389 1099 rete
1427 1051 1483 1099 et
1529 1059 1806 1117 sagenam,
1851 1056 1914 1103 ut
1955 1051 2102 1122 quod

526 1129 689 1184 hamo
716 1145 912 1202 capere
945 1147 1053 1188 non
1072 1134 1328 1203 potuerit,
1351 1135 1453 1191 reti
1477 1140 1933 1208 comprehendat:
1957 1143 2101 1212 quod

527 1219 709 1277 autem
736 1231 852 1279 rete
876 1225 1127 1292 evaserit,
1156 1229 1368 1299 sagenis
1395 1228 1676 1286 latioribus
1700 1233 2095 1302 circumdetur;

523 1314 599 1368 ita
631 1330 728 1370 rex
757 1316 1044 1389 Babylonis
1073 1335 1196 1376 cum
1221 1331 1413 1378 cuncta
1460 1327 1774 1394 vastaverit,
1821 1336 1876 1382 et
1912 1344 2100 1385 omnes

524 1414 716 1476 gentes
743 1407 884 1463 bello
910 1416 964 1464 et
991 1411 1147 1480 quasi
1190 1412 1326 1468 dolis
1358 1415 1596 1483 ceperit,
1639 1418 1895 1487 gaudebit
1924 1427 1980 1475 et
2015 1435 2100 1474 sa-

524 1495 793 1552 criﬁcabit
840 1513 1050 1569 sagenae
1083 1517 1192 1556 sua:
1224 1511 1279 1558 et
1326 1504 1425 1558 reti
1477 1520 1604 1571 suo,
1655 1506 1799 1563 idolo
1848 1509 2101 1566 videlicet

522 1587 685 1654 Belis,
723 1589 837 1644 sive
883 1600 1072 1648 stature
1107 1609 1304 1662 aureae,
1353 1613 1516 1668 quam
1564 1600 1752 1654 statuit
1805 1602 1861 1657 in
1907 1617 2097 1674 campo

523 1679 728 1748 Duran,
760 1682 1048 1751 provinciae
1084 1684 1506 1758 Babylonis.Cui
1532 1691 1686 1760 quasi
1717 1692 2099 1762 pinguissimas

521 1769 827 1827 immolabit
863 1773 1134 1842 victimas,
1165 1792 1353 1834 omnes
1381 1780 1633 1838 videlicet
1658 1784 1906 1840 nationes
1961 1803 2097 1857 quas

521 1861 748 1929 vicerat,
771 1879 968 1934 cogens
995 1867 1062 1921 ad
1089 1867 1291 1924 cultum
1331 1869 1466 1939 ejus.
1517 1873 1572 1928 In
1604 1874 1738 1944 ipsis
1766 1877 1910 1932 enim
1940 1879 2097 1937 idolis

520 1954 821 2011 incrassata
845 1967 932 2013 cst
956 1974 1082 2029 pars
1101 1958 1236 2029 ejus,
1263 1971 1320 2018 et
1339 1979 1437 2033 per
1477 1979 1540 2020 ea
1568 1965 1793 2024 credidit
1818 1984 1878 2026 se
1904 1985 2094 2028 onmes

520 2044 722 2101 habere
750 2047 985 2102 divitias.
1018 2070 1036 2101 ‹
1073 2049 1141 2105 Et
1163 2051 1315 2107 cibus
1341 2054 1457 2124 ejus
1494 2055 1715 2124 electus,
1743 2069 1966 2130 propter
1991 2061 2094 2118 hoc

520 2150 649 2207 ergo
675 2139 933 2208 expandit
959 2154 1213 2212 sagenam
1235 2158 1386 2199 suam
1405 2187 1421 2213 ,
1450 2156 1506 2202 et
1536 2163 1752 2219 semper
1789 2151 2095 2210 interﬁcere

521 2236 708 2297 gentes
753 2244 862 2285 non
891 2242 1087 2299 cessat,
1129 2254 1147 2287 ι
1181 2235 1232 2289 id
1257 2243 1340 2292 est
1362 2239 1633 2310 principes
1661 2249 1718 2296 et
1757 2257 1935 2313 reges,
1960 2259 2095 2313 quos

519 2320 684 2376 veluti
705 2337 930 2394 magnos
960 2325 1134 2395 pisces
1179 2329 1344 2400 cepit,
1367 2339 1423 2386 et
1468 2347 1565 2387 suo
1593 2333 1894 2405 subjugavit
1923 2337 2092 2407 impe-

517 2413 622 2478 rio,
661 2423 718 2470 et
737 2424 1026 2486 propterea
1064 2435 1170 2476 non
1197 2431 1376 2478 cessat
1394 2425 1713 2497 impugnare
1750 2437 1806 2483 et
1847 2429 2093 2500 jugulare

516 2519 705 2560 onmes
731 2515 940 2577 gentes.
963 2507 1123 2566 Juxta
1146 2512 1520 2586 tropologiam,
1547 2516 1789 2573 diabolus
1806 2533 1967 2589 quem
1995 2536 2093 2577 rex

514 2593 803 2666 Babylonis
831 2599 1120 2669 signiﬁcat,
1151 2603 1298 2659 misit
1335 2605 1550 2662 hamum
1573 2649 1590 2674 ,
1627 2601 1970 2684 primtﬂnque
1996 2615 2092 2670 ho-

517 2686 718 2742 minem
742 2691 908 2746 traxit
936 2692 1003 2748 de
1030 2695 1300 2764 paradiso,
1328 2706 1385 2752 et
1406 2699 1764 2758 circumdedit
1794 2717 1918 2760 eum
1945 2721 2094 2778 sage-

514 2777 600 2833 nis
624 2787 679 2833 et
708 2780 1096 2852 multiplicibus
1129 2785 1378 2854 fallaciis,
1403 2798 1460 2844 et
1482 2806 1581 2862 per
1602 2807 1726 2848 eum
1755 2809 1945 2852 omnes
1994 2777 2093 2855 ho-

516 2870 688 2926 mines
725 2875 1006 2930 constituit
1055 2889 1386 2946 peccatores.
1446 2901 1466 2934 ‹
1525 2883 1592 2938 Et
1639 2885 1792 2944 cibus
1828 2889 1946 2960 ejus
1983 2890 2094 2948 ele-

514 2971 654 3030 ctus,
691 2983 711 3016 ›
743 2965 869 3034 quia
897 2967 1220 3040 dedignatur
1271 2988 1512 3044 quosque
1541 2975 1672 3032 viles
1714 2987 1768 3034 et
1803 2981 2090 3041 saeculares

515 3067 743 3128 tentare,
766 3072 985 3121 sanctos
1011 3080 1226 3140 quoque
1257 3078 1312 3126 et
1355 3071 1624 3143 perfectos
1669 3077 2006 3146 aggreditur,
2033 3085 2092 3133 et

509 3165 788 3221 nunquam
842 3169 1012 3226 genus
1067 3158 1365 3216 humanum
1422 3165 1675 3235 persequi
1727 3173 1784 3223 et
1839 3165 2090 3238 decipere

509 3251 703 3299 cessat.

1131 3321 1360 3380 CAPUT
1398 3325 1463 3380 Il.

589 3446 608 3478 ι
639 3424 815 3496 Super
839 3431 1142 3486 custodiam
1180 3447 1356 3488 meam
1381 3433 1556 3500 stabo,
1598 3442 1654 3490 et
1679 3434 1840 3506 ﬁgam
1862 3437 2089 3508 gradum

511 3532 676 3588 super
699 3520 1073 3588 munitionem,
1105 3532 1162 3578 et
1194 3526 1598 3596 contemplabor
1624 3535 1684 3582 ut
1707 3528 1918 3585 videam
1958 3531 2089 3601 quid

512 3607 724 3665 dicatur
737 3611 892 3678 mihi,
909 3621 964 3669 et
982 3613 1112 3684 quid
1133 3616 1486 3686 respondeam
1500 3619 1567 3672 ad
1587 3629 1901 3690 arguentem
1925 3636 2031 3677 me.
2062 3643 2082 3676 ι

510 3699 850 3771 Conquestus
878 3702 1054 3759 fuerat
1077 3703 1254 3775 primo
1278 3707 1565 3778 propheta,
1585 3717 1642 3764 et
1663 3710 2014 3781 responderat
2035 3713 2087 3769 ei

510 3789 770 3848 Dominus
806 3794 1025 3850 dicens:
1058 3813 1077 3847 ι
1124 3795 1366 3866 Aspicite
1407 3798 1462 3853 in
1503 3799 1775 3870 gentibus,
1805 3821 1823 3854 ι
1855 3811 1962 3859 etc.
2002 3803 2086 3860 Ad

509 3897 674 3958 quam
704 3885 915 3946 Domini
937 3890 1340 3962 responSionem
1362 3893 1681 3964 temperavit
1706 3895 2085 3968 qrmstionem,

509 3988 764 4050 tanquam
793 3982 1086 4053 superioris
1107 3982 1234 4039 dicti
1261 3999 1426 4057 agens
1448 3986 1841 4055 paenitentiam,
1861 3996 1917 4044 et
1933 3986 2085 4045 blan-

510 4069 702 4125 diendo
733 4071 898 4128 dicit:
929 4093 948 4126 ‹
985 4074 1130 4131 Deus
1169 4090 1322 4132 meus
1375 4086 1560 4132 sancte
1611 4093 1784 4146 meus,
1820 4096 1928 4136 non
1969 4096 2085 4137 mo-

509 4160 730 4228 riemur,
770 4182 789 4214 ι
818 4163 1172 4222 nihilominus
1197 4175 1381 4221 tamen
1408 4167 1658 4239 idipsum,
1690 4169 1818 4226 licet
1843 4186 1966 4227 cum
1994 4187 2086 4228 ve-

506 4255 788 4310 neratione
809 4257 1060 4324 quadam,
1075 4257 1380 4314 sciscitatus
1399 4268 1500 4315 est.
1540 4280 1560 4312 ι
1595 4261 1774 4319 Mundi
1798 4273 1924 4320 sunt
1943 4266 2084 4322 oculi

507 4345 604 4410 t'ui,
634 4353 827 4401 utnon
848 4345 1068 4404 videant
1093 4349 1318 4405 malum.
1344 4350 1522 4418 Quare
1549 4369 1656 4409 non
1680 4356 1903 4425 respicis
1923 4373 2086 4428 super

508 4436 694 4507 inique
721 4445 962 4510 agentes,
983 4446 1092 4495 etc.
1123 4438 1276 4497 Nunc
1325 4455 1457 4498 vero
1499 4443 1634 4500 dicit
1669 4456 1986 4516 exspectare
2024 4465 2083 4506 se

506 4525 636 4596 quid
669 4526 928 4583 Dominus
980 4531 1326 4600 respondeat,
1358 4540 1418 4587 ut
1453 4517 1607 4603 'quod
1654 4532 1858 4593 dictum
1885 4537 2085 4610 fuerat,

507 4621 762 4679 omnibus
791 4623 1021 4680 dicatur.
1051 4644 1070 4678 ‹
1102 4625 1276 4698 Super
1309 4627 1613 4686 custodiam
1640 4645 1818 4688 meam
1845 4634 2023 4702 stabo,
2057 4657 2078 4690 ι

508 4711 611 4767 hoc
639 4721 742 4781 est,
769 4713 826 4768 in
849 4715 1184 4774 sublimitate
1203 4727 1258 4774 et
1280 4720 1600 4777 celsitudine
1617 4723 1910 4794 prophetiae
1931 4742 2082 4796 mem,

509 4811 572 4857 ut
595 4803 808 4860 videam
826 4816 948 4877 post
973 4812 1312 4867 eversionem
1336 4813 1522 4885 templi
1542 4827 1597 4871 et
1625 4815 1882 4886 civitatis,
1897 4833 1963 4876 ac
1989 4835 2084 4892 po-

508 4896 622 4968 puli
657 4899 1042 4970 captivitatem,
1072 4904 1201 4973 quid
1230 4916 1508 4976 sequatur.

597 5006 617 5040 ‹
646 4987 716 5044 Et
738 4992 1018 5062 respondit
1037 4994 1170 5048 mihi
1207 4994 1484 5064 Dominus,
1514 5008 1570 5055 et
1589 5001 1724 5057 dixit
1747 5020 1762 5056 :
1788 5001 1979 5062 Scribe
2005 5007 2083 5063 vi-

508 5094 650 5146 sum,
674 5087 732 5134 et
753 5080 981 5150 explana
1011 5099 1132 5139 eum
1163 5100 1325 5156 super
1353 5088 1582 5157 tabulas,
1603 5100 1662 5148 ut
1687 5106 1969 5162 percurrat
1989 5099 2081 5168 qui

509 5170 705 5241 legerit
730 5185 876 5238 eum,
903 5173 1030 5243 quia
1076 5175 1253 5230 adhuc
1295 5177 1446 5234 visus
1482 5181 1690 5248 procul,
1717 5191 1774 5237 et
1801 5187 2083 5257 apparebit

509 5263 566 5318 in
589 5263 773 5331 ﬁnem,
800 5274 856 5320 et
879 5281 987 5322 non
1015 5268 1326 5324 mentietur.
1375 5291 1396 5322 ›
1438 5272 1748 5330 Secundum
1796 5279 1940 5346 quod
1979 5281 2083 5336 Do-

509 5354 689 5411 minus
725 5371 822 5426 per
839 5357 1033 5413 Isaiam
1064 5358 1274 5415 dixerat
1304 5380 1318 5416 :
1353 5381 1371 5413 ι
1407 5360 1597 5421 Adhuc
1622 5374 1675 5421 te
1700 5367 1974 5437 loquente,
1994 5371 2082 5426 di-

509 5460 632 5501 cam
651 5460 778 5502 ecce
801 5449 1014 5516 adsum,
1039 5469 1058 5503 »
1086 5466 1233 5507 nunc
1249 5451 1514 5510 Dominus
1543 5459 1851 5527 respondet,
1865 5468 1920 5516 et
1938 5475 2079 5530 pra:—

510 5536 644 5607 cipit
663 5537 936 5607 propheta:
957 5549 1017 5594 ut
1046 5542 1249 5599 scribat
1282 5543 1478 5610 visum,
1504 5545 1558 5600 id
1592 5555 1676 5600 est
1720 5551 2078 5620 prophetiam,

508 5635 563 5678 et
587 5626 837 5696 explanet
860 5644 1004 5697 eum,
1021 5633 1074 5686 id
1093 5642 1177 5690 est
1200 5633 1486 5706 diligenter
1505 5644 1559 5689 et
1583 5638 1864 5694 manifeste
1883 5644 2084 5700 scribat

510 5718 566 5772 in
603 5718 797 5775 tabulis
845 5723 1055 5789 cordis,
1080 5724 1233 5794 juxta
1263 5725 1604 5797 Apostoluut,
1631 5729 1723 5798 qui
1748 5729 1986 5801 loquitur
2013 5735 2080 5790 ad

511 5807 858 5868 Corinthios:
900 5834 917 5866 ι
951 5815 1186 5887 Epistola
1230 5830 1410 5876 nostra
1461 5837 1555 5877 vos
1595 5823 1728 5884 estis
1778 5826 1978 5897 scripta
2027 5830 2078 5886 in

2207 681 2506 748 advenerit,
2557 684 2876 754 probabitur
2923 699 3053 740 vera
3106 685 3273 743 fuisse
3305 687 3453 744 visio.
3483 687 3716 751 Manifeste

2207 779 2386 827 autem
2433 774 2713 844 pr0phetia
2773 777 2890 832 hac
2937 778 3003 832 de
3053 778 3284 834 adventu
3337 777 3521 836 Christi
3564 791 3650 850 est,
3672 795 3715 840 et

2205 864 2431 933 quaestio
2459 864 2550 920 illa
2574 865 2750 921 soluta
2775 875 2878 933 est,
2907 883 3068 938 quam
3116 871 3377 940 propheta
3412 870 3620 940 fecerat,
3639 891 3715 931 cur

2206 954 2334 1009 mali
2361 955 2787 1023 dominarentur,
2810 960 2938 1029 quia
2972 960 3224 1016 videlicet
3251 962 3495 1032 iniquitas
3517 972 3611 1018 tam
3645 966 3716 1022 diu

2204 1055 2495 1117 regnatura
2520 1053 2743 1105 essetin
2773 1052 2994 1118 mundo,
3021 1060 3076 1108 et
3099 1053 3393 1124 spiritualis
3411 1055 3712 1112 Nabuchodo-

2205 1152 2371 1193 nosor
2399 1138 2647 1196 homines
2669 1141 2820 1212 quasi
2842 1142 3019 1212 pisces
3047 1153 3322 1214 capturus,
3346 1145 3505 1202 donec
3539 1145 3614 1202 ille
3641 1163 3716 1218 per

2204 1228 2629 1286 incarnationem
2668 1231 2868 1287 veniat.
2901 1251 2923 1284 ‹
2955 1232 3013 1288 Si
3050 1249 3261 1290 moram
3287 1233 3486 1302 fecerit,
3504 1246 3714 1307 exspecta

2205 1318 2386 1384 illum,
2412 1321 2539 1391 quia
2565 1322 2790 1379 veniens
2834 1325 3036 1393 veniet,
3083 1335 3140 1383 et
3183 1342 3291 1382 non
3338 1327 3571 1383 tardabit.
3616 1347 3632 1380 ι
3670 1329 3713 1385 Si

2203 1410 2422 1482 (inquit)
2449 1427 2548 1482 pro
2593 1415 2786 1470 ardore
2829 1415 3113 1487 implenda:
3155 1417 3379 1474 visionis
3417 1434 3602 1474 moram
3639 1421 3713 1476 tibi

2202 1499 2381 1558 facere
2404 1503 2553 1559 visus
2585 1504 2744 1560 fuerit
2766 1506 2856 1562 ille
2877 1509 2968 1578 qui
2993 1510 3196 1577 veniet,
3218 1510 3325 1566 noli
3349 1510 3628 1582 desperare,
3643 1515 3713 1567 sed

2201 1601 2454 1664 exspecta
2481 1596 2772 1665 patienter,
2803 1601 2929 1670 quia
2950 1602 3175 1658 veniens
3202 1604 3396 1670 veniet,
3425 1613 3477 1660 et
3515 1621 3606 1660 non
3630 1613 3715 1660 tar-

2201 1682 2369 1738 dabit.
2397 1703 2417 1736 ι
2443 1684 2584 1741 Ecce
2608 1679 2699 1758 qui
2721 1688 3028 1746 incredulus
3048 1702 3155 1759 est,
3173 1709 3278 1749 non
3304 1693 3404 1750 erit
3424 1703 3555 1750 recta
3572 1695 3713 1749 anima

2201 1772 2318 1844 ejus
2353 1775 2410 1830 in
2441 1779 2750 1855 semetipso.
2787 1780 2972 1837 Justus
3001 1792 3183 1839 autem
3205 1786 3259 1840 in
3293 1785 3393 1840 ﬁde
3417 1800 3506 1841 sua
3533 1785 3669 1841 vivet.
3695 1805 3710 1838 ι

2126 1859 2174 1920 Β
2202 1863 2260 1922 Si
2285 1867 2408 1937 quis
2430 1868 2740 1926 incredulus
2761 1881 2845 1928 est
2865 1873 3025 1944 hujus
3043 1877 3438 1945 promissionis,
3451 1885 3503 1932 et
3519 1875 3712 1940 fluctuat,

2201 1956 2458 2015 dubitans
2483 1969 2768 2017 venturum
2791 1964 2894 2020 hoc
2912 1967 3054 2035 quod
3085 1968 3236 2023 videt
3262 1969 3478 2034 morari,
3504 1984 3597 2024 non
3635 1968 3714 2022 erit

2197 2056 2345 2103 recta
2371 2049 2553 2106 anima
2595 2052 2713 2123 ejus
2729 2093 2744 2119 ,
2771 2055 2865 2110 sed
2890 2055 3224 2114 infidelitatis
3245 2058 3542 2116 fortitudine
3565 2060 3715 2129 depra-

2197 2139 2430 2196 vabitur.
2458 2141 2573 2198 Alia
2609 2145 2890 2202 translatio
2921 2149 3049 2204 dicit
3084 2165 3100 2204 :
3141 2150 3260 2206 Non
3306 2152 3526 2222 placebit
3563 2154 3716 2207 anime

2198 2245 2354 2299 mea},
2386 2233 2441 2287 id
2469 2243 2553 2289 cst
2585 2236 2889 2307 displicebit
2917 2239 3069 2295 mihi.
3095 2239 3156 2296 Si
3186 2251 3362 2299 autem
3389 2243 3474 2298 ille
3495 2243 3714 2313 displicet,

2199 2320 2290 2388 qui
2330 2336 2438 2377 non
2483 2325 2678 2392 credit,
2704 2326 3027 2400 ergojustus
3053 2331 3148 2402 qui
3172 2332 3457 2390 crediderit
3480 2349 3598 2391 mea:
3622 2349 3717 2405 pro-

2198 2408 2466 2478 missioni,
2488 2413 2633 2470 vivet
2661 2415 2718 2470 in
2746 2415 2853 2473 ﬁde
2882 2434 3000 2474 sua.

2272 2527 2292 2562 ι
2322 2511 2391 2566 Et
2415 2516 2683 2584 quomodo
2703 2517 2886 2574 vinum
2907 2521 3104 2594 decipit
3125 2535 3422 2596 potantem,
3450 2526 3522 2582 sic
3546 2524 3632 2580 erit
3654 2524 3716 2576 vir

2194 2603 2458 2672 superbus
2480 2644 2497 2672 ,
2543 2613 2600 2661 et
2631 2622 2741 2663 non
2787 2609 3156 2684 decorabitur,
3200 2619 3293 2690 qui
3331 2616 3560 2674 dilatavit
3592 2615 3713 2685 quasi

2195 2693 2439 2752 infernus
2463 2697 2702 2754 animam
2725 2717 2902 2769 suam,
2925 2715 2980 2760 et
3002 2707 3117 2778 ipse
3137 2712 3292 2780 quasi
3314 2725 3454 2768 mors
3468 2725 3563 2766 non
3581 2707 3717 2763 adim-

2193 2785 2389 2856 pletur.
2414 2787 2482 2844 Et
2504 2793 2854 2865 congregabit
2881 2797 2949 2851 ad
2993 2814 3052 2854 se
3091 2815 3286 2861 omnes
3323 2813 3527 2874 gentes,
3552 2809 3599 2856 et
3618 2813 3715 2854 coa-

2193 2879 2435 2967 cervabit
2460 2881 2527 2937 ad
2565 2896 2624 2939 se
2655 2899 2845 2942 omnes
2868 2891 3113 2959 populos.
3159 2893 3410 2967 Nunquid
3439 2911 3538 2952 nou
3569 2905 3718 2948 omnes

2194 2965 2285 3024 isti
2330 2984 2491 3042 super
2539 2988 2663 3030 eum
2728 2977 3037 3047 parabolam
3088 2965 3343 3055 sument,
3389 2995 3442 3043 et
3499 2981 3718 3054 loquelam

2192 3057 2536 3131 aenigmatum
2572 3065 2727 3135 ejus?
2753 3066 2821 3122 Et
2863 3069 3090 3142 dicetur,
3129 3090 3217 3132 vae
3255 3078 3306 3134 ei
3331 3079 3421 3148 qui
3453 3074 3716 3145 multiplicat

2193 3163 2302 3204 non
2324 3165 2442 3206 sua.
2477 3172 2497 3204 ι
2523 3153 2624 3211 Hic
2642 3154 2758 3225 jam
2796 3161 3083 3221 manifeste
3124 3164 3599 3226 Nabuchodonosor
3619 3179 3716 3234 pro-

2118 3215 2164 3279 C
2195 3242 2474 3298 nuntiatur
2510 3215 2779 3304 interitus.
2821 3249 2974 3309 Sicut
3015 3255 3239 3333 (inquit)
3283 3261 3460 3316 viuum
3492 3215 3718 3330 ροωιῖιεω

2192 3331 2446 3401 inebriat,
2493 3343 2555 3390 ut
2594 3353 2770 3408 neque
2808 3357 2937 3411 pes,
2984 3361 3160 3418 neque
3202 3331 3362 3408 ruens
3390 3364 3536 3408 suum
3575 3351 3718 3402 teneat

2192 3423 2444 3490 oﬂicium,
2477 3427 2557 3484 sic
2597 3429 2684 3485 vir
2723 3435 3021 3504 superbus,
3070 3440 3152 3494 vel
3193 3443 3515 3513 generaliter
3547 3451 3716 3496 omnes.

2191 3514 2275 3571 vel
2298 3517 2609 3586 specialiter
2633 3519 3128 3586 Nabuchodonosor
3146 3549 3261 3590 non
3289 3532 3621 3595 decorabitur,
3641 3541 3717 3582 nec

2190 3605 2533 3692 voluntatem
2555 3625 2710 3666 suam
2749 3615 3006 3684 perducet
3040 3623 3108 3677 ad
3133 3621 3403 3682 effectum.
3429 3623 3577 3692 Quasi
3602 3633 3717 3674 mors

2189 3698 2336 3754 enim
2363 3707 2418 3754 et
2460 3685 2666 3760 inferus
2706 3720 2814 3762 non
2857 3708 3085 3768 satiatur
3121 3715 3350 3783 occisis,
3387 3725 3442 3772 et
3463 3711 3624 3770 omnia
3650 3724 3718 3760 ra-

2187 3789 2363 3859 piens,
2385 3791 2590 3848 nullum
2613 3809 2727 3852 suae
2753 3799 2992 3856 avaritiae
3024 3801 3189 3860 ﬁnem
3220 3809 3392 3878 ponit.
3417 3826 3435 3860 ι
3471 3803 3717 3874 Usqueq"0

2189 3891 2245 3939 et
2263 3896 2522 3958 aggravat
2547 3899 2736 3946 contra
2761 3908 2820 3948 se
2847 3897 3071 3952 densum
3098 3898 3309 3959 lutum?
3328 3923 3347 3956 ι
3373 3903 3436 3958 Ει
3463 3895 3722 3970 specialiter

2189 3985 2376 4033 contra
2398 3975 2914 4055 Nabuchodonosor,
2938 3996 2994 4044 et
3013 3991 3346 4061 generaliter
3362 3985 3538 4050 contra
3563 3995 3720 4044 omnes

2190 4085 2384 4126 avaros
2415 4086 2596 4128 sermo
2625 4074 2895 4147 dirigitur.
2924 4077 3111 4138 Omnis
3138 4099 3338 4143 avarus
3369 4100 3472 4141 non
3499 4095 3586 4137 sua
3608 4072 3722 4132 mul-
3777 4075 3780 4078 ’

2192 4161 2416 4233 tiplieat,
2451 4165 2578 4235 quia
2604 4165 2805 4223 divitia:
2827 4185 2963 4240 quas
2988 4189 3086 4244 per
3111 4175 3192 4232 fas
3213 4187 3270 4233 et
3305 4176 3453 4235 nefas
3472 4171 3718 4230 coadunat.

2191 4267 2313 4308 cum
2353 4269 2419 4310 eo
2461 4270 2811 4326 perseverare
2843 4276 2952 4316 non
2979 4275 3226 4334 possunt,
3259 4270 3354 4326 sed
3382 4267 3447 4323 ad
3478 4264 3601 4319 alios
3619 4270 3736 4329 905"

2191 4361 2431 4404 sessores
2475 4355 2776 4407 transeunt.
2826 4353 3057 4412 Pulchre
3104 4366 3285 4415 autem
3322 4358 3512 4416 nimias
3545 4347 3725 4408 divitias

2190 4435 2414 4492 densum
2446 4437 2618 4496 lutum
2657 4441 2972 4514 appellavit,
3013 4446 3140 4517 quia
3175 4451 3368 4507 animae
3402 4443 3725 4504 sinceritatem

2194 4523 2548 4593 confundunt,
2577 4538 2633 4585 et
2670 4531 2990 4602 gravissimo
3022 4535 3327 4609 iniquitatis
3353 4537 3577 4613 pondere
3597 4539 3724 4586 men-

2197 4621 2307 4670 tem
2329 4627 2597 4687 premunt.

2265 4749 2287 4783 ι
2321 4731 2574 4804 Nunquid
2599 4751 2706 4792 non
2741 4749 2961 4810 repente
3006 4755 3331 4817 consurgent
3358 4743 3448 4815 qui
3481 4732 3740 4824 mordeam.

2191 4835 2265 4893 te,
2289 4836 2345 4884 et
2373 4829 2780 4887 suscitabuntur
2805 4834 3106 4894 lacerantes
3133 4847 3204 4905 te,
3226 4847 3283 4896 et
3302 4841 3411 4897 eris
3433 4837 3486 4892 in
3512 4828 3726 4899 rapinam

2189 4919 2305 4975 eis?
2328 4918 2464 4987 Quia
2509 4930 2566 4978 tu
2608 4924 2847 4995 spoliasti
2879 4938 3065 4999 gentes
3106 4931 3334 5000 multas,
3366 4924 3651 5001 spoliabant
3683 4919 3728 5014 te

2187 5025 2377 5067 omnes
2398 5013 2490 5082 qui
2516 5015 2705 5085 reliqui
2733 5015 2934 5074 fuerint
2955 5019 3022 5076 de
3047 5023 3280 5092 populis,
3300 5029 3516 5096 propter
3538 5013 3727 5090 sauti‘"?

2186 5119 2311 5158 nem
2349 5105 2584 5164 hominis
2611 5117 2666 5164 et
2693 5111 3031 5182 iniquitatem
3074 5123 3266 5184 terrae,
3295 5108 3524 5174 civitatis
3557 5113 3606 5160 et
3628 5111 3728 5155 Ottl-

2184 5193 2333 5249 nium
2359 5195 2718 5254 habitantium
2741 5199 2798 5256 in
2826 5217 2910 5258 ea.
2941 5223 2959 5255 ι
2989 5205 3168 5262 Medos
3193 5217 3250 5262 et
3277 5208 3468 5264 Persas
3493 5194 3726 5263 ἱηδίηικλίν

2187 5287 2492 5356 qui,contra
2506 5290 2922 5364 Babyloniorum
2936 5311 3160 5370 regnum
3171 5303 3568 5372 consurgentes,
3580 5282 3733 5359 primo

2189 5381 2618 5449 momorderunt,
2667 5384 3010 5444 detrahentes
3057 5387 3283 5446 luxuriae
3325 5401 3534 5448 eorum,
3569 5379 3766 5465 Ροδίθ²¹¹Δ

2190 5469 2565 5529 laceraverunt
2602 5483 2660 5530 et
2700 5477 3130 5550 discerpserunt,
3161 5482 3442 5539 interfecto
3479 5467 3736 5558 Balthasaf‘

2189 5573 2241 5618 et
2265 5564 2516 5620 omnibus
2542 5566 2694 5638 regni
2725 5569 3058 5640 principibus
3079 5571 3357 5644 dispersis.
3389 5568 3532 5624 Tunc
3552 5555 3644 5613 fuit
3667 5555 3733 5644 eis

2191 5655 2244 5709 in
2280 5655 2524 5724 rapinam
2551 5632 2792 5713 vastator
2823 5632 2989 5715 totius
3016 5632 3184 5728 orbis,
3213 5673 3269 5719 et
3295 5661 3546 5735 spoliatus
3576 5650 3652 5700 est
3675 5632 3734 5690 ab

2190 5745 2438 5800 omnibus
2462 5747 2690 5817 populis,
2721 5749 2814 5819 qui
2853 5751 2972 5820 ejus
3009 5752 3382 5809 crudelitatem
3407 5743 3622 5836 evade“?

2190 5842 2426 5890 tuerunt.
2458 5835 2568 5892 Hoc
2605 5846 2784 5894 autem
2811 5841 3021 5908 veniet,
3060 5842 3166 5911 ait,
3195 5854 3415 5919 propter
3442 5828 3730 5904 sanguinem
