4022 6444
475 409 587 475 ,18⁸1

937 397 1290 458 HAYMONIS
1327 392 1803 457 HALBEBSTAT.
1845 388 2057 447 EPISC.
2098 386 2247 446 OPP.
2284 384 2469 447 PARS
2500 385 2540 443 l.
2580 414 2650 433 --
2686 379 3041 447 CQMMENT.
3076 380 3246 437 BIBL.

3631 378 3743 443 £88

485 534 609 587 tum,
632 538 738 579 non
781 520 844 577 de
872 520 1016 577 lbnte
1048 517 1222 581 Siloa,
1250 515 1302 570 id
1342 522 1428 571 est
1469 512 1654 577 missi,
1684 508 1889 569 Christi
1911 506 2055 561 vide-
2083 505 2133 569 Α
2159 500 2395 579 positos,
2428 507 2483 561 et
2523 498 2659 557 forte
2688 497 2939 555 fundatos
2958 537 2972 562 ,
3000 504 3061 552 ut
3094 510 3191 565 per
3230 510 3324 552 eos
3344 493 3660 587 judicentur
3688 504 3750 553 et

486 619 631 683 licet,
656 630 815 689 quem
839 614 976 669 Deus
1001 609 1161 665 Pater
1181 608 1235 663 in
1263 606 1521 663 mundum
1542 605 1708 669 misit,
1733 602 1826 657 sed
1852 601 1916 657 de
1944 600 2058 654 rivo

486 708 701 780 λεπριί
736 702 1073 760 tenebrarum
1103 709 1156 755 et
1200 701 1465 754 maeroris.
1501 695 1652 752 Unde
1686 703 1740 748 et
1768 693 1881 762 ipse
1912 691 2058 745 rivus

488 779 631 855 recte
662 797 799 856 Sior,
833 792 884 846 id
923 801 1006 848 est
1047 789 1295 843 turbidus
1325 796 1379 842 et
1417 800 1667 845 caenosus
1700 790 1939 837 vocatur.
1970 779 2060 833 Di-

486 890 627 945 citur
650 901 777 956 ergo
804 883 928 950 illis,
952 882 1094 955 quod
1126 881 1227 952 ipsi
1258 894 1469 950 quoque
1502 892 1598 947 pro
1623 875 1790 945 gloria
1822 872 2059 943 replendi

486 979 593 1034 sint
620 975 935 1048 ignominia,
969 988 1091 1028 cum
1116 987 1304 1027 eorum
1343 984 1595 1041 perversa
1624 966 1864 1021 doctrina
1902 962 2065 1018 fuerit

406 1052 411 1055 ’
485 1067 745 1134 revelata,
777 1076 832 1121 et
864 1063 1244 1120 Ecclesiastica
1269 1075 1498 1119 censura
1535 1058 1803 1113 damnata.
1845 1052 2067 1125 Operiet

485 1169 666 1217 autem
709 1173 807 1214 eos
848 1158 1073 1212 vastitas
1114 1140 1325 1211 Libani.
1376 1153 1613 1208 Libanus
1653 1150 1849 1220 quippe
1890 1161 2064 1218 graece

486 1253 613 1309 thus
642 1252 858 1309 dicitur.
889 1248 1071 1309 Thure
1099 1263 1230 1303 vero
1277 1244 1536 1301 munditia
1578 1242 1839 1298 orationis
1885 1239 2063 1310 expri-

486 1344 670 1399 mitur.
706 1339 944 1397 Vastitas
963 1355 1091 1411 ergo
1121 1338 1311 1395 Libani
1334 1352 1429 1393 eos
1457 1336 1690 1405 operiet,
1723 1334 1847 1404 quia
1875 1347 2064 1387 eorum

487 1434 695 1499 oratio,
724 1431 875 1502 quod
907 1440 989 1493 est
1030 1430 1261 1501 speciale
1298 1428 1393 1482 Dei
1435 1425 1790 1487 sacrificium,
1825 1430 2067 1477 vertetur

490 1527 593 1582 illis
625 1527 675 1581 in
706 1525 1127 1588 damnationem,
1153 1523 1304 1594 juxta
1334 1520 1477 1591 quod
1529 1516 1812 1573 Psalmista
1842 1512 2067 1569 de'Juda

491 1615 627 1672 dixit
658 1633 671 1668 :
703 1634 721 1666 ι
759 1615 944 1671 Oratio
968 1614 1084 1684 ejus
1115 1614 1210 1666 liat
1239 1612 1291 1665 in
1322 1617 1621 1681 peccatum.
1652 1626 1670 1657 ι

568 1724 587 1758 ι
624 1705 760 1773 Quid
786 1706 1003 1776 prodest
1028 1701 1307 1775 sculptile,
1336 1700 1459 1769 quia
1490 1696 1715 1766 sculpsit
1753 1693 1884 1749 illud
1911 1694 2069 1747 lictor

492 1812 641 1861 suus,
669 1794 967 1860 conﬂatile,
1010 1802 1066 1849 et
1108 1792 1394 1863 imaginem
1420 1788 1643 1852 falsam,
1670 1786 1794 1857 quia
1830 1784 2068 1857 speravit

494 1889 547 1944 in
575 1888 827 1959 figmento
856 1886 1010 1940 ﬁctor
1039 1885 1173 1956 ejus,
1207 1891 1265 1937 ut
1296 1881 1498 1936 faceret
1520 1878 1805 1937 simulacra
1833 1876 2017 1930 muta?
2045 1894 2064 1926 ι
2097 1866 2149 1927 Β

494 1979 718 2034 Miratur
744 1978 1008 2049 propheta
1039 1974 1181 2045 regis
1227 1968 1723 2027 Nabuchodonosor
1765 1963 2066 2030 stultitiam,

494 2071 620 2142 quia
635 2072 874 2142 jusserat
889 2069 1002 2124 ﬁeri
1020 2077 1253 2125 statuam
1270 2080 1506 2127 auream,
1526 2063 1729 2117 habens
1751 2059 1997 2115 ﬁduciam
2017 2058 2077 2121 in

496 2162 788 2219 simulacro
831 2159 974 2237 quod
1022 2159 1274 2222 ﬁnxerat,
1307 2171 1428 2213 cum
1478 2156 1663 2225 utique
1695 2150 1828 2206 nihil
1865 2152 1912 2204 ei
1944 2164 2071 2221 pro-

496 2254 649 2311 desse
676 2262 877 2324 posset.
907 2252 1050 2307 Inter
1079 2249 1325 2321 sculptile
1361 2258 1414 2303 et
1445 2246 1711 2303 conﬂatilc
1742 2246 1843 2304 hoc
1884 2244 2070 2311 distat,

496 2344 620 2414 quia
658 2343 901 2415 sculptile
930 2351 1015 2401 est
1044 2342 1167 2421 ligni
1198 2340 1277 2399 vel
1306 2339 1610 2403 marmoris.
1649 2339 1917 2396 contlatile
1945 2354 2073 2393 vero

495 2432 857 2499 metallorum,
885 2436 1011 2505 qute'
1030 2443 1254 2505 possunt
1275 2434 1406 2488 solvi
1439 2444 1559 2505 Igne
1584 2440 1638 2487 et
1659 2428 1898 2493 conﬂari,
1933 2429 2073 2499 quod

496 2540 603 2580 non
630 2524 800 2581 solum
826 2526 891 2580 de
938 2524 1230 2579 idololatris
1253 2566 1266 2588 ,
1295 2525 1389 2579 sed
1413 2533 1467 2577 et
1503 2523 1567 2577 de
1599 2520 1869 2576 hmreticis
1902 2518 2073 2589 accipi

497 2626 693 2688 potest,
726 2632 952 2688 quorum
990 2615 1255 2687 sculptilia
1293 2622 1419 2671 sunt
1447 2628 1613 2685 prava
1642 2613 1920 2683 dogmata,
1955 2623 2075 2680 quas

498 2709 600 2779 ipsi
623 2708 955 2781 contingunt,
976 2717 1030 2764 et
1056 2723 1152 2778 pro
1175 2707 1402 2763 veritate
1423 2713 1752 2761 venerantur
1771 2712 1824 2760 et
1846 2703 2075 2767 adorant

498 2801 809 2859 falsitatem.

576 2913 594 2945 ι
625 2894 717 2951 Va:
743 2895 833 2967 qui
872 2893 1004 2950 dicit
1031 2894 1176 2967 ligno
1204 2912 1217 2948 ε
1249 2893 1662 2967 Expergiscere;
1690 2892 1878 2963 Surge,
1910 2890 2074 2961 lapidi

502 2985 721 3040 tacenti.
750 2984 1000 3055 Nunquid
1034 2986 1148 3057 ipse
1175 2984 1368 3040 docere
1394 2982 1627 3053 poterit?
1661 3002 1678 3032 ι
1707 2980 1818 3037 Hoc
1846 2997 2071 3052 genera-

444 3078 453 3085 '
499 3072 625 3128 liter
653 3074 909 3129 adversus
943 3090 1131 3130 omnes
1171 3073 1369 3127 dicitur
1416 3071 1506 3143 qui
1545 3071 1686 3126 idola
1729 3078 2071 3126 venerantur.

2160 596 2453 668 puniantur
2500 602 2813 665 peccatores
2838 632 2853 656 ,
2886 606 3029 646 nunc
3074 591 3187 662 agit
3228 585 3645 660 paenitentiam,
3691 598 3754 646 et

2160 688 2369 759 plangit
2412 688 2553 757 quod
2586 692 2788 740 temere
2819 684 2889 739 sit
2936 683 3181 748 locutus,
3210 680 3487 753 poscitque
3530 681 3751 735 veniam

2162 779 2499 852 ignorantite,
2528 777 2711 835 ethoc
2735 783 2818 830 est
2848 774 2990 845 quod
3014 772 3271 833 scribitur
3296 772 3349 826 in
3378 770 3553 835 titulo,
3588 788 3608 822 ι
3639 769 3751 826 Pro

2162 870 2503 942 ignorantiis.
2549 888 2567 921 ι
2599 867 2731 923 Nam
2771 875 2827 923 et
2856 866 3025 922 David
3058 873 3211 936 rogat
3237 864 3553 930 Dominum,
3593 881 3611 913 ι
3644 863 3753 920 Des

2163 962 2287 1016 licta
2312 959 2609 1031 juventutis
2658 972 2791 1014 mete
2829 966 2883 1012 et
2911 956 3243 1028 ignorantias
3271 970 3418 1012 meas
3446 971 3516 1011 ne
3552 955 3751 1010 memi-

2165 1053 2328 1108 neris.
2384 1072 2402 1104 ι
2444 1050 2672 1119 Quidam
2718 1056 2910 1119 putant
2958 1048 3062 1102 hoc
3112 1048 3257 1117 quod
3310 1046 3528 1111 dicitur,
3563 1064 3586 1096 ι
3640 1044 3753 1101 Pro

2168 1144 2508 1217 iguorantiis,
2561 1163 2580 1194 ι
2632 1144 2734 1198 hoc
2782 1141 3067 1197 ostendere
3116 1140 3260 1212 quod
3309 1140 3573 1211 propheta
3630 1147 3756 1195 oret

2167 1236 2335 1291 Deum
2365 1251 2462 1306 pro
2489 1233 2740 1290 humanis
2784 1232 3059 1288 erroribus
3102 1240 3157 1286 et
3199 1231 3537 1303 ignorantia,
3567 1238 3629 1285 ut
3660 1245 3752 1286 su-

2167 1325 2310 1382 blata
2336 1325 2539 1380 erroris
2569 1322 2820 1395 caligine,
2852 1321 2943 1377 lux
2973 1336 3103 1377 vera
3128 1329 3368 1391 patescat

2777 1436 3005 1494 CAPUT
3043 1435 3127 1490 ιιι.

2246 1552 2267 1585 ι
2308 1532 2564 1598 Domine,
2604 1528 2783 1586 audivi
2826 1528 3156 1589 auditionem
3198 1535 3376 1590 tuam,
3409 1534 3467 1582 et
3516 1525 3697 1581 timui.
3734 1546 3756 1576 ι

2169 1624 2512 1680 Auditiouem
2549 1623 2683 1678 dicit
2734 1636 2925 1678 vocem
2951 1634 3113 1689 quam
3143 1620 3465 1674 intrinsecus
3493 1623 3549 1673 in
3572 1628 3761 1673 mente

2172 1715 2443 1771 audiebat.
2479 1714 2610 1769 Tale
2630 1722 2714 1768 est
2746 1712 2883 1771 illud
2905 1712 3058 1769 Isaia
3083 1729 3153 1766 :.¢
3183 1710 3441 1776 Domine,
3469 1711 3596 1780 quis
3638 1725 3763 1766 cre-

2174 1812 2309 1868 didit
2355 1812 2559 1866 auditui
2604 1811 2830 1866 nostro?
2874 1829 2893 1861 »
2935 1817 2993 1864 et
3030 1808 3194 1873 alibi,
3234 1828 3254 1861 ι
3306 1808 3565 1864 Dominus
3615 1807 3765 1861 Dens

2173 1903 2386 1973 aperuit
2415 1902 2549 1957 mihi
2593 1917 2799 1957 aureus.
2824 1920 2842 1953 ι
2878 1920 2896 1953 ς
2919 1900 3163 1966 Domine,
3196 1900 3373 1955 audivi
3421 1900 3764 1955 auditionem

2174 2002 2342 2048 tuam.
2380 1992 2645 2055 rAudivi
2684 1990 2899 2064 (inquit)
2946 2005 3078 2046 aure
3124 1990 3322 2046 mentis
3358 2003 3586 2060 prunas,
3623 2004 3767 2059 quas

2173 2086 2666 2143 Nabuchodonosor
2686 2084 2770 2141 vel
2811 2082 3042 2147 diabolo,
3075 2081 3301 2152 ejusque
3331 2082 3594 2139 membris
3622 2097 3767 2152 pne-

2170 2180 2398 2255 parasti,
2428 2187 2483 2240 et
2507 2178 2794 2253 quinquies
2838 2192 2919 2235 va!
2969 2175 3075 2235 illis
3109 2184 3370 2234 azteruuui
3397 2175 3768 2231 comminatus

2171 2288 2251 2330 es.
2286 2294 2303 2326 ε
2338 2274 2404 2329 Et
2433 2274 2610 2338 timui,
2652 2292 2669 2325 ι
2698 2270 3059 2327 secretissima
3079 2270 3280 2341 judicia
3303 2279 3410 2323 tua.
3456 2322 3459 2329 ,

2164 2436 2171 2439 _
2249 2384 2269 2417 ι
2304 2365 2531 2421 Domine
2552 2405 2567 2430 ,
2614 2378 2750 2434 opus
2785 2372 2957 2427 tuum,
2992 2382 3012 2415 ι
3045 2361 3302 2418 subaudis
3342 2358 3564 2426 audivi;
3598 2359 3655 2414 id
3680 2368 3766 2414 est

2174 2456 2488 2526 mysterium
2517 2454 2905 2511 incarnationis
2933 2462 3057 2509 tum.
3090 2452 3239 2522 Opus
3260 2450 3404 2505 enim
3430 2450 3528 2506 Dei
3556 2458 3664 2514 est,
3706 2458 3766 2504 ut

2174 2546 2364 2601 beatus
2387 2544 2723 2615 Augustinus
2741 2544 2872 2600 dicit
2897 2561 2909 2597 :
2946 2541 3177 2599 Verbum
3202 2556 3334 2597 caro
3354 2540 3580 2596 factum.
3605 2539 3766 2609 Quod

2174 2635 2338 2691 etiam
2388 2634 2455 2691 de
2500 2634 2895 2691 resurrectione
2939 2633 3058 2704 ejus
3104 2640 3283 2703 potest
3325 2632 3517 2702 accipi.
3557 2631 3760 2688 Aurivi

2175 2727 2393 2800 (inquit)
2436 2742 2575 2798 opus
2615 2736 2802 2792 unum,
2851 2734 2911 2780 ut
2952 2726 3045 2796 qui
3091 2726 3235 2785 mori
3277 2725 3529 2796 dignatus
3568 2738 3628 2780 es
3662 2739 3767 2795 pro

2093 2834 2118 2857 ο
2175 2818 2353 2883 nobis,
2386 2833 2639 2889 resurges
2665 2834 2698 2873 a
2733 2818 2977 2882 mortuis.
3000 2837 3019 2870 ι
3046 2817 3104 2872 In
3127 2817 3303 2873 modio
3329 2831 3595 2873 annorum
3618 2817 3763 2872 vivi-

2180 2908 2281 2965 ﬁca
2308 2908 2456 2973 illud,
2493 2927 2511 2960 ι
2544 2908 2646 2964 hoc
2670 2915 2786 2974 est,
2816 2908 2870 2962 in
2912 2906 3243 2978 plenitudine
3290 2906 3553 2976 temporis
3595 2906 3762 2977 imple

2176 3000 2323 3071 quod
2368 2999 2639 3070 pollicitus
2684 3014 2764 3057 es.
2810 2998 2894 3054 Tu
2934 2999 3081 3054 enim
3123 2998 3344 3054 dixisti:
3369 2996 3564 3055 Adhuc
3613 2998 3765 3054 visus

2178 3092 2395 3162 procul,
2444 3101 2499 3149 et
2550 3092 2831 3162 apparebit
2878 3092 2933 3146 in
2978 3090 3162 3148 ﬁnem.
3208 3091 3351 3164 Ergo
3384 3106 3509 3148 eum
3549 3100 3767 3162 tempus

430 3194 439 3199 ~
502 3163 597 3220 Va:
645 3165 788 3220 enim
835 3174 1098 3222 retentum
1123 3165 1228 3221 erit
1275 3165 1324 3220 ei
1370 3166 1459 3235 qui
1511 3164 1789 3219 materiem
1834 3164 1962 3234 ligni
1995 3164 2076 3218 vel
2123 3248 2152 3253 _
2181 3181 2312 3238 ιιιυά
2361 3184 2505 3253 quod
2554 3183 2907 3240 consumtum
2936 3191 3020 3239 est
3052 3198 3083 3239 ε
3127 3192 3212 3249 ιθ,
3264 3183 3502 3247 “nam,
3544 3183 3765 3238 γενεῆς,

500 3257 723 3329 lapidis,
752 3259 864 3313 sive
913 3259 1278 3331 cujuscunque
1309 3256 1509 3311 metalli
1554 3273 1652 3331 pro
1684 3258 1797 3346 deo
1839 3256 1999 3320 colit,
2028 3265 2078 3310 et
2110 3248 2154 3314 C
2184 3277 2314 3332 illud
2343 3248 2481 3346 obus
2508 3286 2694 3343 mum,
2735 3286 2795 3332 ,η
2830 3292 2940 3332 μοι,
2971 3277 3234 3333 moriatur
3266 3291 3441 3333 sem
3479 3284 3633 3341 ωηεν
3666 3276 3765 3332 sed

503 3347 760 3403 invocans
781 3347 945 3402 dicit:
977 3366 995 3398 ι
1028 3347 1447 3423 Expergiscere,
1480 3366 1497 3397 ι
1528 3361 1651 3400 cum
1674 3344 1842 3407 forma
1871 3354 2083 3403 tantum

506 3436 579 3493 sit
606 3438 921 3492 inauimata.
953 3436 1088 3492 Nam
1116 3437 1265 3493 eidos
1292 3435 1478 3495 Graece
1510 3436 1594 3492 vel
1626 3437 1769 3502 idea,
1796 3436 1966 3491 forma
1997 3438 2079 3492 di-

506 3529 693 3585 citur:
743 3530 866 3584 inde
916 3530 1232 3584 diminutive
1282 3528 1516 3596 idolum,
1564 3529 1789 3584 formula
1841 3540 2078 3587 vocatur.

506 3621 757 3690 Nunquid
799 3622 912 3691 ipse
954 3621 1087 3691 lapis
1117 3636 1275 3692 quem
1306 3621 1555 3687 invocas,
1596 3622 1787 3678 docere
1814 3630 1865 3677 te
1889 3623 2084 3692 poterit

506 3721 561 3767 et
585 3714 876 3783 prmdicere
900 3712 1166 3767 ventura?
1192 3731 1209 3763 ε
1240 3712 1376 3767 Ecce
1405 3712 1505 3767 iste
1533 3722 1816 3784 coopertus
1842 3722 1921 3771 est
1950 3729 2083 3769 auro

507 3816 562 3861 et
602 3816 846 3878 argento.
886 3827 903 3857 ›
938 3805 1099 3874 Quasi
1139 3806 1471 3862 ostendentis
1503 3815 1616 3864 est:
1646 3808 1782 3864 Ecce
1820 3809 1921 3867 iste
1948 3809 2089 3885 lapis.

408 3914 411 3919 ’
508 3911 667 3968 quem
700 3898 893 3954 adoras
913 3940 931 3973 ε
956 3914 989 3954 o
1017 3898 1327 3965 idololatra,
1358 3908 1643 3969 coopertus
1671 3910 1752 3955 est
1791 3910 1843 3957 et
1887 3902 2084 3963 oblitus

507 4005 660 4045 auro.
698 4008 716 4042 ί
754 3989 820 4045 Ει
867 3991 1043 4046 omnis
1085 3991 1340 4065 spiritus,
1388 4011 1407 4041 ι
1455 3990 1508 4045 id
1544 4001 1627 4046 est
1671 3990 1827 4046 llatus
1882 3993 2085 4060 vitalis,

514 4103 531 4135 ι
566 4100 669 4139 nou
700 4092 783 4139 est
814 4086 863 4139 in
894 4084 1189 4160 visceribus
1219 4085 1355 4156 ejus,
1385 4106 1402 4138 ι
1432 4084 1587 4140 idest
1616 4084 1740 4141 idoli
1764 4086 1848 4143 vel
1871 4085 2081 4156 lapidis.

589 4198 603 4228 ι
641 4174 900 4233 Dominus
926 4187 1129 4243 autem,
1164 4199 1184 4230 ›
1215 4193 1375 4249 quem
1405 4179 1517 4233 veri
1554 4180 1867 4235 adoratores
1897 4181 2086 4237 adora-

508 4283 651 4331 mus,
684 4286 701 4317 ι
735 4267 787 4320 in
818 4267 1015 4338 templo
1045 4276 1231 4323 sancto
1259 4284 1374 4323 suo.
1410 4267 1577 4324 Sileat
1602 4286 1631 4324 a
1664 4270 1796 4326 facie
1831 4270 1946 4339 ejus
1966 4286 2086 4327 om-

509 4362 593 4416 nis
618 4369 782 4414 tcrra.
820 4379 836 4409 ›
866 4358 980 4414 Νοη
1014 4359 1069 4415 in
1108 4358 1416 4421 manufacto
1443 4362 1699 4419 subaudis
1726 4363 1959 4433 templo,
1992 4363 2088 4419 sed

510 4450 595 4506 vel
644 4451 695 4505 in
738 4449 913 4516 oculis,
947 4450 1029 4505 vel
1078 4451 1132 4507 in
1181 4467 1503 4524 unoquoque
1549 4464 1891 4521 sanctorum,
1933 4455 2089 4525 juxta

512 4546 821 4617 Apostolum
855 4545 1119 4602 dicentem
1154 4565 1167 4600 :
1207 4565 1225 4597 ι
1258 4547 1340 4602 An
1388 4548 1609 4603 nescitis
1654 4549 1906 4616 quoniam
1949 4557 2086 4605 tem-

2185 3384 2347 3439 opere
2380 3368 2686 3438 impleatur.
2709 3386 2728 3419 ι
2749 3367 2807 3423 In
2830 3367 3008 3425 medio
3026 3365 3293 3423 annonis.
3311 3375 3493 3423 notum
3518 3366 3710 3423 ﬁnies.
3741 3386 3762 3419 ι

2186 3460 2320 3517 Cum
2345 3460 2555 3517 venerit
2575 3468 2803 3530 tempus,
2825 3467 2881 3514 et
2906 3475 3070 3531 opera
3095 3459 3361 3529 protrusus
3387 3458 3772 3530 compleveris,

2184 3558 2316 3615 tunc
2352 3549 2683 3607 monstrabis
2712 3564 2840 3607 vera
2880 3565 3001 3607 esse
3026 3562 3148 3620 quas
3173 3550 3441 3620 pollicitus
3460 3564 3539 3607 es.
3576 3568 3596 3603 ε
3628 3550 3775 3606 Cum

2184 3641 2365 3709 iratus
2383 3641 2568 3707 fueris,
2593 3641 2975 3697 misericordiae
3002 3642 3392 3708 recordaberis,
3434 3660 3454 3694 ι
3485 3656 3597 3697 non
3623 3644 3775 3712 quod

2185 3738 2328 3799 Deus
2356 3752 2507 3793 more
2544 3738 2781 3793 humano
2802 3736 2856 3791 in
2887 3736 2967 3791 ira
2991 3734 3370 3801 obliviscatur,
3400 3743 3456 3790 et
3482 3743 3604 3806 post
3632 3735 3776 3800 iram

2189 3828 2579 3885 misericordia
2600 3827 2931 3892 recordetur,
2944 3825 3037 3882 sed
3058 3826 3201 3896 quod
3220 3826 3455 3882 nobisin
3479 3824 3779 3883 allictiooe

2185 3922 2401 3992 positis,
2421 3920 2637 3976 videtur
2661 3918 2936 3985 oblivisci,
2972 3934 3091 3974 cum
3122 3935 3227 3976 non
3257 3919 3369 3975 cito
3393 3918 3778 3975 laborantibus

2186 4012 2488 4076 succurrit,
2536 4011 2678 4067 sicut
2720 4009 3005 4067 Psalmista
3053 4011 3107 4064 in
3176 4010 3523 4066 tribulatione
3583 4010 3772 4066 dicit:

2194 4121 2212 4155 σ
2246 4102 2554 4173 Usquequo,
2585 4101 2828 4166 Domine,
2852 4100 3189 4157 Oblivisceris
3209 4103 3263 4157 in
3294 4101 3492 4158 ﬁnem?
3521 4122 3540 4155 ι
3570 4101 3783 4159 Simul-

2188 4210 2295 4267 que
2348 4194 2737 4250 consideranda
2791 4203 2877 4250 est
2925 4194 3018 4249 Dei
3080 4194 3386 4251 clementia.
3436 4194 3551 4251 Non
3602 4195 3777 4260 dicit,

2192 4288 2480 4359 Postquam
2509 4302 2696 4359 poenas
2729 4288 3074 4357 irrogaveris,
3100 4288 3194 4345 sed
3227 4306 3247 4339 ι
3277 4286 3412 4343 Cum
3447 4288 3620 4342 iratus
3647 4287 3778 4343 fue-

2190 4377 2301 4442 ris,
2331 4376 2721 4433 misericordiaa
2750 4375 3139 4433 recordaberis.
3180 4394 3197 4427 ι
3231 4374 3347 4431 Non
3384 4376 3535 4433 cutim
3554 4390 3785 4445 semper

2190 4467 2462 4539 percutit,
2486 4466 2587 4547 qui
2617 4466 2890 4532 irascitur,
2926 4466 3021 4522 sed
3061 4464 3437 4529 tantummodo
3466 4466 3783 4525 cominu—

2193 4568 2299 4614 tur.
2322 4558 2452 4615 Tale
2470 4565 2628 4613 estet
2646 4557 2773 4612 illud
2792 4556 3061 4629 Apostoli:
3085 4576 3103 4609 ι
3133 4555 3425 4613 Revelatur
3449 4556 3529 4611 ira
3552 4554 3655 4611 Dei
3676 4572 3785 4613 au—

513 4610 659 4709 ριίιιη
706 4638 798 4693 Dei
828 4639 989 4705 estis,
1034 4647 1089 4695 et
1117 4638 1350 4711 Spiritus
1376 4640 1469 4695 Dei
1514 4610 1721 4695 habitat
1758 4642 1809 4696 in
1842 4642 2031 4699 vobis?
2062 4662 2083 4696 ι
2115 4610 3269 4724 D,1;g....;;.‘.;.;,.e..;.;{i..g..;i....ai.
3300 4610 3786 4718 noveramus-:5},

517 4728 642 4781 Sive
677 4743 695 4778 ‹
732 4727 992 4784 Dominus
1039 4728 1092 4783 in
1142 4729 1338 4803 templo
1389 4739 1576 4786 sancto
1620 4746 1748 4794 suo,
1788 4750 1805 4782 ι
1841 4732 1941 4787 hoc
1981 4740 2086 4799 est,

516 4818 682 4875 Filius
713 4821 763 4874 in
787 4820 944 4894 Patre
973 4839 986 4875 :
1016 4820 1098 4876 vel
1119 4840 1136 4872 ι
1164 4821 1220 4875 in
1249 4821 1447 4893 templo
1468 4838 1584 4886 suo,
1614 4841 1631 4873 ι
1659 4823 1711 4876 in
1741 4823 2089 4879 universitate

517 4909 701 4967 mundi
749 4912 1030 4966 continens
1071 4923 1126 4967 et
1174 4927 1365 4982 regens
1408 4911 1607 4967 omnia.
1644 4930 1662 4961 ι
1696 4911 1751 4965 1η
1793 4912 1906 4981 ipso
1948 4913 2092 4975 enim

516 5001 780 5065 vivimus,
826 5018 1134 5067 movemur,
1174 5012 1228 5057 et
1276 5017 1477 5056 sumus.
1512 5020 1529 5053 ι
1568 5001 1659 5057 Est
1700 5016 1828 5074 ergo
1857 5003 1996 5059 Deus
2036 5004 2092 5065 in

519 5093 738 5160 mundo,
765 5110 873 5151 non
898 5094 1017 5149 loco
1047 5092 1314 5159 inclusus,
1352 5093 1444 5149 sed
1480 5109 1574 5149 sua
1603 5092 1880 5165 majestate
1910 5096 2090 5153 illaca-

520 5184 643 5238 liter
689 5183 916 5255 implens
963 5184 1168 5249 omnia,
1216 5197 1441 5238 currens
1489 5199 1584 5253 per
1611 5185 1824 5251 omnia,
1855 5186 2089 5243 circum-

519 5275 759 5345 plectens
796 5275 997 5330 omnia.

599 5388 616 5419 ι
640 5364 824 5425 Oratio
847 5366 1095 5422 Habacuc
1122 5365 1397 5437 propheta:
1425 5381 1521 5437 pro
1546 5367 1880 5437 ignorautiis.
1906 5388 1922 5421 ι
1955 5367 2088 5436 Quia

522 5474 682 5529 supra
733 5468 934 5514 temere
961 5466 1211 5511 causatus
1242 5454 1413 5510 fuerat
1442 5473 1563 5511 cum
1605 5458 1847 5522 Domino,
1866 5462 2091 5516 dicens:

530 5547 1122 5621 «Usquequo,Domine,
1141 5547 1383 5602 clamabo
1394 5557 1447 5602 et
1470 5565 1574 5603 nou
1589 5552 1860 5615 exaudies,
1876 5573 1892 5603 ι
1911 5558 2097 5622 etpost

523 5658 717 5712 pauca,
765 5660 782 5691 ι
805 5640 984 5706 Quare
1007 5655 1110 5692 non
1135 5639 1356 5709 respicis
1387 5657 1546 5711 super
1586 5643 1766 5713 iniqua
1792 5653 2047 5716 agentes;
2072 5665 2091 5698 ι

525 5736 772 5791 audierat
816 5747 1027 5803 quoque
1061 5731 1344 5787 Dominum
1397 5736 1828 5805 respondentem,
1862 5747 1913 5792 et
1963 5738 2101 5793 didi-

525 5834 675 5887 cerat
705 5822 1193 5880 Nabuchodonosor
1240 5823 1321 5879 vel
1362 5827 1525 5882 etiam
1573 5826 1843 5885 diabolum
1889 5828 1957 5885 ad
1999 5828 2101 5886 hoc

2194 4760 2304 4801 non
2348 4742 2578 4799 infertur
2606 4760 2621 4797 :
2654 4742 2751 4798 sed
2775 4742 3040 4799 reveletur
3068 4750 3130 4798 ut
3158 4751 3377 4808 terreat,
3418 4752 3475 4798 et
3512 4745 3793 4800 correctis

2195 4844 2402 4908 parcat.
2425 4835 2543 4890 Alia
2570 4834 2852 4890 translatio
2884 4834 3014 4889 dicit
3044 4850 3057 4887 :
3088 4834 3147 4889 In
3185 4834 3362 4893 medio
3385 4834 3613 4899 duarum
3650 4836 3787 4890 mi-

2198 4926 2419 4983 malium
2445 4925 2809 4995 cognosceris.
2840 4924 2973 4992 Quae
3006 4925 3115 4980 duo
3140 4925 3390 4981 animalia
3408 4964 3425 4990 ,
3458 4924 3655 4981 Filium
3677 4925 3791 4982 Dei

2198 5027 2252 5074 et
2291 5018 2551 5088 Spiritum
2584 5025 2830 5074 sanctum
2870 5018 3267 5089 cognoscimus.
3292 5016 3427 5084 Quae
3458 5018 3618 5074 etiam
3658 5022 3765 5073 ani

2197 5112 2358 5168 malia
2387 5119 2580 5181 putant
2596 5125 2716 5166 esse
2739 5111 2845 5166 duo
2873 5110 3157 5177 cherubin,
3184 5111 3278 5181 qui
3300 5121 3491 5166 mutuo
3515 5125 3575 5166 se
3599 5112 3789 5181 ccepi.

2197 5201 2367 5267 ciunt,
2392 5209 2450 5256 et
2475 5200 2529 5254 in
2560 5201 2739 5256 medio
2770 5201 2853 5256 sui
2908 5202 3107 5258 habent
3140 5203 3418 5259 oraculum
3440 5204 3793 5271 sive‘propi-

2200 5293 2491 5351 tiatorium.
2552 5290 2779 5359 Quidam
2830 5293 2935 5349 duo
2979 5293 3233 5348 animalia
3261 5301 3451 5364 putant
3484 5306 3606 5349 esse
3640 5293 3799 5349 duos

2200 5385 2468 5447 latrones,
2499 5384 2552 5438 in
2579 5398 2810 5452 quorum
2840 5384 3018 5440 medio
3050 5384 3345 5442 cruciﬁxus
3364 5395 3423 5439 et
3448 5384 3661 5455 agnitus
3690 5395 3797 5440 est

2200 5477 2477 5533 Dominus.
2530 5474 2780 5530 Nonnulli
2829 5476 2937 5532 duo
2981 5476 3237 5532 animalia
3276 5475 3465 5532 dicunt
3505 5491 3624 5532 esse
3670 5475 3797 5531 duo

2203 5569 2579 5634 Testamenta,
2607 5564 2774 5622 Vetus
2813 5576 2871 5623 et
2908 5567 3146 5635 Novum,
3175 5583 3297 5639 quas
3323 5570 3556 5624 animata
3581 5577 3636 5622 es
3664 5569 3794 5623 visa

2203 5668 2351 5724 sunt,
2387 5667 2441 5714 et
2471 5659 2524 5713 in
2550 5664 2779 5728 quorum
2808 5659 2986 5714 medio
3010 5658 3259 5715 Christus
3294 5660 3624 5733 agnoscitur.
3655 5658 3793 5714 Plu-

2204 5765 2291 5805 res
2314 5749 2529 5820 Moysen
2559 5758 2617 5802 et
2635 5747 2805 5803 Etiam
2833 5747 3158 5818 intelligunt,
3184 5751 3327 5808 inter
3353 5765 3493 5821 quos
3516 5750 3793 5807 Domina-3

2204 5840 2260 5907 in
2281 5847 2463 5895 monte
2484 5836 2897 5909 transﬁguratus
2921 5840 3189 5915 apparuit.
