4022 6466
234 438 335 501 189

1182 433 1584 521 ΕΝΔΒΒΑΤΙΟ
1616 434 1691 493 ιη
1726 433 2050 505 ΗΔΒᾼΟΙΙΟ
2083 434 2525 495 PROPHETAM.

3367 444 3469 501 {90

306 570 325 601 ι
358 551 501 611 Deus
534 549 601 605 ah
638 557 821 605 austro
847 549 1045 608 veniet.
1081 573 1099 606 ι
1128 554 1266 609 Sunt
1292 554 1381 625 qui
1419 555 1521 613 hoc
1554 554 1697 624 quod
1726 553 1805 611 di-
1832 555 2118 624 ACornua
2139 571 2266 628 ergo
2305 560 2358 613 in
2388 562 2635 619 manibus
2660 572 2836 632 erant,
2864 564 2989 637 quia
3026 564 3153 622 licet
3198 575 3473 639 pateretur

231 644 393 707 citur,
422 663 439 693 ι
477 642 616 701 Deus
656 641 726 697 ab
765 649 947 698 austro
990 644 1201 710 veniet,
1233 665 1252 698 ι
1284 643 1594 701 Bethlehem
1636 643 1803 701 velint

232 735 478 807 intelligi,
500 750 619 807 qua:
654 734 707 789 in
742 735 962 790 australi
993 746 1146 806 parte
1174 736 1278 793 sita
1314 746 1418 802 est,
1446 743 1501 791 et
1524 735 1577 790 in
1600 750 1705 806 qua
1728 736 1803 791 ci-

232 832 395 887 vitate
421 838 580 891 natus
607 838 693 891 est
710 827 974 885 Christus.
1008 848 1025 881 ι
1053 829 1121 884 Et
1137 838 1357 886 sanctus
1377 830 1441 887 de
1466 837 1645 891 monte
1665 828 1805 884 Pha-

230 936 348 978 ran.
381 941 399 971 ι
431 919 653 981 Pharao
673 928 853 979 autem
892 934 1046 976 mons
1081 927 1165 975 est
1189 919 1398 975 vicinus
1433 920 1600 975 monti
1632 919 1800 986 Sinai,

232 1014 284 1073 in
303 1027 411 1083 quo
434 1009 669 1077 lextdala
686 1018 788 1067 ost.
814 1009 942 1071 Inde
963 1011 1158 1066 dicitur
1178 1012 1363 1067 venire
1403 1010 1655 1078 Sanctus,
1678 1011 1803 1080 quia

231 1123 327 1179 per
359 1106 535 1178 legem
559 1112 640 1171 est
685 1102 919 1176 cognitio
951 1102 1066 1160 Dei.
1114 1101 1399 1173 llocjuxta
1430 1104 1683 1159 litteram.
1710 1101 1805 1157 Vel

236 1217 255 1251 ι
281 1198 423 1255 Deus
453 1198 533 1258 ab.
551 1203 736 1261 austro
764 1196 974 1259 veniet,
1007 1215 1026 1249 ι
1054 1196 1107 1253 id
1138 1204 1223 1252 est
1259 1211 1292 1257 a
1318 1196 1543 1255 meridie
1562 1236 1576 1262 ,
1606 1195 1672 1250 ab
1700 1194 1811 1251 illis

230 1291 485 1353 videlicet,
508 1289 603 1363 qui
638 1295 766 1351 sunt
804 1287 895 1343 ﬁlii
932 1287 1068 1345 lucis
1101 1296 1158 1347 et
1190 1287 1313 1343 diei.
1346 1287 1394 1348 Α
1417 1287 1643 1347 meridie
1675 1301 1804 1357 ergo

233 1384 408 1441 veniet
436 1381 728 1445 Dominus,
751 1387 806 1435 et
841 1380 1233 1450 exspectandus
1270 1378 1447 1441 est
1470 1378 1561 1449 qui
1601 1385 1726 1435 sunt
1749 1378 1805 1432 in

230 1477 441 1534 fervore
461 1473 767 1535 dilectionis
791 1482 846 1531 et
875 1472 1018 1531 ﬁdei.
1049 1473 1202 1529 Unde
1214 1481 1285 1528 et
1318 1472 1379 1535 in
1403 1471 1647 1529 Canticis
1677 1486 1805 1526 can-

230 1571 458 1625 ticorum
484 1582 683 1638 sponsa
710 1567 1037 1637 interrogat:
1070 1565 1253 1623 Indica
1283 1565 1415 1621 mihi
1442 1579 1601 1635 quem
1632 1563 1804 1630 diligit

229 1662 409 1717 anima
442 1674 597 1725 mea,
625 1658 723 1715 ubi.
745 1672 975 1728 pascas,
1000 1657 1089 1719 ubi
1118 1658 1284 1714 cubes
1319 1657 1379 1712 in
1402 1656 1644 1717 meridie.
1680 1674 1698 1705 ‹
1734 1655 1801 1710 Ει

230 1761 451 1809 sanctus
472 1750 539 1807 de
565 1758 747 1817 monte
778 1748 1019 1811 Pharao.
1043 1769 1065 1805 ι
1092 1748 1313 1809 Pharao
1336 1748 1718 1818 interpretatur
1744 1763 1800 1801 os

229 1844 469 1907 videntis,
491 1849 549 1898 et
570 1856 763 1903 revera
780 1842 847 1903 de
866 1857 989 1906 ore,
1015 1840 1069 1897 id
1091 1848 1175 1895 est
1203 1854 1451 1897 sermone
1477 1839 1669 1899 eruditi
1698 1838 1796 1893 viri

1905 665 2001 721 pro
2029 649 2204 716 nobis,
2225 660 2545 721 potestatem
2575 656 2778 727 regiam
2818 672 2926 713 non
2972 657 3175 725 amisit,
3206 660 3314 715 imo
3373 675 3474 733 per

1903 754 2115 797 crucem
2146 756 2301 797 suum
2327 741 2569 797 dilatavit
2594 744 2897 815 imperium.
2933 767 2951 801 ι
2986 748 3127 811 Ante
3146 748 3338 806 faciem
3358 749 3474 821 ejus

1903 834 2003 890 ibit
2028 849 2194 891 mors.
2234 855 2253 888 ι
2293 835 2454 897 Mors,
2485 838 2732 894 diabolus
2771 849 2965 899 auctor
3001 844 3211 910 mortis,
3256 845 3321 901 de
3363 860 3473 915 quo

1903 922 2138 980 Joannes
2167 944 2179 979 :
2210 926 2275 980 Et
2296 942 2492 982 nomen
2520 925 2791 984 illi'mors.
2843 929 2942 986 Ivit
2979 949 3108 1006 ergo
3156 951 3303 992 mors
3346 943 3474 990 ante

1902 1017 2067 1087 pedes
2080 1015 2194 1087 ejus
2214 1018 2339 1089 quia
2368 1035 2488 1074 mox
2522 1034 2587 1075 eo
2615 1022 2886 1092 baptizato
2913 1024 2967 1078 in
3001 1023 3254 1093 Jordane,
3282 1044 3473 1083 occur-

1906 1108 1978 1165 rit
2003 1108 2095 1173 illi,
2124 1117 2337 1165 tentans
2356 1111 2504 1167 illum
2530 1122 2653 1183 post
2672 1112 2939 1189 jejunium
2971 1119 3325 1190 quadraginta
3362 1121 3473 1177 die-

1905 1218 2045 1268 rum,
2092 1213 2381 1275 antequam
2438 1214 2531 1260 aut
2576 1206 2895 1275 prtedicaret
2946 1214 3038 1261 aut
3090 1209 3365 1265 miraculis
3415 1226 3472 1265 se

1904 1293 2073 1349 Deum
2122 1296 2394 1366 proderet.
2444 1296 2596 1352 Unde
2623 1296 2799 1357 adhuc
2828 1298 3106 1371 sequitur:
3154 1317 3172 1350 ς
3216 1299 3472 1371 Egredie—

1905 1392 1994 1440 tur
2017 1385 2259 1441 diabolus
2281 1392 2406 1442 ante
2427 1386 2590 1457 pedes
2616 1385 2756 1457 ejus,
2790 1406 2809 1439 ι
2836 1387 2962 1457 quia
2989 1387 3205 1443 exeunti
3230 1389 3296 1444 de
3322 1390 3475 1459 aquis

1902 1475 2093 1531 obvius
2140 1475 2258 1533 fuit.
2309 1476 2428 1531 Alia
2471 1477 2759 1533 translatio
2794 1478 2923 1534 dicit
2960 1497 2973 1533 :
3015 1477 3334 1550 Egredietur
3366 1479 3474 1534 Re-

1902 1565 2258 1636 scheph'ante
2289 1566 2453 1638 pedes
2482 1566 2618 1643 ejus.
2650 1567 2895 1623 Tradunt
2931 1567 3143 1624 Hebraei
3192 1568 3475 1641 Rescbeph

1901 1672 2096 1713 nomen
2120 1672 2242 1712 esse
2272 1659 2553 1725 daemonis,
2572 1659 2663 1729 qui
2693 1660 3051 1732 principatum
3077 1661 3221 1717 inter
3241 1660 3477 1731 reliquos

1901 1756 2104 1814 teneat,
2133 1749 2271 1806 sicut
2295 1760 2350 1804 et
2376 1750 2696 1807 Beelzebub.
2731 1751 2888 1808 Hunc
2919 1754 3105 1808 dicunt
3146 1754 3198 1809 in
3228 1753 3475 1826 paradiso

1899 1850 2201 1912 serpentem
2245 1841 2501 1909 intrasse,
2531 1852 2586 1898 et
2618 1860 2715 1914 per
2740 1860 2863 1899 eum
2911 1845 3146 1915 primum
3197 1845 3473 1901 hominem

229 1942 284 1989 et
307 1932 555 1997 videntis,
592 1932 645 1986 id
689 1940 773 1987 est
800 1930 1175 2003 intelligentis,
1219 1930 1419 2001 quique
1461 1928 1649 2003 plcans
1682 1928 1801 1984 luce
1829 1928 1879 1989 B
1904 1932 2194 2004 decepisse.
2238 1934 2389 1992 Unde
2428 1944 2484 1990 et
2521 1951 2587 1991 ex
2628 1935 3026 2005 maledictione,
3052 1953 3156 2008 qua
3188 1952 3218 1991 a
3248 1937 3476 1992 Domino

231 2023 470 2081 scientiae
490 2064 511 2089 ,
540 2023 684 2079 venit
723 2022 913 2077 notitia
941 2021 1055 2077 Dei.
1088 2020 1483 2093 (Diapsalma.)
1519 2038 1539 2073 ι
1579 2018 1804 2090 Operuit

233 2114 399 2177 caelos
424 2114 589 2184 gloria
609 2112 743 2181 ejus.
780 2134 798 2165 ι
825 2114 881 2167 In
915 2112 1193 2173 nativitate
1222 2111 1365 2173 enim
1394 2112 1604 2169 Domini
1632 2110 1798 2182 gloria

232 2207 495 2278 repletum
516 2215 573 2267 et
599 2207 753 2277 quasi
788 2213 1034 2277 opertum
1062 2214 1147 2262 est
1186 2205 1383 2265 ctelum
1402 2247 1417 2270 ,
1450 2205 1651 2276 angelis
1679 2219 1800 2274 pro—

228 2299 568 2363 testantibus.
601 2316 621 2350 ι
647 2296 897 2353 Gloriain
921 2296 1149 2355 excelsis
1163 2297 1290 2355 Deo.
1321 2316 1339 2350 ι
1366 2316 1387 2351 ι
1416 2296 1664 2352 Etlaudis
1685 2296 1813 2366 ejus

225 2390 391 2460 plena.
424 2402 509 2453 est.
549 2398 722 2454 terra,
754 2409 772 2441 ι
801 2390 926 2459 quia
966 2403 1154 2460 pacem
1200 2390 1460 2449 adventus
1490 2388 1605 2459 ejus
1640 2388 1799 2443 terris

226 2483 443 2549 refudit,
477 2484 893 2545 concinentibus
919 2483 1147 2556 angelis,
1179 2504 1199 2535 (
1224 2482 1291 2537 Et
1321 2482 1379 2541 in
1411 2490 1554 2539 terra
1575 2494 1676 2550 pax
1703 2479 1800 2533 ho-

223 2574 460 2651 minibus
501 2574 655 2636 home
705 2574 1021 2635 voluntatis.
1074 2594 1095 2627 ι
1146 2574 1446 2635 Notandum
1503 2585 1630 2626 vero
1673 2571 1797 2639 quia

222 2684 353 2733 cum,
372 2667 590 2733 dicitur,
628 2685 649 2720 ι
672 2666 900 2738 Operuit
925 2666 1091 2724 caelos
1113 2665 1277 2738 gloria
1297 2666 1434 2736 ejus,
1462 2682 1479 2715 ι
1497 2662 1799 2720 ostenditur

222 2762 404 2816 minus
443 2774 564 2816 esse
615 2760 755 2830 quod
806 2760 1078 2830 operitur,
1119 2775 1184 2815 eo
1226 2759 1366 2827 quod
1415 2759 1609 2837 operit.
1658 2756 1798 2827 Ergo

221 2848 398 2919 major
420 2857 504 2905 est
523 2848 689 2921 gloria
713 2864 873 2917 quam
897 2849 1022 2903 caeli
1045 2849 1134 2917 qui
1152 2847 1483 2918 operiuntur.
1507 2846 1798 2901 Possumus

220 2950 438 3010 quoque
461 2939 631 2995 cteros
659 2937 958 3009 intelligere
988 2948 1226 3003 sanctos,
1256 2937 1349 3006 qui
1373 2943 1589 3005 portant
1610 2935 1798 3005 imagi-

219 3047 346 3088 nem
388 3030 805 3101 superemlestis,
850 3039 905 3085 et
947 3036 1204 3084 enat-rant
1250 3027 1476 3097 gloriam
1529 3026 1643 3081 Dei.
1688 3025 1798 3080 ﬂos

219 3138 353 3192 ergo
393 3121 562 3177 cteros
597 3121 792 3191 operit,
825 3120 926 3175 hoc
947 3126 1052 3183 est,
1081 3118 1315 3175 illustrat
1348 3115 1520 3188 gloria
1542 3124 1598 3169 et
1634 3114 1798 3183 maje-

219 3223 335 3269 stas
508 3210 705 3266 Laudis
728 3207 843 3278 ejus
865 3209 1019 3279 plena
1046 3217 1131 3263 est
1158 3216 1329 3270 terra,
1364 3206 1489 3275 quia
1520 3205 1674 3276 juxta
1702 3221 1796 3260 vo-

1901 2027 2285 2082 condemnatus
2335 2036 2434 2092 est,
2494 2043 2689 2083 nomen
2737 2028 2962 2100 accepit.
3012 2028 3294 2099 Rescheph
3331 2029 3473 2083 enim

1901 2115 2286 2185 interpretatur
2309 2124 2515 2188 reptans
2541 2127 2731 2172 ventre.
2759 2117 2969 2172 Dictum
3000 2119 3143 2173 enim
3170 2117 3344 2173 fuerat
3366 2134 3477 2173 ser-

1899 2208 2079 2277 penti,
2135 2208 2242 2263 imo
2287 2208 2498 2264 diabolo
2545 2209 2636 2278 qui
2685 2218 2802 2263 erat
2847 2209 2901 2263 in
2943 2215 3193 2283 serpente
3239 2227 3250 2263 :
3303 2206 3475 2279 Supra

1899 2306 2087 2367 pectus
2116 2306 2263 2353 tuum
2291 2298 2574 2370 gradieris.
2628 2300 2892 2372 Egressus
2938 2308 3021 2355 est
3070 2315 3199 2372 ergo
3235 2299 3478 2355 diabolus

1901 2398 2024 2445 ante
2046 2390 2209 2459 pedes
2236 2390 2470 2456 Domini,
2500 2391 2625 2461 quia
2654 2407 2780 2445 mox
2806 2398 2864 2443 ut
2889 2389 3189 2460 baptizatus
3209 2398 3314 2455 est,
3335 2398 3389 2444 et
3410 2389 3476 2443 ad

1900 2480 2217 2536 descensum
2257 2481 2519 2537 columba:
2549 2498 2649 2537 vox
2679 2481 2858 2537 Patris
2887 2497 3048 2553 super
3071 2497 3193 2537 eum
3223 2482 3476 2549 intonuit,

1898 2582 2200 2629 commutus
2227 2573 2312 2629 his
2345 2574 2610 2640 diabolus,
2638 2572 2811 2629 adfuit
2843 2582 2901 2628 ut
2940 2590 3062 2630 eum
3091 2582 3345 2643 tentaret,
3376 2590 3475 2630 vo-

1899 2660 2015 2721 lens
2042 2662 2271 2735 probare
2300 2672 2479 2719 utrum
2503 2672 2644 2720 esset
2673 2661 2768 2718 Dei
2796 2662 2981 2720 Filius.
3416 2652 3421 2659 ’

1974 2773 1993 2806 ι
2030 2754 2209 2824 Stetit,
2226 2764 2279 2812 et
2305 2773 2522 2814 mensus
2547 2766 2630 2812 est
2661 2766 2877 2812 terram.
2922 2777 2939 2809 ι
2973 2755 3152 2822 Stare,
3175 2757 3480 2814 divinitatis

1898 2856 2009 2915 est,
2037 2849 2177 2905 sicut
2207 2852 2436 2907 transire
2483 2852 2852 2907 humanitatis.
2910 2851 3075 2915 Stans
3121 2866 3251 2923 ergo
3298 2852 3481 2908 Domi-

1898 2954 2000 2997 nus
2045 2956 2266 2997 mensus
2304 2951 2386 3001 est
2440 2951 2659 3007 terram,
2714 2944 2839 3014 quia
2891 2944 3131 3014 potentia
3185 2928 3481 2999 divinitatis

1898 3040 2091 3088 cuncta
2138 3032 2454 3104 disponens,
2481 3044 2703 3101 terram,
2737 3036 2790 3090 id
2827 3046 2911 3091 est
2945 3037 3108 3095 corda
3140 3045 3487 3092 terrenorunt

1898 3121 2176 3176 hominum
2225 3138 2442 3179 mensus
2488 3132 2602 3190 est,
2636 3126 2951 3183 discernens
2981 3133 3035 3179 et
3061 3126 3363 3194 praevidens
3389 3126 3483 3195 qui

1901 3215 2046 3285 digni
2069 3223 2251 3270 essent
2271 3214 2417 3284 eligi,
2440 3216 2530 3284 qui
2542 3214 2909 3284 justojudicio
2937 3216 3236 3283 reprobari.
3268 3235 3287 3266 ι
3314 3217 3485 3287 Aspe-

218 3324 338 3363 cem
386 3306 683 3362 Psalmistae
717 3319 777 3358 τε
816 3303 1147 3359 Admirabile
1193 3310 1275 3359 est
1322 3313 1518 3357 nomen
1570 3299 1687 3370 ejus
1734 3299 1788 3354 in
1825 3284 1870 3348 (ἶ
1902 3284 2002 3372 xit,
2029 3312 2084 3360 et
2118 3305 2364 3362 dissolvit
2396 3315 2603 3377 gentes.
2639 3326 2657 3358 ι
2695 3306 2961 3376 Αερθοιυε
3014 3304 3226 3370 Domini
3272 3315 3355 3361 est
3394 3284 3486 3363 vis

218 3402 476 3457 universa
504 3409 662 3456 terra.
698 3420 718 3454 ι

295 3515 315 3545 ι
351 3492 620 3564 Splendor
642 3492 757 3562 ejus
784 3505 844 3547 ut
883 3492 970 3548 lux
996 3492 1101 3547 erit
1137 3508 1159 3543 ι
1185 3489 1313 3560 quia
1360 3488 1582 3545 chrias
1634 3488 1800 3544 mira~

217 3584 470 3639 culorum
500 3585 617 3661 ejus
643 3582 931 3639 manifesta
962 3582 1081 3639 luce
1111 3582 1358 3641 radiavit.
1404 3579 1514 3636 Nec
1553 3596 1651 3637 nos
1679 3596 1798 3641 mo-

214 3683 348 3730 veat
396 3673 679 3729 diversitas
724 3674 1012 3749 temporis;
1052 3673 1328 3745 praeterito
1369 3672 1511 3727 enim
1557 3683 1799 3743 tempore

215 3766 387 3824 dicit:
417 3786 433 3819 ι
466 3766 690 3839 Operuit
708 3765 873 3823 caelos
893 3766 1060 3838 gloria
1090 3766 1225 3837 ejus,
1259 3786 1278 3819 ι
1310 3766 1587 3836 praesenti,
1614 3784 1632 3815 ι
1660 3763 1799 3819 Lau~

214 3859 309 3914 dis
332 3851 448 3926 ejus
477 3858 631 3929 plena
665 3867 750 3914 est
779 3868 951 3925 terra;
1012 3879 1031 3911 ι
1085 3859 1265 3913 futuro
1294 3873 1443 3923 vero,
1476 3877 1494 3909 ι
1535 3857 1799 3928 Splendor

212 3953 342 4025 ejus
370 3960 431 4007 ut
473 3951 565 4006 lux
604 3952 727 4006 erit.
768 3971 786 4003 ι
832 3950 1022 4009 Divina
1075 3951 1271 4022 quippe
1325 3949 1605 4020 Scriptura
1656 3948 1796 4003 nulla

214 4043 489 4119 temporis
518 4041 637 4112 lege
677 4041 989 4112 stringitur,
1036 4058 1155 4112 qua:
1197 4039 1602 4111 supergreditur
1642 4053 1799 4092 omne

216 4148 460 4204 tempus.
496 4153 516 4186 ι
547 4133 758 4191 Cornua
782 4134 835 4188 in
864 4133 1109 4195 manibus
1137 4132 1273 4201 ejus,
1300 4153 1318 4185 ι
1345 4133 1447 4187 hoc
1480 4143 1562 4186 est
1603 4131 1799 4186 vexilla

210 4238 276 4286 et
332 4235 538 4298 tropaea
585 4226 780 4281 erucis.
835 4225 902 4279 Et
948 4223 1237 4280 notandum
1274 4225 1418 4293 quod
1459 4239 1582 4278 cum
1611 4236 1801 4276 manus

211 4316 442 4375 Domini
470 4315 524 4371 in
555 4315 813 4370 cornibus
850 4314 1031 4371 crucis
1073 4311 1246 4368 aliine
1278 4313 1403 4375 sint,
1444 4328 1551 4366 non
1606 4311 1735 4366 dicit
1783 4328 1798 4364 :

214 4410 420 4475 Manus
440 4407 651 4471 Domini
678 4407 732 4463 in
757 4406 1033 4473 cornibus,
1057 4406 1151 4462 sed
1183 4425 1202 4458 ι
1235 4404 1448 4465 Cornua
1473 4405 1525 4459 in
1555 4404 1802 4460 manibus

212 4510 363 4581 ejus.
410 4528 429 4561 ι
461 4507 636 4579 Ipsam
677 4506 823 4569 enim
860 4521 1077 4563 crucem
1099 4546 1115 4570 ,
1144 4504 1255 4560 imo
1281 4504 1449 4574 ipsam
1484 4510 1713 4556 mortem
1746 4501 1798 4555 in

212 4604 492 4673 potestate
519 4596 727 4661 habuit,
753 4596 894 4660 sicut
921 4597 1035 4671 ipse
1055 4595 1191 4657 dicit
1221 4613 1235 4650 :
1274 4615 1290 4646 ι
1328 4593 1659 4649 Potestatem
1697 4593 1793 4647 ha-

214 4692 328 4747 beo
359 4688 588 4760 ponendi
619 4688 851 4743 animam
880 4704 1077 4744 meam.
1122 4707 1141 4740 ι

299 4803 320 4837 ι
360 4781 437 4841 lbi
478 4781 793 4845 abscondita
829 4790 913 4837 est
945 4779 1203 4841 fortitudo
1238 4777 1374 4848 ejus.
1414 4797 1433 4830 ι
1468 4777 1566 4842 Ibi,
1590 4779 1693 4835 hoc
1716 4786 1799 4834 est

216 4878 275 4932 in
301 4876 582 4940 cornibus,
610 4874 925 4937 abscondita
955 4882 1039 4933 est
1072 4872 1331 4935 fortitudo
1357 4871 1495 4943 ejus,
1527 4877 1584 4925 et
1609 4878 1804 4941 poten-

218 4973 296 5027 tia
333 4968 631 5027 divinitatis
659 4967 796 5038 ejus,
839 4965 964 5037 quia
1013 4981 1137 5023 cum
1190 4974 1334 5020 esset
1382 4965 1435 5018 in
1481 4962 1654 5020 forma
1708 4964 1802 5019 Dei

218 5058 455 5130 :equalis
485 5057 621 5123 Deo,
639 5056 938 5111 cxinanivit
962 5056 1230 5126 seipsum,
1264 5053 1494 5110 formam
1536 5055 1676 5110 servi
1716 5069 1806 5109 ac-

217 5154 458 5222 cipiens,
494 5159 550 5207 et
577 5150 866 5211 hundlians
911 5163 969 5204 se
1004 5146 1154 5201 Patri
1210 5161 1380 5216 usque
1436 5146 1505 5201 ad
1554 5152 1802 5209 mortem,

220 5250 463 5299 mortem
491 5250 675 5299 autem
696 5241 895 5296 crucis.
934 5240 991 5294 In
1022 5252 1184 5294 cruce
1213 5251 1343 5306 ergo
1371 5234 1687 5291 abscondita
1726 5243 1809 5290 est

223 5332 491 5391 fortitudo
511 5329 646 5399 ejus,
672 5331 890 5403 quando
943 5330 1198 5386 dicebat:
1230 5346 1247 5378 ι
1279 5327 1471 5383 Tristis
1516 5334 1600 5381 est
1625 5327 1805 5380 anima

224 5440 353 5481 mea
374 5438 544 5493 usque
558 5423 625 5477 ad
645 5430 894 5478 mortem.
917 5441 935 5473 ι
958 5419 1251 5476 Possumus
1266 5432 1478 5488 quoque
1492 5430 1588 5487 per
1607 5432 1805 5471 cornua

225 5518 439 5588 regiam
468 5524 788 5586 potestatem
805 5514 1070 5584 accipere.
1097 5511 1209 5567 Mos
1232 5511 1374 5565 enim
1401 5509 1803 5579 Scripturarum

222 5618 313 5665 est
347 5621 513 5661 cornu
541 5621 641 5676 pro
692 5603 1006 5660 fortitudine
1052 5613 1106 5658 et
1161 5610 1426 5672 potestate
1474 5615 1703 5670 ponere,
1749 5611 1811 5655 ut

228 5695 521 5752 l’salmista
577 5712 589 5749 :
648 5693 706 5749 In
760 5701 811 5749 te
858 5693 1103 5749 inimicos
1154 5700 1370 5747 nostros
1425 5690 1809 5745 ventilabimus

228 5801 425 5843 cornu.
460 5785 523 5840 Et
545 5794 717 5840 mater
739 5785 912 5839 sancti
936 5783 1204 5840 Samuelis
1232 5802 1246 5839 :
1276 5780 1434 5838 Dabit
1464 5783 1683 5855 (inquit)
1711 5783 1809 5838 im-

229 5891 450 5959 perium
477 5877 587 5957 regi
620 5892 749 5938 suo,
787 5883 840 5930 et
868 5875 1179 5931 sublimabit
1231 5891 1399 5935 cornu
1452 5874 1652 5939 Christi
1703 5876 1812 5945 sui,

1900 3397 2092 3454 divinae
2145 3395 2462 3465 majestatis,
2519 3413 2626 3470 qua
2675 3406 2867 3455 cuncta
2916 3397 3193 3471 praevidet,
3238 3397 3373 3453 locis
3421 3413 3485 3453 ac

1900 3489 2229 3559 temporibus
2251 3490 2458 3561 singula
2482 3491 2788 3562 disponens.
2805 3490 3031 3561 Aspexit
3053 3505 3183 3561 ergo
3204 3499 3259 3547 et
3284 3491 3482 3547 dissol-

1897 3582 1977 3643 vit
1998 3589 2203 3657 gentes,
2229 3580 2332 3637 hoc
2379 3592 2464 3639 est
2500 3583 2783 3655 dissipavit
2804 3593 2863 3638 ut
2886 3598 2993 3638 non
3010 3582 3123 3653 jam
3151 3592 3335 3645 essent
3359 3598 3484 3656 gen-

1900 3684 2000 3740 tes,
2029 3676 2123 3730 sed
2153 3676 2324 3730 renati
2353 3690 2450 3745 per
2477 3675 2635 3731 fidem
2674 3685 2730 3731 et
2777 3676 3101 3746 baptismum
3150 3674 3486 3737 edicerentur

1899 3765 1995 3821 ﬁlii
2023 3767 2137 3822 Dei.
2173 3786 2191 3819 ‹
2223 3765 2290 3821 Εῑ
2317 3767 2537 3829 contriti
2573 3775 2701 3822 sunt
2740 3777 2948 3822 montes
2992 3767 3196 3823 satculi.
3232 3787 3250 3820 ι
3300 3765 3485 3823 Disso-

1900 3858 2029 3913 lutis
2066 3859 2316 3930 gentibus
2341 3859 2541 3922 saeculi,
2574 3868 2786 3914 montes
2831 3859 3049 3913 contriti
3100 3866 3246 3925 sunt,
3290 3859 3340 3917 id
3397 3867 3482 3916 est

1900 3950 2077 4007 omnis
2102 3949 2402 4005 daemonum
2435 3949 2605 4007 fracta
2623 3958 2885 4019 potestas,
2905 3966 3042 4021 quos
3066 3959 3272 4009 montes
3295 3950 3475 4007 saeculi

1901 4048 2059 4095 vocat
2092 4040 2162 4095 ob
2215 4047 2480 4097 tumorem
2535 4040 2804 4095 elationis.
2856 4041 2983 4097 Sive
3017 4049 3230 4095 montes
3279 4041 3484 4109 saeculi,

1901 4131 2176 4203 principes
2198 4138 2251 4184 et
2278 4139 2525 4198 potentes
2553 4128 2718 4199 hujus
2746 4129 2932 4189 mundi
2970 4131 3123 4198 dicit,
3142 4131 3233 4201 qui
3266 4131 3491 4195 contriti

1903 4230 2031 4278 sunt
2054 4237 2084 4276 a
2115 4222 2309 4277 duritia
2353 4222 2621 4293 superbiae
2660 4237 2769 4277 suae
2788 4261 2802 4287 ,
2830 4221 2948 4277 visa
2978 4221 3227 4289 claritate
3251 4223 3485 4283 miracu-

1901 4313 2077 4371 lorum
2117 4313 2338 4369 Christi.
2370 4313 2578 4379 Montes
2607 4320 2786 4368 autem
2815 4313 3000 4369 saeculi
3031 4313 3183 4378 dicit,
3208 4314 3333 4384 quia
3359 4321 3486 4370 sunt

1904 4405 1995 4460 alii
2020 4414 2249 4471 montes,
2277 4405 2367 4478 qui
2391 4420 2496 4460 non
2519 4413 2647 4464 sunt
2666 4405 2874 4473 saeculi,
2891 4405 3061 4462 sancti
3083 4404 3333 4460 videlicet
3358 4421 3488 4477 apo.

1902 4499 2025 4555 stoli
2047 4508 2101 4554 et
2125 4499 2224 4554 viri
2237 4498 2538 4572 apostolici,
2562 4500 2630 4555 de
2656 4500 2852 4569 quibus
2879 4498 3206 4559 Psalmista:
3238 4517 3256 4550 ε
3287 4497 3493 4563 Levavi

1899 4591 2084 4651 oculos
2098 4606 2244 4648 meos
2261 4593 2555 4658 inmontes,
2568 4599 2671 4647 etc.
2685 4611 2703 4643 ι
2714 4591 2777 4646 ﬂi
2797 4606 2903 4648 non
2920 4600 3046 4648 sunt
3060 4601 3269 4649 montes
3283 4592 3489 4660 saeculi,

1906 4683 2001 4740 sed
2055 4691 2266 4738 montes
2307 4682 2421 4748 Dei,
2467 4690 2682 4738 montes
2723 4681 3016 4748 incaseati,
3051 4682 3153 4737 hoc
3193 4691 3276 4739 est
3313 4685 3488 4756 gratia

1908 4773 2176 4849 spirituali
2209 4774 2420 4844 repleti.

1984 4883 2002 4915 ‹
2041 4864 2311 4928 Incurvati
2335 4873 2462 4919 sunt
2494 4864 2658 4921 colles
2695 4864 2877 4925 mundi
2913 4860 2981 4919 ab
3022 4861 3307 4921 itineribus
3330 4875 3487 4923 aeter-

1911 4956 2096 5021 nitatis
2132 4955 2267 5026 ejus.
2300 4975 2318 5008 ι
2355 4953 2454 5023 Qui
2484 4964 2613 5011 sunt
2654 4963 2885 5021 montes,
2918 4953 3016 5026 ipsi
3047 4963 3175 5010 sunt
3208 4965 3262 5015 et
3304 4956 3484 5023 colles,

1911 5060 2156 5122 potentes
2184 5048 2451 5113 videlicet,
2492 5057 2545 5104 et
2583 5062 2769 5102 eorum
2819 5062 3100 5118 suppares,
3151 5063 3488 5119 quorumque

1908 5143 2213 5215 superbiam
2238 5149 2363 5196 ante
2392 5142 2680 5197 adventum
2712 5140 2914 5196 Christi
2946 5156 3103 5197 nemo
3143 5148 3354 5221 poterat
3380 5139 3483 5193 bu-

1909 5237 2135 5293 tniliare.
2167 5234 2395 5295 Contriti
2418 5252 2549 5294 vero
2574 5250 2628 5294 et
2655 5238 2923 5295 incurvali
2948 5247 3074 5294 sunt
3104 5238 3171 5292 ab
3200 5237 3487 5293 itineribus

1908 5330 2229 5386 aeternitatis
2246 5329 2380 5400 ejus,
2420 5331 2471 5385 id
2497 5338 2581 5385 est
2608 5330 2723 5395 Dei,
2752 5331 2878 5401 quia
2925 5331 3198 5385 :etemitas
3229 5329 3485 5383 divinita-

1911 5420 1980 5474 tis
2018 5417 2134 5487 ejus
2179 5420 2245 5474 ad
2290 5434 2388 5474 nos
2424 5420 2607 5474 venire
2658 5420 2877 5492 dignata
2926 5427 3026 5474 est.
3068 5417 3263 5473 Itinera
3308 5426 3484 5473 autem

1907 5512 2021 5583 ejus
2056 5518 2198 5575 sunt,
2226 5510 2291 5566 de
2323 5509 2459 5565 cado
2500 5511 2553 5565 in
2601 5518 2812 5565 uterum
2864 5510 3110 5580 virginis,
3144 5508 3208 5563 de
3251 5517 3404 5563 utero
3432 5509 3483 5563 in

1907 5616 2163 5673 praesepe,
2189 5600 2254 5657 de
2294 5602 2519 5673 pmsepi
2540 5601 2606 5656 ad
2633 5602 2980 5673 baptismum,
3020 5601 3084 5656 de
3114 5601 3381 5672 baptismo
3416 5601 3483 5655 ad

1908 5707 2144 5758 crucem,
2198 5692 2263 5749 de
2321 5709 2480 5748 cruce
2553 5693 2607 5747 in
2669 5691 2972 5760 sepulcrum
3001 5734 3014 5757 ,
3101 5692 3165 5749 de
3237 5691 3485 5765 sepulcro

1910 5786 2104 5841 iterum
2156 5788 2208 5840 in
2259 5785 2472 5842 cmlum.
2524 5784 2758 5841 Possunt
2810 5793 2972 5839 etiam
3029 5795 3092 5842 ’et
3140 5801 3240 5856 per
3280 5793 3489 5843 montes

1912 5875 2165 5934 fortiores
2208 5873 2478 5932 daamones
2550 5873 2795 5953 intelligi,
2855 5876 2947 5945 qui
2994 5893 3049 5933 tn
3106 5876 3377 5935 haereticis
3436 5885 3492 5939 et
