3950 6476
467 495 564 552 191

927 484 1278 543 HAYMONIS
1316 483 1792 539 HALBERSTAT.
1834 483 2049 540 EPISC.
2086 483 2238 542 OPP.
2279 483 2458 540 PARS
2489 483 2531 539 l.
2569 515 2639 526 -
2672 483 3022 540 COMMENT.
3060 483 3226 538 BlBL.

3616 483 3720 540 £92

466 607 728 681 apostatis
770 613 912 667 sunt,
937 611 991 656 et
1014 601 1226 655 elevant
1267 614 1324 654 se
1370 608 1561 653 contra
1599 597 1879 653 scientiam
1903 595 2036 650 Dei:
2068 601 2122 660 Α
2147 597 2402 652 irascitur
2429 595 2710 663 Dominus,
2747 606 2802 652 et
2828 606 2912 652 est
2961 597 3016 652 in
3063 596 3171 651 illis
3206 596 3356 650 furor
3399 597 3536 666 ejus.
3569 595 3720 654 Mare

469 701 634 758 colles
663 713 820 762 vero,
843 694 1067 750 minoris
1092 692 1346 762 potentia:
1376 691 1665 756 daemones,
1708 691 1802 758 qui
1831 697 1957 743 sunt
1983 688 2038 743 in

471 789 778 847 hominibus
806 783 1170 846 saecularibus,
1211 782 1278 837 de
1301 781 1520 846 divitiis,
1552 779 1892 845 fortitudine,
1923 778 2036 834 for-

470 885 738 948 mositate,
755 878 1374 947 nobilitate,czeterisque
1387 875 1628 946 corporis
1641 874 1796 930 bonis
1812 873 2038 944 glorian-

470 978 630 1032 tibus.
668 975 734 1029 Hi
772 983 986 1032 montes
1001 982 1056 1030 et
1078 971 1243 1028 colles
1270 970 1323 1026 in
1341 971 1570 1024 adventu
1594 967 1795 1023 Christi
1818 968 2039 1022 contriti

469 1076 524 1125 et
565 1067 833 1122 incurvati
883 1074 1026 1130 sunt,
1053 1063 1180 1133 quia
1208 1060 1484 1118 conversis
1514 1058 1728 1123 talibus,
1770 1066 1823 1112 et
1852 1072 2038 1112 exem-

467 1156 968 1230 pltnnlmmilitatis
991 1154 1194 1210 Christi
1221 1149 1657 1222 suscipientibus,
1683 1149 1890 1203 confusi
1916 1156 2040 1203 sunt

470 1254 762 1316 dmmones,
787 1249 880 1318 qui
907 1249 963 1302 in
1001 1230 1084 1302 eis
1116 1253 1294 1310 erant,
1337 1253 1392 1299 et
1414 1243 1682 1298 contraria
1712 1256 1898 1296 eorum
1928 1240 2040 1296 for-

471 1342 644 1396 titudo
673 1340 741 1395 ad
770 1339 996 1394 nihilum
1019 1338 1237 1392 redacta
1263 1344 1366 1390 est.

547 1458 564 1487 ι
599 1437 704 1491 Pro
727 1435 1008 1504 iniquitate
1033 1431 1142 1486 vidi
1167 1429 1397 1485 tentoria
1419 1427 1725 1496 Ethiopize.
1775 1446 1791 1476 )
1823 1425 2041 1482 Ethio-

469 1544 567 1600 pes
597 1527 858 1583 teterrimi
899 1532 1023 1580 sunt
1054 1522 1318 1583 homines,
1356 1520 1448 1590 qui
1474 1520 1719 1574 feruntur
1747 1517 2042 1574 draconum

470 1620 613 1676 vesci
659 1618 935 1683 carnibus,
981 1616 1207 1684 ideoque
1236 1612 1542 1684 significant
1574 1612 1844 1667 daemones
1875 1620 2043 1666 tetras

470 1709 699 1772 malitia,
729 1723 957 1777 quorum
1006 1714 1132 1760 sunt
1171 1713 1329 1775 potus
1379 1703 1744 1768 dulcissimus,
1798 1703 2042 1759 homines

469 1799 798 1870 serpentium
829 1797 1065 1852 animum
1097 1795 1376 1860 habentes,
1406 1803 1460 1848 et
1481 1794 1548 1849 ad
1575 1792 1875 1849 nocendum
1903 1808 2042 1847 sem-

469 1903 565 1957 per
594 1888 786 1958 parati.
820 1885 1136 1955 }Ethiopum
1171 1882 1518 1940 tabernacula
1565 1891 1691 1939 sunt
1719 1883 1821 1953 ipsi
1863 1883 2038 1939 homi-

2137 703 2266 743 vero
2319 696 2445 743 sunt
2493 687 2686 742 anima:
2731 702 2918 742 eorum
2965 688 3057 758 qui
3083 687 3540 744 circumferuntur
3565 692 3718 746 omni

2137 787 2301 834 vento
2329 779 2608 846 doctrinae,
2631 788 2688 833 et
2715 795 2925 848 semper
2949 779 3001 832 in
3024 779 3134 834 imo
3159 788 3303 834 sunt.
3325 779 3381 834 ln
3406 779 3607 838 talibus
3637 791 3723 836 est

2139 871 2436 942 indignatio
2467 871 2699 936 Domini,
2747 871 2891 941 quod
2921 870 3140 926 faveant
3184 871 3454 942 perversis
3482 873 3722 928 doctori-

2138 960 2261 1026 bus,
2312 962 2548 1018 nondum
2605 969 2785 1016 tamen
2835 961 3142 1016 exardescit
3185 961 3238 1016 in
3280 961 3386 1017 illis
3416 961 3594 1030 furor,
3628 965 3724 1020 sed

2140 1063 2522 1122 exspectantur
2548 1062 2607 1107 ut
2633 1053 2952 1123 resipiscant
2991 1055 3059 1108 ab
3087 1053 3364 1109 erroribus
3392 1055 3528 1110 suis.
3575 1074 3594 1107 ι
3619 1055 3726 1122 Qui

2139 1147 2436 1201 ascendens
2466 1136 2627 1215 super
2655 1159 2824 1217 equos
2852 1154 2992 1212 tuos,
3023 1154 3078 1201 et
3103 1145 3379 1218 quadriga:
3400 1155 3508 1203 tua:
3539 1148 3725 1204 salva-

2139 1237 2235 1292 tio.
2270 1256 2288 1288 ι
2317 1236 2453 1306 Equi
2487 1235 2583 1292 Dei
2623 1244 2750 1291 sunt
2795 1244 3105 1291 sanctorum
3133 1237 3345 1303 animae,
3378 1252 3544 1307 super
3586 1254 3728 1308 quas

2139 1330 2384 1384 ascendit
2423 1328 2684 1384 Dominus
2708 1336 2767 1382 ut
2805 1341 2896 1383 eas
2923 1328 3218 1398 possideat,
3267 1335 3320 1383 et
3367 1328 3438 1384 ab
3468 1345 3724 1385 errorum

2141 1419 2312 1474 deviis
2353 1419 2420 1473 ad
2472 1419 2718 1474 veritatis
2768 1419 3042 1473 tramitem
3087 1418 3302 1489 dirigat.
3339 1417 3418 1473 Ex
3456 1419 3546 1475 his
3569 1421 3729 1489 equis

2141 1518 2262 1565 erat
2300 1508 2387 1562 ille
2426 1508 2516 1577 qui
2561 1507 2810 1563 dicebat:
2855 1526 2902 1574 c
2932 1506 3003 1562 Ut
3034 1505 3338 1575 jumentum
3386 1505 3565 1562 factus
3607 1524 3729 1563 sum

2143 1602 2281 1674 apud
2319 1609 2391 1655 te.
2433 1620 2452 1652 ›
2485 1598 2579 1654 llis
2632 1598 2786 1668 cquis
2827 1608 2882 1653 et
2935 1598 3182 1654 curribus
3238 1597 3471 1652 vallatur
3514 1597 3731 1654 Eliseus

2141 1696 2421 1766 propheta,
2477 1707 2612 1762 quos
2657 1692 2821 1747 etiam
2852 1691 3114 1746 metuenti
3138 1705 3308 1761 puero
3329 1705 3430 1746 suo
3459 1693 3730 1746 ostendit.

2139 1785 2232 1840 Ait
2256 1785 2399 1840 enim
2428 1781 2707 1852 Scriptura
2751 1780 2875 1835 libri
2903 1780 3146 1851 Regum:
3185 1799 3204 1834 ‹
3242 1778 3380 1847 Quia
3409 1781 3649 1850 aspexit,
3682 1791 3739 1837 et

2141 1895 2268 1935 cccc
2298 1892 2450 1932 mons
2480 1877 2848 1948 plenus‘equis
2873 1876 3066 1947 igneis,
3093 1884 3149 1931 et
3171 1877 3445 1947 quadriga:
3472 1878 3654 1946 ignem
3683 1878 3737 1932 in

469 1992 586 2042 nes,
615 1978 706 2046 qui
737 1975 1030 2032 laborando
1059 1991 1157 2046 pro
1181 1975 1523 2046 acquirendis
1552 1974 1772 2039 divitiis,
1804 1974 2046 2029 cfficiun-
2074 1967 2121 2027 B
2149 1970 2378 2026 circuitu
2419 1967 2603 2022 Elisei.
2643 1987 2662 2020 ›
2714 1967 2783 2022 Et
2808 1966 2911 2022 hoc
2939 1965 3238 2022 notandum
3275 1967 3418 2037 quod
3462 1968 3520 2020 in
3562 1968 3740 2021 tantis

470 2078 560 2123 tur
608 2070 948 2125 tabernacula
1003 2084 1225 2133 eorum;
1281 2067 1421 2138 quod
1459 2067 1720 2139 propheta
1749 2082 1855 2121 uno
1882 2068 2044 2122 verbo

471 2161 773 2230 iniquitatis
800 2161 1071 2231 expressit
1095 2161 1175 2216 sic
1208 2179 1220 2215 :
1260 2158 1451 2215 Omnis
1471 2159 1615 2214 enim
1645 2159 1793 2214 dives
1818 2168 1909 2214 aut
1929 2160 2044 2230 ipse

468 2250 687 2322 iniquus
731 2261 832 2319 est,
881 2261 975 2307 aut
1021 2254 1193 2307 haeres
1222 2252 1411 2321 iniqui.
1459 2251 1548 2304 Ait
1579 2264 1705 2320 ergo
1736 2253 1997 2322 propheta
2025 2293 2040 2318 ,

472 2341 619 2406 Vidi,
667 2343 923 2398 subaudis
962 2343 1206 2398 homines
1259 2343 1430 2397 factos
1476 2342 1708 2396 tentoria
1754 2342 2045 2412 Ethiopiae

467 2446 565 2501 pro
579 2433 880 2503 iniquitate,
908 2434 961 2488 id
986 2433 1392 2504 estcupiditatc,
1420 2448 1524 2502 qua
1539 2448 1813 2502 nunquam
1828 2443 2047 2489 cessant

468 2537 798 2595 congregare
849 2523 1096 2591 divitias;
1139 2539 1273 2594 quas
1321 2539 1445 2578 cum
1473 2523 1651 2592 adepti
1681 2523 1898 2589 fuerint,
1930 2532 2042 2578 tra-

469 2610 602 2666 dunt
631 2628 690 2667 se
713 2612 1016 2673 luxuriaret
1059 2613 1444 2683 voluptatibus,
1480 2619 1640 2680 atque
1669 2614 1815 2664 omni
1845 2609 2045 2679 iniqui-

472 2704 594 2770 tati,
626 2704 811 2775 sicquc
839 2705 1145 2761 efficiuntur
1174 2704 1466 2774 hospitium
1491 2703 1816 2766 daemonum,
1847 2702 1937 2771 qui
1960 2701 2049 2755 de-

471 2794 702 2849 buerant
746 2811 866 2852 esse
909 2796 1165 2866 templum
1221 2797 1338 2850 Dei.
1375 2813 1394 2846 ‹
1451 2793 1834 2848 Turbabuntur
1880 2791 2047 2862 pelles

474 2894 635 2941 terra:
666 2885 899 2942 Madian.
939 2907 958 2938 ι
995 2885 1149 2955 Quod
1174 2886 1310 2940 dixit
1341 2901 1500 2956 supra
1528 2884 1778 2949 tentoria,
1805 2898 1946 2938 nunc
1969 2883 2047 2937 di-

478 2977 554 3032 cit
589 2977 760 3048 pelles
788 2995 802 3044 ;
837 2985 892 3032 et
915 2978 1058 3047 quod
1087 2975 1390 3046 Ethiopes,
1435 2977 1538 3030 hoc
1583 2984 1780 3030 terram
1812 2972 2043 3028 Madian.

472 3067 684 3123 Madian
720 3068 863 3123 enim
885 3069 1032 3140 regio
1056 3076 1139 3125 est
1163 3067 1339 3122 vicina
1377 3066 1686 3135 Ethiopiae.
1727 3064 2050 3134 Interpreta-

470 3165 560 3214 tur
603 3157 814 3214 Madian
856 3176 920 3214 ex
951 3160 1188 3230 judicio,
1229 3158 1485 3214 subaudis
1533 3157 1587 3212 in
1644 3157 2049 3213 condemnatio-

471 3262 615 3303 nem.
649 3247 1032 3305 Turbabuntur
1056 3265 1183 3321 ergo
1214 3249 1379 3319 pelles
1411 3261 1568 3304 terra:
1595 3247 1840 3320 Μθᾱίείη,⁸
1867 3250 1920 3305 id
1966 3258 2050 3306 est

2146 2061 2382 2116 millibus
2406 2075 2668 2129 equorum
2698 2069 2752 2113 et
2798 2073 3078 2122 curruum,
3127 2056 3304 2112 nullus
3350 2072 3619 2112 ascensor
3646 2072 3741 2112 eo-

2148 2166 2268 2205 rum
2319 2149 2578 2204 ccrnitur.
2619 2147 2707 2202 llle
2760 2148 2904 2201 enim
2945 2154 3064 2202 erat
3093 2147 3280 2218 auriga
3308 2155 3361 2200 et
3387 2154 3592 2212 rector,
3649 2147 3739 2201 cui

2148 2237 2432 2293 Psahnista
2459 2237 2606 2291 canit
2631 2253 2644 2290 :
2679 2253 2698 2287 ι
2732 2234 2834 2302 Qui
2863 2236 3018 2291 sedes
3047 2251 3208 2306 super
3238 2235 3524 2300 cherubin,
3551 2236 3742 2290 mani-

2151 2334 2368 2388 festare.
2411 2353 2428 2384 ›
2465 2331 2638 2402 Super
2664 2331 3034 2401 hujuscemodi
3062 2346 3230 2400 equos
3269 2331 3512 2387 ascendit
3559 2331 3739 2398 Deus,

2149 2436 2204 2481 ct
2233 2425 2504 2496 quadrigae
2548 2422 2664 2491 ejus
2694 2423 2950 2490 salvatio;
2987 2423 3092 2488 vel,
3121 2433 3178 2478 nt
3201 2423 3305 2478 alia
3331 2423 3622 2478 translatio
3656 2426 3741 2479 di-

2150 2519 2246 2583 cit,
2277 2516 2560 2587 Equitatus
2588 2523 2712 2569 tuus
2740 2515 2966 2570 sanitas.
3011 2514 3292 2585 Equitatus
3334 2516 3427 2572 Dei
3448 2515 3742 2586 justorum

2149 2611 2390 2667 omnium
2414 2617 2498 2664 est
2523 2607 2829 2674 multitudo,
2863 2608 3029 2663 totius
3057 2609 3280 2664 humani
3309 2610 3524 2680 generis
3549 2611 3743 2666 salva~

2153 2703 2247 2766 tio,
2274 2702 2400 2771 quia
2433 2701 2486 2755 in
2511 2699 2713 2756 sanctis
2733 2700 3001 2775 equitans,
3036 2709 3207 2756 totum
3243 2702 3493 2758 lustravit
3532 2712 3591 2758 et
3627 2704 3741 2758 sal-

2150 2793 2297 2848 vavit
2322 2793 2526 2849 orbem.

2228 2948 2247 2980 ι
2277 2928 2554 2986 Suscitans
2575 2929 2863 2985 suscitabis
2885 2944 3067 2984 arcum
3096 2938 3280 2995 tuum;
3309 2947 3330 2982 ι
3359 2929 3413 2984 id
3440 2935 3549 2994 est,
3583 2929 3745 2998 quod

2149 3022 2449 3093 promisisti
2476 3022 2530 3077 in
2561 3019 2741 3077 Veteri
2775 3022 3149 3082 Testamento,
3180 3019 3428 3092 implebis
3453 3021 3510 3075 in
3549 3019 3741 3075 Novo.

2152 3115 2287 3170 Nam
2313 3129 2411 3185 per
2450 3129 2668 3179 arcum,
2701 3115 2794 3184 qui
2832 3114 3039 3170 duobus
3080 3115 3335 3170 cornibus
3374 3113 3581 3179 tendit,
3633 3114 3744 3170 duo

2155 3209 2500 3264 Testamenta
2529 3206 2920 3276 intelliguntur.
2954 3205 3106 3262 Unde
3134 3205 3379 3275 sequitur
3403 3212 3460 3258 et
3487 3204 3745 3259 ostendit

2078 3329 2122 3392 ε
2156 3300 2284 3370 quid
2324 3300 2396 3354 sit
2421 3313 2617 3354 arcus:
2659 3317 2676 3349 ι
2712 3297 3028 3353 Jnramenta
3074 3298 3320 3352 tribubus
3365 3313 3484 3368 qua:
3513 3297 3745 3352 locutus

2159 3404 2209 3412 Α-
2262 3408 2275 3412 -
2308 3387 2604 3412 α.---ε.-ι.ε..
2634 3388 2870 3412 I:_--.!n\
2901 3403 3084 3412 -..-....“
3149 3387 3366 3412 2.......1Α1Α
3393 3387 3715 3412 :.._..._.._n-

471 3432 855 3505 injustitiainet
878 3430 1215 3504 iniquitatem
1238 3423 1452 3488 divitias
1472 3441 1526 3488 et
1547 3432 1726 3488 saeculi
1755 3433 2044 3510 dignitates

471 3525 819 3595 acquirendo.
875 3522 1260 3578 Turbabuntur
1307 3523 1475 3588 enim,
1535 3523 1658 3593 quia
1711 3523 2043 3578 conscientia

469 3623 815 3685 peccatorum
843 3613 1041 3679 territi,
1091 3623 1147 3667 et
1190 3622 1334 3668 metu
1376 3621 1700 3667 :eternarum
1762 3628 2042 3683 poenarum

469 3707 746 3779 exagitati,
799 3720 1014 3776 semper
1066 3713 1226 3760 erunt
1271 3705 1328 3758 in
1383 3703 1690 3769 formidine,
1724 3713 1779 3759 et
1824 3720 2042 3762 severos

467 3806 591 3869 post
617 3805 844 3851 mortem
865 3795 1141 3851 cruciatus
1170 3794 1479 3864 quotidiano
1498 3809 1697 3865 pavore
1726 3797 2042 3866 superstites

470 3886 832 3943 sustinebunt.

547 3995 567 4029 ι
598 3975 848 4048 Nunquid
868 3977 923 4032 in
951 3975 1264 4034 fluminibus
1287 3977 1458 4032 iratus
1478 3992 1559 4044 es,
1583 3977 1831 4045 Domine,
1859 3988 1952 4033 aut
1988 3980 2042 4034 in

463 4069 780 4126 fluminibus
807 4071 956 4127 furor
989 4080 1131 4136 tuus,
1158 4070 1243 4126 vel
1269 4071 1323 4127 in
1354 4072 1490 4126 mari
1520 4071 1818 4144 indignatio
1845 4073 1973 4127 tua?
2017 4093 2035 4127 ι

463 4159 772 4232 lnterrogat
803 4162 1065 4231 propheta
1087 4161 1392 4227 Dominum,
1419 4171 1470 4216 et
1493 4162 1648 4231 quasi
1679 4162 1929 4218 dubitans
1968 4162 2045 4217 lo-

467 4252 656 4322 quitur
684 4268 696 4304 :
732 4249 776 4306 0
810 4252 1056 4318 Domine,
1089 4254 1303 4322 quando
1321 4251 1610 4308 Iordanem
1652 4253 1868 4308 fluvium
1895 4264 2043 4311 retro

470 4342 719 4397 converti
740 4339 938 4408 fecisti,
966 4351 1020 4396 et
1042 4344 1256 4412 quando
1283 4359 1432 4398 mare
1460 4344 1706 4412 divisisti,
1725 4355 1783 4400 ut
1802 4347 1945 4402 viam
1965 4346 2046 4402 fa-

469 4448 622 4490 ceres
650 4433 848 4504 populo
880 4443 991 4501 tuo,
1033 4436 1276 4504 nunquid
1304 4437 1360 4490 in
1389 4437 1699 4494 fluminibus
1741 4439 1912 4496 iratus
1963 4455 2042 4509 es,

465 4533 564 4581 aut
597 4527 650 4581 in
689 4528 824 4582 mari
858 4526 959 4582 fuit
985 4527 1285 4598 indignatio
1322 4529 1445 4582 tua?
1480 4528 1598 4584 Non
1624 4530 1771 4584 enim
1811 4531 2044 4588 insensi-

468 4618 595 4671 bilia
627 4618 890 4674 elementa
919 4619 1212 4690 quidquam
1237 4619 1573 4675 oflcnderant
1603 4629 1661 4674 ut
1699 4629 1841 4675 tuam
1868 4603 2043 4678 mere-

2153 3404 2230 3445 es.
2260 3408 2280 3440 ι
2308 3387 2607 3444 Suscitabis
2633 3388 2872 3462 (inquit)
2901 3403 3118 3455 arcum,
3149 3387 3370 3459 impleta
3387 3387 3742 3456 iuramenta,

2153 3494 2271 3550 quae
2291 3478 2505 3536 locutus
2527 3493 2588 3536 es
2612 3478 2858 3536 tribubus
2875 3479 3044 3536 Israel
3065 3479 3133 3536 de
3159 3480 3392 3536 adventu
3411 3479 3533 3536 Filii
3554 3481 3669 3536 tui.

2221 3628 2595 3704 (Diapsalma.)
2625 3649 2644 3682 ‹
2671 3631 2887 3688 Fluvios
2917 3632 3133 3688 scindes
3159 3640 3356 3699 terrm;
3385 3631 3653 3686 viderunt
3689 3644 3744 3688 te

2148 3731 2203 3778 et
2231 3722 2517 3778 doluerunt
2541 3731 2769 3779 montes.
2795 3744 2814 3777 ι
2833 3724 3006 3780 Fluvii
3030 3733 3189 3780 terra!
3208 3733 3333 3781 sunt
3357 3727 3522 3781 corda
3545 3734 3732 3782 terre-

2150 3830 2343 3869 norum
2367 3814 2646 3869 hominum
2668 3856 2681 3880 ,
2706 3816 2800 3886 qui
2826 3816 3244 3886 praadicantihus
3273 3815 3530 3885 apostolis
3559 3818 3744 3872 scissa

2146 3916 2272 3962 sunt
2300 3916 2355 3962 et
2383 3916 2568 3978 aperta
2596 3922 2693 3978 per
2717 3908 3092 3978 poenitentiam
3111 3949 3126 3975 ,
3155 3917 3214 3963 ut
3238 3923 3418 3964 semen
3446 3909 3609 3963 verbi
3641 3909 3739 3965 Dei

2146 4001 2466 4072 reciperent.
2504 4001 2634 4055 Nam
2666 4010 2722 4056 ct
2751 4002 2805 4055 in
2834 4002 3082 4072 passione
3104 4001 3315 4057 Domini
3343 4011 3514 4075 petrae
3535 4003 3738 4059 scissas

2148 4101 2303 4159 sunt,
2336 4099 2395 4146 ut
2425 4092 2558 4146 dura
2588 4093 2827 4163 gentium
2857 4093 3021 4148 corda
3052 4093 3396 4164 signarentur
3423 4108 3547 4148 esse
3589 4096 3741 4150 scin-

2147 4183 2320 4239 denda
2351 4199 2445 4254 per
2474 4182 2654 4240 fidem.
2685 4185 2948 4240 Viderunt
2983 4185 3086 4241 hoc
3125 4194 3363 4251 montes,
3394 4185 3449 4239 id
3488 4195 3574 4240 est
3613 4203 3740 4241 con-

2147 4276 2327 4330 trarim
2357 4275 2726 4339 fortitudines,
2758 4286 2812 4331 ct
2841 4278 3128 4333 doluerunt
3156 4278 3452 4334 invidentes
3482 4280 3737 4349 gentium

2147 4364 2325 4420 saluti.
2358 4364 2484 4420 Sive
2515 4375 2723 4422 montes
2751 4375 2877 4422 sunt
2902 4367 3116 4423 excelsa
3143 4383 3305 4438 regna
3334 4377 3617 4424 terrarum
3639 4411 3656 4437 ,
3682 4383 3736 4425 et

2147 4456 2402 4512 sublimes
2453 4458 2634 4514 saeculi
2684 4467 2998 4529 potestates.
3057 4459 3318 4515 Viderunt
3371 4474 3634 4517 crescere
3687 4471 3738 4518 et

2146 4551 2431 4620 propagari
2473 4550 2630 4606 fidem
2673 4551 2906 4620 Christi,
2937 4561 2991 4608 et
3030 4552 3348 4620 doluerunt,
3393 4561 3564 4624 atque
3614 4572 3734 4628 gra-

2148 4641 2421 4694 vissimam
2471 4651 2658 4697 contra
2705 4653 2922 4700 sanctos
2970 4645 3399 4715 persecutionem
3441 4647 3733 4703 excitaveo

466 4720 656 4765 rentur
677 4711 1120 4782 indignationem.
1153 4711 1306 4766 Sicut
1333 4728 1461 4781 ergo
1493 4721 1618 4768 tunc
1659 4712 1829 4768 fecisti
1877 4714 2038 4770 dimi--
2065 4706 2118 4768 Ι)
2146 4737 2292 4783 tum.
2321 4728 2474 4786 unde
2514 4731 2757 4800 sequitur
2794 4750 2806 4784 ε
2842 4751 2862 4783 ε
2894 4706 3090 4804 μίσεος
3122 4748 3384 4804 aquarum
3416 4737 3671 4791 transi“.
3711 4761 3728 4793 ι

465 4820 596 4861 cans
626 4821 725 4876 pro
747 4805 944 4877 pepulo
979 4814 1091 4872 tuo,
1121 4807 1194 4860 ita
1220 4822 1362 4861 nunc
1385 4806 1680 4862 ascendens
1704 4822 1869 4877 equos
1898 4816 2036 4874 tuos,

464 4906 523 4956 et
539 4901 836 4971 corripiens
855 4917 1059 4967 arcum,
1084 4901 1309 4957 salutem
1331 4901 1484 4956 dabis
1502 4899 1695 4971 populo
1717 4909 1831 4957 tuo.
1855 4901 2042 4958 Scien-

464 4993 590 5050 dum
620 5000 801 5048 autem
823 4993 961 5048 bona
984 4991 1205 5047 ﬂumina
1236 5007 1355 5047 esse
1383 5000 1437 5047 et
1455 4991 1616 5058 mala,
1653 5008 1804 5048 mare
1827 5008 2039 5064 quoque

463 5100 585 5141 esse
611 5086 812 5141 bonum
839 5095 894 5141 et
917 5085 1090 5152 dulce,
1116 5100 1234 5140 esse
1256 5094 1311 5139 et
1338 5085 1630 5154 pessimum
1671 5093 1725 5139 et
1770 5101 2032 5139 amarum.

465 5179 522 5234 ln
571 5179 710 5234 bona
763 5179 1154 5250 signiﬁcatione
1191 5177 1409 5248 ponitur
1455 5175 1666 5242 ﬂuvius,
1719 5192 1843 5231 cum
1907 5177 2038 5231 dicit

465 5269 788 5326 Psalmista:
830 5289 847 5321 ι
881 5269 1144 5324 Fluminis
1193 5269 1424 5339 impetus
1471 5267 1708 5322 laetificat
1764 5267 2035 5323 civitatem

465 5361 592 5430 Dei;
620 5383 638 5416 ι
664 5365 718 5418 in
750 5363 889 5418 mala
917 5377 1068 5428 vero,
1090 5370 1151 5417 ut
1178 5362 1319 5433 apud
1348 5361 1686 5417 Ezechielem
1723 5360 1935 5416 Pharao
1962 5361 2039 5415 lo-

467 5456 688 5525 quitur:
722 5474 740 5507 ‹
771 5455 886 5511 Mea
914 5463 1035 5510 sunt
1064 5453 1303 5519 flumina,
1333 5460 1387 5508 et
1420 5467 1520 5524 ego
1564 5450 1669 5507 feci
1694 5450 1804 5507 illa.
1841 5472 1860 5505 ι
1892 5452 2038 5510 Mare

471 5561 680 5616 quoque
718 5549 772 5604 in
797 5548 994 5602 bonam
1017 5555 1224 5618 partem
1251 5556 1487 5616 ponitur,
1515 5545 1604 5600 ubi
1635 5545 1688 5599 in
1713 5545 1922 5616 psalmo
1951 5546 2032 5601 di-

469 5635 640 5690 eitur:
671 5655 688 5688 ‹
718 5638 923 5693 Domini
953 5647 1035 5694 est
1055 5648 1200 5693 terra
1227 5645 1281 5693 et
1301 5637 1449 5692 orbis
1481 5646 1768 5693 terrarum.
1799 5637 1918 5707 Ipse
1949 5654 2037 5693 su-

468 5744 565 5800 per
608 5730 775 5783 maria
806 5729 1045 5786 fundavit
1069 5746 1210 5786 eum.
1269 5750 1290 5784 ι
1323 5729 1458 5786 Mala
1491 5746 1622 5803 ergo
1650 5731 1872 5786 flumina
1912 5741 2038 5788 sunt

469 5824 715 5892 dogmata
743 5823 1137 5892 haereticorum,
1185 5841 1306 5894 qua:
1349 5825 1493 5881 velut
1543 5823 1759 5880 flumina
1809 5835 2035 5881 currunt

469 5914 739 5985 spumanti
766 5914 1090 5985 eloquentia,
1119 5923 1174 5970 et
1196 5915 1364 5972 fluunt
1388 5925 1574 5973 contra
1603 5917 1907 5972 veritatem.
1938 5916 2034 5973 llis

2146 4818 2352 4891 Gurges
2407 4837 2668 4890 aquarum
2721 4823 2893 4877 valida
2949 4833 3241 4895 tempestas
3288 4829 3732 4897 persecutionis,

2147 4910 2396 4976 transiit,
2439 4911 2492 4965 id
2533 4921 2616 4966 est
2668 4913 3004 4982 conquievit,
3040 4925 3325 4986 postquam
3374 4928 3638 4987 montes,
3683 4927 3732 4979 id

2143 5009 2225 5055 est
2275 5001 2452 5056 saeculi
2512 5011 2806 5073 potestates
2857 5004 3134 5061 Christum
3184 5021 3544 5079 agnoverunt.
3604 5014 3731 5069 Sive

2145 5091 2249 5146 alio
2299 5108 2458 5146 sensu
2503 5112 2514 5146 :
2560 5111 2755 5165 gurges
2804 5110 3106 5166 aquarum,
3161 5100 3218 5154 id
3271 5110 3355 5157 est
3401 5105 3728 5172 praedicatio

2142 5182 2536 5250 apostolorum,
2585 5185 2832 5253 transiit,
2874 5188 3120 5242 nuntiata
3165 5205 3262 5259 per
3299 5205 3492 5246 omnes
3533 5199 3728 5252 mundi

2139 5274 2417 5328 terminos.
2456 5294 2475 5326 ‹
2512 5274 2665 5329 Dedit
2695 5277 2922 5348 abyssus
2972 5294 3158 5334 vocem
3210 5297 3363 5337 suam
3398 5302 3410 5336 :
3452 5303 3472 5335 ι
3509 5285 3566 5339 id
3620 5299 3723 5354 est,

2139 5364 2402 5436 profunda
2449 5365 2814 5435 apostolorum
2853 5368 3165 5438 praedicatio
3209 5386 3306 5440 per
3351 5373 3541 5429 orbem
3578 5393 3725 5434 Inso-

2138 5457 2272 5510 nuit.
2307 5475 2326 5507 ι
2353 5455 2594 5511 Altitudo
2625 5473 2815 5514 manus
2861 5473 2989 5516 suas
3028 5461 3259 5527 levabit;
3295 5481 3314 5514 ι
3347 5465 3401 5518 id
3427 5475 3515 5520 est
3545 5469 3723 5526 virtus

2140 5547 2318 5602 divina
2356 5548 2742 5604 miraculorum
2771 5565 2830 5607 se
2856 5553 3110 5622 operibus
3148 5553 3442 5610 declaravit
3480 5574 3494 5623 ;
3525 5575 3723 5617 manus

2140 5654 2370 5708 namque
2416 5639 2594 5694 levare
2640 5641 2776 5696 mira
2829 5645 3042 5714 operari
3093 5654 3196 5701 est.
3252 5647 3420 5704 Aliter
3456 5669 3469 5704 :
3505 5670 3524 5702 ι
3562 5653 3721 5710 Dedit

2139 5730 2365 5800 abyssus
2408 5747 2595 5788 vocem
2641 5748 2823 5801 suam;
2858 5755 2878 5789 ι
2922 5735 2976 5790 id
3023 5746 3106 5792 est
3167 5738 3372 5795 inferos
3420 5757 3452 5796 a
3499 5743 3718 5800 Christo

2138 5833 2450 5894 superatus,
2500 5823 2946 5894 triumphatorem
2990 5828 3178 5884 mortis
3218 5829 3478 5886 laudavit.
3513 5851 3531 5884 ι
3581 5835 3715 5889 Alti-

2138 5917 2264 5973 tudo
2293 5933 2511 5974 manum
2540 5933 2692 5973 suam
2721 5918 2950 5989 levavit;
2981 5942 3000 5976 ι
3033 5922 3087 5978 id
3114 5930 3198 5978 est
3239 5923 3508 5982 celsitudo
3555 5945 3713 6001 ange-
