3950 6450
247 504 348 560 193

1200 514 1597 577 ENARRATIO
1629 519 1699 577 ΙΝ
1738 520 2056 584 HABACUC
2092 527 2532 593 PROPHETAM.

3381 552 3486 611 I95

240 615 342 672 lica
372 631 528 731 qttast
554 619 788 724 quodam
825 623 1019 695 plausu
1043 641 1263 684 manum
1294 630 1624 702 tripudians,
1654 634 1814 692 Chri-
1837 639 1892 702 Α
1913 647 2154 710 potestas
2192 636 2455 702 innuitur.
2491 646 2766 707 Ma.eaixit
2789 653 2936 711 Deus
2977 657 3208 728 sceptris
3239 657 3356 731 ejus
3375 701 3391 728 ,
3426 663 3483 721 id

241 717 383 765 stum
411 709 670 768 laudavit.

316 819 336 852 ι
371 800 463 857 Sol
491 809 547 858 et
572 803 697 861 luna
725 815 989 868 steterunt
1015 829 1070 870 in
1099 814 1409 874 habitaculo
1445 833 1564 875 suo.
1599 840 1617 874 ι
1651 819 1811 878 Juxta

237 892 508 960 litteram,
541 904 600 952 ut
637 898 871 959 Isidorus
910 904 1070 974 dicit,
1117 915 1240 977 post
1285 909 1424 966 diem
1462 910 1654 980 judicii
1702 927 1810 970 non

235 986 447 1041 occidet
488 988 568 1044 sol
605 997 661 1044 et
689 991 813 1048 luna
849 994 991 1053 infra
1038 1006 1212 1054 terras
1260 999 1668 1070 descendendo,
1713 1007 1810 1060 sed

233 1092 447 1146 semper
473 1094 634 1150 super
665 1090 837 1141 terras
861 1089 1156 1157 parebunt;
1187 1090 1268 1147 sol
1297 1092 1513 1162 quidem
1542 1094 1598 1149 in
1627 1095 1806 1151 orien—

233 1180 315 1234 te,
346 1171 471 1227 luna
501 1173 558 1229 in
585 1177 864 1234 occidente
903 1183 1052 1238 omni
1089 1185 1292 1242 mundo
1333 1188 1621 1258 conspicua
1643 1229 1658 1255 ,
1704 1204 1806 1246 nec

229 1260 329 1316 sub
351 1267 524 1317 terras
550 1265 908 1338 descendent,
935 1288 1002 1328 ne
1026 1273 1215 1331 inferis
1238 1275 1419 1332 lumen
1447 1293 1605 1334 suum
1629 1289 1804 1336 osten-

228 1352 377 1408 dant.
409 1353 614 1412 Altiore
643 1373 802 1414 sensu
829 1377 842 1414 :
871 1380 889 1414 ι
921 1363 1002 1419 sol
1034 1373 1090 1420 et
1118 1365 1246 1421 luna
1273 1377 1540 1424 steterunt
1568 1370 1621 1425 in
1651 1370 1804 1426 habi-

227 1442 405 1499 taculo
433 1460 550 1510 suo,
581 1467 601 1500 ι
629 1449 757 1518 quia
785 1450 1056 1521 Christus,
1084 1456 1179 1526 qui
1199 1471 1359 1514 verus
1379 1467 1463 1516 est
1483 1461 1564 1516 sol
1581 1502 1596 1526 ,
1623 1476 1802 1517 resur-

220 1552 356 1607 gens
394 1552 426 1594 a
457 1542 720 1608 mortuis,
746 1544 1114 1604 habitaculum
1139 1551 1264 1608 coeli
1290 1555 1642 1620 conscendit;
1673 1555 1798 1610 luna

219 1642 382 1696 vero,
425 1629 480 1685 id
513 1638 600 1688 est
640 1633 911 1704 Ecclesia,
954 1638 1010 1693 in
1040 1640 1145 1696 fide
1183 1657 1347 1712 quam
1383 1646 1654 1717 percepit,
1702 1648 1796 1702 de-

216 1724 342 1773 vote
388 1727 444 1775 et
490 1721 810 1782 inconcusse
850 1732 1168 1798 permansit.
1214 1733 1367 1801 Quod
1407 1738 1647 1806 apertius
1691 1738 1796 1794 alia

218 1812 504 1870 translatio
544 1815 719 1873 dicit:
758 1819 1009 1879 Elevatus
1041 1824 1123 1880 sol
1167 1825 1222 1881 in
1263 1835 1386 1883 ortu
1417 1845 1543 1895 suo,
1580 1839 1634 1886 et
1666 1831 1792 1886 luna

217 1903 369 1958 stetit
411 1905 467 1960 in
513 1909 702 1964 ordine
745 1926 864 1967 suo.
900 1931 918 1965 ι
945 1913 1004 1968 In
1048 1914 1169 1972 luce
1213 1918 1534 1990 sagittarum
1579 1930 1792 1979 tuarum

1911 740 1996 787 est
2040 733 2226 805 impii,
2275 735 2329 792 id
2377 745 2461 794 est
2508 753 2676 811 regno
2704 753 2760 798 et
2791 748 3046 815 potestati
3079 747 3216 820 ejus.
3252 750 3482 824 lmpium

1907 829 2112 890 autem,
2133 827 2429 883 secundum
2475 832 2769 900 superioris
2814 839 3110 909 prophetia
3158 850 3478 914 tractatum,

1907 913 1962 969 id
1991 925 2106 983 est,
2133 918 2454 988 specialiter,
2479 921 2636 992 juxta
2665 922 2921 995 litteram,
2957 929 3476 1005 Nabuchodonosor,

1905 1003 1991 1059 vel
2019 1006 2341 1076 generaliter
2368 1024 2585 1067 omnem
2610 1014 2794 1084 populi
2821 1016 2918 1072 Dei
2947 1021 3314 1082 adversarium
3333 1069 3349 1095 ,
3382 1003 3477 1085 seu

1904 1095 2081 1166 ipsum
2110 1099 2379 1155 diabolum
2417 1117 2704 1172 possumus
2740 1107 3007 1178 accipere.
3050 1112 3126 1168 De
3158 1131 3265 1186 quo
3301 1120 3480 1177 adhuc

1904 1187 2188 1257 sequitur:
2220 1209 2238 1242 ‹
2257 1189 2431 1262 Capiti
2460 1193 2776 1252 bellatorum
2803 1197 2949 1267 ejus,
2971 1221 2990 1254 ι
3021 1205 3272 1263 subaudis
3305 1213 3475 1267 male-

1903 1277 2108 1342 dixisti.
2137 1279 2254 1337 Non
2284 1283 2456 1339 solum
2487 1286 2742 1360 (inquit)
2771 1294 2999 1362 sceptris
3024 1295 3160 1365 ejus,
3190 1301 3283 1356 sed
3312 1305 3474 1360 etiam

1900 1366 2006 1438 ipsi
2032 1372 2196 1441 capiti
2226 1375 2371 1444 quod
2395 1391 2773 1450 percusseras,
2805 1383 3148 1442 maledixisti.
3179 1388 3353 1460 Caput
3382 1409 3475 1448 au-

1902 1466 2010 1514 tem
2044 1461 2363 1520 bellatorum
2403 1467 2678 1537 diabolus,
2725 1483 3134 1542 persecutorum
3183 1481 3471 1551 Ecclesia,

1899 1551 2086 1621 quales
2134 1553 2354 1612 fuerunt
2380 1556 2556 1626 Nero,
2611 1561 2971 1634 Domitianus,
3023 1572 3312 1643 caterique
3369 1577 3463 1646 qui

1897 1644 2172 1714 publicam
2202 1651 2634 1717 persecutionem
2662 1653 2917 1713 Ecclesia
2945 1659 3274 1720 indixerunt.
3312 1685 3331 1718 ‹
3365 1644 3465 1723 \fe-

1897 1734 2192 1803 nientibus,
2223 1756 2241 1790 ι
2270 1740 2323 1793 id
2347 1748 2430 1796 est
2453 1743 2545 1811 qui
2570 1745 2890 1814 veniebant,
2925 1769 2944 1801 ‹
2978 1759 3037 1805 ut
3067 1755 3244 1822 turbo,
3268 1777 3287 1809 ι
3327 1757 3467 1814 sicut

1897 1829 2194 1894 tempestas
2245 1843 2371 1883 cum
2416 1838 2626 1888 terrore
2671 1835 2858 1902 nimio,
2893 1856 2912 1890 ι
2945 1841 3012 1896 ad
3055 1843 3465 1917 dispergendum

1896 1929 1983 1970 me
2003 1956 2017 1980 ,
2049 1936 2068 1969 ι
2100 1916 2155 1972 id
2184 1927 2267 1974 est
2293 1920 2552 1978 unitatem
2584 1935 2788 1984 sancta
2815 1929 3090 1989 Ecclesia.
3123 1955 3141 1986 ‹
3168 1916 3470 1996 Exsultatio

217 1992 408 2060 ibunt,
439 1995 493 2051 in
537 1998 821 2068 splendore
861 2003 1185 2075 fulgurantis
1223 2007 1392 2065 hasta;
1434 2019 1558 2067 tum.
1594 2033 1613 2064 ι
1647 2011 1791 2070 Ordo
1817 2000 1868 2062 B
1895 2022 2080 2064 eorum
2103 2051 2120 2076 ,
2151 2029 2170 2062 ι
2202 2011 2254 2066 id
2293 2021 2374 2068 est
2401 2025 2808 2084 persecutorum
2840 2040 2861 2073 ‹
2895 2022 3036 2079 sicut
3069 2026 3186 2097 ejus
3234 2030 3326 2100 qui
3378 2032 3469 2087 de-

219 2086 505 2143 verborum
532 2098 619 2146 est
645 2109 658 2145 :
693 2091 914 2165 Sagitta
943 2103 1045 2152 tua
1071 2106 1126 2153 et
1149 2099 1321 2156 hastae
1351 2111 1454 2158 tua
1478 2104 1535 2158 in
1576 2104 1698 2162 luce
1735 2114 1792 2162 et

216 2177 274 2232 in
297 2179 580 2249 splendore
601 2181 926 2256 fulgurantis
947 2188 1118 2245 ibunt.
1150 2189 1369 2260 Sagitta
1390 2201 1446 2248 et
1468 2195 1637 2251 hasta
1659 2195 1753 2252 Dei
1771 2237 1787 2265 ,

213 2273 446 2340 apostoli
486 2283 643 2341 sunt,
674 2278 800 2348 quia
829 2279 967 2336 sicut
995 2283 1205 2354 sagitta
1231 2292 1286 2339 et
1312 2284 1482 2342 hasta
1522 2287 1791 2360 refulgent

209 2371 268 2418 et
322 2364 640 2436 vulnerant,
691 2370 772 2426 sic
817 2373 1045 2443 apostoli
1096 2374 1432 2448 refulgebant
1479 2379 1784 2446 miraculis,

208 2453 569 2514 vulnerabant
613 2462 1076 2531 pradicamentis,
1127 2465 1504 2524 denuntiantes
1541 2479 1784 2541 peceato-

208 2541 364 2602 ribus
391 2555 595 2604 aterna
625 2551 904 2622 supplicia.
945 2554 1120 2610 Aliter
1148 2573 1161 2609 :
1197 2575 1216 2608 ί
1244 2556 1338 2613 Sol
1375 2568 1430 2615 et
1457 2559 1582 2614 luna
1616 2569 1781 2617 stete-

208 2645 338 2693 runt
357 2637 413 2694 in
426 2639 735 2699 habitaculo
755 2659 871 2700 suo.
894 2664 914 2699 ι
936 2644 1161 2704 ODeus!
1182 2648 1262 2704 sol
1283 2657 1338 2704 et
1358 2650 1504 2718 luna,
1527 2660 1583 2707 et
1604 2653 1783 2708 omnis

206 2729 466 2800 splendor
505 2733 808 2805 signorum,
842 2753 950 2808 quo
987 2739 1140 2808 prius
1178 2740 1486 2798 illustrabas
1525 2744 1782 2814 populum

206 2831 362 2878 tuum
379 2865 394 2890 ,
417 2823 531 2893 jam
557 2827 818 2884 malorum
845 2832 1084 2901 pondere
1109 2841 1163 2887 et
1181 2835 1415 2904 quodam
1437 2838 1781 2893 tenebrarum

201 2912 436 2970 horrore
463 2927 714 2988 cooperta
739 2930 925 2987 erant;
977 2930 1030 2978 te
1057 2932 1234 2979 autem
1256 2935 1544 2996 apparente
1561 2969 1576 2994 ,
1607 2936 1777 2984 stete-

201 3017 333 3062 runt
360 3008 416 3063 in
444 3002 752 3068 habitaculo
789 3029 915 3080 suo,
956 3013 1060 3070 hoc
1100 3023 1202 3083 est,
1235 3026 1554 3087 receperunt
1603 3009 1780 3088 splen-

203 3099 394 3156 dorem
424 3109 480 3157 et
506 3101 764 3159 virtutem
793 3119 963 3160 suam.
991 3105 1147 3162 lbunt
1175 3106 1356 3178 itaque
1384 3109 1528 3164 haud
1557 3110 1779 3165 dubium

199 3194 389 3264 populi
442 3194 627 3252 ﬁdeles
675 3197 731 3251 in
781 3198 900 3253 luce
951 3202 1271 3271 sagittarum
1320 3211 1569 3267 tuarum,
1619 3209 1674 3257 et
1722 3201 1775 3256 in

203 3287 490 3357 Splendore
517 3286 838 3360 fulgurantis
879 3291 1048 3347 hasta
1090 3300 1222 3359 tua;
1267 3293 1372 3348 hoc
1395 3301 1496 3357 est,
1540 3293 1776 3348 ambula-

200 3377 338 3433 bunt
365 3393 463 3448 per
503 3379 608 3435 iter
635 3381 794 3451 hujus
822 3381 948 3437 vita
977 3381 1033 3436 in
1070 3383 1190 3438 luce
1225 3392 1617 3454 praceptorum
1647 3391 1770 3438 tuo-

198 3486 353 3538 rum,
385 3487 505 3543 qua
541 3472 688 3528 velut
717 3474 926 3545 sagitta
951 3483 1045 3529 aut
1072 3475 1239 3530 hasta
1268 3475 1554 3530 vulnerant
1581 3476 1650 3530 ad
1679 3490 1770 3530 sa-

197 3563 395 3630 lutem,
427 3565 497 3620 ad
522 3564 628 3621 hoc
655 3573 890 3632 terrent,
923 3574 984 3620 ut
1009 3566 1316 3622 emendent.

279 3654 388 3710 «In
440 3653 660 3711 fremitu
713 3655 1053 3713 conculcabis
1107 3666 1326 3714 terram.
1366 3678 1386 3712 ι
1422 3659 1483 3714 1η
1536 3649 1768 3717 terribili

192 3748 580 3819 praedicatione
629 3749 992 3819 apostolorum
1039 3749 1383 3806 conculcabis
1429 3760 1669 3819 terram,
1717 3754 1770 3809 id

194 3848 303 3907 est,
348 3851 598 3898 conteres
645 3843 808 3898 corda
847 3851 1188 3899 terrenorum
1221 3842 1523 3899 hominum.
1555 3862 1577 3895 ι
1610 3843 1678 3898 Ει
1715 3843 1769 3898 in

193 3931 415 3998 furore,
448 3952 468 3986 ι
497 3933 551 3988 id
579 3941 662 3988 est
683 3933 869 4004 judicii
902 3935 1337 3990 comminatione.

276 4044 294 4074 ι
325 4021 730 4091 Obstupefacies
758 4033 944 4093 gentes
973 4043 991 4074 ι
1025 4041 1190 4095 regna
1225 4034 1440 4080 terrena
1471 4033 1528 4081 et
1553 4041 1769 4081 omnem

193 4114 384 4171 mundi
403 4121 725 4184 potestatem
747 4115 935 4170 mirari
959 4114 1143 4172 facies.
1166 4116 1301 4184 Quia
1320 4136 1339 4169 ι
1360 4133 1607 4188 egressus
1631 4134 1689 4173 es
1706 4157 1720 4182 ,
1746 4137 1764 4170 ι

189 4223 226 4263 o
270 4205 413 4262 Deus
439 4204 619 4272 Pater,
649 4223 669 4257 ι
698 4205 754 4260 in
797 4202 1027 4260 salutem
1067 4207 1250 4278 populi
1292 4206 1400 4272 tui,
1444 4208 1500 4262 in
1543 4208 1769 4262 salutem

191 4313 318 4354 cum
349 4295 566 4352 Christo
597 4303 708 4360 tuo,
733 4315 752 4347 ι
783 4295 837 4350 id
875 4303 960 4351 est
995 4311 1116 4352 cum
1157 4296 1294 4352 Filio
1322 4305 1440 4362 tuo,
1474 4313 1632 4367 quem
1662 4313 1772 4369 pra

191 4389 448 4447 omnibus
475 4387 674 4445 sanctis
705 4387 994 4460 singularis
1021 4390 1210 4460 gratia
1233 4389 1527 4446 chrismate
1547 4389 1768 4445 unxisti.

190 4480 273 4537 Ut
299 4481 442 4537 enim
466 4480 752 4552 Apostolus
777 4481 888 4536 ait:
921 4499 941 4533 ι
973 4480 1116 4538 Deus
1141 4492 1260 4537 erat
1286 4482 1340 4536 in
1363 4482 1598 4547 Christo,
1623 4499 1772 4537 mun-

191 4573 324 4628 dum
353 4572 708 4629 reconcilians
730 4572 853 4630 sibi.
884 4592 901 4624 ι
933 4592 951 4624 ‹
978 4573 1302 4630 Percussisti
1329 4583 1492 4644 caput
1517 4571 1584 4629 de
1609 4573 1769 4629 domo

1891 2111 2048 2156 vorat
2099 2119 2393 2175 pauperem
2438 2106 2495 2162 in
2545 2109 2881 2168 abscondito.
2924 2134 2947 2168 ι
3002 2114 3465 2183 Quemadmodum

1891 2203 2076 2265 raptor
2132 2197 2396 2264 exsultat,
2437 2214 2558 2255 cum
2609 2218 2901 2275 pauperem
2955 2208 3101 2265 nullo
3153 2211 3372 2270 vidente
3410 2224 3465 2270 et

1889 2287 2150 2342 auxilium
2189 2287 2395 2347 ferente
2426 2292 2656 2362 spoliat,
2699 2296 2774 2352 ita
2819 2310 3194 2368 persecutores
3244 2316 3463 2363 sancto-

1887 2391 2008 2430 rum
2055 2379 2390 2448 gaudebant,
2442 2391 2698 2455 tanquam
2733 2388 2845 2445 Deo
2877 2406 2981 2447 non
3024 2394 3240 2453 vidente
3278 2406 3333 2454 et
3371 2416 3465 2455 ne-

1887 2469 2095 2525 sciente
2144 2487 2280 2541 quos
2331 2471 2646 2546 aﬂligerent.
2698 2478 2884 2536 Potest
2935 2484 3036 2540 hoc
3091 2495 3148 2542 et
3190 2488 3256 2542 de
3307 2492 3458 2546 omni

1883 2576 2139 2632 perverso
2169 2566 2301 2632 dici,
2334 2569 2426 2637 qui
2455 2585 2579 2626 cum
2608 2571 2825 2642 impune
2855 2586 3044 2646 peccat
3073 2581 3336 2648 exsultat,
3363 2599 3462 2654 pu-

1883 2662 2009 2713 tans
2038 2659 2207 2713 Deum
2238 2673 2298 2714 se
2323 2675 2484 2730 posse
2509 2661 2709 2730 latere,
2740 2673 2796 2719 et
2824 2681 2943 2734 qua
2970 2669 3080 2739 agit
3109 2669 3379 2741 ignorare.

1957 2767 1976 2799 ι
2011 2749 2168 2805 Viam
2192 2750 2365 2806 fecisti
2395 2751 2452 2807 in
2477 2754 2616 2808 mari
2642 2755 2796 2824 equis
2818 2757 2945 2813 tuis.
2977 2778 2996 2810 ι
3026 2760 3161 2830 Equi
3205 2763 3299 2818 Dei
3326 2773 3455 2820 sunt

1880 2840 2108 2909 apostoli
2137 2842 2428 2913 caterique
2453 2845 2866 2913 praedicatores,
2897 2848 3092 2919 quibus
3133 2852 3275 2909 Deus
3313 2855 3458 2909 viam

1879 2925 2008 2982 fecit
2037 2928 2093 2982 in
2141 2930 2312 2997 mari,
2364 2932 2469 2988 hoc
2513 2942 2596 2989 est
2643 2935 2698 2989 in
2728 2937 2961 3004 mundo,
3009 2948 3070 2994 ut
3093 2951 3316 3011 possent
3349 2944 3458 3000 dis-

1878 3031 2099 3074 currere
2144 3035 2241 3088 per
2285 3023 2491 3078 orbem.
2544 3023 2729 3095 Neque
2770 3028 2914 3082 enim
2951 3029 3054 3099 ipsi
3109 3048 3206 3088 sua
3252 3035 3455 3092 virtute

1876 3110 1948 3164 ad
1985 3117 2065 3166 tot
2101 3118 2157 3166 et
2197 3120 2375 3169 tantas
2416 3129 2586 3171 saevas
2627 3117 2875 3174 nationes
2913 3121 3217 3190 potuissent
3256 3126 3450 3193 pradi-

1877 3201 2052 3257 cando
2092 3204 2309 3268 venire,
2349 3203 2453 3260 nisi
2493 3205 2582 3260 ille
2624 3205 2842 3263 fecisset
2881 3209 3052 3276 viam,
3088 3213 3450 3270 diversitatem

1879 3292 2120 3364 gentium
2159 3294 2258 3348 sub
2301 3309 2408 3349 uno
2437 3294 2802 3352 Romanorum
2835 3299 3064 3369 imperio
3094 3303 3450 3360 conciliando.

1884 3403 1902 3435 ‹
1931 3384 1989 3438 In
2018 3384 2130 3441 luto
2161 3401 2420 3456 aquarum
2446 3387 2771 3456 multarum;
2805 3410 2824 3443 ι
2853 3391 2906 3446 id
2934 3401 3018 3447 est
3055 3393 3110 3448 in
3148 3395 3450 3452 idololatria

1875 3475 2169 3532 multarum
2198 3479 2437 3549 gentium
2463 3478 2640 3536 fecisti
2668 3483 3116 3552 pradicatoribus
3143 3489 3252 3544 tuis
3272 3490 3411 3544 viam
3435 3532 3449 3558 ,

1874 3573 1934 3618 ut
1975 3581 2094 3621 eam
2138 3577 2454 3638 spernerent
2508 3579 2562 3626 et
2602 3572 2758 3642 quasi
2811 3573 2981 3631 lutum
3030 3579 3478 3637 conculcandam-

1875 3656 2286 3714 annuntiarent.

1950 3764 1969 3797 ι
2006 3745 2198 3803 Audivi
2225 3768 2244 3800 ι
2279 3765 2385 3806 ηοη
2415 3767 2546 3808 aure
2570 3755 2832 3826 corporis,
2861 3758 2954 3813 sed
2981 3757 3262 3817 intellectu
3287 3777 3440 3818 men-

1873 3838 1964 3894 tis.
1994 3840 2063 3894 Et
2089 3857 2210 3912 qua
2234 3843 2481 3898 audivit?
2514 3845 2592 3900 Ea
2618 3847 2867 3904 videlicet
2893 3867 3012 3920 qua
3042 3869 3073 3905 a
3098 3851 3261 3909 Patre
3306 3856 3447 3911 dicta

1874 3937 2000 3986 sunt
2025 3929 2183 3996 Filio,
2215 3930 2282 3986 de
2311 3930 2427 4000 ejus
2456 3933 2738 3991 nativitate
2768 3945 2823 3990 et
2847 3939 3120 4008 passione,
3153 3957 3259 4010 qua
3289 3959 3448 3998 mun-

1875 4020 2003 4075 dum
2023 4021 2399 4091 redempturus
2438 4032 2576 4079 erat.
2610 4045 2630 4078 ι
2660 4026 2729 4080 Et
2765 4029 3119 4085 conturbatus
3157 4041 3240 4087 est
3261 4041 3449 4088 venter

1875 4135 2030 4176 meus
2056 4113 2074 4186 ;
2106 4139 2128 4172 ›
2169 4119 2226 4174 id
2248 4129 2332 4175 est
2356 4120 2664 4178 intellectus
2690 4138 2862 4190 meus,
2889 4141 2988 4180 cur
3012 4126 3264 4183 videlicet
3284 4143 3448 4184 ausus

1874 4208 2070 4265 fuerim
2113 4211 2508 4281 reprehendere
2544 4210 2747 4280 judicia
2794 4213 2910 4281 Dei,
2964 4231 3087 4272 cum
3128 4216 3291 4273 etiam
3330 4219 3446 4290 ipse

1873 4302 1971 4356 Dei
1991 4300 2183 4369 Filius,
2215 4302 2308 4373 qui
2338 4311 2623 4373 peccatum
2661 4319 2770 4361 non
2821 4307 3029 4374 habuit,
3077 4317 3226 4364 tanta
3251 4317 3305 4365 et
3333 4318 3442 4366 tam

1874 4393 2093 4464 indigna
2118 4393 2186 4449 ab
2214 4395 2448 4465 indignis
2476 4396 2813 4452 sustinuerit.
2843 4415 2863 4448 ι
2896 4395 2944 4451 A
2963 4413 3114 4465 voce,
3142 4419 3162 4453 ι
3189 4399 3446 4458 subaudis

1873 4482 2036 4553 hujus
2079 4483 2390 4550 auditionis,
2443 4503 2461 4536 ‹
2499 4494 2942 4541 contremuerunt
2993 4487 3134 4542 labia
3177 4504 3343 4546 mea»
3385 4501 3445 4546 ut

1872 4570 2013 4627 ultra
2034 4569 2148 4641 jam
2190 4588 2297 4629 non
2339 4573 2592 4630 auderem
2629 4573 2776 4644 loqui
2822 4585 2916 4630 aut
2955 4579 3237 4648 conqueri,
3275 4595 3443 4650 quare

189 4666 368 4736 impii.
401 4685 422 4720 ›
455 4665 664 4737 Caput,
715 4665 1012 4736 principem
1054 4663 1215 4734 hujus
1263 4666 1496 4721 mundi:
1548 4668 1764 4721 domum
1793 4704 1846 4765 Β
1868 4661 2004 4734 justi
2047 4663 2350 4765 allligantnr
2403 4665 2458 4721 in
2508 4667 2730 4765 mundo.
2775 4685 2793 4717 α
2827 4666 3165 4737 lngrcdiatur
3212 4673 3442 4765 putredo

189 4755 398 4827 ipsius,
445 4756 703 4811 mundum
745 4757 859 4810 sive
900 4756 1136 4810 animam
1182 4755 1516 4826 peccatoris,
1557 4756 1612 4810 in
1654 4771 1762 4826 qua

189 4847 340 4904 velut
379 4847 432 4902 in
462 4861 560 4902 suo
586 4845 878 4918 requiescit
900 4846 1150 4916 hospitio.
1177 4845 1483 4904 Percutitur
1509 4862 1638 4920 ergo
1666 4862 1758 4902 ca-

186 4944 294 5010 ‘put
336 4939 402 4994 de
446 4939 604 4994 domo
653 4938 838 5008 impii,
870 4946 930 4992 ut
967 4937 1060 4992 illo
1101 4953 1384 5008 percusso,
1431 4937 1527 4992 ﬁat
1569 4939 1762 4994 domus

189 5030 290 5087 Dei
317 5037 371 5086 et
400 5030 660 5086 habitatio
681 5028 922 5099 iustitia.
963 5048 982 5081 ‹
1015 5029 1306 5087 Denudasti
1352 5031 1760 5086 fundamentum

188 5137 365 5193 usque
391 5123 458 5178 ad
486 5122 700 5178 collum.
734 5142 754 5174 ι
785 5121 984 5179 Omnes
1013 5124 1239 5179 astutias
1266 5132 1321 5179 et
1348 5131 1556 5181 secreta
1586 5125 1761 5180 consi-

189 5217 267 5271 lia
306 5215 447 5270 illius
482 5215 631 5286 impii
664 5214 1018 5270 manifestasti
1055 5214 1303 5271 fidelibus
1340 5230 1509 5285 usque
1547 5216 1616 5271 ad
1646 5214 1758 5271 col-

189 5305 338 5372 lum,
377 5305 432 5361 id
471 5315 559 5360 est
592 5314 766 5374 usque
792 5305 862 5361 ad
889 5305 1066 5376 ipsum
1093 5304 1186 5374 qui
1215 5313 1298 5360 est
1331 5314 1493 5375 caput
1528 5313 1583 5361 et
1614 5307 1766 5378 prin-

189 5412 322 5468 ceps
351 5395 606 5467 nequitia
632 5395 949 5466 spiritualis,
979 5395 1296 5451 Antichristi
1327 5396 1603 5464 videlicet;
1635 5398 1760 5474 quia

187 5489 340 5552 velut
367 5487 565 5558 collum
601 5487 941 5558 subjungitur
973 5486 1170 5559 capiti,
1207 5487 1283 5543 ita
1317 5487 1406 5544 ille
1442 5504 1644 5560 suppar
1679 5501 1764 5549 est

188 5579 416 5638 malitia
452 5578 683 5644 diaboli,
713 5586 770 5635 et
795 5578 948 5649 quasi
975 5577 1382 5634 administrator
1410 5579 1760 5660 deceptionis.

189 5673 334 5728 Hinc
365 5669 653 5740 Apostolus
682 5687 694 5722 :
722 5667 932 5738 Ut‘non
965 5669 1452 5725 circumveniamur
1471 5685 1501 5726 a
1529 5669 1762 5741 Satana,

188 5778 308 5818 non
327 5744 469 5816 enim
503 5760 812 5832 ignoramus
843 5758 1194 5829 cogitationes
1223 5757 1358 5828 ejus.

267 5835 641 5928 (.Diapsalma.)
661 5847 1008 5904 «Maledixisti
1035 5847 1259 5918 sceptris
1283 5849 1415 5920 ejus.
1433 5870 1450 5901 ι
1478 5850 1760 5924 Sceptrum

1871 4756 1927 4810 in
1963 4756 2173 4811 ossibus
2215 4757 2388 4823 meis,
2445 4765 2502 4814 et
2550 4758 2738 4814 subter
2791 4775 2878 4815 me
2926 4769 3152 4818 scateat.
3190 4783 3208 4816 ι
3248 4762 3440 4820 Certus

1865 4845 1978 4918 jam
2007 4846 2271 4915 propheta
2297 4847 2440 4918 quod
2468 4847 2671 4903 idcirco
2699 4851 2874 4904 sancti
2913 4849 3154 4907 adversis
3182 4867 3441 4908 exercen-

1873 4946 1962 4993 tur
1987 4936 2043 4992 in
2065 4939 2167 4993 hac
2206 4937 2339 5005 vita,
2367 4947 2426 4994 ut
2453 4939 2520 4994 ad
2541 4954 2725 4994 veram
2767 4940 3007 5012 requiem
3031 4941 3086 4997 in
3112 4942 3214 4997 alia
3246 4943 3440 5013 perdu-

1872 5035 2086 5094 cantur,
2116 5027 2247 5082 dicit
2270 5027 2498 5084 libenter
2522 5045 2582 5086 se
2619 5029 2756 5085 velle
2775 5031 2886 5100 pati
2921 5032 3102 5087 omnia
3131 5034 3434 5100 contraria;

1870 5126 2021 5188 optat
2044 5133 2104 5174 se
2129 5119 2325 5174 tentari
2353 5127 2407 5173 et
2446 5119 2608 5192 allligi
2637 5121 2879 5190 corporis
2922 5121 3256 5187 infirmitate,
3300 5122 3439 5177 sicut

1872 5209 2193 5277 Job,dicens
2217 5227 2231 5262 :
2254 5229 2272 5262 ς
2295 5211 2635 5281 lngrediatur
2657 5213 2885 5281 putredo
2911 5213 2963 5267 in
2986 5213 3200 5268 ossibus
3226 5212 3378 5277 meis,
3413 5217 3434 5264 ν’

1871 5310 1933 5357 ιιι
1955 5318 2064 5357 non
2090 5301 2263 5357 solum
2289 5315 2435 5367 caro,
2467 5302 2560 5360 sed
2583 5302 2753 5357 etiam
2787 5304 3030 5359 medulla
3057 5305 3256 5359 ossium
3290 5319 3432 5383 com-

1870 5402 2200 5468 putrescant.
2235 5413 2254 5447 ‹
2290 5393 2358 5448 Ει
2383 5395 2568 5450 subter
2594 5409 2682 5450 me
2726 5404 2953 5461 scateat,
2991 5415 3011 5447 ι
3045 5395 3147 5449 hoc
3182 5403 3284 5460 est,
3317 5395 3436 5451 bul-

1869 5487 1967 5542 liat
1987 5487 2329 5543 multitudine
2348 5487 2633 5543 vermium.
2657 5485 2914 5557 Perquod
2940 5488 3175 5542 ostendit
3186 5498 3433 5558 paratum

1871 5595 1930 5635 se
1963 5593 2082 5635 esse
2126 5578 2194 5634 ad
2237 5578 2420 5633 omnia
2459 5577 2776 5651 gravissima
2810 5585 2865 5632 et
2911 5586 3182 5646 postrema
3232 5580 3435 5654 suppli-

1870 5671 1951 5726 cia
1991 5670 2329 5726 sustinenda.
2353 5669 2422 5724 Et
2465 5670 2566 5724 h0c
2592 5668 2798 5738 quare?
2842 5687 2864 5720 ‹
2902 5667 2974 5724 Ut
2996 5671 3329 5741 requiescam
3377 5672 3432 5726 in

1867 5753 1956 5816 die
1999 5761 2408 5827 tribulationis;
2441 5779 2462 5814 ι
2499 5745 2748 5825 Ιιὸεέει,
2776 5759 2832 5814 in
2856 5759 2943 5815 die
2975 5758 3187 5830 judicii,
3219 5762 3434 5834 quando

1837 5851 1968 5907 ’erit
2011 5851 2132 5906 talis
2168 5851 2459 5915 tribulatio,
2489 5848 2663 5920 qualis
2702 5864 2976 5920 nunquam
3018 5860 3176 5907 antea
3218 5852 3340 5907 fuit.
3367 5851 3434 5905 Et

191 5952 475 6018 gestamen
507 5950 590 5998 est
629 5940 866 6011 regium,
904 5947 960 5996 et
997 5941 1116 5996 ideo
1160 5955 1258 6009 per
1284 5951 1566 6012 sceptrum
1613 5947 1758 6016 regia
1807 5955 1838 5975 η
1870 5964 1888 5998 ι
1915 5953 1974 5999 ut
2001 5945 2287 5999 ascendam
2347 5943 2413 5998 ad
2439 5941 2692 6012 populum
2734 5941 3040 5998 accinctum
3089 5951 3356 5998 nostrum.
3405 5956 3424 5992 ι
