3962 6340
402 514 595 582 ’198

930 512 1285 573 ωηοωδ
1322 494 1801 568 manner“.
1836 494 2090 563 ωερε

2182 492 2250 562 r.
2285 494 2486 560 PARS.
2524 494 2570 557 ί.
2594 488 3048 558 -ίουιιιιειητ,
3088 490 3264 551 BIBL.

3626 486 3727 546 196

468 631 618 691 Ordo
646 632 750 698 est,
782 646 811 683 ·ι
846 634 910 687 ιη
952 628 1252 685 ascendam
1299 626 1369 683 ad
1418 623 1682 698 populum
1738 622 2042 680 accinctum
2071 620 2120 688 Ᾱ
2146 618 2498 693 operationis.
2561 632 2582 671 ι
2613 614 2942 675 Abscidetttr
2975 612 3043 671 de
3096 610 3224 669 ovili
3262 620 3466 681 pecus;
3502 629 3521 663 ι
3554 607 3609 663 id
3650 614 3730 664 est

474 730 742 788 nostrum,
762 736 791 775 τ
822 716 885 775 id
912 726 998 778 est
1040 718 1358 791 expeditum
1404 727 1462 775 et
1506 723 1871 790 praeparatum
1902 715 2051 773 ‘resi-

471 824 617 875 stere
634 810 1012 887 spiritualle
1044 810 1319 870 boatibus.

548 930 567 962 ι
586 906 756 964 Ficus
774 907 926 963 enim
952 916 1069 962 non
1091 902 1328 961 ﬂorebit.
1366 924 1388 958 ι
1417 900 1581 961 Ficus
1617 902 1900 962 iudaicam
1936 904 2053 977 ple-

471 1000 592 1059 bem
612 1000 876 1071 designat,
906 998 973 1053 ad
1002 1008 1168 1068 quam
1206 997 1358 1053 venit
1390 994 1679 1065 Dominus,
1715 1006 1963 1069 quaerens
1998 996 2053 1053 in

471 1106 538 1148 ea
572 1090 810 1147 fructum
846 1086 1097 1158 iustitiae,
1149 1096 1205 1143 et
1259 1100 1365 1144 non
1407 1088 1632 1160 reperit,
1667 1088 1959 1158 statimque
2003 1086 2054 1144 ei

476 1180 776 1248 maledixit,
826 1179 1053 1235 dicens:
1090 1196 1109 1231 ‹
1138 1176 1424 1250 Nunquam
1467 1192 1536 1236 ex
1584 1186 1637 1235 te
1678 1176 1886 1234 fructus
1913 1177 2058 1233 oria-

477 1283 586 1331 tur.
616 1292 636 1327 ο
691 1270 1006 1328 Ρηνὶᾶειη
1051 1280 1182 1342 ergo
1244 1270 1509 1341 propheta
1565 1266 1780 1326 Iudaeos
1848 1268 1900 1322 in
1959 1280 2056 1322 sua

480 1361 1216 1435 infidelitatepermansuros,
1242 1360 1428 1417 dolore
1452 1360 1644 1434 plenus
1663 1359 1826 1416 dicit:
1856 1378 1874 1411 ι
1895 1356 2060 1416 Ficus

480 1470 587 1512 non
614 1453 850 1519 norehit,
868 1473 892 1507 ι
916 1453 971 1509 id
994 1452 1381 1527 estSynngoga
1406 1451 1703 1510 inﬁdelium
1729 1448 2056 1520 Iudaeorum,

477 1544 666 1602 ﬂorem
708 1544 833 1600 ﬁdei
860 1552 922 1600 et
944 1542 1180 1600 fructum
1228 1544 1357 1600 boni
1386 1544 1570 1615 cperis
1610 1559 1716 1599 non
1743 1540 1948 1598 afferet.
1988 1540 2062 1598 Et

484 1637 588 1693 hoc
615 1651 722 1693 non
752 1636 821 1693 de
840 1634 1113 1704 munibus,
1145 1637 1240 1693 sed
1264 1638 1333 1693 de
1372 1636 1479 1693 illis
1502 1635 1641 1693 dixit
1673 1637 1767 1707 qui
1801 1632 2061 1693 excaecati

480 1735 627 1794 sunt,
662 1738 895 1799 quorum
944 1727 1181 1783 maxima
1217 1742 1349 1799 pars
1393 1727 1577 1798 periit.
1609 1722 1744 1783 Cum
1783 1726 2061 1798 plenitudo

481 1819 725 1890 gentium
746 1817 1039 1885 introierit,
1066 1826 1196 1873 tunc
1216 1816 1434 1873 borehit
1464 1817 1580 1873 haec
1614 1814 1774 1883 licus,
1806 1825 1864 1872 et
1886 1815 2065 1873 omnis

480 1910 643 1968 israei
674 1911 857 1968 salvus
878 1910 994 1969 ﬁet.
1029 1929 1050 1965 ο
1080 1910 1156 1968 Et
1191 1924 1301 1967 non
1326 1911 1433 1967 erit
1459 1924 1681 1983 germen
1720 1911 1776 1967 in
1807 1910 2002 1967 vineis.
2038 1931 2058 1965 ι

2149 714 2219 771 de
2242 713 2602 781 Hierusalem,
2626 713 2681 769 in
2701 727 2808 783 qua
2832 710 2981 767 velut
3002 723 3172 781 pecus
3190 707 3247 763 in
3268 704 3397 762 ovili
3423 704 3729 771 habitabat;

2150 804 2462 863 abscidam
2481 802 2793 876 promiscua
2824 802 3001 874 plebis
3028 796 3335 864 multitudo,
3360 794 3540 853 deleta
3563 808 3595 850 a
3616 790 3737 875 ‘i'ito

2152 906 2207 954 et
2236 892 2571 968 Vespasiano
2604 894 2772 963 ferro,
2812 888 2963 949 fame
3003 900 3057 948 et
3086 888 3423 962 captivitate.
3468 906 3487 938 ι
3532 884 3603 942 Ει
3634 900 3733 943 non

2151 990 2257 1046 erit
2302 994 2610 1043 armentum
2642 984 2706 1042 in
2741 982 3097 1057 praesepibus,
3132 1000 3153 1036 ι
3198 980 3256 1037 id
3295 988 3381 1036 est
3407 977 3735 1047 sacerdotes,

2155 1078 2350 1137 scriba:
2378 1087 2434 1135 et
2459 1076 2643 1134 caeteri
2679 1075 2952 1150 principes
2973 1115 2989 1141 ,
3030 1074 3123 1145 qui
3150 1071 3299 1129 velut
3324 1071 3469 1127 tauri
3496 1070 3734 1142 pingues,

2158 1170 2421 1242 subjectis
2440 1166 2655 1240 populis
2684 1169 2844 1240 quasi
2884 1165 3139 1239 gregibus
3170 1171 3475 1238 praeerant,
3506 1170 3566 1218 et
3600 1160 3740 1217 velat

2160 1276 2214 1317 m
2254 1260 2430 1331 plenis
2476 1259 2811 1332 praesepibus
2853 1256 3265 1314 delidabantur.
3298 1252 3416 1311 Non
3446 1266 3585 1326 ergo
3642 1252 3741 1308 erit

2165 1362 2471 1408 armentum
2496 1352 2553 1407 in
2578 1348 2935 1424 praesepibus,
2955 1349 3081 1420 quia
3101 1349 3361 1404 subversa
3381 1342 3739 1411 Hierusalem,

2159 1444 2338 1501 omnis
2368 1443 2460 1499 illa
2485 1442 2793 1515 principum
2831 1434 3069 1514 dignitas
3098 1438 3377 1495 annuliata
3412 1446 3519 1503 est,
3541 1446 3602 1493 et
3644 1436 3741 1492 im-

2161 1535 2365 1606 pletum
2384 1533 2529 1606 quod
2552 1532 2817 1590 Dominus
2844 1532 3057 1589 dixerat
3078 1544 3100 1587 :
3143 1548 3164 1583 ι
3192 1529 3559 1588 Relinquetur
3600 1528 3745 1586 vobis

2164 1628 2360 1685 domus
2382 1640 2567 1685 vestra
2589 1628 2825 1685 deserta.
2856 1644 2881 1681 ι

2241 1736 2261 1772 α
2293 1720 2407 1793 Ego
2435 1729 2618 1776 autem
2638 1719 2696 1775 in
2724 1712 2955 1776 Domino
2993 1718 3261 1792 gaudebo,
3292 1724 3349 1773 et
3381 1712 3675 1773 exsultatio
3699 1714 3746 1769 in

2166 1812 2279 1872 Deo
2306 1814 2437 1874 Jesu
2460 1828 2605 1872 meo.
2643 1834 2664 1869 ι
2696 1814 2965 1873 Praedicta
2994 1813 3300 1889 perditione
3328 1810 3506 1885 plebis
3531 1821 3590 1869 et
3608 1811 3748 1884 prin-

2165 1913 2348 1984 cipum
2372 1919 2429 1968 et
2451 1912 2617 1968 totius
2649 1910 2907 1977 civitatis,
2931 1910 3174 1981 loquitur
3195 1904 3457 1982 propheta
3475 1923 3547 1964 ex
3577 1922 3674 1963 sua
3702 1913 3751 1960 et

481 2003 707 2060 Vineam
733 2003 948 2074 plebem
971 2002 1122 2058 illam
1144 2003 1359 2070 vocari,
1382 2016 1449 2058 ex
1478 2002 1666 2058 multis
1688 2009 1891 2058 sanctae
1919 2000 2067 2058 Scri-
2090 1986 2145 2056 Β
2169 2005 2533 2078 apostolon
2561 2004 2911 2076 omniumque
2942 2010 3256 2060 sanctorum
3281 2014 3514 2075 persona
3548 2040 3562 2053 .
3595 2018 3617 2050 ι
3646 1998 3751 2070 Ego

481 2104 656 2167 pturze
692 2094 833 2151 locis
861 2094 1144 2162 discimus,
1174 2109 1207 2152 e
1229 2094 1430 2166 quibus
1468 2110 1610 2151 unus
1649 2102 1756 2161 est,
1783 2115 1802 2147 ι
1836 2094 2065 2151 Vineam

483 2185 551 2241 de
597 2184 837 2259 Egypto
887 2186 1232 2243 transtulisti.
1270 2206 1292 2241 ι
1326 2186 1463 2245 (lace
1508 2182 1666 2244 vinea
1718 2187 1960 2260 plantata
2006 2178 2069 2244 “in

486 2279 838 2353 patriarchis,
882 2280 1097 2337 exculta
1124 2280 1379 2337 nobiliter
1402 2281 1456 2336 in
1484 2281 1781 2353 pr0phetis,
1809 2280 2073 2352 acceptis-

483 2373 683 2430 simum
717 2370 829 2429 Deo
860 2370 1099 2429 ﬂuctum
1138 2373 1345 2441 attulit,
1380 2373 1476 2429 sed
1505 2380 1801 2444 apparente
1838 2370 2073 2429 Domino

489 2463 884 2536 degeneravit:
924 2462 996 2519 Et
1031 2478 1157 2521 cum
1200 2463 1478 2519 debuisset
1522 2459 1704 2518 facere
1752 2474 1905 2528 uvas,
1943 2461 2074 2517 fecit

488 2556 798 2612 labruscas:
822 2556 878 2611 id
897 2563 1002 2623 est,
1016 2566 1147 2612 'cum
1174 2555 1451 2612 debuisset
1463 2555 1689 2612 credere
1704 2556 1760 2612 in
1775 2555 2067 2621 Christum,

488 2647 583 2718 qui
603 2647 980 2718 ei.promissus
1033 2656 1091 2704 et
1116 2648 1318 2703 missus
1374 2647 1576 2714 fuerat,
1606 2656 1831 2704 econtra
1859 2648 2074 2720 negavit

490 2753 636 2804 eum,
658 2746 712 2795 et
745 2739 813 2794 ad
836 2746 1067 2795 mortem
1089 2738 1356 2810 poposcit,
1381 2738 1586 2805 dicens,
1624 2759 1640 2791 ι
1674 2739 1792 2796 Non
1810 2740 2077 2796 habemus

488 2844 671 2902 regem
710 2829 819 2885 nisi
877 2828 1169 2895 Caesarem,
1210 2844 1237 2884 δ
1294 2837 1383 2897 et,
1439 2850 1458 2882 ι
1480 2829 1787 2903 'Cruciiige,
1816 2830 2075 2903 cruciﬁg'e

489 2935 635 2976 eum.
674 2939 695 2974 ι
728 2916 845 2976 Hoc
878 2919 1185 2991 previdens
1236 2920 1502 2993 propheta
1549 2931 1770 2977 sanctus
1804 2921 2073 2992 deplorat,

490 3013 678 3070 dicens
702 3032 715 3068 :
736 3032 756 3067 ι
780 3008 904 3070 Non
922 3014 1029 3069 erit
1053 3026 1274 3085 germen
1296 3014 1352 3070 in
1376 3013 1582 3083 vineis;
1604 3032 1623 3067 ›
1652 3013 1756 3071 hoc
1780 3022 1887 3082 est,
1920 3012 2076 3070 radix

489 3096 618 3163 boni
660 3105 841 3178 operis
884 3106 937 3161 in
987 3102 1206 3163 Iudaeis.
1259 3124 1279 3159 ι
1314 3106 1605 3165 Mentietur
1654 3121 1792 3180 opus
1844 3106 2021 3163 olivae.
2049 3125 2069 3160 ι

489 3194 704 3256 Oiivam
756 3196 1097 3270 Synagogam
1156 3195 1475 3270 designare,
1521 3200 1721 3271 poterit
1778 3200 2079 3270 agnoscere

489 3291 582 3361 qui
606 3289 794 3359 legerit
806 3287 1035 3345 Paulum
1061 3290 1385 3361 apostolum,
1410 3290 1776 3361 disputantem
1795 3289 1862 3345 de
1887 3287 2076 3344 fractis
2102 3352 2113 3361 _

490 3354 649 3437 oliva:
661 3354 868 3447 ramis,
888 3383 1025 3451 etde
1052 3354 1292 3438 oleastro
1322 3354 1379 3436 in
1392 3354 1593 3437 bonam
1618 3379 1816 3436 olivam
1848 3379 2073 3435 inserto.
2102 3354 2151 3423 Ὁ

494 3472 668 3544 Hujus
686 3472 843 3528 olivae
870 3486 1008 3544 opus
1044 3470 1148 3527 ibit
1189 3472 1395 3537 unctio,
1432 3472 1558 3542 quia
1597 3472 1651 3526 in
1680 3471 1863 3528 Veteri
1886 3470 2081 3527 Testa-

498 3572 681 3620 mento
716 3578 871 3633 reges
905 3572 963 3619 et
988 3563 1270 3634 propheta:
1309 3561 1430 3619 oleo
1466 3561 1667 3618 visibiii
1717 3562 2076 3636 ungebantur.

499 3658 652 3715 lianc
716 3658 1026 3713 unctionem
1077 3664 1414 3709 cessaturam
1465 3653 1521 3708 in
1589 3654 1823 3710 adventu
1868 3650 2081 3711 'Christi

496 3751 825 3824 praenuntiat
875 3748 1173 3820 propheta,
1232 3747 1502 3818 quomodo
1553 3757 1609 3803 et
1662 3746 1859 3803 Daniel
1903 3746 2076 3804 dicit:

503 3864 523 3898 ι
548 3844 683 3901 Cum
707 3842 917 3899 venerit
938 3839 1180 3897 Sanctus
1205 3848 1540 3905 sanctorum,
1566 3839 1801 3895 cessabit
1818 3839 2023 3895 unctio.
2055 3855 2076 3891 ι

502 3934 597 3993 Vel
624 3936 699 3991 ila
724 3949 741 3990 :
778 3952 798 3986 ι
828 3932 1121 3990 Ilentietur
1148 3945 1286 4002 opus
1315 3926 1489 3997 olivae,
1513 3948 1531 3984 ι
1568 3929 1622 3987 id
1652 3939 1759 3997 est,
1790 3930 2083 3986 mentietur

494 4026 647 4101 plebs
669 4024 916 4093 Judaica,
941 4041 1063 4098 qum
1095 4038 1155 4081 se
1191 4023 1543 4097 promittebat
1567 4022 1909 4095 impleturam
1959 4037 2079 4077 om-

494 4120 583 4176 nia
609 4126 731 4188 quae
762 4116 1026 4173 Dominus
1063 4114 1435 4187 praecipiebat,
1474 4110 1660 4170 dicens
1685 4132 1699 4169 :
1724 4110 1921 4170 Omnia
1960 4124 2083 4185 quae

494 4209 739 4283 praecipit
766 4206 1029 4264 Dominus
1048 4206 1194 4263 Deus
1221 4216 1406 4263 noster
1429 4205 1711 4274 faciemus,
1732 4214 1789 4262 et
1816 4204 2081 4264 obedien-

496 4309 581 4356 tcs
602 4300 651 4355 ei
671 4298 897 4354 erimus.
935 4317 954 4350 ι
986 4292 1058 4352 Et
1082 4310 1212 4352 arva
1250 4312 1357 4353 non
1396 4292 1623 4354 all'creut
1657 4298 1861 4354 cibum.
1901 4317 1921 4352 ι
1956 4292 2085 4354 Hie-

497 4392 734 4451 rusalem
756 4401 1028 4448 terrenam
1045 4404 1319 4455 arvorum,
1339 4390 1391 4446 id
1413 4399 1846 4462 estcamporum,
1863 4392 2084 4448 nomine

494 4485 760 4556 designat.
793 4482 924 4553 Qua:
963 4482 1109 4539 enim
1154 4482 1207 4538 in
1257 4480 1534 4537 montibus
1581 4481 1683 4536 sita
1731 4490 1871 4548 erat,
1919 4491 1975 4537 et
2016 4481 2084 4538 de

498 4591 604 4646 qua
631 4574 832 4631 dictum
854 4572 1069 4631 fuerat:
1097 4593 1117 4627 ί
1152 4570 1525 4628 Fundamenta
1555 4568 1676 4640 ejus
1716 4570 1770 4625 in
1810 4571 2086 4627 montibus

498 4666 738 4731 sanctis,
774 4685 796 4720 ι
850 4676 1137 4738 postquam
1181 4664 1279 4720 Dei
1329 4662 1529 4719 Filium
1584 4662 1827 4735 recipere
1883 4664 2082 4729 noluit,

500 4757 719 4815 humilis
738 4769 794 4816 et
824 4758 1143 4832 campestris
1172 4766 1416 4824 vocatur,
1447 4757 1513 4814 de
1541 4757 1802 4814 virtutum
1830 4756 2083 4832 prclapsa

498 4852 755 4909 cunnine.
787 4852 929 4909 Arva
963 4868 1091 4924 ergo
1127 4867 1237 4908 non
1276 4848 1507 4907 ail‘erent
1543 4849 1720 4918 cibos,
1751 4852 1876 4924 quia
1918 4852 2080 4925 plebs

496 4945 724 5002 Judaica
764 4944 963 5001 nullam
989 4943 1105 5015 jam
1159 4944 1368 5016 frugem
1410 4943 1533 5000 ﬁdei
1574 4943 1659 5001 vei
1706 4944 1861 5001 bona:
1902 4944 2081 5002 reddit

2173 2099 2391 2173 (inquit)
2429 2100 2483 2154 in
2520 2094 2751 2154 Domino
2779 2096 3044 2170 gaudebo,
3080 2116 3102 2148 ι
3133 2108 3239 2152 non
3292 2092 3347 2151 in
3392 2090 3628 2158 divitiis,
3656 2105 3751 2146 non

2168 2194 2227 2249 in
2249 2192 2419 2267 gloria
2442 2188 2603 2260 hujus
2634 2188 2844 2258 mundi,
2898 2208 2916 2243 ι
2943 2198 3000 2246 et
3039 2186 3326 2245 exsultabo
3370 2186 3425 2243 in
3472 2180 3589 2242 Deo
3637 2182 3752 2241 Iesu

2172 2284 2400 2340 salutari
2444 2298 2581 2340 meo.
2623 2302 2642 2336 ι
2683 2280 2843 2339 Jesus
2869 2282 3013 2338 enim
3051 2278 3305 2347 salvator,
3345 2279 3460 2335 sive
3506 2274 3755 2332 salutaris

2170 2376 2581 2448 interpretatur,
2605 2374 2700 2430 sed
2729 2374 2999 2444 interpres
3015 2371 3205 2428 maluit
3230 2371 3404 2444 ipsum
3416 2362 3755 2423 Hebraicum

2174 2467 2397 2524 verbum
2424 2480 2648 2537 ponere,
2680 2464 2807 2536 quia
2836 2463 2990 2521 dulce
3011 2473 3069 2520 et
3102 2463 3323 2535 plenum
3352 2456 3537 2536 gaudii
3564 2475 3754 2516 nomen

2172 2560 2332 2619 Jesus
2357 2574 2576 2630 semper
2603 2556 2839 2614 delectat
2864 2552 3074 2615 audire.

2252 2674 2270 2707 ι
2302 2648 2452 2710 Deus
2496 2648 2757 2709 Dominus
2815 2646 3075 2709 fortitudo
3124 2664 3263 2706 mea.
3314 2669 3335 2702 ι
3386 2642 3584 2707 Omnis
3638 2660 3752 2701 mea

2176 2749 2372 2813 virtus,
2421 2746 2600 2802 omnis
2646 2746 2857 2819 justitia
2905 2740 3156 2805 Christus
3213 2753 3306 2811 :st,
3353 2743 3447 2816 qui
3487 2752 3577 2800 est
3620 2738 3759 2797 Deus

2178 2855 2354 2896 mens.
2397 2857 2416 2891 ι
2450 2836 2524 2893 Et
2569 2846 2736 2910 ponet
2779 2837 2942 2908 pedes
2996 2852 3145 2895 nieos
3187 2834 3343 2909 quasi
3395 2850 3705 2893 cervorum.
3734 2852 3755 2885 υ

2178 2930 2474 2988 Cervorum
2501 2939 2693 2986 natura
2719 2938 2804 2986 est
2842 2938 2901 2985 ut
2938 2928 3104 3001 plana
3139 2939 3196 2985 et
3231 2924 3457 2986 humilia
3489 2928 3756 2991 deserant,

2178 3032 2235 3080 et
2284 3023 2549 3080 montium
2605 3021 2774 3077 ardua
2819 3020 3218 3087 conscendant,
3277 3027 3561 3091 serpentes
3600 3017 3759 3075 etiam

2181 3115 2249 3172 de
2277 3114 2527 3172 cavernis
2572 3113 2701 3170 ilatn
2739 3122 3017 3170 extractos
3044 3112 3316 3171 occidant.
3358 3108 3451 3168 Sic
3497 3118 3558 3167 et
3594 3108 3762 3166 sancti

2181 3214 2396 3263 terrena
2420 3212 2475 3261 et
2511 3204 2695 3261 intima
2719 3203 3000 3273 deserunt,
3029 3204 3095 3260 ad
3124 3202 3370 3261 ccclestia
3407 3200 3760 3265 contendunt,

2183 3307 2241 3355 et
2266 3314 2364 3355 sua
2396 3299 2779 3371 przedicatione
2803 3314 2835 3354 a
2866 3297 3120 3355 cordibus
3165 3298 3447 3355 hominum
3497 3294 3766 3366 serpentis

2185 3393 2393 3464 antiqui
2442 3392 2702 3449 malitiam
2759 3376 3053 3464 depellunt.
3116 3393 3254 3451 Dicit
3301 3407 3433 3466 ergo
3477 3392 3765 3466 propheta,

2184 3485 2328 3541 Deus
2350 3478 2616 3542 Dominus
2650 3494 2817 3558 ponet
2854 3486 3022 3557 pedes
3065 3501 3239 3554 meos,
3286 3486 3344 3543 id
3387 3494 3473 3543 est
3524 3485 3769 3542 actiones

2185 3595 2336 3637 meas
2363 3581 2519 3652 quasi
2545 3596 2856 3648 cervorum,
2894 3580 3101 3638 faciens
3124 3597 3212 3637 me
3240 3596 3337 3637 sua
3356 3579 3543 3654 gratia
3568 3577 3767 3637 caduca

2184 3682 2537 3731 contemnere
2565 3682 2621 3730 et
2642 3681 2846 3730 aeterna
2868 3673 3198 3731 desiderare.
3232 3691 3252 3725 ‹
3280 3672 3347 3728 Et
3373 3686 3537 3743 super
3556 3668 3771 3727 excelsa

2185 3779 2307 3821 mea
2332 3764 2566 3821 deducet
2596 3780 2685 3822 me
2722 3765 2894 3822 victor
2923 3765 2977 3821 in
3002 3764 3228 3837 psalmis
3259 3769 3574 3821 canentem.
3615 3780 3635 3815 ι
3672 3758 3772 3815 De-

2187 3859 2348 3914 ducet
2380 3873 2466 3914 me
2495 3874 2658 3930 super
2682 3856 2899 3915 excelsa
2925 3872 3067 3925 mea,
3110 3857 3165 3914 id
3192 3866 3277 3915 est
3296 3855 3364 3912 ad
3412 3854 3563 3911 illam
3614 3850 3774 3909 cmic-

2184 3958 2322 4007 stem
2375 3950 2630 4022 patriam,
2672 3950 2798 4022 quia
2842 3950 2975 4006 mihi
3019 3958 3074 4007 et
3112 3948 3366 4006 omnibus
3393 3960 3605 4004 sanctis
3649 3952 3773 4004 ante

2186 4039 2381 4098 saecula
2401 4050 2705 4113 praeparata
2724 4050 2826 4099 est.
2848 4036 2977 4099 ideo
3004 4041 3341 4099 conﬁdenter
3366 4040 3521 4098 dico:
3552 4058 3573 4091 ι
3600 4032 3773 4111 Super

2185 4129 2401 4185 excelsa
2444 4146 2585 4187 mea.
2625 4151 2644 4185 ι
2684 4131 2804 4204 ipse
2848 4140 3029 4190 autem
3071 4132 3474 4205 deducet,quia
3520 4128 3625 4188 hoc
3668 4144 3775 4187 non

2189 4238 2310 4279 mea
2350 4222 2547 4290 virtus,
2579 4224 2672 4280 sed
2706 4222 2826 4295 eius
2862 4235 2946 4283 est
2975 4225 3171 4300 gratia.
3198 4224 3434 4282 Deducct
3462 4235 3643 4280 autem
3690 4235 3776 4278 me

2189 4322 2473 4371 canentem
2495 4316 2712 4382 victori,
2736 4316 2789 4373 id
2818 4326 2900 4373 est
2929 4316 3150 4375 Christo
3178 4315 3556 4387 triumphaturi
3586 4314 3778 4371 mortis

2187 4415 2243 4462 et
2269 4403 2488 4463 diaboli.
2526 4406 2764 4465 Deducet
2796 4424 2926 4480 ergo
2955 4425 3041 4465 me
3072 4424 3233 4480 super
3262 4406 3499 4475 excelsa,
3540 4406 3645 4462 hoc
3671 4412 3775 4471 est,

2189 4496 2257 4552 ad
2310 4498 2524 4553 beatam
2573 4515 2821 4572 superna:
2851 4500 3089 4557 civitatis
3133 4498 3515 4571 frequentiam,
3539 4512 3665 4570 qua:
3712 4511 3781 4553 ex

2190 4587 2396 4660 angelis
2417 4597 2473 4644 et
2498 4591 2701 4647 sanctis
2730 4590 3041 4648 hominibus
3073 4600 3312 4655 constat,
3344 4582 3403 4644 ut
3431 4586 3541 4645 illis
3569 4585 3755 4641 admix

2194 4687 2280 4735 tus
2310 4687 2471 4751 atque
2514 4681 2858 4753 conjunctus,
2890 4698 3085 4739 canam
3138 4680 3330 4737 victori
3374 4694 3500 4735 cum
3545 4675 3782 4749 angelis,

2199 4788 2219 4822 ι
2251 4770 2436 4827 διοτὶθ
2481 4771 2536 4826 in
2583 4772 2814 4829 excelsis
2859 4773 2991 4830 Deo.
3029 4794 3050 4827 ι
3080 4772 3285 4831 Canam
3345 4779 3403 4828 et
3452 4772 3508 4828 in
3554 4768 3784 4842 psalmis

2188 4874 2561 4935 panegyricis,
2612 4877 2735 4920 cum
2780 4864 3182 4938 psalmigrapho
3217 4862 3389 4920 David
3434 4861 3779 4920 concinens:

2197 4967 2217 5002 ι
2246 4946 2497 5020 Domine,
2521 4954 2577 5008 in
2607 4954 2806 5012 virtute
2830 4962 2920 5013 tua
2951 4957 3224 5013 laetabitur
3260 4970 3379 5013 rex.
3414 4975 3434 5009 ι

1372 5212 1483 5294 ΙΝ
1562 5212 1974 5295 SOPHON
1988 5212 2176 5296 IAM
2254 5216 2915 5303 PROPHETAM.

512 5486 517 5493 δ
574 5418 880 5491 Βῳὶιοηίθε
908 5418 1195 5489 prepbeta,
1232 5419 1323 5490 qui
1345 5435 1519 5476 nonus
1546 5430 1632 5475 est
1654 5420 1709 5474 in
1739 5419 1932 5475 ordine
1953 5420 2087 5478 duo-

502 5513 678 5571 decim
739 5513 1157 5582 prophetarum,
1219 5511 1606 5583 interpretatur
1658 5511 1908 5583 specula,
1970 5511 2087 5568 sive

503 5619 758 5660 arcanum
807 5601 1040 5658 Domini.
1084 5601 1271 5659 Cernit
1300 5604 1673 5675 captivitatem
1710 5603 1860 5659 urbis
1894 5600 2088 5657 Hieru-

502 5699 694 5765 salem,
734 5698 888 5771 cujus
927 5696 1040 5767 jam
1080 5697 1318 5756 instabat
1366 5699 1581 5755 eversio
1628 5704 1888 5769 regnante
1932 5695 2085 5753 Josia

504 5805 631 5863 rege
654 5789 976 5859 justissima,
1010 5792 1109 5848 sub
1137 5808 1246 5863 quo
1273 5800 1330 5848 et
1380 5791 1483 5846 iste
1530 5788 1903 5860 prophetavit.
1938 5786 2088 5842 Alia-

504 5898 624 5939 rum
650 5883 889 5956 gentinm
927 5886 1284 5942 vastationem
1308 5882 1593 5956 praedicat,
1637 5889 1694 5938 et
1725 5881 1868 5938 diem
1890 5878 2083 5951 judicii

503 5984 731 6032 intonat.

2689 5422 2920 5489 CAPUT
2956 5429 3254 5489 PRIMUM.

2267 5538 2284 5571 ι
2322 5516 2556 5576 Verbum
2583 5520 2798 5579 Domini
2828 5525 2976 5596 quod
3006 5525 3212 5583 factum
3240 5533 3326 5582 est
3346 5527 3415 5583 ad
3440 5525 3783 5599 Sophouiam

2192 5608 2358 5667 tilium
2378 5609 2568 5678 Chusi,
2592 5614 2685 5670 lilii
2711 5614 2974 5685 Godoliae,
2993 5617 3085 5674 lilii
3108 5618 3364 5687 Amarite,
3391 5620 3489 5678 lilii
3508 5620 3783 5683 Ezechia.

2192 5700 2247 5757 in
2278 5704 2468 5760 diebus
2505 5701 2667 5761 Josia!
2712 5707 2806 5762 lilii
2834 5707 3067 5765 Ammon
3108 5710 3253 5781 regis
3277 5709 3449 5768 Iud-ee.
3483 5734 3502 5765 ι
3533 5712 3787 5768 Tradunt

2194 5792 2428 5862 Hebraei,
2478 5797 2870 5869 cujuscumque
2917 5810 3074 5872 pater
3116 5812 3210 5857 aut
3259 5818 3397 5859 avus
3440 5804 3659 5877 ponitur
3728 5802 3787 5857 in

2194 5884 2379 5950 titulo,
2443 5886 2591 5956 ipsos
2644 5880 2861 5962 quoque
2915 5888 3084 5948 fuisse
3137 5892 3448 5967 prophetas.
3498 5894 3640 5967 Ergo
3689 5890 3788 5947 hic

2194 5976 2498 6052 Saphonias
2529 5981 2598 6037 ab
2623 5981 2738 6039 avis
2758 5990 2813 6037 et
2833 5985 3008 6041 atavis
3034 5985 3338 6059 prophetali
3352 5988 3532 6061 stirpe
3553 5998 3793 6063 genera-
