3950 6456
182 545 279 608 197

1100 539 1498 601 ENARRATIO
1537 541 1604 597 lN
1646 538 2038 599 SOPHONIAM
2072 534 2512 600 PBOPHETAM.

3317 538 3422 604 198

180 680 263 726 tus
325 674 443 723 est-
490 666 792 738 Sophonias
831 664 976 739 enim
1027 665 1215 721 habuit
1276 677 1484 734 patrem
1534 661 1701 718 Chusi
1730 700 1746 727 ,
1775 664 1825 725 Α
1851 658 2069 715 fuerunt
2123 659 2295 714 ruinae
2341 658 2631 727 impiorum
2686 658 2996 728 negantium
3044 659 3318 716 Christum
3364 669 3451 716 eti

182 776 338 818 avum
362 759 669 824 Godoliam,
702 772 965 829 proavum
1010 756 1323 821 Amariam,
1352 763 1570 810 atavum
1610 753 1746 807 Eze—

182 852 379 909 chiaiu.
411 850 802 920 Interpretatur
832 846 1137 918 Sophonias
1162 844 1245 920 (ut
1269 845 1474 901 dictum
1500 843 1605 913 est)
1631 860 1748 913 spe-

183 941 299 997 cula
349 940 464 997 sive
507 955 782 993 arcanum.
843 938 1130 1010 Propheta:
1184 937 1329 994 enim
1385 936 1751 1009 speculatores

184 1044 355 1097 erant,
392 1033 534 1089 sicut
551 1031 620 1087 ad
659 1031 995 1088 Ezechielem
1022 1031 1262 1087 dicitur:
1293 1049 1313 1083 ‹
1346 1028 1752 1100 Speculatorem

185 1123 304 1180 dedi
362 1130 414 1177 te
464 1120 643 1178 domui
701 1121 887 1177 Israel.
924 1142 943 1175 ι
1002 1122 1214 1177 Arcana
1265 1135 1482 1191 quoque
1539 1118 1754 1173 Domini

186 1215 262 1271 eis
299 1213 699 1279 revelahantur,
727 1213 869 1269 sicut
896 1213 949 1268 in
984 1214 1151 1270 Amos
1172 1212 1409 1268 dicitur:
1442 1209 1563 1267 Non
1591 1208 1757 1265 faciet

187 1305 444 1361 Dominus
463 1305 709 1371 verbum,
749 1304 853 1360 nisi
891 1312 1019 1360 ante
1069 1304 1393 1360 revelaverit
1438 1303 1612 1359 servis
1640 1301 1756 1357 suis

186 1396 479 1469 prophetis.
533 1393 636 1450 Hic
679 1409 808 1466 ergo
855 1394 1163 1466 speculator
1216 1392 1357 1449 ﬁlius
1401 1401 1521 1447 erat
1563 1390 1753 1458 Chusi,

187 1488 277 1558 qui
329 1486 719 1557 interpretatur
780 1485 1084 1552 humilitas,
1140 1484 1228 1541 vel
1278 1482 1525 1554 ίΕιΙιὶορε
1590 1498 1754 1536 meus.

187 1575 431 1633 Habebat
474 1584 657 1631 autem
700 1590 857 1631 avum
899 1575 1178 1632 Godoliam
1207 1615 1223 1642 ,
1272 1574 1365 1646 qui
1404 1573 1602 1629 dicitur
1645 1588 1760 1627 ma-

188 1666 410 1738 gnitudo
459 1664 713 1731 Domini;
762 1681 1026 1737 proavum
1073 1665 1382 1730 Ameriam,
1443 1665 1536 1737 qui
1588 1680 1758 1720 sermo

190 1756 398 1814 Domini
432 1757 851 1828 interpretatur;
890 1767 1108 1814 atavum
1160 1758 1465 1824 Ezechiam,
1508 1757 1602 1826 qui
1640 1771 1761 1811 ver-

191 1852 320 1905 titur
366 1849 426 1905 in
475 1848 852 1907 fortitudinem
902 1849 1138 1906 Domini.
1191 1848 1377 1920 Itaque
1426 1848 1495 1905 de
1522 1848 1762 1904 «fortitu—

192 1940 319 1996 dine
360 1939 576 1996 Domini
612 1940 857 1997 nascitur
910 1956 1090 1997 sermo
1120 1940 1360 2005 Domini,
1408 1940 1477 1995 de
1512 1950 1762 1993 sermone

1850 749 2146 807 nolentium
2176 749 2417 821 recipere
2456 747 2617 803 ﬁdem
2645 748 2781 817 ejus.
2812 769 2831 801 ε
2869 749 2937 805 Et
2978 750 3282 821 disperdam
3327 753 3423 808 ho-

1849 843 2022 899 mines
2059 840 2252 898 afacie
2300 851 2477 907 terrai,
2523 840 2656 897 dicit
2696 840 2988 909 Dominus,
3040 852 3096 899 et
3133 845 3421 901 extendam

1852 950 2069 989 manum
2097 948 2273 988 meam
2310 947 2473 1004 super
2520 930 2716 988 ludam
2744 942 2798 987 et
2844 949 3008 1003 super
3025 951 3225 993 omnes
3272 937 3425 993 habi-

1853 1033 2056 1081 tatores
2102 1024 2460 1081 Hierusalem.
2521 1043 2540 1076 ι
2585 1024 2845 1079 Extensio
2908 1041 3163 1081 manuum
3213 1035 3425 1099 gestum

1853 1116 2205 1185 percutientis
2255 1116 2514 1172 ostendit.
2555 1134 2572 1166 ι
2607 1116 2675 1169 Ει
2710 1115 3016 1185 disperdam
3062 1118 3129 1173 de
3156 1118 3277 1175 loco
3322 1120 3430 1178 hoc

1856 1206 2111 1277 reliquias
2135 1207 2286 1273 Baal,
2315 1227 2334 1260 ι
2367 1208 2419 1263 id
2457 1217 2541 1263 est
2572 1208 2811 1263 cultores
2842 1209 2980 1279 ejus,
3018 1210 3110 1280 qui
3137 1211 3295 1281 pauci
3337 1230 3427 1271 re-

1855 1307 2166 1355 manserant
2207 1300 2260 1354 in
2290 1298 2427 1356 Juda
2470 1301 2535 1356 de
2576 1302 2725 1357 caede
2782 1301 3044 1358 hostium.
3088 1302 3173 1359 Ad
3223 1312 3433 1364 tantam

1856 1406 2089 1460 namque
2132 1390 2466 1460 impietatem
2514 1400 2819 1458 venerant,
2870 1401 2929 1448 ut
2976 1393 3029 1448 in
3084 1395 3282 1466 templo
3337 1395 3435 1454 Dei

1856 1493 2089 1540 statuam
2137 1485 2266 1540 Baal
2310 1494 2596 1555 ponerent,
2638 1502 2800 1556 quam
2844 1487 3135 1558 imaginem
3182 1488 3434 1546 Ezechiel

1858 1584 2016 1632 vocat
2046 1575 2245 1631 idolum
2276 1576 2399 1641 zeli,
2427 1586 2483 1632 et
2522 1578 2576 1631 in
2611 1577 2799 1633 eodem
2842 1577 3152 1634 sanctuario
3184 1578 3352 1633 Deum
3380 1588 3438 1635 et

1860 1668 2002 1725 idola
2053 1676 2462 1724 venerarentur.
2501 1688 2521 1719 ι
2552 1669 2620 1724 Et
2667 1669 2886 1726 nomina
2941 1670 3265 1726 mdituorum
3313 1686 3437 1725 cum

1860 1758 2252 1815 sacerdotibus.
2283 1778 2303 1811 ι
2348 1756 2559 1814 ιιΕόὶιυὶ
2584 1760 3014 1829 suntjanitores,
3057 1762 3109 1816 id
3139 1770 3223 1818 est
3240 1762 3438 1818 aedium

1861 1848 2131 1915 custodes,
2174 1848 2279 1919 ipsi
2321 1857 2448 1904 sunt
2500 1848 2768 1905 Hebraice
2819 1850 3093 1906 Nathinei.
3126 1852 3226 1908 Hic
3258 1860 3439 1908 autem

1862 1940 2165 2010 despective
2195 1940 2506 2019 sacerdotes
2530 1948 2688 1996 vocat
2712 1940 2958 2006 :edituos,
2988 1957 3126 2011 quos
3150 1958 3181 1997 a
3208 1941 3357 2009 fano,
3386 1941 3440 1996 id

193 2030 408 2086 Domini
448 2031 762 2103 magnitudo
788 2030 1021 2097 Domini,
1049 2032 1118 2089 de
1148 2030 1520 2103 magnitudine
1548 2029 1761 2084 Domini
1790 2025 1837 2084 B
1865 2041 1947 2086 est
1978 2031 2177 2103 templo
2224 2030 2491 2114 fanaticos
2535 2031 2785 2088 dicimus.
2832 2033 2900 2087 Et
2939 2034 3166 2090 aedituos
3210 2050 3340 2102 ergo
3385 2041 3441 2090 et

195 2127 480 2192 generatur
522 2121 818 2186 humilitas,
875 2122 1002 2192 quia
1055 2137 1164 2193 quo
1217 2122 1390 2194 magis
1440 2119 1639 2191 aliquis
1696 2118 1766 2173 ad

198 2210 411 2266 virtutis
450 2208 837 2282 perfectionem
883 2210 1284 2277 conscenderit,
1332 2224 1401 2266 eo
1436 2208 1668 2280 amplius
1707 2222 1766 2263 se

191 2303 517 2371 humiliahit,
550 2305 736 2360 dicens
767 2320 890 2360 cum
921 2304 1182 2377 propheta
1208 2323 1220 2357 :
1252 2324 1269 2355 ι
1302 2302 1626 2358 Humiliatus
1646 2315 1767 2357 sum

192 2410 604 2469 usquequaque,
656 2396 902 2463 Domine,
939 2416 958 2449 ι
1002 2404 1109 2452 etc.
1161 2394 1521 2451 Conﬁtebitur
1552 2405 1768 2462 quoque

189 2502 247 2542 se
275 2486 376 2542 Dei
402 2486 751 2557 Ethiopem,
796 2487 925 2559 quia
955 2487 1119 2544 Chusi
1152 2484 1402 2556 ΑἰιΙιὶορδ
1433 2500 1577 2539 naeus
1603 2484 1768 2538 inter.

190 2588 463 2651 pretatur,
499 2580 553 2636 id
578 2587 684 2645 est,
709 2588 972 2652 agnoscet
1016 2593 1076 2634 se
1102 2586 1467 2651 peccatorem,
1524 2583 1579 2630 et
1625 2575 1770 2630 dicet

189 2688 316 2731 cum
341 2671 550 2728 Joanne
571 2673 814 2744 apostolo
841 2689 855 2726 :
887 2690 905 2723 ι
928 2669 992 2727 Si
1009 2671 1308 2727 dixerimus
1328 2669 1454 2742 quia
1483 2676 1769 2738 peccatum

189 2779 298 2820 non
344 2764 629 2831 habemus,
676 2763 925 2834 nosipsos
955 2764 1286 2828 seducimus,
1322 2781 1341 2814 ι
1372 2770 1480 2817 etc.
1524 2760 1625 2816 Hic
1649 2759 1771 2816 talis

187 2866 242 2911 et
263 2865 474 2923 tantus,
495 2856 635 2913 bene
661 2856 860 2911 dicitur
896 2855 1062 2912 fuisse
1100 2856 1154 2911 in
1185 2854 1374 2910 diebus
1415 2852 1577 2909 Josiae
1628 2851 1773 2923 regis

187 2949 546 3015 sanctissimi,
572 2948 663 3020 qui
689 2949 1075 3021 interpretatur
1108 2948 1325 3003 eleaatio
1349 2947 1581 3002 Domini.
1612 2946 1773 3004 Tem-

186 3056 327 3112 pore
350 3056 481 3110 ergo
513 3040 835 3115 elevationis
861 3040 1070 3095 exstitit
1098 3039 1241 3094 ﬁlius
1270 3038 1607 3102 humilitatis,
1646 3037 1773 3107 quia

184 3149 283 3205 per
325 3132 680 3187 humilitatem
716 3130 992 3187 elevamur
1011 3132 1079 3185 ad
1099 3130 1377 3186 ccelestem
1395 3128 1771 3185 elevationem.

270 3254 293 3287 ι
334 3233 683 3306 Congregans
726 3233 1070 3305 congregabo
1116 3232 1300 3290 omnia
1352 3248 1385 3288 a
1424 3232 1566 3289 facie
1592 3241 1771 3300 terrae,

186 3325 331 3380 dicit
356 3324 642 3389 Dominus,
670 3341 1009 3397 congregans
1043 3325 1317 3382 hominem
1337 3333 1393 3381 et
1427 3340 1617 3397 pecus,
1643 3340 1775 3381 con-

1866 2124 2172 2179 sacerdotes
2210 2123 2481 2194 quondam
2515 2123 2612 2179 Dei
2645 2124 2887 2180 minatur
2921 2141 2981 2181 se
3018 2126 3349 2196 disperdere.

1939 2232 1958 2265 ι
1988 2213 2055 2270 Et
2080 2229 2174 2270 eos
2202 2214 2294 2284 qui
2333 2213 2565 2269 adorant
2619 2230 2780 2286 super
2835 2224 2975 2271 tecta
3012 2216 3261 2274 militiam
3294 2214 3443 2285 celi,

1865 2314 1921 2360 et
1941 2304 2170 2360 adorant
2195 2313 2247 2359 et
2254 2304 2440 2375 jurant
2455 2306 2508 2359 in
2526 2305 2778 2372 Domino,
2796 2303 3043 2375 eljurant
3058 2307 3113 2362 in
3129 2306 3396 2364 Melchon.
3420 2328 3441 2361 ι

1866 2396 2040 2467 Super
2087 2405 2227 2452 tecta
2263 2397 2448 2463 enim,
2505 2396 2558 2451 id
2610 2406 2694 2453 est
2731 2398 2782 2451 in
2834 2398 3142 2457 domatibus
3202 2408 3448 2470 stantes,

1866 2489 2034 2546 solem
2050 2498 2107 2544 et
2132 2488 2315 2543 lunam
2337 2496 2396 2544 et
2413 2496 2608 2544 caetera
2630 2489 2808 2545 sidera
2831 2490 3152 2559 adurebant,
3172 2500 3229 2547 et
3245 2494 3451 2562 pariter

1868 2584 1923 2637 in
1944 2582 2164 2637 nomine
2198 2580 2432 2648 Domini,
2456 2592 2511 2638 et
2542 2583 2597 2637 in
2628 2583 2848 2639 nomine
2871 2583 3105 2652 Melcho,
3149 2587 3244 2657 qui
3279 2586 3449 2642 inter-

1866 2678 2111 2743 pretatur
2139 2688 2232 2726 rea:
2254 2712 2268 2736 ,
2285 2671 2562 2741 jurabant.

1945 2783 1962 2815 (
1998 2763 2065 2818 Et
2099 2763 2191 2832 qui
2255 2771 2572 2819 avertuntur
2613 2763 2682 2820 de
2714 2773 2837 2835 post
2863 2773 3073 2836 tergum
3114 2765 3348 2834 Domini,
3390 2774 3453 2825 et

1871 2855 1965 2926 qui
1994 2870 2100 2910 non
2123 2856 2456 2926 quaesierunt
2495 2857 2803 2925 Dominum,
2846 2873 2947 2914 nec
2987 2857 3453 2929 investigaverunt

1872 2962 2019 3016 eum,
2061 2967 2081 3002 ι
2117 2948 2375 3006 subaudis
2405 2948 2749 3021 disperdam;
2788 2950 2909 3007 illos
2938 2952 3215 3018 videlicet,
3240 2952 3335 3023 qui
3355 2953 3451 3008 de-

1873 3037 2140 3095 clinantes
2177 3054 2209 3093 a
2232 3040 2446 3096 cultura
2476 3041 2715 3107 Domini,
2755 3042 2985 3099 adurant
3027 3043 3271 3099 militiam
3300 3044 3451 3113 coeli,

1874 3129 2130 3200 etjurant
2152 3144 2251 3201 per
2276 3129 2499 3185 nomina
2543 3131 2915 3199 idolorum,et
2955 3135 3185 3191 aderam
3225 3134 3353 3191 Baal
3397 3141 3454 3190 et

1877 3223 2079 3280 idolum
2119 3222 2486 3280 Sidoniorum.
2519 3225 2872 3297 'l‘ropologtce
2910 3226 3248 3283 Hierusalem
3266 3227 3452 3283 Eccle‘

1875 3315 2015 3372 siam
2042 3314 2313 3387 signiﬁcat
2333 3315 2568 3381 Domini,
2600 3315 2669 3371 de
2696 3330 2804 3386 qua
2831 3316 2887 3372 in
2928 3316 3160 3372 adventu
3213 3330 3314 3371 suo
3342 3315 3455 3372 dis-

185 3431 433 3488 gregans
458 3416 671 3473 volatile
684 3389 814 3474 eali
841 3389 1089 3488 etpisces
1115 3417 1334 3472 maris.)
1361 3389 1463 3473 Diu
1486 3389 1774 3488 exspecta-
1799 3389 1847 3456 θ
1875 3408 2067 3482 perdet
2116 3422 2333 3465 omnem
2383 3408 2744 3465 idololatriam
2792 3416 2849 3465 et
2893 3408 3150 3480 reliquias
3214 3408 3416 3464 Baalim
3436 3446 3453 3477 ,

187 3515 354 3564 verat
385 3506 646 3563 Dominus
672 3517 987 3577 peccantem
1017 3506 1209 3563 Iudam
1229 3507 1334 3563 sub
1350 3506 1516 3564 malis
1538 3507 1777 3580 regibus,
1877 3505 2022 3575 quod
2052 3502 2446 3574 interpretatur
2481 3504 2537 3559 in
2580 3501 3008 3569 sublimioribus,
3052 3500 3111 3558 id
3144 3509 3455 3559 est'vanam

184 3608 243 3654 et
271 3597 438 3667 quasi
469 3597 706 3669 aliquam
743 3605 993 3667 poterant
1035 3598 1237 3653 habere
1266 3597 1691 3664 excusationem,
1722 3604 1781 3654 et
1878 3594 2108 3667 gloriam
2158 3604 2216 3650 et
2250 3609 2510 3665 pompam
2574 3594 2723 3651 falsa
2778 3594 3189 3663 admirationis;
3244 3610 3456 3653 necnon

185 3693 383 3750 dicere
407 3709 422 3745 :
445 3690 706 3747 Volumus
737 3691 943 3747 servire
976 3690 1226 3757 Domino,
1254 3690 1349 3746 sed
1375 3691 1780 3763 prohibemura
1878 3688 2045 3745 etiam
2072 3702 2188 3755 eos,
2219 3688 2309 3759 qui
2341 3688 2529 3759 iurant
2562 3688 2627 3743 in
2658 3687 2910 3754 Domino,
2962 3696 3018 3743 et
3046 3689 3100 3744 in
3139 3688 3365 3756 Heleno,
3400 3690 3457 3746 id

185 3782 422 3855 regibus
446 3782 667 3839 nostris.
701 3782 855 3839 Unde
898 3782 1045 3838 dedit
1087 3780 1169 3838 eis
1188 3780 1556 3851 justissimum
1596 3796 1781 3852 regem
1879 3787 1964 3836 est
1990 3778 2112 3834 illos
2136 3778 2229 3848 qui
2262 3778 2374 3834 Deo
2413 3788 2469 3834 et
2490 3779 2695 3835 saeculo
2722 3794 2782 3835 se
2809 3789 3005 3852 putant
3039 3796 3199 3852 posse
3226 3785 3451 3849 servire,

183 3874 429 3940 Josiam,
441 3873 535 3943 qui
549 3887 647 3929 eos
657 3873 916 3944 exemplis
936 3884 992 3929 et
1016 3873 1240 3929 monitis
1252 3872 1421 3928 voluit
1441 3873 1700 3929 reducere
1712 3872 1781 3929 ad
1880 3888 2004 3929 cum
2018 3879 2245 3928 econtra
2257 3871 2516 3926 Dominus
2535 3890 2547 3924 :
2572 3890 2591 3923 ι
2612 3871 2781 3929 Nemo
2803 3880 2979 3943 potest
2993 3873 3201 3929 duobus
3220 3874 3457 3931 dominis

182 3967 409 4023 cultum
433 3963 661 4030 Dei,sed
685 3964 758 4021 illi
772 3964 1189 4021 nihilominusin
1212 3964 1519 4021 idololatria
1534 3981 1784 4036 perman-
1881 3964 2106 4019 servire.
2148 3981 2167 4014 ι
2197 3962 2267 4017 Ει
2292 3961 2421 4032 quia
2445 3970 2732 4018 vertuntur
2767 3964 2836 4018 de
2865 3971 2987 4034 post
3036 3972 3246 4034 tergum
3276 3964 3459 4019 Domi-

183 4062 414 4114 serunt.
447 4053 787 4124 Quapropter
819 4052 965 4122 juste
992 4056 1350 4126 prophetatur
1377 4057 1444 4113 de
1468 4072 1548 4112 eis
1574 4058 1785 4113 eversio
1884 4056 1961 4120 ni,
1990 4055 2046 4110 id
2069 4062 2154 4110 est
2178 4053 2269 4124 qui
2300 4053 2369 4107 ad
2402 4052 2544 4107 mala
2573 4067 2739 4122 opera
2768 4051 3120 4117 declinantes,
3148 4052 3459 4122 relinquunt

187 4145 572 4212 Hierusalem,
598 4155 655 4201 et
694 4145 983 4216 captivitas
1019 4146 1227 4216 populi,
1249 4162 1316 4203 ac
1346 4146 1569 4203 victoria
1607 4146 1787 4202 Nabu-
1885 4147 1990 4201 iter
2033 4159 2140 4216 quo
2167 4142 2457 4199 Dominum
2506 4142 2663 4214 sequi
2707 4143 3030 4198 debuerunt.
3059 4142 3246 4198 Potest
3274 4144 3458 4197 etiam

186 4237 569 4298 chodonosor.
606 4255 626 4289 ι
652 4237 1002 4309 Congregans
1028 4236 1369 4307 congregabo
1397 4238 1599 4293 omnia.
1627 4257 1646 4291 ι
1668 4236 1785 4293 Non
1885 4250 1983 4306 per
2015 4242 2227 4304 tergum
2274 4232 2511 4299 Domini,
2566 4247 2861 4305 corporeus
2904 4233 3168 4288 adventus
3222 4231 3342 4301 ejus
3371 4234 3460 4287 in-

186 4328 426 4406 (inquit)
451 4330 596 4384 ultra
624 4330 692 4384 ad
712 4327 1092 4399 pmnitentiam
1115 4328 1461 4399 exspectabo,
1485 4327 1580 4383 sed
1604 4328 1787 4383 omnia
1886 4327 2077 4399 telligi,
2121 4342 2230 4398 quo
2267 4325 2495 4382 visibilis
2532 4324 2652 4391 fuit,
2693 4325 2834 4381 sicut
2870 4339 2968 4394 per
2998 4323 3118 4394 ejus
3142 4322 3335 4380 faciem
3380 4324 3462 4379 di»

185 4437 541 4493 congregans
566 4436 902 4479 consumam.
937 4420 1054 4476 Non
1088 4420 1252 4476 homo
1271 4461 1286 4486 ,
1322 4435 1432 4475 non
1463 4434 1647 4490 pecus,
1678 4434 1762 4475 no:

1888 4426 2087 4481 vinitas
2119 4436 2241 4496 quae
2271 4439 2300 4478 a
2329 4422 2473 4479 nulla
2502 4429 2774 4488 creatura,
2808 4430 2866 4476 ut
2891 4429 2993 4488 est,
3041 4421 3216 4475 videri
3260 4428 3458 4491 potest.

185 4513 444 4571 volatilia
470 4522 565 4569 aut
601 4514 777 4584 pisces
804 4514 1184 4579 remanebunt,
1229 4513 1364 4567 iram
1407 4527 1583 4568 meam
1621 4512 1787 4567 etiam
1892 4518 2044 4575 Unde
2065 4525 2118 4573 et
2140 4518 2205 4573 ad
2226 4516 2447 4588 Moysen
2474 4515 2677 4569 dictum
2701 4522 2786 4570 est
2811 4532 2824 4568 :
2852 4532 2873 4564 ι
2894 4513 2988 4569 Est
3009 4512 3159 4568 locus
3184 4512 3325 4584 apud
3349 4526 3460 4578 me,

185 4610 366 4665 bruta
391 4606 627 4662 sentient
672 4604 957 4671 animalia;
991 4605 1117 4676 quia
1162 4605 1310 4661 enim
1346 4611 1570 4674 propter
1618 4603 1791 4659 homi-
1887 4620 1943 4666 et
1989 4610 2162 4665 stabis
2210 4622 2371 4679 supra
2406 4614 2639 4678 petram.
2678 4604 2924 4676 Cumque
2977 4605 3255 4661 transierit
3293 4604 3460 4676 gloria

187 4714 333 4757 nem
360 4707 547 4754 creata
590 4706 718 4754 sunt
743 4698 947 4764 omnia,
985 4697 1108 4768 jure
1146 4695 1446 4751 interfectis
1476 4694 1787 4752 hominibus
1811 4752 1860 4768 ﬁ
1891 4718 2027 4766 mea,
2078 4701 2263 4757 tollam
2314 4715 2534 4755 manum
2576 4712 2775 4767 meam,
2821 4707 2876 4754 et
2913 4698 3119 4754 videbis
3148 4698 3461 4768 posteriora

188 4791 455 4863 sequitur
499 4790 735 4847 solitudo
772 4799 829 4845 et
878 4752 1076 4845 rari-tas
1097 4789 1412 4844 bestiarum.
1452 4805 1473 4841 ι
1516 4788 1585 4843 Ει
1616 4789 1784 4844 ruinae
1808 4752 1863 4813 D
1889 4752 2030 4852 mea:
2066 4814 2087 4848 ι
2124 4794 2200 4849 De
2225 4801 2348 4863 post
2392 4801 2605 4864 tergum
2643 4752 2858 4847 Domini
2910 4752 3191 4855 receduni,
3223 4788 3315 4858 qui
3366 4795 3461 4841 aut

186 4883 500 4954 impiorum
543 4890 725 4938 erunt.
763 4902 782 4934 ι
814 4882 897 4938 Ad
922 4882 1154 4951 primum
1200 4896 1414 4951 quoque
1449 4881 1662 4936 Domini
1690 4881 1785 4936 ad-
1889 4900 2011 4943 eum
2070 4887 2411 4942 incarnatum
2460 4892 2575 4940 non
2608 4884 2863 4947 credunt,
2898 4890 2992 4937 aut
3035 4881 3153 4952 ejus
3191 4890 3461 4954 praecepta

191 4986 432 5035 ventum
452 4978 569 5042 haec
590 4976 706 5048 ipsa
725 4975 1010 5049 prophetia
1038 4974 1229 5031 referri
1250 4983 1443 5045 potest,
1472 4974 1690 5044 quando
1714 4989 1784 5030 ex
1890 4986 2260 5037 contemnunt.

189 5066 414 5126 Iudaeis
460 5074 518 5122 et
562 5066 813 5136 gentibus
879 5080 977 5136 per
1038 5064 1197 5119 ﬁdem
1262 5064 1571 5134 congregati
1638 5071 1780 5128 sunt,
1966 5090 1985 5123 ι
2020 5060 2188 5125 Silete
2229 5085 2259 5124 a
2286 5067 2424 5126 facie
2462 5067 2682 5125 Domini
2721 5068 2838 5135 Dei,
2886 5069 3013 5139 quia
3045 5067 3198 5137 juxta
3235 5076 3319 5124 est
3347 5067 3462 5123 dies

191 5160 431 5234 quidam
454 5158 602 5216 velut
643 5159 891 5215 homines
934 5158 1145 5213 ratione
1194 5163 1428 5223 utentes,
1490 5157 1580 5211 alii
1628 5157 1785 5228 quasi
1894 5160 2125 5218 Domini.
2159 5180 2178 5215 tv
2241 5159 2439 5227 Sileat,
2488 5168 2802 5217 revereatur
2829 5201 2843 5226 ,
2894 5158 3249 5217 intremiscat.
3310 5158 3461 5215 Diem

192 5267 381 5328 pecus
409 5239 686 5323 simplices
724 5260 778 5307 et
808 5249 1089 5315 ineruditi,
1135 5249 1284 5305 leves
1308 5258 1369 5304 ut
1400 5262 1550 5314 aves,
1585 5248 1784 5306 curiosi
1890 5252 2131 5318 Domini,
2162 5251 2317 5322 juxta
2342 5250 2599 5318 litteram,
2632 5251 2980 5322 intelligimus
3018 5256 3241 5322 "tempus
3288 5252 3461 5323 capti-

193 5343 382 5402 veluti
408 5344 611 5415 pisces,
634 5343 725 5414 qui
750 5342 921 5398 maris
934 5339 1198 5413 profunda
1223 5341 1506 5395 rimantur.
1539 5358 1558 5390 t
1588 5340 1656 5395 Et
1675 5340 1786 5395 rui-
1888 5346 2073 5402 vitatis
2100 5354 2165 5401 et
2206 5346 2429 5401 ultionis
2472 5346 2526 5400 in
2570 5344 2823 5417 populum
2854 5343 3185 5400 Iudaeorum.
3217 5336 3322 5398 ’Vel
3355 5344 3462 5413 spi-

195 5454 290 5493 na:
333 5436 624 5507 impiorum
648 5443 836 5491 erunt.
868 5456 885 5487 ι
926 5433 1041 5490 Non
1061 5441 1269 5489 tantum
1296 5433 1349 5487 in
1369 5430 1559 5489 ultimo
1579 5431 1787 5502 judicio
1888 5437 2158 5494 ritualiter
2187 5438 2329 5493 diem
2376 5436 2609 5491 extremi
2648 5433 2858 5505 judicii,
2896 5450 3002 5491 non
3035 5444 3120 5490 est
3169 5434 3460 5490 absurdum

192 5535 374 5585 erunt
402 5527 573 5582 ruina:
608 5526 919 5597 impiorum,
968 5524 1420 5587 cum-audierint,
1453 5544 1471 5575 ι
1513 5524 1786 5583 Discedite
1890 5530 2208 5601 intelligere.
2276 5548 2295 5582 σ
2335 5529 2469 5596 Quia
2525 5527 2849 5599 praeparavit
2894 5526 3155 5582 Dominus
3206 5526 3460 5593 hostiam,

197 5638 229 5677 ο
255 5632 378 5685 me,
402 5618 696 5684 maledicti,
722 5618 774 5673 in
800 5618 975 5690 ignem
997 5627 1314 5682 aeternum,»
1333 5617 1427 5672 sed
1454 5626 1509 5673 et
1532 5618 1586 5673 in
1611 5618 1786 5689 primo
1891 5620 2249 5678 sanctiﬁcavit
2296 5629 2520 5677 vocatos
2544 5635 2690 5676 suos.
2737 5640 2754 5671 ι
2790 5617 3032 5674 Hostiam
3080 5625 3459 5689 praeparatam,

185 5712 318 5787 jam
352 5712 587 5768 adventu
611 5712 716 5767 hoc
743 5709 945 5766 factum
975 5719 1078 5775 est,
1114 5710 1329 5781 quando
1352 5710 1500 5764 venit
1528 5708 1787 5767 Dominus
1887 5713 2143 5788 populum
2172 5713 2321 5778 dicit,
2360 5713 2449 5783 qui
2476 5713 2528 5767 in
2555 5721 2795 5780 tempore
2836 5709 3085 5765 vindicta:
3111 5710 3256 5764 velut
3283 5709 3464 5765 hostia

192 5805 260 5863 in
288 5802 534 5870 ruinam,
564 5812 625 5858 ut
646 5810 869 5859 ruerent
894 5801 989 5872 qui
1032 5800 1171 5856 male
1208 5801 1443 5866 stabant,
1472 5810 1526 5857 et
1566 5803 1659 5873 qui
1699 5803 1784 5858 vi»
1890 5805 2210 5861 mactandos
2227 5802 2364 5860 erit.
2394 5823 2413 5855 ‹
2433 5801 2804 5859 Sanctiﬁcavlt
2829 5810 3046 5858 vocatos
3071 5816 3221 5867 suos,
3252 5822 3271 5855 ι
3306 5800 3465 5873 quasi

195 5896 413 5953 vehant
458 5902 717 5966 peccato,
769 5902 1111 5948 morerentur
1156 5900 1212 5948 et
1258 5892 1558 5963 inciperent
1604 5896 1786 5950 vivere
1890 5896 1957 5951 ad
1990 5895 2203 5952 celebre
2229 5895 2532 5952 convivium
2564 5892 2838 5950 invitatos.
2871 5893 3125 5951 Solebant
3154 5893 3296 5949 enim
3332 5904 3463 5961 epu-

189 5987 450 6061 justitize.
486 5986 611 6043 Sive
653 5985 971 6059 simpliciter
1012 5986 1065 6040 in
1107 5986 1338 6041 adventu
1364 5984 1563 6041 Christi
1610 5988 1785 6056 primo
1891 5988 2001 6043 lum
2030 5988 2288 6043 habentes
2314 5985 2660 6054 sanctiﬁcari,
2688 5984 2740 6041 id
2766 5995 2847 6043 est
2869 5987 3037 6067 ablui,
3072 5994 3125 6042 et
3146 5982 3463 6041 cultioribus
