3950 6438
476 581 574 640 199
935 573 1284 632 HAYMONlS
1323 567 1800 629 HALBEBSTAT.
1834 565 2047 624 EPISC.
2088 563 2238 621 OPP.
2278 561 2459 617 PARS
2496 559 2537 615 l.
2566 589 2635 602 —
2670 557 3022 617 COMMENT.
3061 553 3230 611 BIBL.
3597 551 3708 607 200

459 689 704 746 Vestibus
752 686 920 743 indui.
973 684 1206 740 Vocatos
1262 698 1391 754 ergo
1438 679 1932 736 Nabuchodonosor
1977 683 2034 730 et
2060 679 2108 737 A
2210 689 2230 724 ‹
2266 670 2509 737 Ululate,
2536 670 2869 726 habitatores
2896 668 3058 734 Pilae,
3088 665 3346 722 conticuit
3387 677 3566 720 omnis
3607 677 3712 754 po-

468 781 746 839 Chaldaeos
783 779 1038 835 debemus
1082 753 1348 846 accipere,
1386 789 1520 844 quos
1567 773 1680 842 ipse
1718 770 1943 825 vocabat
1969 767 2034 822 ad
2135 763 2291 832 pulus
2317 762 2591 818 Chanaan.
2627 781 2645 814 ι
2671 760 2842 815 Pilam
2869 760 2972 815 hoc
3000 757 3119 814 loco
3145 772 3240 812 vas
3268 755 3526 810 debemus
3566 753 3714 809 acci-

465 870 763 942 puniendos
785 876 1136 939 peccatores;
1166 851 1290 920 nam
1321 873 1492 933 etper
1514 860 1799 916 Jeremiam
1821 873 2034 913 servum
2137 869 2295 925 pere,
2323 854 2378 907 in
2405 869 2509 923 quo
2535 852 2804 907 frumenta
2829 851 3134 921 pinsuntur,
3177 848 3229 903 id
3269 855 3353 902 est
3389 847 3714 912 tunduntur,

469 936 620 1014 suum
635 936 842 1015 dicitir
870 952 1375 1026 Vocavi(inquiens)
1404 950 1894 1006 Nabuchodonosor
1920 962 2034 1002 ser-
2139 951 2193 997 et
2233 951 2317 999 est
2357 943 2614 1012 producta
2655 943 2710 1011 pi
2755 939 2980 1012 syllaba.
3028 937 3163 992 Nam
3211 936 3352 992 aliud
3395 945 3481 991 est
3525 936 3634 1006 pila
3662 937 3717 1005 pi

470 1067 596 1106 vum
625 1065 825 1106 mcum.
851 1069 868 1102 ι
903 1047 1134 1115 Quidam
1162 1047 1302 1102 diem
1330 1043 1562 1108 Domini,
1593 1041 1806 1112 quando
1833 1055 2038 1110 prmpa-
2140 1039 2417 1103 correpta,
2451 1031 2659 1101 sphaera
2701 1029 2951 1085 videlicet
2987 1029 3248 1098 pilorum,
3291 1042 3394 1098 qua
3433 1027 3590 1098 pueri
3630 1027 3716 1080 lu-

468 1141 612 1196 ravit
625 1140 860 1196 hostiam
879 1154 1051 1204 suam,
1077 1139 1143 1193 de
1158 1138 1331 1208 primo
1355 1136 1586 1192 adventu
1612 1132 1727 1200 eius
1748 1132 2036 1201 accipiunt,
2141 1125 2293 1180 dunt.
2318 1125 2489 1179 Pilam
2518 1139 2647 1194 ergo
2673 1123 2904 1194 appellat
2924 1121 3260 1177 Hierusalem
3280 1161 3295 1188 ,
3319 1120 3470 1190 quasi
3499 1120 3648 1175 enim
3666 1119 3716 1172 vi

469 1234 684 1304 quando
697 1233 985 1304 singularis
1009 1231 1206 1297 hostia,
1237 1229 1290 1283 id
1315 1238 1398 1284 est
1425 1243 1587 1283 verus
1603 1241 1772 1295 agnus
1794 1223 2040 1279 Christus
2141 1225 2195 1271 et
2225 1217 2424 1286 impetu
2455 1213 2723 1269 frumenta
2749 1212 2978 1269 feriente
3024 1213 3257 1282 desuper
3295 1210 3404 1280 pilo
3428 1209 3716 1272 tunditur;

470 1302 929 1381 immolatusiest.
971 1323 1201 1379 Vocatos
1242 1329 1296 1376 et
1345 1319 1726 1383 sanctiﬁcatos,
1771 1315 2041 1387 apostolos
2143 1309 2215 1363 ita
2244 1309 2310 1364 de
2336 1316 2488 1380 porta
2517 1306 2743 1376 piscium
2772 1315 2827 1360 et
2855 1305 2921 1361 de
2949 1305 3182 1361 secunda
3212 1313 3374 1374 atque
3399 1303 3465 1357 de
3489 1302 3723 1358 collibus

471 1427 526 1474 et
567 1434 661 1474 eos
695 1418 787 1488 qui
816 1432 915 1487 per
953 1431 1046 1470 eos
1087 1415 1155 1469 ad
1199 1413 1356 1468 ﬁdem
1401 1419 1684 1474 venerunt,
1716 1408 2035 1479 intelligunt.
2141 1414 2426 1471 proruens,
2499 1398 2750 1453 decurret
2784 1396 3160 1488 Chaldaeorum
3217 1393 3299 1488 vel
3352 1391 3721 1488 Romanorum

549 1527 567 1560 ‹
601 1509 668 1563 Et
692 1484 797 1563 erit
816 1484 872 1561 in
889 1505 976 1562 die
998 1503 1189 1560 hostia:
1210 1502 1444 1567 Domini,
1470 1501 1700 1556 visitabo
1721 1513 1882 1569 super
1900 1497 2042 1567 prin-
2143 1489 2412 1545 exercitus
2433 1528 2448 1555 ,
2497 1497 2553 1543 et
2599 1486 2930 1542 comminuet
2975 1487 3177 1541 omnia.
3229 1484 3490 1555 Populum
3538 1490 3724 1538 autem

474 1600 621 1670 cipes
663 1607 719 1654 et
765 1611 925 1668 super
962 1594 1103 1650 ﬁlios
1153 1592 1313 1664 regis.
1350 1612 1368 1644 ι
1426 1591 1552 1646 Dies
1589 1589 1777 1644 hostiae
1806 1587 2039 1651 Domini,
2143 1581 2426 1647 Chanaan,
2460 1581 2712 1651 p0pulum
2741 1578 3048 1636 Iudaeorum
3080 1577 3347 1670 appellat,
3369 1577 3505 1670 quia
3527 1577 3727 1670 impie-

475 1665 684 1760 teinpus
710 1695 794 1744 est
827 1665 1064 1742 .ludaicae
1099 1683 1452 1755 captivitatis,
1487 1681 1702 1752 quando
1736 1680 1910 1736 omnis
1941 1683 2040 1747 p‘o-
2145 1679 2285 1727 tates
2311 1671 2736 1727 Chananaeorum
2765 1672 2995 1760 agebant
3022 1687 3036 1722 :
3069 1684 3196 1724 nam
3226 1677 3282 1724 et
3319 1665 3509 1760 Daniel
3547 1666 3728 1736 impu-

472 1756 630 1852 pultis
657 1787 774 1835 erat
800 1777 1158 1835 immolandus
1202 1775 1268 1830 ab
1308 1775 1590 1839 hostibus;
1626 1782 1753 1828 tunc
1806 1769 2043 1825 visitavit
2147 1763 2325 1818 dicum
2373 1777 2557 1818 senem
2605 1776 2790 1817 semen
2836 1759 3089 1815 Chanaan
3140 1766 3316 1814 vocat.
3367 1756 3730 1813 Venientibus

473 1850 731 1927 Dominus
768 1885 928 1940 super
951 1868 1223 1939 principes
1247 1875 1302 1921 et
1333 1881 1494 1936 super
1526 1864 1664 1920 ﬁlios
1695 1863 1835 1933 regis
1862 1863 2040 1927 Josize,
2144 1855 2325 1924 itaque
2365 1852 2642 1918 hostibus,
2683 1851 3047 1908 conticescent
3087 1850 3471 1940 nimiormetu,
3512 1855 3565 1902 et
3600 1863 3730 1940 suo-

474 1978 606 2032 quos
643 1939 841 2018 omnes
863 1961 947 2015 vel
988 1969 1177 2029 captos
1214 1965 1425 2013 constat
1465 1957 1650 2022 fuisse,
1699 1955 1782 2010 vel
1811 1955 2036 2010 occisos.
2070 2029 2106 2032 _
2147 1961 2267 2000 rum
2323 1945 2586 2001 scelerum
2642 1943 2973 1999 conseieutia
3023 1939 3318 2013 exagitati.
3375 1955 3475 1996 nec
3529 1939 3730 1994 saltem

476 2028 602 2110 Sive
648 2054 973 2126 generaliter
1000 2028 1140 2106 ﬁlios
1186 2051 1349 2120 regis,
1380 2049 1604 2118 stirpem
1645 2049 1849 2118 regiam
1888 2045 2036 2101 dicit.

2158 2035 2309 2088 Deum
2338 2050 2499 2104 quem
2527 2033 2897 2098 offenderunt,
2930 2034 3184 2087 invocare
3223 2029 3520 2086 audebunt.
3555 2048 3572 2080 ‹
3604 2028 3718 2085 Dis-

481 2167 499 2200 ί
531 2148 595 2201 Et
622 2161 781 2216 super
807 2160 996 2200 omnes
1015 2141 1294 2214 quiinduti
1323 2149 1449 2196 sunt
1483 2148 1628 2195 veste
1680 2139 1981 2209 peregrina,
2015 2156 2033 2187 ›

2169 2125 2421 2181 perierunt
2446 2140 2635 2180 omnes
2661 2124 2888 2179 involuti
2915 2132 3176 2194 argento;
3211 2141 3230 2174 ι
3261 2121 3338 2176 illi
3351 2120 3606 2176 videlicet
3638 2125 3729 2190 qui

477 2238 532 2293 id
550 2247 634 2292 est
659 2237 867 2292 exotica
890 2243 946 2291 et
971 2235 1223 2305 pretiosa,
1248 2232 1360 2287 sive
1383 2245 1544 2301 super
1570 2245 1685 2293 eos,
1714 2228 1804 2298 qui
1827 2243 1925 2299 pro
1947 2225 2040 2280 Dei
2143 2217 2343 2274 divitiis
2369 2219 2742 2284 conﬁdebant,
2765 2226 2822 2275 et
2845 2235 2903 2275 se
2930 2219 3084 2289 quasi
3110 2217 3379 2274 involutos
3403 2226 3458 2272 et
3489 2217 3731 2272 circum-

477 2329 624 2383 cultu
653 2328 794 2383 idola
824 2326 1240 2382 venerabantur.
2143 2319 2324 2379 septos
2349 2309 2531 2364 nimiis
2560 2309 2754 2379 opibus
2781 2310 3153 2376 aestimabant,
3184 2317 3241 2364 et
3279 2308 3483 2364 idcirco
3525 2324 3730 2378 paupe-

556 2437 574 2470 ς
620 2418 688 2473 Ει
715 2418 946 2473 visitabo
989 2431 1152 2488 super
1189 2431 1405 2472 omnem
1462 2414 1555 2483 qui
1601 2419 1918 2483 arroganter
1962 2410 2046 2465 in-
2145 2415 2234 2454 res
2261 2399 2648 2470 despiciebant.
2672 2400 2740 2454 Ει
2759 2400 3051 2456 notandum
3071 2400 3214 2469 quod
3237 2415 3345 2455 non
3375 2398 3564 2454 futuro
3587 2409 3728 2454 tem-

481 2509 728 2580 greditur
757 2524 921 2580 super
944 2508 1107 2563 limen
1136 2510 1192 2563 in
1214 2507 1299 2563 die
1329 2507 1453 2574 illa;
1494 2525 1514 2558 ι
1542 2506 1594 2560 id
1625 2514 1726 2570 est,
1754 2503 1846 2574 qui
1869 2517 2044 2572 quon-
2142 2506 2274 2562 pore
2298 2492 2433 2548 dixit
2463 2511 2475 2547 :
2519 2492 2856 2549 Conticescet
2893 2492 3176 2558 Chanaan,
3217 2500 3309 2547 aut
3348 2491 3693 2562 disperibunt
3713 2533 3729 2557 ,

480 2601 605 2655 dam
625 2600 765 2656 fastu
795 2609 849 2655 et
870 2600 1148 2671 dignitatis
1176 2599 1487 2669 supercilio,
1523 2597 1723 2668 gradus
1751 2596 1863 2650 sive
1884 2595 2045 2649 limen
2145 2585 2239 2639 sed
2269 2584 2337 2640 de
2363 2585 2666 2654 Ρτωιεΐίιο,
2713 2604 2731 2636 ι
2767 2585 3028 2640 conticuit
3060 2604 3079 2636 ³
3121 2591 3176 2640 ει
3218 2603 3236 2635 ι
3268 2584 3669 2654 disperiel'uut;
3707 2603 3726 2634 ι

482 2693 668 2763 templi
707 2693 1096 2748 conscendunt.
1133 2692 1194 2746 In
1233 2691 1499 2747 Hebraica
1524 2689 1750 2744 veritate
1779 2689 2042 2743 habetur:

2169 2676 2270 2744 [uia
2299 2676 2440 2745 quod
2472 2675 2772 2731 certissime
2799 2684 3083 2730 venturum
3113 2681 3260 2740 erat,
3288 2673 3440 2743 quasi
3473 2671 3591 2740 jam
3636 2688 3729 2725 ve-

486 2803 506 2836 (
529 2761 631 2851 Qui
656 2785 959 2840 transibunt
980 2785 1173 2851 limen;
1200 2804 1218 2837 ›
1248 2784 1394 2854 quod
1420 2783 1625 2838 faciunt
1651 2780 1886 2836 cultores
1902 2787 2049 2835 veste
2148 2765 2668 2854 ηἰξεθίρτωνὶάθβδι.
2703 2763 2820 2820 Non
2849 2773 3027 2854 autem
3057 2763 3158 2854 59“
3198 2762 3486 2854 Perib‘lnfi
3532 2761 3629 2831 ⁴Ῑ¹¹ί
3679 2762 3732 2854 in

480 2850 758 2941 damonis,
788 2875 882 2944 qui
914 2874 1080 2928 limen
1123 2850 1310 2943 tempii
1336 2872 1478 2927 iuius
1519 2885 1626 2925 non
1667 2871 1893 2932 ρειιρθηι,
1957 2867 2050 2923 sed
2149 2853 2260 2908 suis
2289 2853 2490 2909 divitiis
2533 2853 2850 2924 gloriantur,
2897 2853 2990 2908 sed
3031 2853 3193 2908 etiam
3231 2853 3324 2923 qui
3365 2850 3627 2905 inflantur
3668 2851 3737 2944 de

481 2941 1071 3035 pertransibunt.rQui
1099 2941 2051 3032 complentdomumDuminiDeisui
2151 2947 2502 3017 dignitatibus
2549 2947 2765 3012 saeculi,
2815 2955 3024 3002 tument
3064 2960 3203 3000 vana
3251 2944 3565 3010 nobilitate,
3616 2941 3736 3013 pul-

484 3055 770 3125 iniquitate
787 3064 841 3110 et
869 3054 1023 3121 dolo;
1061 3073 1080 3106 ›
1106 3055 1160 3108 id
1184 3062 1266 3109 est
1294 3053 1497 3110 divitiis
1523 3051 1806 3121 iniquitate
1827 3049 2048 3120 paratis.
2151 3042 2456 3097 chritudine
2494 3042 2579 3096 Vel
2623 3042 2817 3097 robore
2861 3040 3133 3110 corporis,
3182 3039 3503 3109 cazterisque
3546 3037 3738 3092 mundi

482 3145 835 3218 Tropologice
871 3146 1112 3201 haeretici
1139 3145 1439 3216 peregrinis
1461 3144 1696 3200 vestibus
1735 3144 2050 3208 induuntur,
2151 3133 2481 3188 vanitatibus
2510 3131 2860 3187 extolluntur.

484 3239 574 3309 qui
591 3238 939 3293 relictaveste
963 3237 1363 3307 Christi,quam
1376 3234 1682 3306 accepimus
1695 3236 1751 3290 in
1765 3235 2051 3306 baptismo,
2228 3243 2246 3275 ι
2279 3224 2345 3278 Et
2369 3225 2474 3279 erit
2509 3224 2562 3278 iu
2595 3232 2833 3293 tempore
2860 3223 2951 3278 illo
2991 3222 3277 3278 scrutabor
3301 3219 3647 3276 Hierusalem
3681 3220 3737 3274 in

481 3328 1104 3399 assumuntimpietatem
1123 3343 1221 3398 pro
1235 3329 1452 3398 pietate,
1469 3342 1570 3397 pro
1587 3327 1816 3381 veritate
1834 3327 2054 3381 menda-
2087 3388 2124 3399 Α
2153 3316 2386 3372 lucernis
2407 3358 2421 3383 ,
2463 3325 2521 3372 et
2558 3316 2788 3370 visitabo
2827 3330 2988 3386 super
3017 3314 3165 3370 viros
3190 3312 3394 3368 deﬁxos
3422 3311 3475 3367 in
3507 3310 3742 3365 faecibus

484 3417 648 3472 cium.
679 3388 1014 3488 lpsiqdoque
1034 3388 1196 3486 super
1221 3388 1385 3471 limen
1410 3388 1726 3486 arroganter
1749 3415 2054 3486 ingrediun-
2080 3388 2126 3451 C
2159 3407 2290 3463 suis.
2327 3428 2344 3460 ι
2374 3407 2506 3462 Cum
2539 3405 2794 3478 (inquit)
2822 3404 3056 3461 Chaldaei
3097 3405 3180 3461 vel
3219 3403 3448 3459 Romani
3483 3402 3744 3457 venerint

485 3515 592 3573 tur,
607 3507 699 3578 qui
724 3514 903 3576 spreta
929 3507 1282 3578 simplicitate
1309 3506 1454 3568 ﬁdei,
1475 3505 1772 3561 Ecclesiam
1795 3521 1891 3576 per
1906 3521 2054 3560 erro.
2155 3496 2504 3566 ceperintque
2522 3495 2857 3552 Hierusalem
2874 3535 2888 3561 ,
2914 3503 3041 3550 tunc
3059 3495 3344 3551 scrutabor
3363 3509 3484 3549 cum
3511 3492 3742 3547 lucerna

485 3594 564 3650 ris
608 3596 688 3651 sui
741 3595 1186 3665 praedicationem
1221 3585 1503 3666 iniquitate
1533 3605 1589 3650 et
1621 3595 1744 3652 dolo
1765 3595 2050 3666 complent.
2155 3589 2333 3643 omnia
2363 3589 2476 3644 loca
2507 3589 2741 3644 civitatis
2762 3629 2776 3654 ,
2820 3589 2873 3643 in
2911 3589 3107 3660 quibus
3146 3587 3401 3644 abscondi
3441 3595 3740 3658 poterunt.

566 3703 584 3737 ‹
617 3687 687 3741 Et
716 3687 820 3741 erit
849 3687 904 3741 in
935 3688 1022 3742 die
1050 3687 1172 3754 illa,
1203 3687 1332 3743 dicit
1362 3687 1653 3755 Dominus,
1675 3702 1780 3742 vox
1804 3686 2055 3742 clamoris
2153 3679 2317 3734 etiam
2348 3679 2558 3735 cloacas
2583 3688 2638 3735 et
2667 3681 2926 3735 obscuras
2954 3681 3273 3749 speluncas,
3303 3688 3364 3733 ut
3391 3678 3570 3733 nullus
3603 3693 3747 3748 pos-

489 3793 520 3830 a
547 3783 704 3846 porta
728 3777 955 3848 piscium
975 3818 990 3843 ,
1021 3785 1076 3832 et
1104 3777 1335 3832 ululatus
1364 3791 1396 3831 a
1426 3777 1692 3843 secunda,
1721 3784 1777 3832 et
1805 3778 2049 3834 contritio

2188 3768 2223 3822 it
2253 3768 2510 3841 effugere.
2538 3768 2682 3837 Hoc,
2723 3770 2816 3840 qui
2847 3769 3253 3825 subversionem
3288 3784 3322 3823 a
3361 3767 3627 3823 Romanis
3658 3767 3745 3822 fa-

490 3879 684 3937 tnngna
733 3881 765 3922 a
807 3867 1053 3923 collibus.
1087 3886 1105 3919 ›
1137 3867 1356 3922 Portam
1401 3867 1630 3936 piscium
1678 3879 1799 3920 eam
1844 3874 2056 3935 portant
2156 3869 2299 3916 ctam
2336 3861 2566 3932 legerit,
2607 3861 2682 3916 ita
2721 3870 2935 3933 gestum
2978 3862 3232 3918 inveniet.
3278 3859 3525 3916 Visitabit
3567 3861 3746 3915 etiam

489 3958 785 4013 secundum
811 3958 1044 4013 litteram
1078 3957 1241 4024 dicit,
1263 3973 1383 4028 qua:
1410 3957 1640 4013 vicinior
1661 3965 1778 4011 erat
1807 3957 1977 4022 mari,
2005 3965 2059 4011 et
2158 3968 2319 4023 super
2343 3953 2490 4008 viros
2529 3952 2734 4010 deﬁxos
2765 3954 2820 4009 in
2848 3954 3069 4010 facibus
3115 3954 3248 4021 suis,
3276 3954 3383 4010 hoc
3405 3961 3512 4017 est,
3551 3953 3654 4022 qui
3691 3953 3747 4007 in

491 4047 721 4101 ducebat
767 4047 1058 4118 Diospolim
1102 4056 1157 4102 et
1201 4046 1427 4119 Joppcn.
1481 4047 1742 4117 Quodque
1794 4046 2056 4117 sequitur,
2158 4044 2473 4114 corporibus
2501 4045 2797 4100 conﬁdunt.
2831 4047 3148 4118 Despective
3173 4046 3315 4101 enim
3359 4043 3746 4100 fortitudinem

497 4154 516 4186 ι
554 4136 798 4192 Ululatus
831 4151 863 4190 a
890 4138 1158 4202 secunda,
1192 4155 1210 4188 ιι
1242 4147 1453 4206 portam
1489 4138 1619 4192 dicit
1655 4135 1876 4192 secundi
1918 4136 2060 4190 muri
2159 4137 2405 4208 corporis
2434 4136 2590 4194 faeces
2613 4147 2792 4194 vocat.
2826 4138 2951 4194 Sive
2983 4138 3188 4193 deﬁxos
3215 4138 3271 4192 in
3308 4136 3533 4192 faecibus
3573 4146 3752 4192 vocat

492 4232 550 4286 in
591 4232 776 4287 eadem
804 4231 969 4285 maris
996 4231 1104 4285 via.
1137 4230 1439 4284 Secundam
1479 4237 1661 4283 autem
1688 4226 2020 4283 Hierusalem
2043 4267 2057 4294 ,
2159 4235 2473 4297 peccatores
2491 4267 2508 4293 ,
2534 4228 2625 4298 qui
2655 4229 3038 4284 consuetudine
3066 4228 3366 4300 peccandi,
3396 4227 3560 4284 deﬁxi
3606 4239 3750 4284 sunt

475 4321 656 4376 .etiam
703 4321 760 4374 in
808 4319 947 4375 libro
994 4320 1202 4391 Regum
1252 4310 1512 4390 legimus:
1549 4338 1566 4369 ι
1596 4318 1737 4372 Misit
1775 4319 1844 4373 ad
1871 4317 2060 4374 Oldam
2161 4316 2216 4371 in
2242 4319 2356 4373 suis
2378 4317 2674 4382 illecebris,
2706 4333 2806 4374 nec
2829 4319 2896 4374 ab
2922 4319 3002 4374 eis
3023 4319 3333 4389 pwnitendo
3356 4317 3500 4373 ablui
3525 4317 3750 4374 volunt.

495 4412 792 4482 propheten
816 4425 1041 4466 uxorem
1069 4410 1270 4464 Sellum
1290 4450 1302 4469 ,
1335 4424 1453 4478 quae
1479 4408 1759 4464 habitabat
1784 4407 1840 4461 in
1866 4406 2060 4462 Hieru-
2162 4407 2226 4462 Hi
2256 4407 2413 4473 tales,
2450 4427 2468 4459 ι
2512 4408 2603 4477 qui
2633 4408 2816 4464 dicunt
2844 4409 2898 4464 in
2940 4409 3190 4467 cordibus
3232 4411 3346 4466 suis
3383 4409 3539 4466 :Non
3574 4410 3753 4467 faciet

495 4504 662 4558 salem
703 4501 757 4556 in
796 4501 1048 4557 secunda.
1083 4519 1104 4551 ι
1135 4499 1526 4554 Contritionem
1571 4514 1603 4550 a
1642 4497 1900 4563 collibus,
1942 4511 2063 4567 per-
2162 4497 2299 4553 bene
2351 4498 2641 4564 Dominus,
2687 4509 2741 4554 et
2789 4515 2895 4554 non
2943 4500 3105 4555 faciet
3151 4501 3318 4569 male,
3353 4520 3373 4554 ι
3404 4502 3457 4557 id
3485 4510 3603 4568 est,
3645 4520 3753 4560 nec

496 4593 856 4648 turbationem
882 4591 1130 4662 designat
1154 4592 1219 4646 de
1247 4599 1429 4646 monte
1471 4589 1600 4644 Sion
1617 4629 1631 4654 ,
1677 4597 1732 4644 et
1769 4589 2063 4644 excelsiore
2162 4588 2319 4644 bonis
2345 4589 2482 4644 bona
2513 4590 2805 4656 retribuet,
2829 4606 2929 4646 nec
2955 4591 3111 4647 malis
3134 4592 3274 4648 mala
3301 4593 3573 4664 rependet.
3607 4593 3757 4649 Tro.

496 4682 704 4739 scilicet
753 4681 900 4737 urbis
945 4690 1131 4751 parte,
1184 4695 1288 4750 qua
1336 4687 1523 4750 capta,
1575 4677 1785 4734 facilior
1825 4687 1944 4733 erat
1994 4679 2060 4732 ad
2090 4743 2129 4751 ᾳ
2165 4677 2408 4748 pologice
2432 4688 2608 4734 autem
2637 4681 2692 4735 in
2718 4681 2803 4736 die
2837 4682 2923 4736 illa
2946 4722 2962 4748 ,
2998 4682 3050 4737 id
3077 4692 3160 4739 est
3197 4684 3248 4738 in
3273 4685 3756 4740 consummatione

496 4788 666 4844 prona
695 4743 1004 4828 descensus.
1039 4743 1516 4842 Tropologice-per
1547 4778 1757 4840 portam
1801 4769 2061 4840 piscium,
2087 4743 2140 4803 D
2165 4743 2352 4826 mundi
2373 4813 2387 4837 ,
2418 4773 2744 4828 scrutabitur
2767 4774 2908 4830 Deus
2937 4743 3272 4832 Hierusalem
3291 4816 3305 4842 ,
3337 4776 3391 4830 id
3423 4785 3509 4832 est
3549 4777 3757 4839 Eccle-

497 4878 685 4918 sensus
723 4862 1000 4918 oculorum
1053 4861 1383 4932 exprimitur
1413 4877 1428 4927 ;
1459 4876 1554 4930 per
1587 4859 1913 4928 secundam,
1942 4874 2066 4916 sen-
2170 4861 2303 4916 siam
2336 4862 2388 4916 in
2415 4862 2662 4928 lucerna,
2696 4865 2796 4920 hoc
2824 4873 2907 4921 est
2948 4867 3002 4920 in
3038 4867 3240 4937 judicio
3283 4865 3517 4934 Christi,
3548 4871 3651 4937 qui
3686 4888 3756 4926 ex

497 4969 591 5010 sus
625 4955 855 5008 aurium.
894 4953 996 5009 Per
1025 4954 1122 5009 hos
1157 4953 1354 5023 quippe
1385 4952 1520 5007 duos
1567 4968 1786 5016 scnsus,
1816 4950 2064 5006 videlicet
2171 4949 2505 5008 humanitate
2548 4962 2758 5010 constat
2795 4964 2851 5010 et
2891 4956 3202 5024 divinitate,
3245 4959 3382 5014 sicut
3424 4958 3652 5014 lucerna
3685 4977 3756 5016 ex

495 5045 749 5100 audiendi
781 5052 835 5100 et
870 5045 1122 5111 videndi,
1168 5045 1400 5100 maxime
1437 5054 1752 5114 peccatores
1783 5043 2064 5115 iudicandi
2175 5049 2311 5097 testa
2358 5049 2411 5096 et
2461 5042 2689 5111 lumine,
2733 5058 2824 5116 per
2853 5062 3014 5118 quem
3041 5048 3183 5104 Deus
3206 5047 3368 5106 Pater
3390 5064 3552 5105 omne
3577 5049 3759 5107 faciet

497 5142 653 5201 sunt,
684 5150 780 5206 per
807 5152 942 5206 quos
967 5137 1174 5207 peccati
1204 5137 1488 5208 delectatio
1516 5138 1583 5192 ad
1612 5151 1803 5193 sensus
1830 5135 2064 5204 reliquos
2165 5131 2423 5204 judicium
2448 5150 2463 5200 ;
2495 5143 2549 5190 et
2576 5134 2815 5190 visitabit
2843 5153 3003 5208 super
3031 5138 3176 5193 viros
3200 5138 3404 5194 deﬁxos
3434 5139 3490 5193 in
3520 5141 3760 5196 faecibus

497 5235 731 5281 emanat.
760 5227 878 5282 Erit
905 5229 1052 5283 enim
1077 5229 1330 5284 contritio
1358 5245 1549 5300 magna
1581 5245 1610 5281 a
1640 5227 1896 5292 collibus,
1939 5226 2064 5295 quia
2166 5224 2307 5292 suis,
2357 5227 2461 5281 hoc
2506 5235 2589 5282 est
2612 5268 2626 5293 ,
2678 5228 2966 5285 ulciscetur
3002 5232 3055 5284 in
3086 5233 3193 5298 eis,
3240 5233 3436 5302 quibus
3481 5248 3578 5287 sua
3611 5249 3755 5302 pec-

499 5327 807 5375 conteretur
858 5319 1118 5391 quidquid
1174 5321 1353 5376 fuerat
1406 5321 1698 5376 excelsum.
1755 5319 1870 5373 Vox
1923 5318 2066 5373 enim
2169 5328 2287 5372 cata
2332 5319 2680 5390 placuerunt,
2727 5337 2848 5374 cum
2878 5321 3229 5378 defenderent
3259 5323 3396 5378 mala
3423 5339 3551 5389 sua,
3597 5324 3759 5380 blas-

499 5407 710 5463 Domini
739 5424 901 5480 super
935 5425 1147 5465 omnem
1191 5410 1477 5478 superbum
1519 5416 1571 5462 et
1611 5415 1985 5477 arrogantem,
2019 5415 2073 5460 et
2169 5409 2489 5480 phemantes
2526 5411 2726 5478 Deum,
2780 5421 3032 5484 tanquam
3081 5415 3213 5472 tales
3256 5431 3350 5473 eos
3393 5416 3649 5482 fecisset,
3700 5429 3762 5473 et

498 5497 882 5576 humiliabitur.
911 5500 1048 5556 Sunt
1071 5502 1162 5571 qui
1184 5501 1317 5554 duas
1339 5509 1540 5570 portas,
1558 5500 1883 5570 baptismum
1912 5501 2070 5555 intel-
2173 5501 2420 5558 tollentes
2445 5503 2841 5571 providentiam
2867 5506 2994 5573 Dei,
3025 5517 3086 5562 ut
3113 5525 3214 5565 nec
3239 5509 3379 5565 bene
3406 5509 3586 5566 facere
3617 5526 3760 5581 pro-

499 5589 670 5664 ligunt
695 5601 749 5648 et
774 5593 1146 5664 paenitentiam
1163 5633 1179 5658 ,
1211 5601 1265 5646 ct
1293 5609 1320 5646 a
1351 5593 1525 5661 prima
1554 5601 1710 5664 porta
1735 5608 1839 5648 vox
1868 5593 2069 5649 clamo-
2175 5593 2386 5660 desset,
2410 5611 2508 5650 nec
2529 5596 2744 5652 obesset
2772 5599 2912 5654 male
2939 5598 3137 5657 faccre.
3158 5601 3218 5656 In
3241 5603 3462 5658 lucerna
3486 5618 3621 5674 ergo
3644 5606 3759 5660 Do—

499 5685 575 5740 ris
603 5685 816 5742 illorum
845 5688 976 5752 erit,
1009 5687 1100 5755 qui
1131 5701 1235 5740 non
1266 5693 1618 5740 servaverunt
1641 5686 1784 5757 quod
1812 5686 1867 5741 in
1895 5687 2072 5756 bapti-
2175 5686 2354 5741 minus
2382 5685 2714 5743 Hierusalem
2740 5692 3086 5758 scrutabitur,
3111 5692 3165 5747 id
3195 5701 3280 5748 est
3310 5693 3762 5765 pnoferetotunia

499 5790 616 5831 smo
657 5777 1038 5846 promiserunt.
1089 5775 1332 5831 Ululatus
1371 5792 1402 5830 a
1444 5775 1709 5843 secunda,
1750 5792 1936 5834 eorum
1978 5777 2070 5847 qui
2176 5779 2488 5834 abscondita
2517 5781 2567 5834 in
2595 5781 2789 5836 lucem.
2818 5780 2999 5852 Neque
3028 5791 3230 5839 tantum
3260 5785 3327 5839 de
3349 5785 3618 5855 operibus
3657 5788 3763 5844 sed

497 5880 605 5920 non
627 5875 851 5936 egerunt
872 5866 1237 5936 paenitentiam
1261 5868 1326 5924 de
1349 5868 1435 5925 his
1459 5884 1578 5939 quae
1602 5875 1724 5939 post
1745 5868 2068 5941 baptismum
2175 5869 2338 5925 etiam
2367 5871 2433 5925 de
2459 5871 2646 5927 otiosis
2674 5874 3012 5929 sermonibus
3051 5885 3106 5928 et
3142 5875 3208 5929 de
3245 5874 3610 5930 subtilissimie
3661 5891 3761 5932 co-

498 5957 900 6012 commiserunt.
2175 5960 2523 6034 gitationibus
2551 5963 2691 6018 ratio
2720 5964 2810 6019 ﬁet
2837 5975 2890 6020 et
2917 5966 3167 6022 vindicta.
