3950 6456
181 421 268 475 201

1083 407 1482 467 ENARRATIO
1518 404 1586 461 IN
1620 401 2012 461 SOPHONIAM
2049 402 2492 461 PROPHETAM.

3301 404 3409 459 209.

252 553 266 584 ι
298 531 364 586 Et
402 529 508 585 erit
549 527 804 583 fortitudo
845 541 1031 582 eorum
1060 527 1112 580 in
1143 524 1529 594 direptionem,
1561 526 1616 574 et
1643 518 1740 573 do-
1769 523 1822 582 Α
1849 515 2056 586 quitate
2080 525 2135 571 et
2164 517 2331 571 nimia
2359 514 2721 572 sollicitudine
2745 512 3014 586 quaesita,
3041 528 3148 570 non
3178 522 3432 584 poterunt

183 640 292 680 mus
319 637 507 678 eorum
539 621 590 675 in
625 621 898 676 desertum
919 661 932 683 ,
967 626 1024 674 et
1062 616 1406 673 aedilicabunt
1434 615 1654 678 domos,
1698 618 1754 666 et

183 730 277 770 non
324 711 646 767 habitabant
677 728 691 765 :
735 717 789 765 et
831 709 1146 780 plantahunt
1185 706 1402 770 vineas,
1441 712 1498 760 et
1535 718 1642 758 non
1671 702 1753 757 hi-

180 804 293 860 bent
329 785 514 858 vinum
553 818 761 857 earum.
802 821 820 854 ι
855 799 1138 854 Manifeste
1183 799 1249 853 de
1289 795 1488 852 Iudaeis
1529 794 1748 858 dicitur,

179 909 397 963 quorum
447 892 709 948 fortitudo
759 899 814 945 et
866 890 1044 945 omnis
1099 887 1371 943 exercitus
1423 885 1751 956 captivitatis

181 992 412 1055 tempore
439 968 503 1037 in.
525 982 884 1052 direptionem
914 981 1039 1035 data
1069 974 1184 1044 est,
1213 988 1268 1034 et
1307 979 1500 1033 domus
1541 977 1752 1032 destru-

175 1081 302 1136 ctas,
333 1080 389 1126 et
428 1072 544 1142 agri
594 1079 650 1125 et
683 1071 852 1124 vineae
883 1078 1127 1124 vastataa.
1167 1067 1278 1124 Nec
1315 1067 1633 1139 prolongata
1668 1074 1754 1120 est

178 1164 335 1228 ultio,
376 1177 477 1218 nec
513 1162 656 1217 ultra
690 1161 1029 1231 exspectavit
1062 1160 1320 1232 patientia
1359 1159 1490 1224 Dei,
1528 1157 1622 1213 sed
1657 1170 1751 1211 ve—

178 1252 363 1308 lociter
393 1251 634 1307 restituit
665 1251 745 1307 eis
771 1251 920 1320 quod
957 1251 1328 1305 merebantur.
1367 1249 1476 1304 Sed
1509 1255 1565 1301 et
1593 1245 1750 1316 juxta

177 1344 524 1415 tropologiam
557 1343 612 1396 in
639 1342 726 1396 die
755 1340 943 1409 judicii
979 1341 1160 1395 omnis
1195 1339 1461 1394 malorum
1491 1336 1751 1392 fortitudo

173 1437 384 1490 dabitur
437 1435 490 1488 in
540 1432 917 1503 direptionem.
963 1430 1066 1498 Qui
1113 1430 1517 1485 aediﬁcaverunt
1563 1427 1752 1482 domos

174 1543 274 1582 non
302 1541 467 1596 super
493 1533 734 1594 petram,
769 1523 865 1578 sed
902 1537 1066 1593 super
1105 1537 1325 1576 arenam
1351 1561 1366 1584 ,
1403 1535 1505 1574 nec
1537 1520 1752 1589 planta-

173 1625 360 1671 verunt
387 1616 605 1672 vineam
635 1615 864 1670 electam
885 1654 900 1680 ,
931 1615 1028 1668 sed
1057 1614 1273 1668 vineam
1305 1611 1664 1667 Sodomorum
1695 1619 1750 1664 et

171 1706 504 1762 Gomorrhze.
547 1704 696 1760 Talis
723 1719 852 1775 ergo
879 1704 1145 1774 plantatio
1171 1704 1392 1773 peribit.

239 1816 261 1850 ς
293 1797 456 1853 Juxta
487 1803 574 1852 est
609 1796 725 1850 dies
764 1795 978 1850 Domini
1015 1809 1281 1865 magnus,
1313 1793 1471 1862 juxta
1505 1803 1561 1851 et
1594 1795 1751 1872 velox

1852 609 2084 664 liberare
2127 608 2373 664 dominos
2413 616 2470 662 et
2520 621 2862 677 possessores
2905 621 3061 672 suos,
3115 608 3258 676 quia
3287 607 3464 679 ignis.

1852 701 1947 756 irte
1985 699 2198 756 Domini
2241 697 2522 753 devorabit
2556 713 2652 754 eos
2693 706 2748 753 et
2787 713 3002 754 omnem
3036 707 3236 754 terram
3280 699 3454 769 regui'

1853 792 2092 847 illorum.
2141 789 2331 846 Faciet
2379 798 2560 845 autem
2611 789 2870 845 Dominus
2910 789 3430 846 consummationem

1851 899 1974 939 cum
2007 882 2370 938 festinatione.
2399 880 2536 935 Nam
2567 881 2983 951 quadragesimo
3021 881 3260 936 secundo
3285 894 3433 935 anno

1850 982 1975 1045 post
2020 973 2325 1044 passionem
2372 971 2585 1026 Domini
2617 986 2866 1041 possessa
2911 980 2995 1027 est
3024 971 3360 1030 Hierusalem
3399 985 3430 1024 a

1850 1063 2140 1126 Romanis,
2189 1071 2244 1118 et
2285 1061 2681 1116 consummatio
2722 1058 2866 1114 facta
2911 1069 2994 1114 est
3035 1076 3160 1115 cum
3201 1060 3429 1116 festina-

1851 1157 2017 1212 tione.
2051 1153 2243 1214 Sedet
2273 1153 2326 1226 iln
2359 1151 2546 1207 mundi
2587 1150 2695 1204 fine
2727 1149 3126 1205 tribulahuntnr
3155 1151 3306 1220 impii
3336 1151 3436 1207 ho-

1851 1248 2056 1311 mines,
2090 1246 2145 1301 id
2191 1253 2276 1300 est
2323 1242 2573 1299 carnales
2603 1251 2659 1297 et
2693 1241 2786 1311 qui
2823 1240 3122 1296 secundum
3156 1241 3433 1299 hominem

1852 1339 2130 1404 vixerunt,
2167 1345 2224 1392 et
2264 1335 2618 1392 ambulabunt
2655 1344 2715 1390 ut
2750 1334 2916 1400 caici,
2967 1333 3092 1404 quia
3122 1348 3308 1388 verum
3353 1334 3434 1388 lu-

1851 1444 1975 1484 men
1999 1429 2368 1500 perdiderunt.
2394 1427 2548 1495 Quod
2571 1443 2698 1483 vero
2727 1426 2976 1496 sequitur
3002 1443 3015 1480 :
3063 1446 3083 1477 ‹
3119 1425 3436 1482 Ell'undetur

1853 1521 2073 1590 sanguis
2091 1535 2280 1576 eorum
2319 1520 2461 1574 sicut
2502 1520 2719 1586 humus,
2754 1540 2772 1572 ι
2802 1518 2857 1573 in
2883 1518 2969 1574 die
2982 1516 3172 1589 judicii
3205 1533 3436 1589 uonpo-
3511 1553 3514 1556 -

1855 1615 1983 1670 terit
2026 1612 2232 1670 effundi
2279 1613 2532 1684 sanguis,
2575 1629 2701 1669 cum
2739 1613 2853 1684 jam
2900 1620 3062 1667 erunt
3106 1611 3432 1667 immortalia

1852 1724 2102 1780 corpora.
2141 1709 2282 1780 Ergo
2319 1707 2539 1764 nomine
2573 1708 2851 1779 sanguinis
2884 1706 3014 1762 illud
3040 1705 3310 1762 debemus
3345 1720 3434 1760 ac-

1853 1800 2066 1869 cipere,
2098 1815 2204 1870 quo
2232 1807 2518 1872 vegetatur
2536 1807 2594 1854 et
2615 1799 2750 1854 vivit
2789 1799 3006 1864 anima,
3042 1799 3201 1855 fidem
3241 1795 3464 1854 videlir
3509 1829 3514 1834 ο

171 1890 351 1945 nimis.
386 1890 499 1945 Vox
534 1888 642 1943 diei
673 1887 886 1942 Domini
917 1901 1135 1951 amara,
1165 1886 1510 1941 tribulabitur
1538 1887 1610 1942 ibi
1639 1886 1749 1941 for—
1781 1887 1822 1945 Β
1851 1901 1964 1957 cet,
2007 1907 2187 1962 spent,
2228 1899 2285 1947 et
2319 1881 2641 1947 charitatem
2661 1933 2677 1958 ,
2712 1899 3044 1962 caaterasque
3081 1891 3348 1957 virtutes,
3377 1891 3432 1946 in

172 1979 256 2034 tis.
287 1979 412 2034 Dies
440 1981 532 2033 iraa
559 1978 674 2033 dies
703 1977 825 2041 illa,
851 1974 967 2032 dies
993 1977 1357 2032 tribulationis
1379 1986 1437 2032 et
1460 1979 1742 2048 angustize,

173 2068 286 2123 dies
313 2067 637 2123 calamitatis
663 2075 721 2122 et
747 2067 1003 2122 miseriae.
1039 2087 1058 2120 ι
1086 2066 1249 2122 Juxta
1287 2069 1525 2124 litteram
1562 2070 1744 2124 omnia

175 2159 287 2213 haec
315 2159 396 2212 vel
432 2160 497 2214 de
524 2157 852 2230 Babylonica
877 2197 891 2223 ,
923 2158 1010 2214 vel
1047 2159 1114 2213 de
1149 2160 1392 2214 Romana
1431 2159 1747 2229 captivitate

166 2250 439 2304 dicuntur.
493 2249 645 2304 Tunc
693 2249 839 2304 enim
877 2249 1086 2326 experti
1125 2257 1251 2305 sunt
1286 2249 1429 2306 diem
1469 2265 1745 2316 amaram,

169 2339 259 2409 qui
294 2339 463 2394 Deum
499 2339 567 2394 ad
607 2340 1024 2396 amaritudinem
1061 2349 1509 2410 provocaverant.
1548 2341 1746 2398 Tribu-

170 2430 263 2485 lati
298 2439 427 2486 sunt
461 2430 533 2486 ibi
571 2429 743 2487 fortes
783 2440 840 2486 et
883 2441 1164 2501 potentes,
1211 2432 1315 2488 fuit
1351 2433 1469 2488 dies
1506 2432 1594 2488 illa
1631 2433 1748 2488 dies

170 2522 294 2586 itte,
352 2521 480 2590 quia
532 2536 674 2591 saepe
721 2522 944 2592 quidem
991 2532 1152 2578 antea
1195 2523 1566 2578 sustinuerant
1608 2523 1746 2578 iram

170 2611 262 2666 Dei
281 2651 296 2676 ,
331 2611 427 2666 sed
459 2627 568 2669 non
598 2612 652 2666 in
685 2613 1176 2668 consummatione.
1209 2612 1333 2669 Haec
1363 2622 1546 2669 autem
1575 2613 1656 2668 ira
1686 2613 1748 2668 li-

170 2705 254 2760 nis
284 2720 472 2759 eorum
512 2704 644 2772 fuit,
675 2707 802 2776 quia
839 2707 1196 2776 perdiderunt
1235 2707 1446 2772 locum,
1486 2722 1745 2778 regnum,

167 2806 226 2852 et
269 2806 518 2869 gentem,
565 2807 621 2854 et
663 2800 718 2853 in
758 2814 952 2854 omnes
987 2799 1172 2854 mundi
1222 2800 1484 2855 terminos
1518 2799 1747 2870 dispersi

168 2897 315 2943 sunt.
360 2889 595 2944 Possunt
637 2890 752 2944 hinc
785 2889 1121 2961 tropologice
1157 2889 1348 2946 referri
1389 2891 1456 2944 ad
1497 2906 1751 2946 consum-

168 2981 466 3036 litationem
495 2981 677 3036 smculi
700 3021 714 3044 ,
745 2981 964 3049 quando
989 2981 1095 3034 erit
1126 2997 1231 3034 vox
1265 2997 1449 3034 amara
1469 3021 1484 3045 ,
1521 2996 1643 3050 qua:
1671 2981 1749 3036 di-

169 3071 379 3141 rigetur
412 3070 479 3125 ad
509 3086 604 3126 eos
631 3071 722 3140 qui
756 3071 808 3125 in
841 3071 1081 3144 sinistris
1109 3079 1298 3137 erunt,
1329 3091 1348 3124 ‹
1378 3071 1456 3126 lte
1484 3072 1539 3126 in
1570 3071 1749 3141 ignem

163 3171 461 3226 azternum,
497 3181 516 3214 ι
549 3171 653 3216 etc.
690 3161 1064 3217 Tribulabitur
1094 3163 1166 3217 ibi
1199 3162 1384 3230 fortis,
1418 3165 1546 3233 quia
1583 3147 1770 3220 etiam.

1846 1987 2043 2056 quibus
2075 1995 2158 2041 est
2193 1985 2302 2040 vita
2341 1986 2554 2040 animae.
2596 1984 2698 2054 Qui
2737 2000 2866 2056 ergo
2902 1986 3048 2041 hunc
3085 1985 3282 2041 animae
3307 2000 3435 2040 san-

1847 2081 2063 2151 guinem
2107 2079 2338 2145 fuderit,
2388 2079 2441 2134 id
2485 2086 2570 2135 est
2621 2079 2715 2149 qui
2744 2078 3015 2134 hominem
3067 2079 3210 2134 malo
3247 2092 3437 2135 exem-

1846 2172 1935 2241 plo
1961 2185 2044 2226 vet
2069 2185 2325 2242 perversa
2353 2170 2599 2226 doctrina
2628 2170 2904 2227 necaverit
2936 2171 3214 2237 fundetur,
3263 2171 3317 2226 in
3347 2171 3462 2226 die:

1840 2260 2032 2331 judicii
2062 2261 2282 2332 sanguis
2317 2261 2466 2332 ejus,
2510 2261 2566 2316 id
2600 2269 2685 2316 est
2727 2261 2772 2316 si
2813 2261 2942 2333 quid
2982 2261 3146 2317 vitale
3181 2262 3236 2316 in
3277 2261 3435 2317 bonis

1847 2354 2103 2424 operibus
2126 2354 2411 2410 videbatur
2439 2353 2640 2410 habere
2656 2393 2672 2420 ,
2699 2361 2925 2426 cogetur
2949 2353 3217 2408 atnittere.

2469 2509 2696 2566 CAPUT
2734 2509 2796 2564 ll.

1924 2641 1943 2674 ι
1979 2620 2301 2689 Convenite,
2323 2622 2754 2694 congregamini,
2786 2637 2918 2694 gens
2954 2639 3061 2678 non
3097 2622 3363 2678 amabilis.
3411 2643 3430 2675 ι

1847 2711 1969 2767 Post
2023 2713 2277 2783 praedicta
2327 2712 2466 2767 mala
2502 2728 2624 2784 quae
2669 2713 2879 2784 passuri
2935 2721 3110 2778 erant,
3164 2720 3427 2783 provocat
3501 2752 3506 2756 -

1848 2805 2107 2874 propheta
2138 2803 2390 2874 populum
2417 2803 2486 2859 ad
2513 2804 2886 2874 paenitentiam
2911 2822 2925 2857 :
2959 2803 3278 2869 Convenite,
3301 2793 3436 2859 con-

1849 2898 2150 2969 gregamini
2177 2898 2230 2952 in
2254 2899 2507 2953 unionem
2534 2897 2817 2954 charitatis
2837 2938 2852 2963 ,
2882 2897 2973 2967 qui
3006 2898 3175 2953 eratis
3201 2896 3432 2966 dispersi

1850 2988 2108 3059 peccatis.
2153 3005 2172 3038 ι
2229 2987 2376 3045 Gens
2417 3002 2529 3043 non
2574 2977 2857 3053 amabilis,
2914 3009 2933 3040 ι
2977 2989 3028 3043 id
3080 2997 3170 3044 est
3216 2988 3434 3061 indigna

1853 3093 2040 3132 amore
2067 3078 2185 3133 Dei.

1929 3192 1947 3223 ε
1979 3169 2300 3239 Priusquam
2351 3172 2528 3254 pariat
2556 3173 2692 3228 visio
2734 3174 2889 3243 quasi
2934 3173 3211 3242 pulverem
3255 3183 3432 3229 trans-
3511 3209 3514 3214 -

167 3253 346 3308 sancti
376 3266 580 3323 pavore
607 3252 906 3320 solventur,
941 3261 998 3308 et
1022 3253 1251 3309 virtutes
1278 3254 1538 3310 caelorum
1568 3270 1749 3310 move-
1776 3251 1820 3312 C
1853 3271 2070 3321 euntem
2106 3263 2268 3328 diem,
2313 3251 2606 3333 antequam
2634 3265 2816 3319 veniat
2845 3280 3008 3336 super
3030 3281 3126 3320 vos
3173 3264 3250 3320 im
3291 3265 3439 3319 [ιιι-ο-

167 3346 392 3402 buntur.
429 3344 548 3399 Erit
583 3359 798 3414 quoque
831 3345 950 3400 dies
988 3345 1114 3411 irze,
1164 3345 1529 3401 tribulationis
1574 3356 1631 3402 et
1658 3361 1754 3400 an-

165 3437 390 3509 gustia,
438 3437 654 3508 quando
701 3437 958 3508 plangent
1001 3452 1194 3493 omnes
1227 3446 1448 3510 gentes,
1485 3446 1541 3493 et
1576 3437 1754 3494 nullus

162 3527 277 3583 erit
328 3527 510 3599 effugii
560 3527 731 3593 locus,
788 3528 968 3582 nullus
1025 3527 1182 3584 alteri
1211 3527 1584 3583 auxiliabitnr.
1638 3528 1755 3583 Erit

171 3639 192 3671 ι
225 3619 346 3676 dies
395 3620 742 3677 tenebrarum
772 3631 829 3676 et
853 3620 1105 3690 caliginis
1125 3661 1142 3688 ,
1173 3621 1290 3677 dies
1317 3621 1528 3677 nebulae
1553 3629 1611 3677 et
1638 3628 1755 3676 tur-

164 3711 336 3778 binis,
367 3731 385 3764 ι
418 3713 562 3781 quod
595 3728 817 3768 necesse
847 3721 936 3768 est
969 3721 1030 3768 ut
1057 3728 1152 3769 eos
1176 3720 1574 3783 persequantur
1603 3721 1754 3768 tene-

164 3804 313 3868 bue,
345 3805 438 3873 qui
464 3805 598 3859 dum
633 3805 771 3859 male
797 3813 1055 3876 agerent,
1085 3806 1211 3861 odio
1239 3805 1516 3860 habebant
1535 3804 1734 3860 lucem.

240 3894 359 3948 Erit
387 3913 405 3945 ι
433 3894 550 3949 dies
579 3895 720 3949 tuba:
747 3903 800 3949 et
825 3895 1118 3966 clangoris,
1151 3915 1168 3946 ι
1198 3895 1341 3965 quod
1369 3893 1756 3966 (utApostolus

164 3986 248 4039 ait
273 3986 292 4056 )
325 3985 418 4039 lict
436 3984 700 4051 judicium
735 3985 790 4038 in
820 3995 1123 4052 momento,
1153 3987 1208 4040 in
1236 3987 1346 4041 ictu
1373 3985 1515 4041 oculi
1536 4026 1551 4050 ,
1582 3986 1636 4040 in
1663 4000 1758 4040 no-

162 4079 401 4134 vissima
435 4077 583 4132 tuba.
622 4096 641 4129 ι
674 4075 800 4132 Haec
827 4085 1008 4132 autem
1038 4078 1220 4133 omnia
1245 4087 1408 4134 erunt
1439 4096 1456 4128 ι
1493 4093 1658 4148 super
1687 4078 1758 4133 ci-

163 4171 378 4223 vitates
426 4169 683 4232 munitas,
709 4185 727 4216 ι
759 4166 815 4220 id
845 4174 930 4222 est
968 4181 1132 4236 super
1160 4183 1377 4223 omnem
1411 4168 1597 4223 mundi
1627 4183 1758 4223 con-

166 4259 456 4315 ﬁdentiam
506 4267 561 4314 et
607 4259 1110 4328 praesumptionem.
1148 4277 1167 4309 ‹
1202 4259 1268 4314 Ει
1323 4275 1486 4329 super
1539 4261 1759 4332 angelos

164 4349 447 4415 excelsos,
483 4369 503 4401 ι
534 4364 698 4420 opera
729 4349 983 4405 videlicet
1007 4363 1296 4420 perversa,
1329 4359 1384 4405 et
1415 4358 1620 4406 rectam
1653 4351 1757 4406 Do-

167 4442 310 4497 mini
342 4440 485 4496 viam
515 4439 864 4496 declinantia.

252 4573 274 4604 ‹
309 4555 376 4609 Et
404 4553 674 4609 tribulabo
701 4552 975 4619 homines,
1011 4561 1066 4609 et
1103 4553 1457 4610 ambulabunt
1492 4563 1553 4609 ut
1592 4554 1752 4619 eieci,

1854 3359 1930 3414 ris
1955 3357 2192 3425 Domini,
2230 3377 2248 3409 ι
2277 3357 2330 3412 id
2351 3365 2436 3413 est
2477 3364 2770 3427 antequam
2799 3357 3124 3428 impleantur
3152 3374 3273 3430 quae
3307 3375 3438 3429 pra:-

1854 3451 1999 3506 dicta
2046 3456 2202 3515 sunt,
2236 3463 2357 3520 quae
2383 3449 2458 3504 ita
2490 3447 2648 3505 facile
2686 3450 2938 3517 venient,
2975 3451 3078 3507 nisi
3126 3451 3438 3523 paenitendo

1852 3539 2245 3611 praeveneritis,
2279 3539 2421 3595 sicut
2450 3538 2724 3596 levissime
2764 3540 2973 3612 rapitur
2998 3542 3174 3612 pulvis
3200 3557 3230 3596 a
3255 3551 3435 3598 vento.

1852 3633 1911 3688 in
1960 3647 2069 3704 quo
2109 3632 2566 3688 considerandum
2613 3642 2816 3703 quanta
2865 3635 2938 3690 sit
2981 3633 3077 3690 Dei
3127 3635 3466 3691 clementia.-

1854 3724 2121 3782 Provocat
2148 3724 2217 3779 ad
2245 3723 2676 3780 misericordiam
2701 3765 2716 3791 ,
2748 3740 2817 3781 ne
2841 3724 3007 3782 faciat
3033 3727 3174 3796 quod
3201 3727 3441 3783 minatus

1855 3824 1960 3873 est.
1999 3814 2350 3887 Tropologice
2378 3815 2646 3887 generalis
2666 3824 2750 3872 est
2785 3817 2854 3873 ad
2881 3833 3071 3873 omnes
3094 3819 3402 3875 exhortatio
3423 3860 3437 3884 ,

1857 3918 1918 3965 ut
1963 3917 2362 3982 congregemur
2399 3909 2454 3964 in
2495 3911 2813 3965 societatem
2851 3910 3127 3978 Ecclesiae,
3155 3921 3211 3967 et
3235 3928 3466 3983 prave--

1855 4003 2008 4058 niant
2032 4003 2168 4057 iram
2198 4002 2291 4057 Dei
2319 4016 2419 4072 per
2463 4002 2835 4073 paenitentiam
2860 4043 2875 4068 ,
2900 4017 2966 4057 ne
2997 4019 3090 4058 eos
3115 4003 3228 4059 dies
3249 4004 3439 4075 judicii

1859 4094 2160 4164 imparatos
2184 4093 2446 4149 inveniat.

1933 4203 1953 4236 ‹
1987 4184 2223 4252 Quaerite
2249 4183 2559 4250 Dominum,
2594 4199 2788 4242 omnes
2818 4187 3086 4242 mansueti
3119 4196 3273 4242 terra:
3298 4229 3312 4254 ,
3344 4191 3436 4259 qui

1854 4275 2114 4347 judicium
2145 4277 2262 4348 ejus
2291 4276 2424 4332 estis
2451 4277 2680 4346 operati.
2721 4298 2739 4329 υ
2773 4275 2888 4334 Vox
2913 4279 3186 4350 praphetze
3211 4279 3277 4335 ad
3315 4295 3445 4337 δαη-

1859 4375 1978 4423 ctos
2031 4367 2282 4440 dirigitur
2324 4385 2338 4421 :
2391 4367 2435 4423 Ο
2483 4368 2656 4424 sancti
2705 4377 2762 4424 et
2809 4369 2992 4436 electi,
3032 4372 3123 4441 qui
3173 4381 3440 4444 praecepta

1860 4460 2072 4516 Domini
2119 4461 2443 4532 adimpletis,
2493 4468 2548 4517 et
2579 4461 2632 4516 in
2668 4469 2812 4517 terra
2861 4463 3023 4534 positi
3069 4463 3298 4522 audistis
3344 4479 3442 4520 voc

1861 4566 1977 4608 cem
2007 4552 2280 4608 dicentis:
2327 4570 2346 4604 ι
2380 4551 2532 4608 Beati
2575 4552 2756 4619 mites,
2807 4554 3064 4622 quoniam
3116 4555 3220 4624 ipsi
3266 4557 3468 4627 possi-‘

169 4646 306 4717 quia
361 4645 588 4702 Domino
632 4654 1023 4716 peccaverunt,
1073 4654 1129 4700 et
1178 4643 1486 4702 elfundetur
1531 4646 1754 4718 sanguis
1788 4613 2063 4698 l)debunt
2117 4651 2348 4709 terram,
2412 4663 2430 4694 ›
2485 4651 2542 4698 et
2592 4643 2786 4699 imitati
2837 4645 2969 4700 estis
3015 4613 3153 4717 ejus.
3190 4613 3470 4705 mansue—'

169 4753 372 4795 eorum
403 4739 541 4792 sicut
567 4739 763 4792 humus
781 4777 796 4803 ,
823 4747 878 4792 et
904 4752 1100 4807 corpus
1120 4779 1134 4803 ,
1164 4737 1305 4792 sicut
1344 4746 1582 4792 stercora
1604 4777 1619 4802 ,
1661 4736 1756 4790 sed

168 4841 233 4886 et
265 4838 551 4900 argentum
578 4844 768 4884 eorum
791 4839 851 4884 et
880 4844 1069 4883 aurum
1098 4843 1287 4883 eorum
1317 4843 1424 4882 non
1452 4827 1655 4898 poterit
1694 4826 1761 4881 li-

169 4925 379 4978 berare
405 4937 500 4977 eos
527 4922 580 4974 in
609 4920 696 4975 die
726 4921 820 4974 ira;
861 4920 1060 4975 furoris
1108 4920 1340 4975 Domini.
1387 4920 1446 4974 ln
1489 4920 1612 4991 igne
1655 4918 1758 4973 zeli

171 5012 301 5080 ejus
331 5011 679 5067 devorabitur
720 5010 896 5063 omnis
940 5017 1120 5076 terra,
1163 5009 1290 5077 quia
1331 5007 1756 5063 consummatio-

173 5121 310 5160 nem
359 5118 483 5158 cum
533 5102 879 5157 festinatione
923 5101 1089 5157 faciet
1133 5101 1343 5156 cunctis
1392 5100 1762 5155 habitantibus

173 5211 413 5255 terram.
454 5219 471 5250 ι
507 5196 849 5251 Manifestum
880 5204 962 5251 est
991 5194 1135 5265 quod
1179 5194 1384 5248 idcirco
1425 5193 1542 5247 hinc
1579 5193 1763 5247 omnia

172 5289 526 5346 Hierusalem
558 5287 896 5350 sustinuerit,
946 5285 1073 5355 quia
1125 5291 1489 5355 peccaverunt
1538 5284 1764 5338 Domino

173 5382 441 5446 Christo,
473 5379 733 5434 tradendo
761 5393 882 5433 eum
913 5376 1095 5432 morti.
1132 5376 1282 5431 Tunc
1319 5374 1762 5441 ambulaverunt,

173 5483 247 5532 ut
282 5473 421 5532 caeci
445 5513 461 5538 ,
491 5473 804 5542 ignorantes
834 5470 963 5540 quid
990 5478 1249 5540 agerent;
1282 5479 1338 5524 et
1365 5469 1489 5539 quia
1519 5467 1768 5524 fuderant

175 5566 513 5638 sanguinem
544 5564 925 5634 prophetarum
949 5603 963 5627 ,
995 5569 1052 5615 et
1081 5560 1394 5632 sanguinem
1421 5560 1538 5632 ejus
1567 5559 1659 5631 qui
1687 5568 1771 5615 est

177 5657 456 5714 Dominus
495 5657 912 5725 prophetarum,
954 5654 1154 5709 idcirco
1190 5653 1390 5710 effusus
1427 5661 1511 5709 est
1551 5649 1768 5723 sanguis

178 5763 387 5804 eorum
436 5748 577 5801 sicut
624 5746 852 5808 humus,
895 5753 949 5798 et
986 5759 1213 5814 corpora
1251 5760 1440 5800 eorum
1482 5744 1771 5815 jacucrunt

181 5839 464 5908 insepulta
497 5838 641 5893 velut
671 5846 930 5892 stercora.
973 5837 1183 5892 Divitis:
1213 5851 1427 5908 quoque
1451 5853 1638 5892 eorum
1671 5838 1770 5892 iui-

643 5933 915 5992 ΡΑτιιοι..
958 5929 1206 5990 CXVII.

1862 4735 2100 4789 tudinem
2133 4775 2148 4799 ,
2186 4742 2243 4789 et
2280 4732 2548 4803 justitiam
2600 4733 2807 4802 operati
2858 4734 3026 4800 estis,
3070 4737 3295 4806 quaerite
3341 4737 3445 4794 Do-

1862 4827 2072 4881 minum
2127 4825 2362 4881 amando
2386 4834 2442 4880 et
2479 4825 2705 4881 colendo
2735 4825 2905 4881 illum.
2953 4827 3022 4882 Et
3065 4828 3223 4899 quasi
3275 4829 3446 4886 inter-

1863 4927 2164 4988 rogaretur,
2201 4917 2324 4987 quis
2347 4925 2436 4973 est
2456 4918 2559 4973 iste
2584 4918 2864 4984 Dominus,
2897 4921 3251 4990 respondetur
3283 4941 3296 4976 :

1938 5029 1956 5061 ι
1989 5009 2224 5076 ρυειπίιθ
2239 5008 2464 5078 justum,
2479 5008 2708 5078 quaerite
2726 5018 3089 5075 mansuetum,
3108 5010 3153 5064 si
3175 5011 3448 5081 quomodo

1867 5097 2272 5156 abscondamini
2303 5098 2356 5152 in
2383 5099 2471 5154 die
2503 5098 2706 5154 furoris
2746 5099 2990 5162 Domini,
3029 5119 3047 5152 ι
3093 5100 3145 5156 id
3177 5108 3262 5155 est
3290 5100 3448 5156 Chri-

1868 5204 2033 5259 stum,
2063 5193 2150 5248 cui
2177 5208 2337 5249 omne
2360 5191 2624 5262 judicium
2649 5193 2795 5248 dedit
2827 5191 3007 5248 Pater.
3049 5191 3278 5248 .luhetur
3316 5208 3448 5263 ergo

1869 5286 2166 5344 mansuetis
2198 5294 2258 5340 ut
2287 5291 2532 5355 quaerant
2569 5292 2909 5340 mansuetum
2938 5323 2953 5350 ,
2993 5292 3049 5338 ut
3079 5284 3220 5353 quod
3268 5284 3448 5339 minus

1870 5393 1953 5438 est
1997 5383 2050 5438 in
2084 5381 2218 5444 illis,
2261 5381 2330 5435 ah
2354 5379 2447 5434 illo
2485 5377 2576 5449 qui
2605 5387 2689 5435 est
2721 5379 2980 5434 virtutum
3014 5377 3255 5433 omnium
3288 5377 3442 5444 linis,

1871 5474 2201 5545 perficiatur.
2257 5471 2364 5527 Sed
2401 5480 2456 5527 et
2497 5470 2599 5526 hoc
2645 5470 2932 5525 dicendum
2955 5509 2971 5535 ,
3017 5468 3160 5538 quod
3192 5467 3355 5538 justis
3393 5478 3450 5526 et

1871 5547 2169 5621 mansudis
2216 5563 2459 5634 loquens,
2495 5562 2648 5633 quasi
2675 5562 2975 5616 dubitative
3019 5559 3191 5618 dicit:
3226 5562 3282 5618 Si
3309 5561 3449 5618 forte
3513 5557 3528 5574 '

1871 5657 2276 5718 abscondamini
2302 5656 2354 5710 in
2386 5657 2471 5710 die
2497 5653 2695 5710 furoris
2714 5653 2949 5719 Domini,
2973 5653 3099 5723 quid
3123 5653 3212 5708 fiet
3238 5653 3307 5708 de
3328 5669 3464 5724 pec--

1874 5766 1936 5805 ca
1943 5748 2147 5806 toribus
2158 5748 2178 5801 ἲ

1949 5859 1969 5889 ι
2016 5837 2150 5903 Quia
2175 5835 2320 5892 Gaza
2349 5835 2618 5891 destructa
2651 5835 2788 5900 erit,
2819 5842 2871 5889 et
2907 5833 3132 5889 Ascaion
3172 5834 3226 5887 in
3272 5835 3494 5895 descr-I'.

3016 5931 3053 5987 7
