3950 6436
442 408 549 463 903

906 395 1258 455 llAYMONlS
1299 385 1779 448 HALBERSTAT.
1819 380 2031 438 EPISC.
2073 376 2223 433 Ol’P.
2266 374 2445 431 PARS
2483 374 2524 435 l.
2562 402 2634 414 --
2669 367 3022 427 COMMENT.
3065 363 3235 420 BIBL.

3617 362 3728 431 εμι

448 530 588 575 tum.
626 517 856 573 Azotum
897 515 953 569 in
987 511 1215 568 meridie
1253 506 1471 577 ejicient
1494 546 1510 572 ,
1535 511 1594 559 et
1617 502 1830 557 Acaron
1854 497 2034 553 eradi-
2065 505 2114 563 Α
2140 490 2301 561 pheta
2323 487 2671 550 convertitur,
2696 495 2753 540 et
2771 483 2852 539 cis
2876 480 3216 577 praenuntiat
3227 476 3368 533 mala
3390 486 3641 541 ventura,
3659 492 3730 533 eo

446 613 677 669 rabitur.
705 629 723 662 ι
750 608 944 672 Tanta,
967 603 1160 676 inquit,
1177 602 1283 657 erit
1303 596 1563 656 fortitudo
1583 591 1855 651 Chaldaici
1881 603 2037 646 exer-

448 705 608 769 citus,
643 708 702 755 ut
752 698 916 755 etiam
958 694 1368 767 potentissimas
1408 690 1574 744 urbes
1601 684 2032 746 Philistinorum,

448 797 571 865 qua:
615 789 769 846 nobis
794 800 1007 858 semper
1030 800 1187 855 aequo
1232 780 1534 838 certamine
1572 776 1924 838 restiterunt,
1954 786 2040 827 ea-

449 883 569 938 dem
625 878 913 950 captivitas
965 873 1358 946 apprehendat.
1420 868 1643 941 Mystice
1686 865 1869 928 Gaza,
1917 876 2038 931 qua:

450 972 843 1043 interpretatur
892 966 1154 1021 fortitudo
1202 964 1357 1035 ejus,“
1408 977 1501 1016 eos
1552 959 1796 1028 designat
1838 955 1931 1026 qui
1981 954 2038 1008 in

448 1065 647 1122 robore
674 1063 923 1132 corporis
952 1058 1255 1121 conﬁdunt,
1285 1062 1340 1110 et
1387 1055 1439 1107 in
1480 1050 1726 1107 saeculari
1774 1045 2035 1119 potentia.

449 1156 517 1212 Hi
537 1171 669 1228 ergo
693 1154 1044 1211 destruentur
1070 1157 1125 1204 et
1156 1148 1223 1202 ad
1245 1147 1479 1201 nihilum
1508 1143 1839 1212 redigentur.
1872 1138 2041 1192 Asca-

451 1248 539 1303 lon
593 1247 982 1314 Interpretatur
1027 1239 1357 1311 ponderata,
1400 1235 1484 1289 vel
1535 1233 1675 1304 ignis
1730 1228 2039 1293 homicida,

451 1345 767 1410 peccatores
816 1335 1089 1398 insinuat,
1145 1331 1236 1402 qui
1293 1328 1447 1399 juxta
1493 1334 1804 1379 mensuram
1860 1318 2040 1375 crimi-

376 1418 379 1423 ’
453 1409 585 1486 num
626 1426 1040 1499 iudicabuntur,
1080 1432 1136 1479 et
1178 1421 1369 1477 eadem
1414 1429 1670 1473 mensura
1716 1427 1824 1482 qua
1868 1409 2041 1465 mensi

461 1528 589 1575 sunt
632 1517 951 1573 remetietur
989 1516 1070 1571 eis
1095 1500 1192 1580 ,et
1233 1510 1326 1582 qui
1361 1514 1613 1564 arserunt
1662 1502 1934 1560 desiderio
1964 1500 2044 1557 ef-

458 1609 714 1665 fundendi
746 1606 1051 1679 sanguinis,
1092 1611 1150 1659 et
1178 1601 1355 1658 studio
1403 1594 1806 1655 scandalizandi
1851 1602 1907 1648 et
1950 1606 2045 1647 ne-

456 1700 615 1755 candi
653 1699 885 1753 animas.
938 1695 1004 1750 Hi
1034 1696 1088 1750 in
1127 1694 1403 1750 desertum
1452 1690 1805 1751 deducentur,
1830 1683 2044 1756 ignibus

457 1792 718 1861 gehennae
768 1787 975 1844 traditi.
1030 1786 1255 1848 Azotus,
1287 1796 1408 1852 quae
1460 1780 1849 1849 interpretatur
1902 1773 2043 1845 ignis

2139 580 2283 652 quod
2316 576 2626 649 Babyloniis
2657 574 2917 631 auxilium
2954 570 3285 642 praebuerint
3312 578 3504 626 contra
3552 584 3731 639 popu-

2137 669 2248 724 lum
2278 668 2392 731 Dei,
2424 676 2481 722 et
2510 682 2634 722 cum
2672 666 2751 720 eis
2779 662 3054 735 civitatem
3086 660 3454 731 templumque
3502 662 3735 716 subrue-

2138 759 2269 825 rint,
2284 765 2340 813 et
2360 757 2680 814 insultantes
2706 755 2878 824 captis
2904 752 3104 809 ludatis
3126 751 3294 827 Deum
3310 751 3733 821 blasphemare-

2139 859 2290 907 runt.
2319 849 2510 905 Audivi
2534 846 2883 918 opprobrium
2911 844 3086 899 Moab.
3113 841 3239 899 Haec
3268 843 3462 899 civitas
3490 851 3577 898 est
3594 842 3738 898 Arna

2142 945 2265 1009 hue,
2297 952 2353 999 et
2385 957 2531 997 nunc
2571 938 2853 1009 AreOpolis
2876 977 2891 1002 ,
2922 937 2978 991 id
3022 943 3106 992 est
3143 935 3332 990 Martis
3377 935 3574 1005 civitas
3603 935 3740 991 dici—

2141 1042 2248 1090 tur.
2304 1035 2370 1089 Et
2413 1032 2777 1104 blaSpbemias
2818 1028 3051 1084 ﬁliorum
3110 1028 3322 1094 Annon,
3353 1043 3476 1097 qua:
3508 1037 3567 1082 et
3616 1027 3737 1097 ipsa

2143 1128 2339 1183 civitas
2382 1125 2620 1191 Arabiae,
2679 1139 2823 1179 nunc
2876 1120 3250 1191 Philadelphia
3310 1128 3556 1175 vocatur.
3619 1118 3742 1176 Uno

2143 1227 2322 1273 autem
2351 1216 2568 1272 nomine
2605 1224 2661 1269 et
2691 1215 2839 1286 regio
2882 1222 2938 1268 et
2980 1212 3175 1267 civitas
3198 1217 3562 1280 nuncupatur.
3602 1228 3624 1261 ι
3676 1209 3745 1264 Et

2142 1308 2473 1381 magnificati
2501 1315 2627 1363 sunt
2647 1321 2808 1375 super
2838 1304 3097 1360 terminus
3128 1317 3317 1357 eorum
3350 1321 3368 1354 ι
3402 1301 3519 1371 qui,
3549 1298 3749 1370 ejectis

2144 1398 2268 1463 illis,
2291 1398 2647 1455 dilataverunt
2671 1397 2725 1451 in
2757 1408 2900 1452 terra
2926 1410 3113 1450 eorum
3140 1393 3276 1448 lines
3306 1405 3453 1448 suos.

2220 1516 2236 1546 ι
2269 1494 2564 1565 Propterea
2589 1495 2709 1548 vivo
2750 1507 2874 1563 ego,
2917 1489 3049 1544 dicit
3096 1487 3358 1545 Dominus
3396 1485 3745 1541 exercituum

2145 1586 2287 1643 Deus
2312 1586 2498 1651 Israel,
2529 1586 2656 1656 quia
2677 1584 2833 1640 Moab
2859 1593 2920 1637 ut
2948 1581 3183 1637 Sodoma
3209 1578 3334 1644 erit,
3366 1586 3422 1632 et
3449 1578 3544 1632 ﬁlii
3566 1580 3750 1635 Amen

2144 1679 2299 1751 quasi
2346 1676 2701 1733 Gomorrha..
2742 1695 2760 1727 ι
2814 1673 2928 1729 Hoc
2973 1671 3247 1742 quomodo
3290 1668 3445 1740 juxta
3500 1669 3750 1723 litteram

2145 1770 2350 1825 factum
2388 1770 2492 1833 sit,
2523 1767 2719 1838 exponi
2748 1781 2852 1820 non
2881 1774 3078 1834 potest.
3118 1761 3302 1831 Neque
3337 1760 3487 1816 enim
3538 1760 3628 1814 ha:
3660 1774 3751 1813 ur-

456 1852 838 1950 generationiS,
872 1895 965 1937 eos
991 1879 1238 1949 designat
1277 1876 1369 1945 qui
1400 1864 1571 1928 libero
1601 1872 1655 1926 in
1685 1870 1770 1925 his
1795 1867 2044 1924 incendio
2074 1868 2120 1928 Β
2148 1862 2246 1916 bes
2267 1868 2394 1915 sunt
2421 1860 2696 1915 subversae
2730 1858 2873 1913 sicut
2903 1855 3137 1911 Sodoma
3188 1864 3245 1909 et
3284 1852 3618 1917 Gomorrba,
3651 1868 3749 1908 ne-

458 1977 674 2031 ardcnt.
710 1975 817 2030 llos
856 1989 988 2044 ergo
1014 1974 1072 2027 in
1112 1970 1338 2027 meridie
1361 2009 1377 2034 ,
1402 1968 1458 2022 id
1484 1974 1571 2021 est
1595 1972 1781 2035 aperta
1813 1969 1867 2017 et
1897 1961 2046 2017 clara

460 2069 583 2125 luce
624 2068 845 2136 ejicient
889 2066 944 2120 in
994 2064 1248 2120 tenebras
1274 2059 1596 2122 exteriores,
1628 2054 1847 2125 quando
1872 2050 2047 2108 sancti

460 2160 676 2232 plenam
722 2158 988 2228 recipient
1033 2156 1355 2210 claritatem.
1402 2151 1615 2206 Acaron
1640 2187 1656 2213 ,
1685 2161 1806 2217 qua:
1848 2143 2049 2200 dicitur

456 2251 722 2306 sterilitas
751 2249 836 2304 vel
857 2247 1187 2312 eradicatio,
1216 2259 1310 2300 eos
1338 2242 1513 2314 typice
1533 2239 1780 2309 designat
1805 2235 1897 2306 qui
1928 2232 2049 2287 nul—

468 2344 550 2398 los
592 2341 721 2397 boni
747 2339 928 2410 operis
954 2340 1160 2393 fructus
1181 2335 1466 2398 habentes,
1492 2338 1547 2386 et
1573 2328 1770 2385 multos
1794 2336 2050 2396 perversa

459 2433 705 2489 doctrina
731 2430 969 2488 avellant
998 2430 1064 2484 ab
1093 2442 1279 2482 amore
1308 2425 1424 2480 Dei.
1471 2421 1539 2478 Hi
1569 2434 1782 2489 quoque
1806 2417 2051 2472 eradica-

458 2526 669 2580 buntur
695 2523 763 2579 de
789 2531 935 2579 terra
962 2521 1283 2576 viventium.

538 2635 558 2668 ι
595 2617 687 2673 Vae
714 2615 810 2686 qui
846 2613 1102 2670 habitatis
1155 2609 1453 2666 funiculum
1500 2609 1689 2670 maris,
1716 2619 1848 2676 gens
1871 2601 2052 2673 perdi-

470 2718 671 2767 turum.
713 2724 734 2759 ι
763 2708 1008 2774 Quatuor
1037 2703 1248 2773 magnis
1274 2700 1499 2756 urbibus
1539 2696 1839 2752 Palaestinae
1882 2692 2057 2747 nomi-

466 2786 640 2864 natis,
671 2813 815 2854 nunc
839 2798 907 2854 ad
937 2804 1105 2851 totam
1126 2792 1462 2865 provinciam
1502 2788 1853 2861 propheticus
1876 2799 2056 2840 sermo

462 2890 751 2961 dirigitur,
776 2896 839 2944 et
861 2887 1175 2958 praedicitur
1204 2883 1349 2954 quod
1387 2890 1444 2936 et
1474 2880 1578 2951 ipsi
1606 2880 1695 2949 qui
1713 2876 1867 2947 juxta
1906 2889 2058 2931 mare

470 2981 790 3037 habitabant
832 2976 1081 3034 vastandi
1108 2977 1235 3031 sint.
1261 2974 1400 3042 Quid
1437 2988 1570 3028 vero
1593 2970 1852 3041 sequitur,
1882 2987 1900 3019 ι
1932 2964 2061 3021 Ver-

465 3073 593 3127 bum
608 3069 822 3125 Domini
836 3083 1000 3139 super
1020 3082 1136 3133 vos,
1162 3065 1440 3129 Chanaan,
1458 3070 1602 3117 terra
1624 3060 2055 3123 Philistinorutn,

463 3171 519 3217 et
537 3161 847 3232 disperdam
872 3170 923 3215 te
955 3161 1052 3223 ita,
1077 3166 1135 3214 ut
1159 3172 1265 3211 non
1287 3156 1359 3211 sit
1392 3154 1740 3219 inhabitator,
1773 3171 1793 3204 ι
1820 3149 2060 3207 ostendit

2148 1968 2255 2022 que
2301 1960 2445 2006 terra
2483 1964 2671 2005 eorum
2718 1947 2996 2018 sulphuris
3039 1944 3274 2007 nubibus
3322 1953 3535 2007 exusta,
3576 1952 3639 1999 ct
3687 1945 3751 2001 in

2149 2044 2362 2098 cineres
2417 2039 2737 2109 favillasque
2778 2052 3041 2094 conversa
3093 2044 3214 2102 est,
3243 2036 3338 2091 sed
3372 2037 3553 2092 adhuc
3585 2035 3756 2091 urbes

2151 2133 2540 2195 inhabitantur,
2600 2131 2731 2187 licet
2786 2127 3110 2200 permutatis
3163 2126 3461 2191 vocabulis,
3492 2135 3551 2181 et
3602 2127 3757 2198 regio

2150 2224 2432 2281 excolitur.
2462 2222 2605 2292 Ergo
2624 2222 2691 2277 ad
2718 2219 3057 2291 spiritualem
3078 2233 3298 2297 sensum
3322 2218 3757 2288 confugiendum

2151 2325 2254 2371 est.
2287 2314 2448 2370 Moab
2480 2321 2536 2369 et
2560 2309 2736 2368 Annon
2764 2312 2860 2366 filii
2890 2312 3111 2367 fuerunt
3143 2309 3264 2375 Lot,
3296 2309 3361 2364 de
3393 2309 3624 2365 incestis
3653 2325 3757 2363 nu-

2154 2407 2279 2479 ptiis
2326 2405 2590 2478 generati.
2622 2404 2753 2459 .Lot
2790 2405 3184 2474 interpretatur
3226 2404 3513 2459 declinans
3536 2443 3551 2465 ,
3596 2402 3761 2457 Moab

2154 2513 2221 2554 ex
2246 2506 2419 2566 patre,
2450 2496 2626 2550 Anton
2655 2494 2885 2565 populus
2931 2510 3103 2549 meus.
3157 2493 3265 2548 Per
3290 2494 3391 2549 hos
3427 2508 3559 2564 ergo
3606 2494 3758 2548 desi-

2153 2598 2391 2661 gnantur
2414 2588 2685 2650 hmretici,
2712 2597 2767 2640 et
2792 2601 2983 2641 omnes
3004 2586 3157 2655 pravi
3186 2586 3458 2657 dogmatis
3508 2595 3759 2654 reperto-

2156 2698 2264 2745 res,
2298 2680 2390 2750 qui
2420 2679 2757 2736 declinantes
2785 2695 2815 2733 a
2844 2693 2975 2733 vero
2996 2677 3156 2732 Patre
3182 2677 3313 2741 Deo,
3340 2675 3467 2732 facti
3498 2687 3631 2731 sunt
3661 2677 3759 2731 ﬁlii

2157 2771 2379 2836 diaboli,
2402 2779 2459 2826 et
2485 2769 2709 2825 audiunt
2736 2786 2769 2824 a
2800 2758 3028 2825 Domino
3055 2788 3070 2823 :
3098 2786 3117 2820 ι
3148 2768 3253 2824 Vos
3273 2784 3339 2822 ex
3363 2777 3520 2838 patre
3541 2769 3763 2824 diabolo

2159 2866 2320 2929 estis,
2358 2884 2377 2917 ι
2409 2872 2465 2920 et
2490 2880 2592 2919 nec
2613 2863 2726 2933 jam
2772 2864 3003 2934 populus
3033 2872 3160 2918 sunt
3207 2863 3323 2925 Dei,
3367 2863 3480 2917 nati
3511 2863 3570 2916 in
3600 2873 3761 2917 tene-

2158 2956 2319 3013 brosa
2366 2957 2640 3027 spelunca.
2687 2956 2751 3010 Hi
2783 2971 2913 3026 ergo
2960 2955 3224 3011 insultant
3269 2955 3609 3026 simplicitati
3659 2956 3763 3010 Ec—

2159 3053 2367 3117 clesia),
2396 3059 2452 3106 et
2481 3051 2828 3122 magnificam
2856 3064 2916 3105 se
2964 3063 3128 3120 super
3168 3050 3426 3104 terminos
3462 3048 3586 3118 ejus
3612 3090 3629 3114 ,
3672 3048 3765 3101 fa-

2159 3128 2367 3201 cientes
2392 3155 2579 3199 contra
2609 3145 2710 3199 huc
2743 3146 2883 3213 quod
2909 3140 3164 3197 Salomon
3194 3141 3326 3195 dicit
3361 3159 3373 3194 :
3409 3158 3429 3192 ι
3461 3140 3541 3195 Ne
3570 3149 3763 3195 trans-

471 3229 817 3308 Pbilisthmos
835 3247 1680 3315 Chananaeosesse,minaturque
1698 3244 2057 3316 eispropheta
2084 3230 2128 3291 C
2161 3233 2429 3304 grediaris
2487 3232 2748 3286 terminos
2794 3245 2931 3301 quos
2979 3237 3278 3299 posuerunt
3332 3237 3519 3298 patres
3566 3229 3668 3282 tui.
3736 3250 3761 3278 ι

465 3341 609 3412 quod
638 3341 706 3397 ad
745 3350 953 3399 tantam
999 3340 1212 3397 venturi
1259 3338 1368 3394 sint
1410 3336 1742 3402 vastitatem,
1795 3343 1856 3389 ut
1896 3332 2060 3389 urbes

466 3433 851 3490 munitissimae
883 3433 938 3488 in
975 3431 1137 3487 ovilia
1168 3437 1447 3503 pastorum
1480 3435 1763 3483 vertantur
1790 3444 1804 3480 :

541 3546 563 3576 ι
607 3524 679 3579 Et
727 3524 834 3579 erit
873 3523 1147 3579 funiculus
1194 3521 1364 3577 maris
1419 3518 1637 3589 requies
1683 3524 1961 3587 pastorum
2006 3521 2064 3570 et

464 3613 637 3675 caulze
670 3627 948 3683 pecorum,
978 3620 1034 3668 et
1065 3613 1173 3668 erit
1197 3609 1471 3667 funiculus
1513 3609 1632 3679 ejus
1666 3607 1759 3677 qui
1790 3619 2063 3660 remanse-

467 3708 580 3767 rint
603 3708 670 3763 de
697 3708 856 3763 domo
882 3704 1041 3771 Juda,
1080 3722 1099 3760 ›
1128 3706 1183 3761 id
1203 3712 1288 3759 est
1306 3702 1567 3759 Chanaan
1594 3699 1679 3754 vel
1704 3697 2057 3755 Philistbiim.

474 3817 493 3850 α
537 3797 614 3854 lbi
654 3807 946 3868 pascentur
972 3798 1026 3852 in
1064 3796 1316 3851 domibus
1340 3791 1653 3859 Ascalonis,
1686 3791 1755 3847 ad
1782 3804 2060 3861 vesperam

468 3892 836 3962 requiescent.
897 3910 916 3943 ι
974 3889 1217 3959 Cumque
1267 3888 1360 3943 ﬁlii
1420 3885 1558 3941 Juda
1610 3885 1814 3941 reversi
1862 3883 2063 3939 fuerint

467 3982 536 4039 de
583 3982 901 4053 captivitate
945 3982 1044 4036 sub
1093 3977 1393 4036 Zorobabel
1435 3984 1490 4033 et
1523 3976 1661 4037 Iesu
1684 3983 1740 4033 et
1778 3974 2059 4038 Nchemia,

467 4075 648 4131 omnis
679 4084 825 4130 terra
866 4073 1303 4133 Philistinorum,
1338 4072 1430 4143 qui
1462 4072 1518 4130 in
1544 4069 1861 4140 captivitate
1913 4076 2063 4124 tene-

467 4170 688 4235 bantur,
710 4169 820 4225 erit
862 4183 1052 4223 eorum
1098 4166 1392 4237 possessio,
1441 4173 1498 4221 et
1545 4165 1627 4221 sic
1673 4165 1778 4220 erit
1822 4164 2057 4228 deserta,

469 4267 534 4314 ut
550 4267 799 4329 pastores
823 4258 890 4314 de
946 4258 1192 4327 reliquiis
1228 4255 1533 4312 Judaaorum
1576 4256 1633 4311 in
1674 4254 1937 4311 Ascalone
1964 4268 2063 4309 no-

470 4351 739 4408 bilissima
780 4349 1053 4420 quondam
1084 4349 1216 4403 urbe
1242 4361 1430 4418 greges
1458 4361 1586 4402 suos
1623 4354 1745 4416 post
1779 4344 2070 4401 meridiem

472 4441 678 4498 faciant
704 4441 1046 4499 accumbere.
1092 4438 1206 4495 Hoc
1247 4447 1427 4494 autem
1473 4436 1587 4501 ﬁet,
1620 4456 1639 4488 ι
1674 4438 1799 4505 quia
1825 4436 2063 4492 visitabit

2167 3324 2261 3379 llis
2304 3339 2434 3393 ergo
2471 3323 2573 3378 sub
2625 3323 2859 3393 quadam
2891 3322 3288 3377 contestatione
3324 3322 3581 3385 minatur,
3609 3322 3765 3391 quod

2164 3417 2309 3472 sicut
2354 3416 2457 3470 illa:
2505 3414 2756 3471 civitates
2783 3415 3058 3469 subversae
3086 3424 3212 3471 sunt
3254 3412 3645 3483 corporaliter,
3680 3415 3770 3470 sic

2167 3508 2255 3563 isti
2313 3518 2440 3563 sunt
2470 3507 2817 3563 subvertendi
2858 3515 3061 3560 :rterna
3090 3505 3473 3571 damnatione,
3501 3513 3558 3559 et
3588 3506 3767 3576 ignis,

2163 3600 2421 3670 sulphur,
2462 3614 2528 3654 ac
2578 3598 2808 3669 spiritus
2852 3595 3249 3667 procellarum,
3282 3597 3354 3651 sit
3393 3611 3522 3665 pars
3565 3595 3770 3650 calicis

2161 3707 2370 3760 eorum.
2406 3691 2637 3747 Siccitas
2667 3690 2944 3762 spinarum
2974 3697 3031 3743 et
3057 3687 3239 3744 acervi
3287 3687 3418 3742 salis
3437 3727 3453 3754 ,
3481 3696 3539 3742 et
3565 3688 3769 3743 deser-

2164 3791 2279 3838 tum
2315 3798 2485 3854 usque
2532 3784 2587 3838 in
2636 3790 2921 3838 aeternum.
2969 3800 2985 3834 ι
3032 3780 3201 3836 Recte
3245 3780 3489 3835 haaretici
3530 3781 3770 3835 siccitas

2162 3876 2440 3947 spinarum
2485 3884 2781 3940 vocantur,
2805 3873 2932 3943 quia
2970 3872 3118 3927 velut
3144 3872 3314 3942 spina:
3348 3870 3591 3927 lacerant
3615 3887 3772 3928 sem-

2160 3986 2259 4042 per
2286 3979 2342 4025 et
2372 3970 2682 4026 discindunt
2718 3968 2985 4023 unitatem
3012 3966 3289 4030 Ecclesiae,
3319 3974 3640 4023 arescentes
3669 3983 3773 4039 per

2163 4064 2494 4133 impietatem
2536 4076 2688 4116 suam
2708 4102 2723 4128 ,
2756 4068 2811 4116 et
2835 4060 2903 4115 ad
2929 4059 3064 4115 nihil
3087 4059 3233 4114 aliud
3266 4060 3376 4129 apti
3411 4074 3574 4129 quam
3606 4068 3681 4114 ut
3712 4061 3769 4114 in

2160 4158 2342 4228 ignem
2389 4157 2680 4212 mittantur
2704 4163 2988 4210 aeternum.
3028 4153 3134 4224 Ipsi
3165 4167 3381 4223 quoque
3417 4163 3545 4208 sunt
3572 4156 3771 4208 acervi

2162 4250 2312 4317 salis,
2342 4250 2469 4321 quia
2491 4248 2640 4305 velut
2679 4247 2761 4303 sal
2800 4245 3123 4303 infatuatum
3154 4244 3511 4316 proiiciantur
3534 4245 3603 4299 de
3653 4247 3772 4301 Ec-

2164 4341 2352 4408 clesia,
2384 4349 2440 4397 et
2479 4340 2548 4396 ab
2575 4340 2827 4396 omnibus
2853 4336 3263 4394 conculcantur.
3287 4335 3398 4390 llos
3432 4350 3561 4405 ergo
3591 4352 3615 4387 ι
3674 4352 3768 4393 re-

2162 4435 2344 4507 liquite
2357 4432 2538 4506 populi
2562 4432 2667 4487 mei
2691 4430 2945 4501 diripient
2964 4429 3105 4494 illos,
3127 4435 3182 4483 et
3200 4426 3397 4483 residui
3422 4427 3598 4498 gentis
3623 4443 3777 4483 mea:

472 4546 571 4589 eos
626 4532 890 4588 Dominus
938 4530 1081 4586 Deus
1115 4543 1332 4593 eorum,
1364 4538 1422 4583 et
1450 4534 1659 4581 avertet
1691 4527 2059 4596 captivitatem
2095 4590 2132 4597 _
2165 4525 2523 4597 possidebunt
2549 4536 2661 4589 eos,
2692 4522 2797 4578 hoc
2829 4520 2910 4576 eis
2941 4520 3159 4575 eveniet
3184 4533 3284 4589 pro
3329 4518 3579 4587 superbia
3634 4533 3773 4583 sua,

450 4639 685 4681 eorum.
715 4643 735 4676 ι
763 4622 877 4678 Hoc
894 4621 1053 4689 juxta
1077 4620 1362 4677 historiam
1389 4636 1401 4673 :
1434 4617 1703 4688 spirituali
1730 4590 1858 4674 vero
1879 4632 2063 4684 sensu,
2095 4590 2144 4649 D
2166 4590 2298 4687 quia
2348 4614 2865 4685 blasphemaverunt
2916 4619 2971 4671 et
3024 4609 3354 4682 magniﬁcati
3414 4616 3542 4664 sunt
3590 4623 3776 4680 super

472 4717 723 4773 civitates
756 4714 1165 4771 Philistinorum
1203 4728 1431 4785 quarum
1475 4710 1870 4782 praenuntiatur
1894 4711 2065 4768 inter-

474 4809 605 4871 itus,
632 4805 941 4877 superbiam
972 4803 1254 4876 gentilium
1298 4800 1780 4875 designant,juxta
1810 4804 2067 4875 praeposi-

479 4890 589 4952 tam
611 4896 891 4952 nominum
907 4894 1429 4966 interpretationem.
1455 4892 1521 4949 lli
1543 4892 1988 4950 suntbabitantes
2009 4894 2064 4949 in

476 4987 718 5047 funiculo
745 4988 937 5054 maris,
959 4987 1085 5058 quia
1114 4985 1344 5043 diversis
1370 4983 1624 5042 ﬂuctibus
1661 5000 1909 5042 errorum
1939 4994 2063 5041 tun-

477 5080 700 5141 duntur.
724 5079 1015 5136 Destructa
1033 5093 1167 5151 ergo
1187 5092 1378 5135 eorum
1397 5076 1668 5149 superbia,
1692 5078 1886 5136 domus
1904 5076 2061 5143 Juda,

476 5170 584 5229 hoc
614 5178 702 5227 est
722 5184 849 5225 vera
896 5169 1152 5234 Ecclesiae
1178 5166 1448 5226 confessio
1472 5168 1530 5225 in
1575 5183 1765 5224 eorum
1791 5168 1911 5225 loca
1932 5167 2068 5224 inci-

477 5264 558 5334 pit
581 5262 850 5327 habitare,
891 5262 1018 5327 dam
1039 5276 1139 5332 pro
1173 5260 1447 5332 impietate
1472 5259 1719 5319 succedit
1752 5259 1947 5330 pietas,
1979 5257 2064 5314 in-

472 5357 741 5427 iustitiam
767 5357 1005 5419 extrudit
1042 5356 1250 5426 iustitia
1269 5397 1283 5424 ,
1315 5357 1623 5428 superbiam
1650 5356 1928 5411 humilitas
1960 5356 2065 5412 sibi

480 5451 799 5509 substernit.

508 5582 515 5589 .
558 5561 579 5595 ι
611 5543 807 5599 Audivi
831 5544 1177 5613 approbrium
1211 5541 1367 5603 Moab
1407 5551 1464 5597 et
1508 5530 1878 5611 blasphemia!
1920 5540 2062 5598 ﬁlio-

482 5653 603 5694 rum
620 5636 818 5703 Amon,
845 5652 965 5708 qua:
986 5631 1454 5709 exprobraverunt
1478 5635 1675 5707 pupulo
1701 5650 1847 5701 meo,
1876 5655 1896 5688 ι
1920 5634 2065 5691 Prte-

482 5728 627 5786 dicta
649 5728 803 5786 clade
828 5728 1263 5795 Palmstinorum,
1294 5736 1350 5783 et
1396 5727 1722 5784 exterminio
1779 5728 2061 5784 civitatum

483 5819 626 5879 illius
654 5830 833 5887 terrae,
862 5837 1005 5879 nunc
1032 5830 1224 5879 contra
1252 5818 1408 5875 Moab
1432 5826 1490 5874 et
1532 5816 1673 5873 filios
1718 5817 1892 5873 Amon
1936 5833 2061 5889 pro-

2167 4709 2424 4783 populum
2467 4707 2682 4765 Domini
2728 4706 3088 4764 exercituum.
3154 4701 3440 4760 Horribilis
3491 4700 3775 4759 Dominus

2178 4817 2343 4874 super
2364 4816 2477 4867 eos,
2511 4808 2569 4866 et
2588 4800 2887 4856 attenuabit
2908 4812 3098 4854 omnes
3119 4796 3248 4853 deos
3275 4801 3456 4859 terrai,
3482 4803 3537 4849 et
3556 4794 3776 4851 adora-

2167 4897 2305 4952 bunt
2325 4910 2449 4951 eum
2468 4894 2571 4949 viri
2613 4893 2679 4949 de
2713 4891 2831 4947 loco
2861 4906 2979 4955 suo,
3009 4903 3199 4945 omnes
3224 4885 3415 4944 insula:
3431 4885 3708 4957 gentium.
3744 4906 3767 4940 ι

2166 4988 2284 5045 Hoc
2307 4996 2394 5046 est
2439 4989 2690 5044 doctores
2739 4994 2795 5042 et
2836 4983 3218 5056 praedicatores
3242 4981 3514 5046 veritatis,
3558 4981 3661 5051 qui
3710 4990 3778 5039 ct

2167 5079 2361 5137 falsam
2408 5081 2788 5137 haereticorum
2819 5077 3101 5134 scientiam
3133 5076 3439 5140 destruunt,
3481 5084 3535 5131 et
3584 5074 3771 5147 impia

2169 5175 2421 5247 dogmata
2460 5173 2738 5242 diripiunt.

2245 5283 2266 5317 ι
2296 5264 2405 5320 Sed
2430 5272 2484 5320 et
2508 5279 2605 5318 vos
2633 5261 2918 5332 [Ethiopes
2936 5258 3210 5317 interfecti
3230 5259 3408 5329 gladio
3428 5273 3552 5313 meo
3573 5258 3768 5325 eritis,

2166 5367 2224 5414 et
2246 5357 2501 5412 extendet
2529 5369 2749 5410 manum
2789 5369 2942 5409 suam
2972 5367 3136 5422 super
3162 5350 3502 5421 aquilonem,
3534 5359 3590 5404 et
3626 5365 3773 5418 per.

2168 5449 2484 5507 detAssur:
2517 5456 2571 5503 et
2598 5455 2764 5518 ponet
2800 5446 3099 5517 speciosam
3143 5444 3196 5498 in
3236 5441 3579 5499 solitudinem
3607 5451 3671 5497 et
3706 5442 3770 5499 in

2166 5541 2393 5605 invium,
2422 5547 2476 5593 et
2493 5538 2655 5609 quasi
2679 5538 2952 5593 desertum
2972 5577 2985 5600 ,
3026 5543 3081 5590 et
3120 5533 3461 5589 accubabunt
3487 5532 3540 5585 in
3570 5532 3771 5588 medio

2167 5630 2284 5701 ejus
2304 5644 2515 5702 greges,
2540 5645 2729 5685 omnes
2774 5628 2963 5683 bestiae
3006 5627 3267 5698 gentium,
3314 5634 3368 5680 et
3400 5624 3769 5681 onocrotalns

2165 5733 2220 5780 et
2246 5724 2442 5779 rricius
2464 5723 2519 5777 in
2535 5722 2813 5778 liminibus
2831 5719 2950 5790 ejus
2973 5719 3345 5775 morabuntur.
3369 5735 3388 5768 ι
3414 5716 3543 5772 Hinc
3564 5717 3767 5771 omnia

2165 5832 2284 5886 quae
2310 5816 2380 5871 de
2408 5815 2737 5871 Philisthiim
2773 5822 2829 5868 et
2854 5812 3010 5870 Moab
3038 5819 3095 5868 et
3117 5809 3242 5866 ﬁliis
3265 5811 3440 5866 Amen
3474 5816 3767 5872 dicuntur.
