3950 6444
242 399 347 453 2οῚ

1157 395 1555 453 ENARRATIO
1591 393 1657 448 IN
1703 390 2097 447 SOPlIONi.\M
2139 392 2580 448 l’ROPllliTAM.

3406 395 3509 452 206

245 516 416 572 Judaei
440 514 503 571 ad
522 513 724 573 Christi
751 515 831 572 sui
854 515 1139 569 adventum
1165 515 1426 578 referunt,
1451 528 1609 582 quem
1633 519 1824 581 putant
1851 515 1902 572 Α
1927 509 2033 564 ciet
2075 509 2265 577 spiritu
2306 513 2417 565 oris
2457 512 2556 565 sui.
2602 510 2754 566 Tunc
2785 525 3027 582 speciosa
3058 511 3284 579 Ninive,
3319 513 3374 569 id
3417 525 3501 570 est

244 614 532 661 venturum
561 606 615 660 in
653 605 833 661 saeculi
865 605 1352 669 consummatione,
1395 611 1450 656 et
1478 617 1691 656 rursum
1731 616 1826 655 ex-

244 707 578 752 structurum
625 695 979 759 Hierusalem,
1013 703 1062 749 et
1110 695 1458 749 liberaturum
1503 689 1716 746 Judaeos
1759 689 1826 744 de

243 797 511 858 potestate
553 788 794 843 omnium
822 788 1090 858 gentium,
1117 801 1349 855 eumque
1392 785 1728 838 adorandum
1755 784 1825 839 ab

243 880 514 942 omnibus,
531 877 683 947 juxta
706 881 848 948 quod
887 893 1051 948 supra
1077 878 1280 932 dictum
1305 894 1318 930 :
1355 895 1374 927 ι
1402 875 1470 930 Ει
1496 874 1820 929 adorabunt.

244 985 368 1025 eum
394 970 495 1023 viri
527 971 595 1025 de
620 970 740 1025 loco
765 986 882 1037 suo,
907 981 960 1024 et
986 985 1172 1023 omnes
1194 967 1380 1023 insulae
1393 967 1686 1038 gentium.»
1713 965 1824 1022 Nec

241 1061 415 1114 solum
442 1075 603 1130 supra
634 1062 807 1116 dictas
828 1070 1012 1130 gentes
1051 1060 1255 1114 vicinas
1293 1057 1513 1124 Iudaeis,
1540 1058 1634 1114 sed
1659 1057 1820 1112 etiam

241 1149 527 1220 Ethiopes
579 1160 632 1206 et
675 1152 930 1222 Assyrios
978 1151 1310 1220 superandos
1356 1150 1426 1204 ab
1472 1149 1596 1215 illo,
1645 1150 1820 1220 ipsam

241 1240 488 1296 Ninivem
511 1242 565 1295 in
588 1241 927 1296 solitudinem
957 1243 1325 1313 redigendam,
1356 1243 1428 1296 ita
1455 1251 1514 1296 ut
1542 1243 1634 1296 ﬁat
1669 1241 1823 1296 habi-

243 1333 372 1386 tatio
401 1333 715 1387 bestiarum.
743 1333 857 1389 lloc
880 1344 963 1389 est
982 1335 1126 1388 enim
1155 1335 1298 1403 quod
1322 1334 1539 1388 dicitur.
1564 1333 1819 1403 Speciosa

241 1425 518 1492 redigetur
561 1428 616 1479 in
645 1426 988 1480 solitudinem
1007 1467 1022 1492 ,
1052 1429 1176 1497 quia
1207 1427 1455 1481 Ninivem
1490 1427 1816 1497 Babylonem

239 1515 510 1586 intelligit,
536 1519 766 1571 maxime
787 1527 1005 1587 propter
1026 1518 1429 1572 similitudinem
1452 1529 1816 1574 monstrorum

236 1606 536 1658 onocrotali
581 1615 635 1660 et
661 1609 832 1672 ericii,
863 1623 983 1677 quae
1020 1608 1187 1664 Isaias
1217 1609 1479 1679 propheta
1509 1611 1562 1664 in
1592 1610 1818 1680 Babylo-

236 1695 325 1749 nia
348 1695 515 1751 fuisse
537 1699 791 1752 describit
815 1709 933 1768 post
969 1698 1086 1767 ejus
1115 1701 1492 1754 vastationem.
1525 1699 1814 1755 Sciendum

235 1801 368 1842 vero
390 1790 830 1844 onocrotalorum
858 1792 966 1846 duo
988 1807 1106 1846 esse
1127 1807 1346 1862 genera,
1367 1808 1531 1846 unum
1555 1793 1811 1862 aquatile,

1927 599 2159 652 mundus
2195 615 2318 653 cum
2341 602 2584 670 principe
2612 619 2710 656 suo
2744 603 2962 671 peribit,
2992 603 3067 658 ita
3094 611 3152 659 ut
3179 605 3358 659 nntius
3385 605 3504 673 ejus

1926 688 2268 744 misereatur.
2325 689 2438 744 Nec
2495 691 2753 747 abhorret
2803 693 2848 748 si
2895 693 3197 762 speciosam
3257 695 3504 751 dicamus

1926 778 2247 846 Ecclesiam,
2277 797 2398 851 qua:
2433 782 2485 836 in
2513 783 2618 838 ﬁne
2648 785 2831 838 mundi
2854 787 2954 841 sub
2972 786 3290 843 Antichristi
3319 803 3503 860 perse-

1925 874 2174 935 cutione,
2214 890 2338 930 cum
2379 876 2734 931 abundaverit
2782 877 3038 947 iniquitas
3063 921 3078 943 ,
3125 889 3180 934 et
3227 881 3504 936 refrixerit

1925 965 2183 1032 charitas,
2212 976 2446 1038 ponetur
2465 967 2521 1022 in
2549 966 2914 1033 solitudinem,
2949 971 3293 1040 paucissimis
3323 987 3503 1027 rema-

1921 1054 2191 1122 nentibus,
2217 1057 2308 1126 qui
2337 1071 2396 1110 se
2425 1071 2552 1112 vere
2576 1067 2633 1111 et
2659 1071 2766 1111 non
2810 1057 3057 1114 simulate
3087 1060 3358 1116 fateantur
3381 1079 3503 1118 esse

1921 1143 2278 1202 Christianos.
2315 1147 2383 1202 Et
2407 1147 2650 1202 tradetur
2675 1149 2885 1214 bestiis,
2915 1158 2971 1204 et
3000 1151 3310 1220 implebitur
3350 1169 3503 1210 mons

1923 1234 2051 1288 stris
2081 1235 2353 1291 vitiorum.
2380 1236 2736 1293 Onocrotalus
2763 1241 2930 1304 enim,
2963 1241 3053 1309 qui
3083 1252 3229 1296 amat
3257 1244 3504 1300 solitudi-

1922 1339 2068 1388 nem,
2099 1340 2194 1380 eos
2221 1326 2486 1396 designat,
2519 1329 2610 1396 qui
2649 1343 2706 1382 se
2750 1328 2818 1381 ab
2864 1329 3101 1384 Ecclesia
3142 1332 3414 1399 scindunt,
3448 1346 3504 1388 et

1919 1430 2018 1469 sua
2055 1415 2132 1470 illi
2168 1417 2541 1474 conventicula
2591 1419 2914 1488 praeferunt,
2955 1430 3011 1475 et
3057 1423 3345 1478 stridorem
3387 1425 3502 1480 sive

1919 1505 2188 1575 lragorem
2237 1507 2496 1564 falsorum
2538 1509 2846 1579 dogmatum
2882 1512 3052 1584 magis
3093 1530 3259 1584 quam
3313 1531 3501 1572 vocem

1917 1601 2103 1651 edunt.
2157 1597 2509 1678 Septuaginta
2569 1615 2668 1669 pro
2708 1604 3022 1658 onocrotalo
3077 1622 3096 1656 ι
3147 1606 3502 1664 chamaleon-

1917 1696 2024 1742 tem
2055 1709 2074 1740 ι
2112 1699 2426 1757 posuerunt,
2473 1695 2617 1762 quod
2642 1704 2726 1748 est
2767 1695 2965 1750 animal
3005 1697 3248 1754 diversos
3286 1712 3502 1756 mutans

1914 1794 2010 1847 per
2032 1789 2304 1834 momenta
2331 1783 2560 1848 colores,
2589 1799 2682 1839 eos
2705 1786 2992 1856 designans
3038 1790 3130 1859 qui
3157 1806 3255 1860 per
3285 1792 3498 1850 diversa

235 1881 380 1934 aliud
428 1882 752 1937 solitudinis.
815 1885 996 1940 Dictus
1043 1894 1221 1938 autem
1267 1886 1634 1952 onocrowlus’
1683 1886 1812 1954 quia
1842 1869 1888 1927 B
1921 1868 2069 1934 vitia,
2107 1885 2253 1924 nunc
2275 1871 2513 1939 libidine,
2538 1890 2682 1929 nunc
2706 1877 2953 1942 avaritia,
2984 1894 3127 1934 nunc
3157 1883 3496 1948 crudelitate,

239 1973 488 2027 crotalon
511 1972 684 2028 Graeci
716 1975 1018 2046 cymbalum
1043 1985 1258 2041 vocant,
1285 1985 1340 2031 et
1369 1977 1482 2031 htec
1509 1977 1644 2042 avis,
1686 1979 1812 2046 quia

238 2078 372 2118 voce
392 2074 558 2129 caret,
605 2075 840 2120 rostrum
871 2068 924 2122 in
962 2068 1178 2122 modum
1207 2067 1579 2138 cymbalorum
1624 2083 1812 2138 reper-

239 2157 467 2222 cutieus,
494 2159 638 2213 vocis
669 2158 1073 2214 similitudinem
1103 2160 1298 2214 reddit.
1324 2159 1393 2212 Et
1420 2159 1563 2228 quod
1592 2160 1810 2226 dicitur,

242 2267 261 2298 ι
298 2265 397 2303 vox
418 2252 685 2306 cantantis
709 2251 758 2305 in
783 2251 1038 2314 fenestra,
1065 2267 1261 2307 corvus
1283 2252 1334 2305 in
1359 2251 1757 2321 superliminari
1789 2271 1805 2302 ι

233 2341 318 2396 vel
349 2343 618 2397 daemones
636 2343 823 2397 volunt
843 2343 1086 2413 intelligi,
1114 2343 1198 2396 vel
1229 2343 1500 2397 variarum
1527 2357 1688 2398 voces
1720 2358 1813 2398 vo-

235 2432 463 2496 lucrum,
489 2448 609 2502 quae
632 2433 806 2489 solent
835 2435 889 2488 in
915 2435 1144 2490 desertis
1166 2435 1388 2489 urbibus
1415 2435 1638 2500 morari,
1671 2434 1811 2489 sicut

233 2524 415 2590 ululae,
450 2525 710 2592 bubones,
733 2537 783 2582 et
812 2539 1042 2600 stryges,
1069 2538 1370 2599 czeteraque
1389 2530 1661 2600 perplura,
1691 2546 1810 2599 qua:

232 2619 414 2672 omnia
451 2619 645 2674 indicia
682 2629 805 2675 sunt
829 2621 1155 2678 solitudinis.

311 2726 329 2756 ι
358 2708 622 2774 Quoniam
651 2713 942 2766 attenuabo
982 2711 1146 2766 robur
1174 2713 1314 2782 ejus,
1344 2733 1360 2763 ι
1394 2713 1448 2768 id
1487 2721 1573 2768 est
1613 2713 1810 2769 Ninive

234 2799 320 2854 vel
359 2799 648 2872 Babylonis
703 2803 1016 2858 imminuam
1067 2803 1458 2861 fortitudinem.
1509 2825 1528 2857 ‹
1573 2803 1699 2860 Haec
1727 2815 1811 2860 est

235 2892 428 2946 civitas
450 2891 701 2960 gloriosa.
739 2913 758 2944 ι
790 2894 902 2948 Vox
929 2895 1204 2964 prophetae
1236 2896 1390 2965 quasi
1423 2895 1730 2950 insultantis
1758 2897 1806 2949 ei

234 2989 359 3049 post
383 2981 613 3046 ruinam,
638 2992 692 3035 et
713 2983 942 3036 dicentis
968 2997 982 3036 :
1011 3001 1028 3033 ι
1060 2981 1184 3038 Hac
1205 2992 1288 3037 est
1315 2984 1506 3038 civitas
1520 2983 1803 3051 gloriosa,»

241 3090 259 3121 ι
291 3073 543 3127 habitans
567 3073 620 3126 in
643 3073 990 3139 conﬁdentia,
1012 3089 1133 3143 quae
1163 3073 1376 3130 dicebat
1406 3076 1459 3128 in
1483 3076 1645 3130 corde
1671 3091 1768 3129 suo
1791 3092 1804 3129 ε

237 3162 349 3233 Ego
381 3178 521 3228 sum,
545 3173 600 3218 et
621 3171 776 3218 extra
821 3178 907 3218 me
953 3179 1058 3219 non
1091 3173 1174 3219 est
1198 3164 1300 3218 alia
1322 3165 1569 3234 amplius.
1603 3186 1621 3218 ι
1655 3167 1808 3233 Quod

237 3272 343 3310 non
362 3255 532 3310 solum
548 3269 642 3310 ore
657 3256 830 3311 locuta
850 3265 951 3322 est,
965 3272 1157 3312 verum
1173 3265 1227 3312 et
1243 3257 1295 3311 in
1312 3257 1475 3312 corde
1489 3258 1567 3312 sic
1588 3272 1706 3312 esse
1718 3273 1811 3327 pu-

238 3347 388 3400 tavit.
421 3367 438 3398 ι
467 3347 744 3413 Quomodo
767 3348 906 3403 facta
929 3359 1010 3404 est
1028 3349 1081 3402 in
1102 3349 1375 3403 desertum
1393 3348 1568 3403 cubile
1593 3351 1810 3404 bestiae?

235 3438 425 3492 Omnis
451 3439 540 3508 qui
582 3440 777 3494 transit
806 3456 900 3510 per
921 3456 1040 3494 eam
1069 3439 1327 3506 sibilabit,
1354 3448 1409 3494 et
1438 3441 1673 3495 morebit
1699 3458 1810 3495 rna-

237 3543 367 3581 num
414 3543 586 3583 suam.
629 3548 646 3579 ι
681 3529 832 3596 Quod
862 3544 992 3600 ergo
1035 3529 1088 3583 in
1118 3529 1332 3584 deserta
1367 3529 1585 3584 civitate
1624 3545 1810 3585 mons-

238 3626 436 3674 truosa:
466 3619 651 3675 bestia!
680 3621 932 3674 dicuntur
959 3620 1252 3684 habitasse,
1293 3628 1384 3673 aut
1420 3619 1493 3673 ita
1525 3618 1625 3673 fuit
1660 3618 1808 3688 iuxta

236 3709 494 3776 litteram,
527 3723 620 3765 aut
645 3710 744 3765 sub
772 3710 942 3781 ﬁgura
970 3711 1266 3766 bestiarum
1297 3711 1491 3764 mutari
1520 3713 1830 3766 varietates

235 3802 514 3857 nationum
564 3801 890 3857 indicantur.
953 3801 1304 3872 Trepologice
1353 3801 1636 3871 IEthiopes
1685 3811 1810 3856 sunt

237 3893 484 3947 inﬁdeles
517 3930 532 3956 ,
573 3893 662 3960 qui
713 3893 948 3947 nomium
1004 3893 1284 3947 horrorem
1333 3894 1532 3946 veteris
1577 3893 1809 3948 hominis

237 3994 495 4053 tanquam
522 3983 858 4052 nigredinem
883 3983 1264 4053 deposuerunt.
1288 3981 1660 4037 Comminatur
1680 3999 1808 4053 ergo

233 4075 324 4128 his
350 4073 442 4142 qui
464 4072 653 4127 nolunt
678 4073 742 4126 ad
775 4073 991 4127 meliora
1022 4073 1285 4138 converti,
1307 4082 1362 4128 et
1381 4074 1598 4128 abluere
1627 4074 1806 4144 nigre-

235 4166 418 4220 dinem
470 4172 838 4233 peccatorum,
888 4165 1029 4232 quod
1070 4164 1186 4232 ejus
1233 4166 1410 4235 gladio
1451 4166 1810 4221 interﬁciendi

234 4255 368 4320 sint,
401 4253 580 4324 gladio
607 4253 855 4308 videlicet
884 4253 1029 4308 verbi
1063 4254 1158 4308 Dei
1187 4255 1521 4320 acutissimo,
1565 4265 1624 4309 ut
1651 4271 1813 4326 agen-

238 4358 320 4401 tes
351 4346 723 4416 pomitentiam
751 4346 886 4400 sicut
913 4345 1181 4410 Ninivitaa,
1211 4347 1470 4400 moriatur
1498 4347 1548 4400 in
1575 4347 1656 4401 eis
1684 4363 1811 4418 pec-

235 4447 438 4504 catum,
472 4449 526 4492 et
570 4437 718 4491 vivat
738 4436 967 4505 justitia.
1012 4439 1077 4491 Et
1104 4438 1206 4492 hoc
1237 4437 1452 4507 quidem
1488 4438 1600 4507 ipse
1635 4438 1812 4492 Domi-

238 4546 340 4583 nus
367 4529 600 4584 minatus
621 4539 722 4593 est,
748 4544 888 4582 nunc
913 4543 1036 4581 vero
1060 4529 1318 4597 pr0pheta
1351 4528 1586 4597 loquitur
1608 4528 1674 4581 de
1703 4528 1811 4582 Deo

1915 1962 2076 2014 modo
2107 1961 2362 2028 tristitia,
2395 1965 2552 2020 modo
2584 1967 2760 2022 inutili
2790 1969 3150 2028 exsultatione
3193 1983 3493 2030 mutantur.

1916 2049 2129 2106 Ericius
2178 2070 2302 2108 vero
2344 2056 2642 2123 spinosum,
2673 2059 2874 2114 animal
2921 2069 2976 2115 et
3014 2062 3290 2129 timidum,
3337 2075 3394 2120 et
3442 2066 3497 2120 in

1915 2143 2182 2211 sphazram
2235 2160 2295 2200 se
2341 2147 2598 2217 colligens
2651 2167 2718 2205 ne
2763 2152 3092 2220 deprehendi
3140 2157 3352 2224 possit,
3402 2173 3497 2212 eos

1915 2233 2091 2288 innuit
2114 2236 2206 2304 qui
2236 2237 2442 2293 obsessi
2472 2249 2598 2294 sunt
2620 2241 2864 2297 sentibus
2909 2255 3276 2312 peccatorum,
3301 2257 3357 2302 et
3381 2249 3497 2317 ipsa

1913 2335 2135 2394 peccata
2164 2327 2479 2397 defendunt,
2511 2347 2610 2388 nec
2634 2334 2724 2388 uni
2745 2335 2960 2404 quidem
2982 2353 3077 2391 sua
3101 2339 3302 2394 scelera
3329 2342 3496 2396 conh-

1914 2417 2014 2471 teri
2045 2417 2250 2473 volunt.
2289 2420 2496 2477 Corvus
2531 2423 2808 2479 immunda
2837 2427 2954 2481 avis
2997 2437 3052 2482 et
3084 2428 3312 2494 lanians,
3345 2433 3488 2486 desi-

1912 2517 2040 2576 gnat
2066 2523 2158 2564 eos
2200 2511 2292 2579 qui
2340 2527 2462 2566 cum
2503 2514 2612 2568 sint
2645 2515 2908 2569 immundi
2939 2517 3116 2582 vitiis,
3148 2519 3268 2574 aliis
3312 2521 3493 2574 detra-

1914 2598 2069 2662 hunt,
2093 2607 2151 2654 et
2170 2600 2463 2671 loquuntur
2487 2617 2679 2672 pacem
2706 2619 2829 2658 cum
2861 2607 3125 2675 proximo,
3150 2610 3286 2662 mala
3311 2621 3489 2666 auten

1913 2702 2038 2748 sunt
2061 2696 2114 2749 in
2150 2696 2406 2753 cordibus
2425 2713 2632 2755 eorum.

2516 2842 2744 2900 CAPUT
2804 2844 2886 2899 Ill.

1988 2995 2005 3026 ι
2030 2977 2119 3031 Vae
2132 2978 2479 3045 provocatrix
2502 2987 2558 3033 et
2569 2980 2844 3051 redempta
2878 2981 3093 3047 civitas,
3109 2985 3356 3042 columba
3383 3005 3488 3044 non

1913 3068 2118 3122 audivit
2143 3083 2326 3122 vocem
2348 3109 2365 3132 ,
2402 3079 2458 3122 et
2498 3085 2603 3124 non
2647 3074 2888 3141 suscepit
2915 3075 3271 3145 disciplinam.
3302 3079 3358 3134 ln
3393 3083 3489 3138 Do-

1915 3159 2062 3212 mino
2090 3172 2195 3211 non
2219 3168 2304 3212 est
2331 3159 2555 3224 conﬁsa,
2582 3161 2648 3214 ad
2679 3161 2846 3215 Deum
2871 3178 3026 3217 suum
3072 3182 3176 3220 non
3207 3173 3490 3238 appropia-

1913 3252 2008 3305 vit.
2041 3270 2060 3302 ι
2091 3251 2221 3306 Post
2265 3252 2574 3322 praedictam
2618 3255 2953 3310 diversarum
2991 3259 3229 3327 gentium
3267 3268 3492 3331 captivi-

1915 3351 2101 3410 tatem,
2128 3345 2420 3399 revertitur
2437 3347 2699 3415 propheta
2739 3347 2804 3400 ad
2835 3345 3070 3413 Iudaeos,
3098 3360 3152 3405 et
3176 3354 3352 3408 omnis
3377 3357 3494 3425 ejus

1910 3450 2088 3490 sermo
2109 3445 2295 3491 contra
2325 3436 2657 3493 llierusalem
2681 3448 2782 3494 est.
2818 3441 2909 3494 Va:
2937 3441 3176 3514 (inquit),
3207 3460 3240 3500 o
3276 3447 3491 3513 civitas,

1911 3527 2178 3596 quondam
2207 3527 2479 3594 columba,
2519 3544 2615 3599 per
2667 3530 2835 3602 legem
2882 3533 2947 3586 ad
2987 3534 3307 3590 servandam
3338 3539 3486 3594 inno-

1911 3617 2141 3671 centiam
2167 3629 2446 3688 generata,
2471 3635 2611 3690 saape
2631 3635 2881 3690 peccans,
2906 3625 3174 3694 captivata
3194 3635 3247 3683 et
3274 3644 3489 3684 rursum

1912 3709 2208 3778 redempta.
2234 3710 2346 3775 ναι,
2373 3710 2569 3765 civitas
2585 3715 2945 3780 provocatrix,
2964 3716 3016 3770 id
3039 3727 3122 3770 est
3147 3718 3211 3772 ad
3233 3722 3494 3775 amaritu-

1912 3797 2091 3852 dinem
2122 3799 2234 3852 suis
2263 3797 2555 3854 sceleribus
2575 3801 2874 3869 perducens
2918 3804 3110 3871 Deum,
3143 3808 3254 3862 sive
3291 3824 3489 3878 provo-

1911 3891 2104 3955 catrix,
2133 3891 2256 3960 quia
2288 3900 2410 3959 post
2433 3901 2708 3961 acceptam
2749 3895 2965 3962 pietatis
3003 3898 3246 3952 notitiam
3285 3901 3350 3955 ad
3391 3903 3492 3956 im-

1912 3979 2166 4046 pietatem
2212 3994 2474 4034 conversa
2516 3991 2618 4034 est.
2666 3981 2971 4038 Provoeare
3021 3987 3166 4040 enim
3213 3989 3378 4044 Deum
3409 4005 3496 4049 est

1914 4071 2133 4125 scicnth
2155 4086 2396 4141 peccare,
2435 4071 2546 4124 Non
2573 4073 2780 4127 audivit
2811 4085 3138 4144 praeceptum
3175 4078 3409 4147 Domini,
3439 4094 3496 4137 et

1913 4170 2162 4231 correpta
2213 4161 2385 4217 noluit
2429 4161 2674 4230 recipere
2723 4163 3093 4234 disciplinam,
3146 4183 3486 4239 neque,cum

1915 4253 2072 4307 malis
2118 4263 2475 4323 premeretur,
2522 4256 2727 4310 conﬁsa
2772 4266 2856 4311 est
2883 4273 2938 4311 In
2985 4259 3234 4315 Domino.
3277 4263 3489 4318 Etcum

1917 4344 2174 4398 Dominus
2195 4345 2338 4398 dicat
2367 4361 2380 4396 :
2415 4364 2433 4396 ς
2481 4345 2593 4417 Ego
2627 4362 2744 4400 sum
2769 4347 2911 4403 Deus
2934 4352 3393 4423 appropinquans,
3435 4366 3491 4412 et

1915 4449 2020 4487 non
2052 4435 2191 4488 Deus
2220 4435 2284 4488 de
2313 4434 2492 4506 longe,
2527 4457 2546 4486 ι
2582 4437 2694 4507 ipsa
2727 4449 2905 4493 tamen
2938 4441 3107 4496 noluit
3135 4443 3183 4497 ei
3208 4448 3494 4517 appropin-

1914 4540 2100 4594 quare.

235 4637 332 4690 per
361 4622 570 4676 tertiam
613 4636 929 4702 personam‘
956 4640 973 4671 ι
1008 4621 1074 4674 Et
1108 4622 1360 4675 extendet
1395 4626 1611 4674 manum
1655 4635 1788 4674 suan
1839 4593 1888 4650 D
1993 4636 2011 4666 ι
2059 4614 2336 4686 Principes
2364 4614 2500 4683 ejus,
2544 4618 2598 4672 in
2633 4620 2811 4674 medio
2830 4619 2946 4688 ejus
2989 4624 3142 4690 quasi
3179 4624 3361 4682 leones
3406 4645 3496 4682 ru~

238 4730 400 4783 super
429 4714 759 4782 aquilonem,
789 4714 1052 4783 etperdet
1093 4714 1280 4768 Assur.
1313 4732 1330 4764 ι
1380 4712 1574 4783 Aquilo
1615 4723 1809 4769 ventus

235 4813 322 4858 est
349 4803 750 4874 frigidissimus,
801 4805 894 4872 qui
925 4813 979 4858 et
1007 4804 1197 4858 dexter
1233 4812 1474 4858 vocatur.
1527 4803 1809 4874 Signiﬁcat

237 4903 418 4946 autem
449 4894 742 4957 diabolum,
780 4894 870 4963 qui
911 4894 962 4947 in
993 4909 1180 4946 eorum
1210 4893 1464 4948 cordibus
1521 4895 1811 4964 requiescit

238 4987 292 5040 in
320 4987 518 5054 quibus
548 4979 759 5040 rel’riiit
783 4985 1042 5048 charitas,
1077 5000 1236 5055 quem
1268 4993 1322 5040 et
1365 5000 1560 5054 sponsa
1602 4986 1715 5040 vult
1743 4987 1810 5040 ab

239 5076 496 5130 Ecclesia:
525 5079 682 5131 horto
701 5077 974 5139 recedere,
991 5077 1175 5131 dicens
1202 5094 1215 5130 :
1243 5095 1262 5128 ι
1299 5074 1491 5146 Surge,
1529 5077 1728 5146 aquilo,
1755 5087 1811 5132 et

237 5168 385 5232 veni,
427 5170 640 5222 Auster.
681 5188 698 5220 ι
749 5169 946 5222 Dexter
988 5177 1165 5221 autem
1197 5167 1388 5221 abillis
1426 5177 1668 5232 vocatur,
1717 5170 1808 5238 qui

237 5257 356 5326 ejus
385 5257 584 5327 frigore
620 5259 972 5322 delectantur,
1003 5267 1258 5311 cieterum
1284 5271 1446 5325 opere
1468 5257 1686 5312 sinister
1704 5268 1806 5313 est.

239 5349 532 5419 Postquam
563 5365 688 5404 vero
715 5349 1020 5404 extenderit
1055 5363 1272 5402 manum
1295 5363 1446 5402 suam
1471 5363 1633 5417 super
1661 5349 1812 5417 aqui-

240 5443 441 5508 lonem,
473 5443 659 5512 perdet
700 5443 888 5506 Assur,
929 5442 1020 5511 qui
1057 5441 1310 5510 dirigens,
1354 5439 1435 5493 vel
1465 5440 1636 5510 magis
1659 5456 1811 5495 coar-

241 5551 414 5606 guens
460 5536 879 5604 interpretatur,
904 5533 1152 5588 eumdem
1179 5533 1470 5602 designans
1517 5532 1811 5598 diabolum,

241 5633 333 5703 qui
363 5647 550 5685 omnes
579 5645 838 5700 sequaces
858 5644 984 5681 suos
1012 5628 1077 5680 ad
1116 5634 1346 5680 mortem
1377 5625 1584 5694 dirigit,
1615 5627 1814 5696 quique

241 5725 363 5779 illos
386 5723 581 5793 quibus
607 5731 825 5792 peccata
855 5719 1109 5789 suggerit,
1137 5728 1319 5787 postea
1354 5718 1621 5787 coarguit,
1657 5729 1710 5773 et
1747 5721 1814 5774 ab

239 5817 321 5871 eis
339 5832 526 5886 poenas
553 5815 736 5885 exigit.
775 5811 923 5866 Hunc
959 5827 1087 5878 ergo
1121 5811 1376 5864 Dominus
1423 5807 1578 5864 Jesus
1612 5812 1815 5865 interli-

1914 4707 2140 4777 gientes.
2173 4727 2191 4758 ι
2222 4707 2485 4763 Describit
2512 4711 2773 4779 propheta
2792 4712 2978 4781 quales
3007 4715 3280 4785 principes
3311 4727 3368 4772 et
3405 4720 3492 4789 ju-
3519 4751 3521 4754 ι

1913 4798 2061 4852 dices
2105 4797 2219 4852 sive
2258 4800 2565 4855 sacerdotes
2602 4801 2907 4857 habuerint.
2951 4803 3227 4876 Principes
3273 4809 3492 4881 (inquit)

1911 4889 2026 4959 ejus
2054 4891 2212 4959 quasi
2235 4890 2416 4947 leones
2435 4907 2651 4963 semper
2675 4896 3034 4950 versabantur
3070 4899 3122 4952 in
3154 4901 3406 4968 praedam,
3437 4913 3494 4957 et

1913 4983 2068 5052 proni
2091 4991 2248 5036 erant
2272 4985 2341 5037 ad
2368 4983 2744 5041 eﬁ‘undendum
2770 4989 3084 5059 sanguinem
3106 4989 3492 5058 subjectorum.

1921 5092 1940 5123 σ
1981 5070 2202 5127 Iudices
2229 5072 2346 5140 ejus
2385 5074 2493 5144 lupi
2542 5091 2767 5145 vespere
2796 5118 2811 5144 ,
2858 5094 2965 5134 non
3015 5081 3395 5150 relinquebant
3437 5083 3491 5137 in

1917 5179 2096 5228 mane,
2130 5185 2146 5216 I
2185 5181 2289 5220 non
2320 5165 2654 5222 dimittentes
2684 5169 2803 5225 aliis
2839 5171 2982 5239 quod
3025 5187 3214 5243 rapere
3263 5173 3492 5241 possint.

1988 5257 2269 5328 Propheta:
2292 5257 2408 5326 ejus
2441 5261 2647 5325 vesani,
2681 5282 2698 5314 ι
2735 5263 2786 5318 id
2831 5271 2914 5317 est
2949 5264 3296 5318 insanientes.
3328 5284 3344 5314 ε
3382 5263 3496 5319 Viri

1918 5351 2182 5417 inﬁdeles,
2217 5372 2235 5403 ι
2269 5354 2394 5424 quia
2439 5353 2796 5423 loquebantur
2821 5356 2972 5424 quasi
3020 5370 3086 5410 ex
3118 5370 3212 5410 ore
3255 5355 3492 5422 Domini,

1921 5444 2015 5498 sed
2043 5443 2224 5497 omnia
2259 5443 2402 5497 fatua
2435 5451 2488 5497 et
2525 5443 2656 5497 falsa
2687 5444 3035 5514 proferebant
3075 5462 3086 5497 :
3135 5463 3153 5495 ι
3189 5446 3500 5502 sacerdotes

1918 5539 2034 5609 ejus
2059 5538 2363 5608 polluerunt
2385 5547 2653 5602 sanctum,
2685 5539 2880 5608 injuste
2916 5545 3142 5608 egerunt
3183 5548 3369 5594 contra
3414 5539 3492 5594 le-

1919 5645 2038 5700 gem
2075 5648 2089 5679 ι
2119 5629 2517 5683 committentes
2556 5627 2892 5698 sacrilegium
2928 5629 2978 5682 in
3022 5628 3139 5684 loco
3174 5631 3492 5694 sanctuarii,

1921 5721 2160 5777 dicentes
2187 5721 2479 5775 secundum
2508 5717 2902 5790 legem-facere,
2929 5735 3049 5774 cum
3077 5722 3256 5776 omnia
3279 5730 3499 5792 agerent

1923 5823 2108 5866 contra
2140 5812 2329 5879 legem.
2363 5812 2497 5877 Quia
2523 5826 2654 5879 ergo
2677 5809 2749 5863 illi
2773 5819 2998 5879 egerunt
3026 5811 3220 5879 injuste
