3950 6438
419 375 524 432 207

887 371 1240 431 HAYMONIS
1279 371 1759 429 HALBERSTAT.
1801 371 2015 429 EPlSC.
2056 372 2206 430 OPP.
2245 373 2444 430 PARS.
2485 375 2607 430 1.-
2638 372 2994 432 COMMENT.
3036 375 3205 432 BIBL.

3582 383 3690 440 208

495 506 514 540 ι
547 487 807 542 Dominus
829 489 1007 558 justus
1030 486 1084 540 in
1111 486 1287 540 medio
1308 487 1445 557 ejus,
1477 501 1585 541 non
1618 484 1781 541 faciet
1810 486 2003 556 iniqui-
2027 491 2078 550 Α
2103 501 2227 553 mae,
2257 488 2326 542 ad
2356 488 2553 544 bonam
2587 489 2750 543 vitam
2799 504 3188 561 pra-paramur,
3227 500 3463 561 resurgit
3496 495 3552 549 in
3592 512 3694 553 no-

417 586 607 644 tatem,
652 599 670 631 »
705 577 801 633 sed
837 577 1086 632 restituet
1132 576 1209 632 illi
1250 578 1394 648 quod
1437 585 1696 632 meretur.
1741 595 1760 628 ‹
1809 576 1998 644 Mane,

418 685 582 727 mane
617 690 663 736 ι,
694 670 745 725 id
764 677 847 725 est
865 669 1172 734 manifeste,
1206 691 1224 721 ι
1251 668 1517 752 judicium
1550 685 1707 725 suum
1754 669 1904 724 dabit
1943 669 1998 724 in

2104 575 2187 631 bis
2217 574 2483 632 Christus.
2522 577 2656 644 Quia
2690 577 2832 632 enim
2865 579 2979 648 ipse
3009 586 3190 646 caput,
3221 585 3276 632 et
3311 593 3501 633 omnes
3530 581 3692 639 electi

2101 669 2344 723 membra
2383 668 2499 739 ejus
2530 681 2676 735 sunt,
2725 679 2871 725 recte
2920 679 2975 724 et
3011 669 3273 724 commori
3313 679 3381 768 εεις
3402 685 3697 728 conresur-

417 759 620 824 lucem,
649 768 703 813 et
747 775 854 813 non
872 760 1250 816 abscondetur.
1285 757 1522 816 Nescivit
1559 769 1737 815 autem
1782 761 2001 830 iniquus
2100 773 2228 830 gere
2259 759 2457 815 dicitur
2497 760 2759 816 membris
2804 761 2937 825 suis,
2970 761 3203 828 sicut_et
3230 757 3524 817 consedere
3553 765 3603 818 ei
3637 764 3693 818 in

415 849 804 905 confusionem.
835 869 854 902 ι
890 850 955 904 Et
982 849 1097 905 haec
1134 849 1264 906 fecit
1282 859 1345 905 ut
1367 859 1614 920 correpta
1637 849 1825 906 civitas
1863 865 1998 904 con-

416 950 717 997 verteretur
752 941 821 996 ad
864 941 1080 1008 melius,
1120 941 1216 997 sed
1251 940 1416 997 lsrael
1447 940 1678 997 nescivit
1728 939 1998 996 confusio-

418 1045 562 1086 nem.

489 1143 508 1176 ι
549 1124 852 1194 Disperdidi
887 1133 1095 1195 gentes,
1124 1134 1179 1180 et
1232 1126 1478 1195 dissrpati
1518 1133 1644 1180 sunt
1695 1124 1874 1196 anguli
1905 1139 1996 1180 ca-

414 1229 555 1268 rum.
609 1213 861 1269 Desertas
896 1213 997 1270 feci
1029 1215 1148 1269 vias
1195 1229 1402 1279 eorum,
1459 1217 1585 1269 dum
1641 1230 1748 1269 non
1773 1223 1860 1270 est
1902 1215 1996 1286 qui

414 1314 675 1361 transeat.
704 1305 968 1361 Desolata:
1020 1315 1146 1360 sunt
1174 1307 1425 1361 civitates
1447 1321 1656 1372 eorum,
1683 1321 1789 1361 non
1825 1320 1998 1360 rema-

412 1412 576 1452 nente
605 1397 746 1463 viro,
801 1411 974 1465 neque
1009 1397 1116 1450 ullo
1165 1397 1487 1451 habitatore.
1541 1396 1661 1450 Dixi
1701 1395 1994 1452 :Attamen

411 1487 627 1544 timebis
656 1503 763 1554 me,
785 1489 1047 1560 suscipies
1071 1489 1431 1559 disciplinam,
1458 1497 1514 1545 et
1540 1504 1647 1544 non
1669 1488 1872 1558 peribit
1899 1490 1995 1544 ha-

412 1578 709 1632 bitaculum
762 1579 897 1648 ejus,
928 1587 1149 1649 propter
1195 1579 1398 1634 omnia.
1430 1580 1483 1634 in
1531 1579 1726 1648 quibus
1775 1579 1991 1635 visitavi

407 1691 551 1731 eam.
589 1676 970 1731 Verumtamen
1014 1675 1248 1731 diluculo
1289 1685 1592 1746 surgentes,
1638 1684 1996 1746 corruperunt

407 1783 596 1824 omnes
626 1768 981 1839 cogitationes
1027 1783 1172 1824 suas.
1218 1789 1236 1820 ι
1270 1767 1403 1835 Quia
1434 1767 1653 1839 (inquit)
1695 1783 1792 1838 per
1813 1769 1994 1840 plagas

2100 851 2297 906 throno
2347 849 2485 919 ejus,
2528 851 2684 922 juxta
2737 851 2880 921 quod
2927 851 2981 906 in
3009 850 3333 921 Apocalypsi
3389 851 3692 921 promisit:

2105 959 2123 993 ι
2151 941 2256 1010 Qui
2297 942 2507 1008 vicerit,
2538 941 2737 999 faciam
2765 942 2913 997 illum
2955 942 3146 998 sedere
3174 942 3227 996 in
3260 943 3457 997 throno
3482 958 3626 998 meo.
3666 964 3692 998 ι

2097 1030 2166 1085 Et
2192 1031 2524 1102 Apostolus:
2562 1050 2580 1082 ι
2613 1031 3022 1088 Convivificavit
3047 1043 3102 1088 et
3147 1033 3442 1088 consedere
3472 1048 3574 1088 nos
3615 1035 3696 1090 fe-

2099 1122 2172 1178 cit
2198 1123 2252 1178 in
2281 1123 2614 1179 caelestibus.
2649 1143 2668 1175 ι
2699 1124 2882 1180 Potest
2929 1133 2985 1180 et
3014 1125 3093 1181 sic
3143 1125 3332 1194 accipi.
3365 1145 3382 1176 ι
3416 1125 3695 1196 Exspecta

2096 1232 2183 1272 tne
2211 1218 2263 1271 in
2286 1217 2373 1273 die
2399 1219 2812 1274 resurrectionis
2834 1235 2990 1285 meze,
3028 1239 3046 1271 ι
3075 1220 3179 1276 hoc
3225 1228 3328 1285 est,
3362 1219 3418 1274 in
3442 1228 3695 1290 tempore

2095 1307 2372 1362 novissimi
2421 1308 2628 1378 judicii,
2657 1311 2875 1379 quando
2912 1325 3100 1366 omnes
3145 1320 3448 1383 resurgent,
3494 1323 3551 1368 et
3590 1329 3694 1383 ego

2095 1411 2218 1452 cum
2265 1397 2526 1453 membris
2555 1399 2690 1453 meis
2717 1400 3123 1471 resurgentibus
3151 1416 3454 1471 resurgam,
3478 1411 3534 1456 et
3556 1411 3694 1459 tunc

2096 1489 2563 1558 congregabuntur
2593 1499 2803 1557 gentes,
2849 1499 2905 1544 et
2945 1490 3270 1561 colligenlur
3299 1507 3491 1563 regna,
3519 1494 3575 1548 id
3606 1505 3694 1550 est

2092 1586 2391 1648 potestates
2415 1580 2624 1647 seaculi,
2647 1581 2730 1637 vel
2772 1582 3017 1652 magistri
3053 1597 3432 1652 perversorum
3464 1585 3666 1656 dogma

2095 1674 2210 1720 tum
2219 1705 2233 1719 .
2651 1681 2654 1684 ’

2173 1774 2190 1808 ι
2229 1757 2296 1810 Et
2319 1755 2592 1813 elfundam
2618 1775 2781 1830 super
2800 1775 2896 1816 eas
2924 1759 3349 1833 indignationem
3396 1780 3604 1831 meam,
3636 1777 3695 1823 et

407 1857 514 1913 nun
545 1859 693 1929 potui
728 1858 848 1913 illos
875 1858 1170 1929 corrigere,
1203 1858 1344 1912 volui
1376 1857 1565 1913 saltem
1598 1866 1656 1912 ut
1683 1874 1780 1928 per
1798 1859 1988 1913 benefi-

2095 1860 2309 1901 omnem
2333 1848 2468 1902 iram
2497 1847 2696 1905 furoris
2716 1851 2840 1906 mei.
2876 1871 2894 1904 i
2923 1851 3096 1921 Super
3116 1868 3212 1908 eos
3236 1854 3328 1923 qui
3354 1856 3534 1910 minus
3557 1871 3696 1926 pee—

406 1950 490 2004 cia
522 1957 994 2014 converterentur,
1019 1957 1078 2004 et
1103 1958 1325 2020 agerent
1352 1949 1750 2019 ptenitentiam.
1780 1950 2009 2020 Dispetv

405 2038 514 2095 didi
559 2056 689 2112 ergo
718 2048 906 2110 gentes
953 2041 1070 2106 tibi,
1110 2056 1144 2096 o
1175 2039 1334 2106 Juda,
1383 2040 1709 2105 contrarias,
1756 2040 1993 2098 desolavi

403 2130 657 2185 civitates
695 2138 920 2201 propter
963 2139 1034 2196 te,
1059 2137 1114 2185 et
1141 2130 1258 2184 vias
1315 2145 1503 2185 earum
1551 2129 1652 2185 feci
1696 2130 1888 2195 invias,
1933 2139 1994 2186 ut

404 2219 585 2274 nullus
610 2233 710 2289 per
736 2233 831 2274 eas
864 2219 1143 2274 transiret.
1171 2219 1232 2273 Et
1265 2227 1387 2289 post
1408 2221 1521 2274 haec
1543 2219 1662 2273 misi
1701 2219 1992 2289 praphetas

403 2311 497 2380 qui
549 2317 852 2374 monerent,
879 2317 936 2364 et
981 2311 1045 2364 ad
1093 2309 1468 2378 paenitentiam
1514 2317 1566 2363 te
1611 2317 1988 2379 provocarent.

403 2401 530 2457 Feci
575 2403 692 2457 haec
715 2403 896 2456 omnia
944 2410 1002 2456 ut
1032 2403 1250 2458 timeres
1295 2419 1384 2459 me
1411 2412 1463 2458 et
1508 2403 1811 2474 susciperes
1832 2403 1993 2458 disci-

401 2493 627 2566 plinam.
658 2493 811 2560 Quod
853 2494 896 2548 si
955 2493 1198 2560 fecisses,
1227 2509 1332 2550 non
1375 2495 1580 2564 periret
1625 2493 1989 2549 habitaculum

402 2591 575 2648 tuum,
608 2584 662 2639 id
689 2593 774 2640 est
807 2585 1062 2655 templum
1092 2594 1313 2656 propter
1345 2585 1548 2640 scelera
1574 2601 1696 2655 qua:
1717 2599 1986 2654 gesseras.

402 2673 529 2730 Haec
573 2677 804 2731 Domino
834 2676 1082 2742 faciente,
1129 2677 1204 2730 illi
1235 2677 1386 2746 quasi
1428 2678 1492 2731 de
1541 2675 1803 2731 industria
1846 2684 1900 2731 et
1922 2691 1990 2732 ex

400 2767 746 2821 contentione
774 2782 934 2822 mane
978 2751 1352 2831 surrexerunt,
1391 2775 1449 2821 ut
1478 2766 1764 2837 implerent
1787 2767 1990 2837 cogita-

403 2858 584 2913 tiones
619 2873 770 2922 suas,
799 2858 892 2928 qui
936 2857 1517 2913 festinaredebuerant
1544 2866 1603 2912 ut
1646 2857 1884 2914 redirent
1921 2859 1989 2914 ad

402 2951 593 3015 Deum,
623 2960 866 3007 econtra
899 2953 1286 3007 festinaverunt
1317 2962 1373 3007 ut
1400 2953 1596 3008 malum
1638 2954 1782 3022 quod
1809 2965 1988 3010 mente

403 3051 784 3112 conceperant,
807 3058 970 3114 opere
991 3051 1231 3113 agerent.
1254 3042 1491 3099 Possunt
1518 3045 1634 3098 haec
1661 3044 1988 3114 tropologice

403 3131 598 3187 referri
631 3134 698 3188 ad
740 3133 1054 3199 Ecclesium,
1092 3149 1212 3202 quae
1255 3141 1403 3189 recte
1452 3142 1676 3188 vocatur
1716 3133 1982 3199 columba,

309 3216 316 3223 ’
400 3227 528 3298 quia
553 3228 824 3298 simplices
852 3237 906 3283 et
928 3229 1045 3283 sine
1067 3229 1270 3283 malitia
1301 3229 1464 3284 habet
1491 3228 1692 3283 ﬁdeles.
1733 3227 1838 3282 Sed
1859 3227 1984 3298 quia

400 3321 545 3376 intra
565 3336 687 3376 eam
711 3328 857 3386 sunt,
872 3321 963 3390 qui
989 3321 1319 3376 confitentur
1339 3335 1497 3376 nosse
1523 3335 1582 3375 se
1607 3319 1798 3383 Deum,
1827 3318 1986 3374 factis

401 3421 582 3468 autem
613 3420 828 3482 negant,
861 3411 1046 3480 quales
1098 3420 1220 3465 sunt
1277 3410 1513 3464 heretici
1561 3416 1616 3464 et
1654 3409 1780 3463 mali
1825 3409 1986 3464 Chri-

400 3503 586 3569 stiani,
617 3503 738 3558 ideo
765 3501 964 3556 dicitur
994 3519 1008 3555 :
1047 3520 1066 3552 ί
1095 3501 1222 3555 Haec
1270 3515 1379 3554 non
1421 3501 1625 3555 audivit
1667 3514 1854 3554 vocem
1883 3500 1988 3555 Do-

401 3593 556 3648 mini.
593 3612 612 3646 i
641 3591 806 3662 Cujus
831 3591 958 3646 mali
1002 3591 1278 3661 principes
1307 3598 1360 3645 et
1382 3589 1612 3659 iudices,
1643 3591 1748 3646 hoc
1788 3599 1871 3646 est
1899 3591 1988 3646 do-

402 3693 584 3738 ctores
623 3691 680 3738 et
731 3681 997 3752 magistri,
1044 3681 1415 3736 assimilantur
1447 3681 1690 3737 leonibus
1740 3689 1798 3737 et
1847 3681 1987 3753 lupis

405 3774 749 3844 vespertinis.
778 3773 980 3828 Horum
1014 3773 1148 3837 vias,
1178 3774 1230 3829 id
1258 3781 1339 3829 est
1378 3777 1600 3844 pravas‘
1620 3775 1862 3830 actiones
1885 3776 1988 3830 dis-

403 3864 544 3932 sipat
573 3863 851 3929 Dominus,
883 3871 938 3919 et
983 3865 1172 3927 urbes,
1210 3863 1262 3918 id
1287 3871 1370 3919 est
1394 3862 1773 3918 conﬁdentiam
1824 3879 1985 3933 quam

406 3953 461 4009 in
489 3953 669 4023 pravis
697 3953 1039 4026 dogmatibus
1082 3953 1303 4018 habent,
1341 3953 1598 4007 destruet.
1632 3953 1789 4007 Dabit
1822 3955 1986 4008 etiam

400 4042 662 4112 judicium
697 4059 854 4100 suum
880 4045 934 4099 in
980 4044 1179 4110 lucem,
1202 4043 1353 4098 ﬁnita
1396 4051 1558 4098 nocte
1586 4042 1745 4110 hujus
1782 4043 1983 4097 saeculi.

407 4135 474 4193 Et
504 4152 610 4191 non
638 4136 1002 4192 abscondetur
1046 4151 1169 4192 cum
1204 4135 1420 4206 exigere
1464 4134 1692 4204 coeperit
1740 4149 1771 4188 a
1813 4135 1987 4190 servis

405 4229 750 4284 commissam
781 4229 1084 4298 pecuniam,
1113 4237 1168 4282 et
1205 4236 1333 4281 tunc
1367 4227 1778 4295 dissipabuntur
1805 4225 1985 4296 anguli

403 4332 614 4381 eorum,
646 4316 696 4369 id
718 4325 802 4370 est
827 4331 1007 4386 pravae
1035 4317 1359 4386 voluptates,
1383 4331 1411 4369 a
1441 4327 1588 4369 recto
1611 4316 1805 4370 itinere
1827 4316 1986 4371 decli-

407 4414 621 4460 nantes.
653 4403 758 4459 Sed
788 4403 914 4460 licet
945 4405 1059 4459 haec
1085 4404 1308 4468 faciant,
1333 4414 1510 4458 tamen
1533 4420 1636 4459 non
1667 4406 1868 4460 recedit
1892 4406 1987 4460 Do-

407 4497 587 4551 minus
617 4498 684 4552 ab
720 4512 803 4561 ea,
837 4496 930 4552 sed
959 4497 1212 4552 admonet
1239 4506 1298 4550 ut
1321 4497 1545 4550 timeant
1579 4513 1702 4552 eum
1739 4506 1794 4552 et
1817 4499 1986 4553 susci-

405 4587 558 4657 piant
583 4586 944 4656 disciplinam.
970 4585 1168 4640 Verum
1196 4586 1320 4656 quia
1349 4586 1524 4658 justus
1549 4595 1652 4652 est,
1682 4602 1788 4643 non
1814 4589 1988 4658 parcit

407 4679 781 4748 peccantibus,
804 4677 898 4734 sed
923 4678 1157 4733 restituit
1178 4679 1320 4748 quod
1347 4687 1640 4734 merentur.

482 4793 502 4824 ι
533 4771 869 4841 Quapmpter
888 4779 1142 4840 exspecta
1191 4786 1298 4835 me,
1332 4772 1464 4826 dicit
1505 4773 1784 4838 Dominus,
1818 4772 1870 4827 in
1898 4773 1987 4829 die

408 4862 821 4918 resurrectionis
842 4877 975 4917 mea:
997 4862 1051 4916 in
1078 4862 1340 4928 futurum,
1362 4864 1486 4934 quia
1511 4863 1771 4935 judicium
1803 4882 1981 4921 meum

408 4959 468 5005 ut
492 4964 812 5020 congregem
842 4960 1050 5022 gentes,
1081 4960 1135 5006 et
1176 4951 1422 5023 colligam
1467 4969 1650 5024 regna.
1687 4974 1706 5007 ›
1732 4953 1900 5010 Juda-i
1929 4963 1985 5010 et

407 5040 578 5096 nostri
599 5039 939 5109 judaizantes
985 5041 1053 5096 ad
1079 5050 1320 5112 tempora
1346 5044 1666 5100 Antichristi
1711 5047 1814 5101 hoc
1847 5044 1987 5101 refe-

409 5136 554 5183 runt.
601 5128 796 5187 Putant
841 5131 984 5185 enim
1034 5135 1100 5186 ab
1131 5131 1221 5188 illo
1246 5135 1596 5190 cuadunanda
1637 5151 1757 5192 esse
1797 5152 1980 5191 omnia

408 5219 591 5274 mundi
624 5235 810 5289 regna,
836 5221 931 5276 sed
962 5237 1070 5276 uno
1115 5220 1234 5292 ejus
1255 5223 1501 5294 imperio,
1525 5233 1580 5280 et
1606 5234 1731 5280 tunc
1775 5240 1902 5289 una,
1926 5225 1980 5278 id

405 5319 494 5366 est
510 5309 736 5368 Hebraea
780 5311 961 5381 lingua
1003 5328 1193 5369 omnes
1221 5315 1466 5370 homines
1516 5314 1809 5380 locuturos,
1841 5316 1982 5370 sicut

405 5408 534 5455 ante
562 5401 818 5456 diluvium
861 5403 979 5457 fuit.
1009 5402 1116 5460 Nos
1158 5418 1306 5469 vero,
1337 5405 1554 5460 beatum
1593 5404 1979 5476 Hieronymum

405 5501 712 5560 sequentes,
771 5491 838 5546 ad
892 5501 1132 5561 tempora
1187 5493 1293 5548 ista
1354 5493 1651 5550 referamus
1705 5495 1980 5552 Ecclesite.

413 5600 434 5634 ‹
465 5581 731 5652 Exspecta
760 5596 846 5635 me
873 5582 1090 5652 (inquit)
1116 5581 1171 5636 in
1213 5581 1302 5636 die
1331 5583 1745 5640 resurrectionis
1771 5600 1922 5650 meas,
1954 5606 1976 5640 ι

400 5674 462 5732 ω
503 5681 592 5730 est
633 5688 876 5745 praepara
927 5681 978 5728 te
1024 5673 1091 5727 ad
1119 5682 1330 5743 tempus
1367 5677 1776 5733 resurrectionis
1822 5694 1978 5734 mete.

406 5764 544 5822 Cum
571 5764 716 5822 enim
742 5772 865 5835 post
898 5772 1117 5833 peccata
1145 5773 1200 5820 et
1225 5765 1376 5834 vitia,
1405 5781 1524 5836 quae
1551 5778 1678 5824 sunt
1702 5785 1847 5827 mors
1869 5771 1983 5826 ani-

2013 4549 2065 4605 D

2099 1952 2380 2005 caverunt,
2431 1941 2722 1998 effunditur
2768 1945 3066 2014 indignatio
3110 1945 3348 2012 Domini,
3403 1948 3496 2017 qui
3546 1949 3697 2005 desi-

2095 2041 2331 2101 gnantur
2359 2047 2456 2101 per
2481 2043 2690 2103 gentes.
2721 2034 2823 2101 Qui
2854 2050 2984 2090 vero
3029 2045 3281 2104 potentes
3305 2048 3433 2093 sunt
3456 2039 3510 2094 in
3539 2040 3693 2096 malo

2094 2130 2150 2176 et
2175 2123 2572 2189 haeresiarchae,
2603 2139 2764 2195 super
2789 2142 2883 2182 eos
2910 2128 3204 2184 effunditur
3222 2131 3400 2186 omnis
3429 2133 3509 2185 ira
3539 2131 3692 2189 furo-

2092 2213 2170 2268 ris
2189 2212 2421 2268 Domini.
2460 2233 2478 2266 ι
2516 2215 2573 2270 ln
2596 2215 2719 2286 igne
2742 2218 2886 2272 enim
2917 2218 3018 2274 zeli
3052 2219 3156 2274 mei
3190 2221 3541 2276 devorabitur
3569 2238 3690 2277 om~

2093 2306 2177 2362 nis
2225 2315 2387 2370 terra,
2420 2328 2440 2360 ι
2473 2308 2524 2362 id
2545 2316 2631 2364 est
2663 2309 2922 2380 quidquid
2950 2319 3226 2366 terrenum
3255 2319 3358 2377 est,
3382 2321 3439 2368 et
3471 2314 3538 2368 ad
3563 2329 3687 2369 car-

2091 2400 2177 2455 nis
2213 2416 2377 2470 opera
2413 2402 2661 2471 pertinet.
2696 2403 2839 2475 Ergo
2863 2405 3006 2473 quod
3038 2406 3286 2474 superius
3307 2405 3545 2460 minatus
3575 2415 3682 2470 est,

2091 2505 2196 2544 non
2236 2500 2320 2546 est
2346 2492 2704 2557 crudelitatis,
2737 2495 2828 2548 sed
2857 2494 3264 2560 misericordiae,
3310 2511 3435 2550 cum
3477 2497 3544 2550 ad
3575 2497 3687 2552 hoc

2090 2580 2389 2652 indignatio
2413 2593 2468 2638 et
2491 2584 2642 2640 furor
2676 2585 2989 2654 effunditur,
3023 2596 3081 2642 ut
3106 2596 3272 2651 terra,
3301 2588 3353 2642 id
3375 2597 3460 2643 est
3485 2603 3690 2659 pecca-

2091 2678 2266 2727 torum
2297 2675 2489 2745 rubigo
2517 2685 2794 2731 exuratur.

2165 2781 2184 2813 s
2213 2761 2351 2829 Quia
2389 2774 2515 2819 tunc
2562 2767 2780 2821 reddam
2829 2767 3040 2837 populis
3078 2767 3280 2824 labium
3323 2769 3582 2836 electum,
3623 2780 3691 2836 ut

2087 2862 2282 2909 vocent
2307 2869 2497 2910 omnes
2526 2856 2579 2910 in
2608 2857 2822 2912 nomine
2852 2858 3087 2924 Domini,
3127 2870 3181 2914 et
3208 2860 3447 2915 serviant
3489 2862 3539 2916 ei
3578 2862 3689 2918 hu-

2089 2958 2238 2999 mero
2288 2960 2412 2999 uno.
2450 2966 2468 2998 »
2505 2947 2664 3013 Tum,
2705 2949 2904 3019 inquit,
2938 2950 2992 3005 id
3033 2960 3116 3006 est
3161 2967 3284 3006 cum
3325 2952 3688 3022 deposuerint

2087 3052 2302 3094 errores
2323 3055 2469 3104 suos,
2495 3041 2717 3096 reddam
2744 3042 2849 3096 illis
2873 3043 3071 3099 labium
3095 3043 3327 3098 electum
3349 3085 3363 3109 ,
3391 3044 3443 3099 id
3471 3055 3554 3100 est
3579 3061 3691 3100 an-

2090 3130 2294 3198 tiquum
2333 3129 2688 3186 confessionis
2710 3148 2844 3187 mea:
2865 3132 3157 3203 eloquium.
3194 3132 3309 3189 Hoc
3339 3144 3518 3189 autem
3542 3137 3686 3202 erit,

2089 3237 2211 3277 cum
2263 3224 2557 3278 secundum
2606 3223 2922 3293 Apostolum
2971 3226 3025 3281 in
3070 3227 3287 3282 nomine
3339 3227 3462 3283 Jesu
3511 3244 3690 3285 omne

2089 3330 2223 3386 genu
2246 3314 2490 3369 flectetur
2507 3317 2830 3383 caelestium,
2853 3320 3215 3385 terrestrium,
3241 3329 3295 3374 et
3315 3320 3687 3385 infernorum,

2087 3415 2143 3460 et
2167 3406 2342 3461 omnis
2371 3406 2550 3476 lingua
2573 3408 2898 3486 confiteatur
2940 3410 3066 3479 quia
3095 3410 3356 3465 Dominus
3398 3409 3556 3466 Jesus
3593 3421 3698 3466 est

2089 3495 2142 3550 in
2172 3495 2341 3566 gloria
2388 3496 2483 3551 Dei
2513 3496 2718 3554 Patris:
2769 3499 2873 3555 hoc
2899 3509 2982 3555 est
3026 3501 3172 3556 enim
3210 3519 3226 3555 :
3269 3522 3287 3552 ι
3341 3499 3599 3556 Serviant
3629 3503 3692 3558 ei

2088 3585 2315 3641 humero
2336 3604 2464 3653 uno,
2494 3607 2512 3640 ι
2542 3589 2594 3643 id
2617 3599 2700 3644 est
2727 3592 2842 3660 pari
2865 3592 3152 3648 dev0tione
3193 3591 3381 3664 iugum
3419 3595 3687 3651 domina-

2091 3676 2250 3732 tionis
2297 3679 2414 3748 ejus
2459 3693 2644 3744 suave,
2687 3691 2742 3735 et
2786 3697 2924 3738 onus
2971 3683 3090 3753 ejus
3133 3683 3250 3738 leve
3290 3685 3688 3754 suscipientes.

2164 3785 2183 3817 ι
2214 3766 2363 3823 Ultra
2393 3768 2612 3824 ﬁumina
2636 3769 2928 3842 [Ethiopite
2958 3774 3080 3828 inde
3106 3774 3375 3844 supplices
3415 3775 3543 3840 mei,
3574 3775 3690 3830 filii

2088 3857 2453 3928 dispersorum
2486 3875 2729 3915 meorum
2762 3861 3008 3916 deferent
3041 3878 3238 3918 munus
3281 3863 3435 3918 mihi.
3475 3883 3494 3914 ι
3522 3862 3694 3921 Ordo

2086 3949 2373 4003 verborum
2415 3957 2500 4004 est
2530 3968 2543 4003 :
2577 3947 2621 4005 Ο
2664 3949 2772 4004 filia
2820 3950 3186 4021 dispersorum
3229 3967 3495 4017 meorum,
3525 3954 3693 4010 ultra

2087 4035 2304 4092 ﬁumina
2330 4037 2617 4110 Ethiopia:
2635 4037 2883 4095 deferent
2911 4055 3127 4097 munus.
3157 4041 3348 4097 Filiam
3393 4043 3695 4113 disperso-

2088 4143 2206 4183 rum
2237 4137 2394 4184 vocat
2436 4128 2793 4202 Synagogam,
2822 4133 3094 4201 quondam
3123 4133 3320 4199 ﬁliam,
3351 4149 3513 4203 quam
3550 4135 3692 4205 jam

2087 4234 2225 4289 pene
2260 4219 2314 4274 in
2359 4228 2470 4274 toto
2507 4222 2639 4276 orbe
2677 4222 3023 4291 disperserat.
3069 4225 3165 4279 Est
3205 4235 3385 4280 autem
3424 4241 3634 4283 sensus
3672 4247 3689 4283 :

2086 4308 2131 4364 Ο
2155 4309 2314 4364 Israel
2341 4351 2356 4375 ,
2397 4326 2431 4366 o
2463 4310 2747 4383 Synagoga
2777 4313 3047 4382 quondam
3081 4314 3184 4368 ﬁlia
3204 4355 3220 4378 ,
3255 4331 3398 4370 nunc
3423 4317 3692 4387 dispersa

2086 4408 2136 4454 el
2169 4401 2456 4470 captivata,
2491 4401 2616 4457 licet
2642 4403 2983 4458 aemulatione
3021 4406 3301 4469 crucieris,
3338 4416 3392 4460 et
3427 4407 3698 4465 invideas

2089 4489 2249 4544 saluti
2281 4491 2543 4559 gentium,
2573 4499 2752 4547 tamen
2793 4503 2846 4546 te
2882 4494 3098 4550 nolente
3126 4496 3192 4550 de
3234 4495 3513 4564 Ethiopia
3540 4497 3696 4565 (hoc

2089 4589 2190 4643 est,
2213 4579 2279 4634 de
2307 4580 2607 4650 gentilitate
2651 4584 2889 4652 peccatis
2917 4584 3070 4654 nigra
3097 4592 3152 4640 et
3181 4584 3492 4640 inﬁdelitate
3518 4594 3698 4641 lene-

2087 4669 2270 4741 brosa)
2303 4670 2545 4726 deferent
2574 4673 2703 4726 mihi
2747 4689 2994 4729 munera.
3023 4675 3090 4729 Et
3120 4691 3264 4730 nunc
3289 4677 3468 4747 regina
3499 4675 3692 4745 Saba,

2087 4761 2141 4817 id
2180 4770 2263 4816 est
2292 4763 2532 4830 gentium
2587 4763 2850 4828 Ecclesia,
2893 4766 3073 4820 veniet
3112 4768 3301 4822 audire
3346 4768 3692 4836 sapientiam

2086 4853 2198 4908 veri
2231 4853 2554 4908 Salomonis.
2584 4854 2718 4910 llinc
2743 4865 2799 4910 et
2816 4856 3100 4912 Psalmista
3133 4874 3146 4908 :
3179 4877 3196 4908 ι
3219 4857 3496 4928 ιΕιΙήορίει
3527 4875 3696 4928 prae-

2087 4947 2266 5002 veniet
2305 4963 2496 5002 manus
2521 4946 2639 5015 ejus
2683 4949 2811 5004 Deo.
2853 4970 2870 5001 ι
2907 4949 3152 5006 Flumina
3197 4952 3488 5024 zEthiOpia:
3507 4953 3690 5022 juxta

2083 5042 2319 5100 litteratn
2355 5044 2534 5098 Nilum
2565 5047 2727 5110 dicit,
2763 5047 2853 5116 qui
2879 5048 2931 5100 in
2966 5058 3172 5118 septem
3211 5049 3429 5104 ﬂumina
3451 5049 3696 5108 deduci-

2084 5140 2192 5187 tur.
2224 5133 2590 5203 Spiritualiter
2619 5134 2838 5190 ﬁumina
2862 5137 3156 5208 EthiOpize
3180 5140 3359 5209 poculi
3391 5150 3516 5194 sunt
3536 5157 3697 5210 gen-

2083 5223 2249 5288 tium,
2298 5225 2388 5294 qui
2422 5225 2648 5280 Domino
2679 5228 2926 5282 victimas
2972 5238 3268 5298 gratiarum
3305 5239 3360 5285 et
3396 5232 3692 5289 sacriﬁcia

2083 5312 2205 5368 ﬁdei
2227 5330 2291 5369 ac
2317 5314 2493 5370 devoti
2520 5317 2755 5385 pectoris
2769 5316 3094 5373 detulerunt.

2159 5423 2179 5456 ι
2206 5404 2264 5460 ln
2293 5405 2382 5460 die
2411 5425 2460 5471 ι,
2484 5406 2679 5474 inquit,
2717 5425 2736 5457 ι
2775 5407 2887 5472 illa,
2922 5427 2941 5460 ι
2979 5408 3032 5462 id
3059 5410 3220 5464 estin
3251 5418 3509 5479 tempore,
3541 5425 3692 5467 cum

2081 5500 2320 5570 gentium
2363 5501 2657 5556 crediderit
2701 5501 3011 5569 multitudo,
3048 5521 3066 5554 ι
3113 5519 3218 5558 non
3259 5503 3623 5558 confunderis
3661 5526 3684 5555 ι

2084 5600 2162 5654 tu,
2201 5605 2237 5646 ο
2277 5591 2388 5645 ﬁlia
2437 5591 2806 5662 dispersorum
2856 5608 3120 5647 meorum.
3166 5613 3184 5644 ι
3242 5592 3416 5662 Super
3455 5595 3692 5648 cunctis

2082 5681 2554 5738 adinventionibus
2575 5683 2702 5750 tuis,
2725 5683 2921 5752 quibus
2943 5686 3296 5752 pnevaricatu
3325 5698 3385 5736 es
3413 5682 3466 5736 in
3498 5698 3614 5746 me,
3660 5705 3684 5734 ι

2081 5772 2330 5842 eligendo
2376 5773 2674 5830 Barabbam
2702 5814 2718 5838 ,
2761 5784 2818 5831 et
2860 5775 2953 5829 Dei
2994 5775 3189 5830 Filium
3249 5774 3622 5844 cruciﬁqemlo
3661 5795 3690 5834 ι
