3950 6462
221 467 324 525 209

1138 461 1538 520 ENARRATIO
1575 460 1640 516 IN
1682 457 2073 518 SOPHONIAM
2111 461 2551 522 PROPIIETAM.

3374 467 3479 524 2W

229 601 248 634 ι
286 581 420 648 Quia
444 588 570 636 tunc
610 579 850 634 auferam
877 579 944 633 de
972 578 1147 634 medio
1183 581 1259 634 tui
1292 579 1663 650 magniloquos
1705 593 1796 634 su-
1822 580 1872 639 Α
1898 579 2074 633 ιηθάέο
2120 589 2365 636 nostrum
2419 583 2711 650 habitante,
2753 598 2857 638 non
2922 564 3228 639 timebimus
3275 587 3474 644 malum

221 671 421 741 perbiae
444 680 568 736 tuae,
602 691 620 722 ι
650 669 700 724 id
724 679 809 724 est
837 667 1136 724 Pharisaeos
1156 678 1210 723 et
1237 669 1464 732 scribas,
1487 669 1600 723 sive
1623 683 1802 724 sacer—

221 763 396 826 dotes,
425 777 616 832 magna
650 769 834 816 contra
864 760 1147 815 Dominum
1190 760 1492 831 loquentes.
1531 779 1549 811 ‹
1587 760 1653 814 Et
1692 775 1800 814 non

220 852 443 921 adjicies
468 852 946 922 exaltariamplius
987 853 1041 907 in
1069 862 1250 908 monte
1293 861 1479 908 sancto
1507 867 1648 916 meo,
1697 871 1714 902 ι
1749 851 1802 906 id

219 945 368 1000 estin
392 939 632 1000 Ecclesia
661 943 921 1010 ﬁdelium,
948 943 1199 1012 jactando
1221 951 1273 998 te
1288 945 1353 998 de
1369 943 1581 1014 generis
1612 941 1802 996 nobili-

219 1045 330 1094 tate
382 1045 438 1093 et
481 1037 748 1093 electione
782 1046 1014 1108 patrum.
1064 1035 1178 1092 Iloc
1233 1044 1412 1092 autem
1461 1035 1664 1091 factum
1719 1043 1802 1090 est

219 1127 438 1199 quando
478 1138 605 1199 post
649 1129 1101 1184 resurrectionem
1135 1127 1344 1182 Domini
1387 1126 1801 1199 praedicantibus

216 1219 478 1290 apostolis
509 1235 636 1287 tuna
682 1219 769 1274 die
813 1219 1160 1274 crediderunt
1207 1219 1308 1273 tria
1349 1218 1535 1282 millia,
1583 1219 1687 1273 alia
1714 1219 1801 1273 die

212 1308 454 1380 quinque
477 1309 665 1374 millia,
694 1317 750 1365 et
773 1309 1025 1381 deinceps
1051 1309 1217 1364 multa
1240 1309 1425 1377 millia,
1450 1309 1614 1365 multa
1635 1310 1800 1365 etiam

217 1397 373 1452 turba
405 1397 752 1453 sacerdotum
781 1397 1070 1453 obediebat
1096 1397 1242 1452 ﬁdei.

289 1507 309 1538 ‹
342 1487 410 1542 Et
437 1486 807 1558 derelinquam
839 1487 894 1542 in
923 1487 1100 1543 medio
1131 1487 1205 1541 tni
1228 1488 1481 1558 populum
1507 1502 1799 1558 pauperem

212 1587 268 1633 et
295 1595 546 1650 egenum,
577 1588 630 1634 et
655 1579 948 1651 sperabunt
977 1579 1031 1633 in
1057 1580 1272 1634 nomine
1315 1580 1522 1635 Domini
1559 1580 1798 1650 reliquiae

213 1668 398 1724 Israel.
439 1690 457 1722 ι
494 1669 629 1724 Cum
675 1669 959 1724 abstulerit
1002 1669 1260 1724 Dominus
1289 1670 1662 1740 magniloquos
1708 1685 1800 1725 su-

211 1761 412 1828 perbite
441 1760 509 1816 de
537 1775 698 1814 manu
731 1759 912 1830 populi
942 1761 1046 1826 sui,
1072 1760 1517 1829 derelinquentur
1533 1775 1798 1831 pauperes

212 1860 266 1906 et
276 1852 458 1922 egeni,
478 1851 704 1921 apostoli
728 1851 978 1907 videlicet
1000 1850 1260 1906 illitterati
1285 1851 1552 1916 homines,
1568 1861 1624 1906 et
1638 1849 1797 1906 nullis

1904 669 2064 725 ultra.

1897 750 1900 753 ’
1977 778 1997 812 ‹
2037 761 2094 816 In
2119 761 2203 817 die
2225 761 2314 816 illa
2339 762 2548 818 dicetur
2571 762 2905 822 Hierusalem
2934 786 2945 821 :
2976 766 3093 824 Noli
3121 769 3332 823 timere.
3364 789 3382 821 ι
3419 769 3474 824 1η

1903 851 1988 906 die
2014 852 2126 918 illa,
2151 853 2254 908 hoc
2295 862 2375 908 est
2413 853 2466 908 in
2497 853 2602 909 ﬁne
2627 857 2808 910 saeculi
2837 897 2850 922 ,
2887 858 3098 914 dicetur
3125 860 3192 914 ad
3223 859 3476 915 Hierusa-

1900 943 2003 998 lem
2028 945 2248 1000 liberam
2286 955 2592 1002 sanctorum
2632 957 2889 1011 matrem,
2920 949 3004 1004 vel
3033 952 3100 1006 ab
3136 952 3340 1022 angelis
3389 951 3475 1006 vel

1900 1051 1929 1089 a
1962 1035 2166 1106 Spiritu
2213 1045 2425 1104 sancto,
2479 1056 2496 1089 ι
2559 1036 2675 1093 Noli
2715 1038 2924 1094 timere.
2986 1059 3004 1092 ι
3055 1040 3273 1095 Dicetur
3322 1050 3375 1097 et
3407 1041 3476 1096 ad

1904 1145 1923 1178 ‹
1963 1127 2113 1194 Sion,
2146 1148 2164 1179 ι
2219 1128 2273 1184 id
2317 1139 2402 1184 est
2439 1128 2608 1199 ipsam
2660 1128 2978 1195 Eeclesiam,
3029 1131 3199 1185 Deum
3245 1131 3477 1186 feliciter

1898 1218 2302 1289 speculantem:
2335 1237 2354 1271 ι
2386 1218 2502 1274 Νοη
2526 1219 2889 1275 dissolvantur
2915 1235 3108 1276 manus
3139 1229 3262 1276 tum.
3297 1242 3315 1273 ›
3349 1223 3475 1292 quia

1897 1325 2238 1381 nequaquam
2289 1309 2600 1379 operaberis
2646 1309 2785 1364 ultra
2828 1309 2971 1380 quod
3022 1319 3072 1364 te
3127 1309 3318 1366 fecisse
3360 1327 3475 1382 pee-

1896 1398 2085 1455 niteat.
2139 1399 2204 1454 Et
2254 1401 2397 1456 unde
2443 1400 2493 1456 ei
2544 1407 2695 1455 tanta
2746 1402 3031 1468 securitas,
3071 1402 3309 1458 ostendit
3343 1403 3475 1458 sub-

1896 1490 2028 1547 dens
2056 1508 2070 1546 :

1971 1602 1991 1635 ¢
2027 1583 2286 1642 Dominus
2323 1585 2466 1641 Deus
2516 1595 2640 1643 tuus
2671 1587 2727 1642 in
2778 1587 2956 1642 medio
2999 1586 3110 1653 tui,
3162 1585 3318 1642 fortis
3363 1587 3478 1658 ipse

1895 1676 2123 1732 salvabit
2160 1695 2180 1729 ι
2219 1684 2289 1731 te.
2327 1697 2345 1729 ι
2381 1677 2648 1734 Gaudebit
2694 1693 2856 1748 super
2903 1687 2956 1734 te
3006 1678 3059 1732 in
3112 1677 3316 1743 laetitia,
3355 1697 3374 1731 ›
3421 1687 3479 1733 et

1901 1786 1920 1817 ‹
1956 1767 2132 1823 silebit
2176 1787 2194 1822 ›
2234 1784 2341 1824 non
2387 1778 2644 1838 reputans
2679 1769 2776 1824 tibi
2820 1779 3042 1838 peccata
3083 1776 3194 1823 tua.
3249 1786 3267 1820 ι
3301 1768 3358 1823 In
3396 1768 3479 1823 dio

1895 1858 2126 1916 lectione
2176 1869 2287 1926 tua,
2323 1880 2343 1913 ›
2386 1860 2440 1915 id
2475 1871 2586 1927 est,
2629 1861 2683 1916 in
2723 1861 3019 1926 cbaritate,
3060 1875 3168 1930 qua
3217 1869 3269 1916 te
3308 1860 3478 1932 gratis

212 1945 399 1998 mundi
439 1945 630 2014 opibus
684 1944 834 2011 fulti,
883 1954 940 2001 et
986 1945 1086 2016 ipsi
1132 1949 1427 2018 sperabunt
1469 1948 1524 2002 in
1573 1948 1791 2004 nomine
1819 1932 1865 1993 Β
1893 1951 2100 2008 dilexit.
2131 1970 2150 2004 ‹
2177 1952 2244 2007 Et
2269 1952 2558 2008 exsultabit
2581 1954 2888 2024 supertein
2912 1952 3088 2020 laude,
3126 1973 3145 2006 ι
3179 1953 3263 2009 vel
3283 1969 3387 2023 qua
3419 1961 3472 2008 te

214 2035 451 2089 Domini.
477 2036 581 2105 Ipsi
622 2037 768 2091 enim
816 2047 938 2092 sunt
985 2037 1226 2109 reliquiae
1270 2039 1457 2105 Israel,
1485 2039 1553 2096 de
1600 2040 1794 2109 quibus

217 2125 420 2181 Isaias:
453 2147 472 2178 ο
504 2127 763 2198 Reliquiae
795 2128 958 2185 salvae
1005 2128 1154 2184 ﬁent:
1189 2149 1208 2182 ι
1237 2129 1332 2186 Ila:
1364 2131 1607 2202 reliquiae
1636 2151 1654 2183 ι
1686 2146 1794 2187 non

215 2215 416 2272 facient
449 2219 808 2289 iniquitatem,
855 2235 954 2276 nec
984 2220 1273 2291 loquentur
1318 2239 1336 2273 ι
1392 2231 1578 2277 contra
1613 2223 1796 2278 Domi-

213 2325 342 2363 num
375 2327 394 2360 ι
439 2312 801 2377 mendacium,
844 2321 898 2368 et
922 2329 1028 2369 non
1057 2314 1361 2369 invenietur
1388 2315 1442 2371 in
1483 2331 1578 2371 ore
1607 2331 1794 2373 eorum

210 2404 394 2476 lingua
421 2406 626 2474 dolosa,
660 2429 678 2461 ι
711 2418 768 2464 ut
793 2409 934 2465 aliud
963 2411 1142 2466 verbis
1169 2419 1440 2481 premant,
1466 2412 1613 2468 aliud
1634 2413 1796 2469 corde

209 2500 644 2556 machinentur:
698 2521 716 2554 ς
774 2504 1027 2573 quoniam
1073 2505 1175 2576 ipsi
1223 2515 1515 2577 pascentur
1558 2527 1578 2561 ι
1627 2506 1794 2562 divini

206 2589 364 2644 verbi
405 2591 635 2659 pabulo,
687 2599 739 2648 et
787 2601 1042 2665 poterunt
1086 2594 1270 2650 dicere
1305 2611 1425 2650 cum
1454 2596 1781 2652 Psalmista:

212 2697 233 2731 ι
263 2679 528 2736 Dominus
547 2683 724 2751 pascit
746 2699 852 2750 me,
881 2694 937 2740 et
967 2685 1097 2740 nihil
1129 2687 1260 2742 mihi
1290 2687 1481 2742 deerit.
1517 2708 1534 2740 ι
1569 2709 1587 2740 ‹
1617 2689 1680 2743 Et
1702 2704 1794 2744 ae-

205 2770 490 2826 eubabunt
525 2791 544 2824 ι
577 2787 785 2840 secure,
816 2776 1158 2844 requiescent
1185 2778 1236 2832 in
1261 2779 1475 2848 pascuis
1498 2778 1751 2836 Ecclesia:
1777 2793 1792 2833 :

211 2877 230 2909 ι
269 2869 335 2914 et
363 2875 468 2915 non
491 2862 596 2916 erit
618 2878 736 2932 qua:
753 2872 1027 2920 exterreat
1051 2887 1069 2918 ο
1101 2884 1114 2920 :
1137 2865 1241 2922 ﬁde
1268 2868 1606 2924 credentium
1634 2884 1794 2940 supe-

208 2961 375 3006 rante
400 2968 615 3008 omnem
652 2967 1059 3025 persecutorum
1105 2958 1392 3014 saevitiam.
1421 2959 1651 3016 Possunt
1680 2962 1796 3016 hzee

204 3052 265 3098 et
297 3043 369 3099 ad
397 3047 692 3101 secundum
717 3047 908 3103 referri
939 3047 1152 3103 Domini
1182 3048 1489 3114 adventum,
1519 3065 1639 3104 cum
1683 3050 1793 3119 jam

205 3136 568 3190 evacuaverit
610 3152 827 3194 omnem
871 3138 1230 3208 principatum
1270 3147 1325 3200 et
1367 3149 1712 3210 potestatem,
1744 3149 1798 3195 et

201 3241 340 3280 cum
365 3228 655 3284 novissime
675 3229 946 3284 destructa
973 3230 1133 3284 fuerit
1153 3230 1368 3285 inimica
1392 3246 1558 3295 mors,
1581 3231 1798 3301 quando

201 3319 375 3375 electi
414 3320 568 3376 liberi
601 3323 668 3378 ab
712 3323 859 3378 omni
902 3325 1250 3393 corruptione
1295 3334 1350 3379 et
1395 3333 1541 3379 metu
1583 3325 1791 3391 mortis,

199 3410 555 3466 accubabant
580 3415 754 3470 securi
786 3415 838 3468 in
879 3416 1096 3484 pascuis
1121 3417 1290 3471 beatae
1319 3417 1541 3472 visionis
1571 3417 1686 3472 Dei.

285 3522 309 3554 ‹
346 3502 548 3570 Lauda,
577 3504 683 3559 ﬁlia
717 3504 866 3571 Sion,
894 3507 1062 3577 jnbila
1092 3527 1109 3559 ι
1139 3515 1214 3574 tu,
1248 3527 1266 3558 ι
1296 3507 1482 3564 Israel.
1514 3507 1718 3563 Laetare
1741 3517 1795 3563 et

197 3593 426 3651 exsulta
455 3596 507 3650 in
526 3597 672 3651 omni
695 3598 876 3662 corde,
905 3597 1010 3652 ﬁlia
1033 3596 1365 3654 Hierusalem
1392 3617 1404 3654 :
1439 3620 1457 3651 ι
1484 3598 1615 3653 Filia
1639 3599 1791 3665 Sion,

201 3693 405 3740 sancta
431 3693 514 3740 est
539 3686 833 3741 electorum
869 3687 1128 3752 Ecclesia,
1158 3705 1277 3758 qure
1322 3690 1374 3742 in
1416 3689 1653 3758 specula,
1691 3690 1794 3743 hoc

198 3783 320 3840 est,
354 3772 406 3828 in
429 3776 886 3846 contemplatione
925 3777 1137 3832 Domini
1169 3779 1437 3834 consistit.
1472 3778 1621 3834 Hanc
1659 3777 1794 3834 allo-

196 3868 400 3938 quitur
427 3867 662 3936 Spiritus
690 3877 930 3934 sanctus,
954 3879 1011 3924 ut
1031 3870 1211 3926 laudet
1231 3881 1287 3927 et
1311 3873 1515 3943 gratias
1536 3880 1658 3943 agat
1681 3873 1792 3944 regi

196 3957 382 4015 Israel
425 3957 644 4015 Christo
692 3960 950 4026 Domino,
996 3963 1088 4032 qui
1131 3978 1252 4018 eam
1300 3964 1548 4029 redemit,
1595 3965 1796 4034 quique

197 4053 395 4106 factus
423 4061 506 4106 est
531 4053 580 4107 ei
608 4068 637 4105 a
662 4053 770 4107 Deo
786 4052 996 4122 justitia
1025 4064 1078 4109 ct
1099 4057 1454 4112 sanctiﬁcatio
1490 4067 1544 4112 et
1586 4058 1795 4113 redem—

198 4141 354 4213 ptio.
381 4141 495 4211 Ipsa
517 4142 679 4200 etiam
694 4153 777 4198 est
798 4145 904 4198 ﬁlia
927 4144 1284 4212 Hierusalem,
1311 4162 1430 4217 qua:
1452 4147 1795 4204 videtveram

195 4247 432 4307 pacem,
469 4235 596 4305 quia
638 4227 972 4292 Hierusalem
1020 4238 1158 4292 visio
1203 4240 1351 4309 pacis
1389 4241 1793 4311 interpretatur.

195 4326 280 4380 Et
307 4340 544 4394 prrcsens
567 4326 802 4382 Ecclesia
838 4327 946 4383 ﬁlia
973 4337 1060 4384 est
1099 4328 1262 4395 illius,
1296 4346 1415 4400 qua:
1460 4348 1674 4388 sursum
1714 4343 1798 4390 est

195 4418 576 4485 Hierusalem,
604 4436 724 4491 quae
748 4430 830 4476 est
861 4431 1036 4477 mater
1060 4431 1266 4479 nostra.
1300 4424 1479 4481 Monet
1515 4442 1645 4499 ergo
1676 4442 1795 4484 eam

196 4518 272 4564 ut
318 4508 590 4575 exsultet,
635 4526 742 4566 non
788 4513 1151 4584 qualicunque
1192 4516 1570 4582 exsultatione,
1603 4522 1696 4576 sed
1740 4521 1794 4577 in

193 4602 363 4656 omni
409 4603 589 4659 corde.
622 4603 691 4659 Et
719 4620 878 4662 causa
905 4607 1152 4663 subditur
1179 4624 1349 4680 quare
1394 4609 1564 4667 lauari
1604 4613 1795 4670 debeat

193 4703 261 4750 et
281 4693 562 4749 exsultare
595 4712 609 4748 :

288 4803 312 4836 ι
358 4784 593 4841 Abstulit
641 4787 901 4844 Dominus
935 4790 1196 4861 judicium
1244 4800 1412 4855 tuum,
1455 4795 1649 4850 avertit
1693 4795 1801 4850 ini-

196 4876 391 4933 micos
453 4885 572 4932 tuos
627 4894 721 4934 rex
769 4879 953 4935 Israel.
1013 4900 1032 4933 ι
1089 4871 1203 4937 Hoc
1247 4891 1331 4939 est
1377 4885 1798 4951 damnationem,

195 4967 437 5039 quando
485 4967 695 5024 remisit
738 4969 1073 5040 iniquitatem
1124 4971 1296 5041 plebis
1341 4989 1473 5039 suze,
1511 4990 1633 5030 cum
1677 4991 1797 5031 eam

199 5057 455 5114 redemit
500 5060 739 5128 pretioso
765 5063 1024 5133 sanguine
1053 5079 1169 5119 suo.
1196 5063 1417 5120 Plenius
1445 5081 1572 5122 vero
1593 5068 1800 5124 ablatu-

199 5167 314 5208 rus
353 5152 511 5207 estin
545 5154 724 5210 saeculi
752 5156 1212 5211 consummatione
1234 5156 1496 5226 judicium
1516 5159 1652 5228 ejus,
1678 5177 1800 5216 cum

200 5258 345 5301 eam
385 5243 614 5299 redimet
647 5245 712 5301 de
747 5245 967 5301 interitu
991 5287 1006 5312 ,
1031 5254 1088 5301 et
1111 5245 1484 5302 corroborabit
1508 5248 1562 5302 in
1589 5250 1802 5305 miseri-

202 5335 432 5392 cordia.
455 5335 678 5391 Avertet
703 5352 918 5407 quoque
946 5338 1193 5394 inimicos
1215 5380 1231 5405 ,
1269 5338 1321 5394 id
1351 5347 1437 5396 est
1467 5354 1655 5417 omnes
1681 5356 1806 5411 per-

204 5433 525 5489 secutores,
553 5425 666 5480 sive
708 5427 869 5481 etiam
912 5430 1099 5484 turbas
1139 5429 1805 5502 daemonum,‘omniaque

204 5514 350 5587 paci
378 5524 598 5571 cetema:
638 5518 835 5587 quietis
871 5520 1161 5576 contraria.
1201 5540 1220 5574 ι
1258 5521 1518 5578 Dominus
1545 5522 1598 5577 in
1627 5519 1805 5579 medio

205 5604 325 5668 tui,
358 5618 464 5658 non
514 5605 726 5660 timebis
773 5608 970 5662 malum
1018 5608 1178 5665 ultra.
1232 5630 1253 5664 ι
1313 5611 1430 5682 Ipse
1474 5613 1617 5669 enim
1648 5614 1804 5679 dixit,

214 5715 238 5748 σ
281 5693 611 5753 Inhabitabo
657 5698 710 5752 in
759 5697 885 5763 illis,
908 5700 1122 5755 etin-ter
1168 5701 1288 5757 illos
1332 5704 1640 5759 ambulabo.
1690 5724 1707 5757 ι
1741 5705 1806 5760 Et

209 5789 352 5858 ipse
373 5785 537 5843 Filius
560 5789 849 5859 promittit,
884 5790 1066 5847 dicens
1098 5810 1110 5845 :
1137 5791 1446 5858 Venicmus,
1475 5803 1532 5851 et
1571 5797 1808 5851 mansio-

212 5892 360 5937 nem
388 5881 526 5952 apud
562 5895 684 5938 eum
718 5881 990 5939 faciemus.
1033 5883 1129 5939 Illo
1170 5899 1298 5956 ergo
1336 5886 1612 5942 nobiscum
1652 5895 1704 5944 et
1752 5887 1804 5942 in

1827 4653 1879 4713 D

1893 2041 2049 2099 laude
2076 2043 2294 2115 dignam
2324 2043 2482 2110 fecit,
2509 2043 2590 2098 vel
2616 2059 2721 2114 qua
2765 2053 2824 2099 tu
2863 2059 2986 2100 eum
3008 2042 3329 2100 exsultando
3354 2043 3487 2107 laus

1895 2134 2066 2190 dabis.

1969 2243 1988 2276 ‹
2025 2223 2205 2294 Nugas
2227 2225 2316 2297 qui
2347 2240 2378 2280 a
2406 2225 2522 2296 lege
2547 2234 2883 2281 recesserant
2905 2223 3266 2296 congregabo,
3316 2242 3335 2277 ι
3368 2224 3474 2278 hoc

1894 2323 2000 2382 est,
2032 2315 2248 2371 inutiles
2269 2323 2324 2372 et
2349 2315 2512 2382 leves,
2545 2316 2637 2386 qui
2662 2315 2831 2386 legem
2863 2315 3266 2387 prtevaricando
3289 2329 3319 2368 a
3350 2314 3474 2369 sinu

1895 2416 1988 2462 tuo
2025 2417 2384 2474 recesserant,
2416 2410 2772 2480 congregabo.
2832 2427 2851 2461 ε
2901 2409 3038 2477 Quia
3087 2426 3154 2465 ex
3201 2418 3255 2464 te
3295 2396 3472 2473 erant,

1893 2507 1955 2552 ut
1975 2502 2109 2552 ultra
2141 2515 2248 2554 non
2294 2499 2492 2554 habeas
2514 2514 2674 2569 super
2716 2499 2797 2555 eis
2834 2500 3204 2570 approbrinm,
3237 2519 3256 2552 ›
3290 2508 3347 2554 et
3388 2514 3473 2555 se-

1895 2589 2129 2644 cundum
2158 2589 2471 2660 Apostolum
2503 2605 2609 2644 non
2653 2589 2851 2659 repulit
2890 2590 3035 2644 Deus
3066 2589 3274 2660 plebem
3319 2574 3474 2644 suam

1895 2697 2056 2752 quam
2096 2683 2384 2754 praescivit.
2438 2681 2549 2738 Hos
2599 2698 2728 2754 ergo
2769 2683 3109 2754 congregabo
3135 2692 3190 2738 et
3217 2682 3474 2738 reducam

1897 2773 1962 2828 ad
1992 2782 2070 2839 te,
2097 2773 2330 2830 liberans
2377 2787 2472 2830 eos
2502 2775 2567 2830 de
2597 2783 2864 2844 potestate
2901 2775 3202 2830 daemonum
3223 2815 3238 2841 ,
3264 2783 3325 2830 ut
3362 2789 3474 2830 non

1896 2865 2126 2935 amplius
2154 2867 2221 2922 de
2257 2881 2444 2922 eorum
2474 2867 2778 2937 perditione
2808 2869 3073 2924 sustineas
3103 2866 3493 2938 opprobrium.

1897 2955 2186 3012 Sciendum
2246 2972 2418 3028 nugas
2481 2957 2768 3013 Hebraeum
2825 2973 2946 3014 esse
3007 2960 3270 3024 verbum,
3333 2959 3490 3029 apud.

1897 3045 2116 3101 Latinos
2155 3048 2430 3102 usitatum.
2481 3047 2634 3103 Unde
2677 3047 2818 3104 scire
2868 3064 3154 3119 possumus
3194 3048 3475 3106 Hebraeum

1897 3136 2137 3207 linguam
2163 3146 2390 3192 matrem
2415 3151 2536 3192 esse
2563 3138 2802 3192 omnium
2836 3137 3159 3208 linguarum.

1974 3247 1992 3280 ι
2028 3228 2167 3284 Ecce
2194 3243 2294 3300 ego
2323 3227 2642 3284 interﬁciam
2667 3242 2854 3282 omnes
2879 3229 2971 3297 qui
3008 3227 3313 3283 afﬂixerunt
3339 3234 3390 3283 te
3423 3230 3496 3291 in

1903 3329 2143 3390 tempore
2179 3319 2270 3374 illo
2294 3359 2311 3386 ,
2341 3328 2396 3376 et
2423 3318 2640 3374 salvabo
2675 3319 3099 3386 claudicantem,
3129 3329 3184 3376 et
3209 3333 3329 3374 eam
3358 3319 3490 3390 qua:

1899 3411 2072 3481 ejecta
2095 3409 2308 3476 fuerat,
2339 3408 2697 3480 congregabo.
2739 3428 2757 3462 ι»
2793 3407 2990 3478 Aperta
3021 3408 3256 3479 Spiritus
3300 3411 3478 3466 sancti

1897 3502 2195 3558 consolatio
2215 3503 2280 3557 ad
2301 3502 2600 3558 Ecclesium
2622 3501 2964 3574 generaliter,
2981 3503 3066 3558 vel
3087 3503 3392 3573 specialiter
3409 3504 3480 3558 ad

1896 3609 2058 3649 unam
2086 3608 2354 3665 quamque
2378 3593 2590 3648 ﬁdelem
2613 3593 2868 3648 animam.
2887 3592 3035 3648 Multi
3055 3594 3199 3649 enim
3227 3601 3353 3649 sunt
3384 3595 3478 3665 qui

1895 3686 1980 3742 vel
2011 3695 2178 3742 totam
2208 3686 2525 3752 Ecclesiam,
2553 3685 2637 3741 vel
2665 3693 2907 3741 sanctam
2941 3701 3212 3756 quamque
3239 3685 3478 3741 animam

1896 3780 2324 3850 improperantes
2366 3788 2421 3834 ct
2473 3779 2794 3846 irridentes,
2841 3793 2964 3834 cum
3013 3780 3195 3835 vident
3243 3777 3495 3848 aliquem

1894 3872 2069 3926 virum
2096 3878 2340 3925 sanctum
2370 3885 2490 3940 qua:
2512 3870 2694 3924 mundi
2722 3877 2846 3925 sunt
2869 3884 3122 3940 spernere
3148 3878 3205 3925 et
3236 3869 3507 3928 cmlestia.

1894 3971 2164 4032 appetere.
2206 3959 2393 4016 Solent
2426 3960 2571 4016 enim
2617 3961 2835 4016 dicere:
2863 3961 3089 4014 Insanus
3127 3969 3228 4025 est,
3260 3976 3369 4016 non
3398 3961 3502 4019 sic-

1893 4051 2028 4106 vivit
2078 4060 2136 4105 ut
2190 4065 2324 4114 nos,
2379 4057 2675 4104 conventus
2726 4049 3005 4103 hominum
3055 4049 3222 4120 fugit,
3258 4049 3486 4106 delicias

1895 4140 2080 4196 mundi
2109 4141 2336 4209 spernit,
2359 4148 2414 4193 et
2435 4146 2628 4194 caetera
2655 4136 2978 4206 huiusmodi.
3009 4138 3112 4205 Qui
3134 4153 3264 4194 vero
3292 4139 3484 4201 inﬁdee

1894 4235 1976 4291 les
2007 4243 2152 4300 sunt,
2179 4234 2511 4304 exprobrant
2543 4233 2617 4287 illi
2642 4247 2860 4288 crucem
2883 4233 3107 4298 Christi,
3145 4235 3266 4294 etsi
3295 4235 3348 4290 in
3376 4235 3478 4297 alia

1894 4341 2000 4395 qua
2030 4340 2154 4380 eum
2180 4325 2413 4380 viderint
2441 4324 2758 4389 tentatione,
2792 4324 2992 4379 dicitur
3035 4325 3177 4400 quod
3207 4334 3263 4381 et
3297 4325 3480 4381 Tobiae

1895 4425 2083 4472 sancto
2114 4415 2398 4487 propinqui
2423 4415 2721 4471 dicebant:
2773 4435 2791 4466 ‹
2845 4413 2945 4478 Ubi
2991 4425 3118 4472 sunt
3159 4416 3384 4486 iustitia:
3425 4428 3487 4474 et.

1893 4508 2246 4581 eleemOsyna:
2288 4523 2424 4578 quas
2465 4507 2734 4563 faciebas?
2767 4529 2785 4560 ι
2825 4507 3116 4565 Pollicetur
3137 4525 3266 4582 ergo
3301 4512 3490 4576 Domi-g

1903 4618 2004 4658 nus
2033 4603 2101 4658 de
2146 4601 2338 4658 talibus
2379 4617 2437 4656 se
2479 4600 3110 4661 facturum.vindictam:
3149 4624 3168 4654 ι
3207 4604 3363 4668 Ecce,
3400 4606 3486 4661 in-

1905 4693 2116 4762 quiens,
2150 4691 2474 4747 interﬁciam
2501 4707 2691 4748 omnes
2723 4692 2816 4763 qui
2844 4691 3148 4751 aillixerunt
3171 4703 3224 4750 te
3250 4695 3306 4751 in
3343 4689 3502 4752 tem-I

1902 4798 2032 4853 pore
2059 4783 2182 4848 illo,
2211 4792 2266 4838 et
2297 4782 2518 4838 salvabo
2561 4782 2972 4851 claudicantem,
3003 4804 3026 4847 ,ι
3065 4787 3178 4843 sive
3226 4787 3501 4849 alllictam,

1903 4880 2221 4944 Ecclesi‘am,
2246 4878 2332 4933 vel
2383 4878 2592 4938 ﬁdelem
2640 4878 2910 4945 animam,
2965 4894 3086 4948 quae
3128 4879 3182 4933 in
3225 4873 3510 4951 praesenti.

1900 4972 2032 5035 vita,
2059 4970 2253 5025 diaboli
2279 4969 2362 5025 vel
2397 4970 2763 5024 membrorum
2792 4967 2908 5038 ejus
2931 4971 3306 5040 persecutione
3329 4983 3509 5040 pres»-

1901 5081 1984 5128 sa,
2019 5072 2174 5118 nutat
2223 5064 2366 5120 inter
2407 5063 2678 5138 procellas
2713 5065 2928 5132 saeculi,
2966 5075 3323 5127 cumtamen
3371 5066 3480 5124 lim

1905 5154 2070 5225 gradu
2124 5160 2179 5209 et
2225 5153 2396 5209 solido
2448 5167 2635 5225 gressu
2687 5154 2810 5210 ﬁdei
2856 5155 3114 5211 ambulet.
3157 5155 3308 5212 Hane
3350 5170 3481 5224 ergo
3499 5158 3506 5164 ”

1904 5245 2298 5300 claudi‘cantem
2327 5254 2382 5300 et
2403 5246 2652 5304 afﬂictam
2681 5247 2932 5313 salvabit,
2960 5256 3016 5303 et
3054 5248 3321 5326 abjectam
3348 5263 3504 5325 conv

1904 5337 2166 5406 gregabit.
2197 5335 2416 5404 Abjecta
2445 5337 2642 5407 quippe
2662 5347 2744 5392 est
2769 5337 3008 5393 Ecclesia
3028 5377 3042 5403 ,
3074 5324 3280 5408 abjecta
3305 5324 3507 5408 euntis

1908 5425 2078 5480 ﬁdelis
2123 5426 2301 5479 anima
2341 5426 2480 5496 apud
2527 5427 2706 5481 saeculi
2751 5435 3055 5492 amatores,
3084 5433 3144 5481 ut
3170 5422 3502 5499 smpissime

1912 5517 1965 5571 in
1993 5519 2212 5579 psalmis
2252 5511 2423 5572 sancti
2452 5526 2750 5588 queruntur
2775 5527 2827 5574 et
2868 5519 3052 5574 dicunt
3079 5509 3099 5572 ε’
3122 5518 3275 5576 Nunc
3300 5521 3502 5577 autem“

1913 5609 2150 5679 repulistt
2179 5619 2235 5664 et
2279 5609 2564 5666 confudisti
2613 5626 2728 5666 nos.
2778 5610 2890 5667 Nec
2925 5612 3171 5679 mirum,
3199 5612 3332 5669 cum"
3355 5595 3503 5684 ipse”

1911 5715 2122 5770 quoque
2152 5702 2244 5756 Dei
2277 5703 2439 5758 Filius
2467 5719 2530 5759 ex
2548 5709 2718 5774 parte"
2733 5699 3098 5761 humanitatis
3117 5706 3259 5763 dicat
3272 5703 3432 5763 Patri
3465 5701 3516 5765 τί
3578 5751 3586 5758 .

1912 5794 1992 5848 'l‘u
2041 5808 2170 5850 vero
2205 5796 2447 5866 repnlisti
2485 5803 2540 5852 'et
2579 5796 2867 5868 deSpexis'ti
2888 5838 2902 5864 ,
2925 5797 3176 5855 distulisti
3206 5798 3512 5856 Christum"

1914 5897 2082 5944 tuum.
2127 5908 2146 5941 ‹
2185 5889 2250 5945 Et
2275 5906 2468 5960 ponant
2519 5906 2611 5947 cos
2652 5890 2703 5945 in
2737 5890 2975 5956 laudent,
3005 5902 3060 5947 et
3107 5897 3159 5948 in
3200 5907 3394 5948 nomen
3425 5893 3479 5945 in
