  <div class='ocr_page' id='page_1' title='image "/cluster/home/n/w/nwhite01/storage/ocr_20150623/117/hvd.32044015466899/111.png"; bbox 0 0 3950 6470; ppageno 0'>
   <div class='ocr_carea' id='block_1_1' title="bbox 403 410 499 463">
    <p class='ocr_par' dir='ltr' id='par_1_1' title="bbox 403 410 499 463">
     <span class='ocr_line' id='line_1_1' title="bbox 403 410 499 463; baseline 0 0"><span class='ocrx_word' id='word_1_1' title='bbox 403 410 499 463; x_wconf 60' lang='lat' dir='ltr'><strong>ill</strong></span> 
     </span>
    </p>
   </div>
   <div class='ocr_carea' id='block_1_2' title="bbox 868 407 3174 472">
    <p class='ocr_par' dir='ltr' id='par_1_2' title="bbox 868 407 3174 472">
     <span class='ocr_line' id='line_1_2' title="bbox 868 407 3174 472; baseline 0.004 -10"><span class='ocrx_word' id='word_1_2' title='bbox 868 407 1215 464; x_wconf 71' lang='lat' dir='ltr'><strong>ilAYMONlS</strong></span> <span class='ocrx_word' id='word_1_3' title='bbox 1246 408 1722 464; x_wconf 72' lang='lat' dir='ltr'><strong>llALBERSTAT.</strong></span> <span class='ocrx_word' id='word_1_4' title='bbox 1766 408 1976 466; x_wconf 78' lang='lat' dir='ltr'><strong>EPISC.</strong></span> <span class='ocrx_word' id='word_1_5' title='bbox 2019 409 2167 465; x_wconf 86' lang='lat' dir='ltr'><strong>OPP.</strong></span> <span class='ocrx_word' id='word_1_6' title='bbox 2208 410 2387 468; x_wconf 76' lang='lat' dir='ltr'><strong>PARS</strong></span> <span class='ocrx_word' id='word_1_7' title='bbox 2424 411 2463 466; x_wconf 89' lang='lat' dir='ltr'><strong>l.</strong></span> <span class='ocrx_word' id='word_1_8' title='bbox 2505 443 2576 454; x_wconf 85' lang='lat'><strong>--</strong></span> <span class='ocrx_word' id='word_1_9' title='bbox 2611 414 2962 471; x_wconf 73' lang='lat' dir='ltr'><strong>COMMENT.</strong></span> <span class='ocrx_word' id='word_1_10' title='bbox 3005 417 3174 472; x_wconf 84' lang='lat' dir='ltr'><strong>BIBL.</strong></span> 
     </span>
    </p>
   </div>
   <div class='ocr_carea' id='block_1_3' title="bbox 3556 422 3669 477">
    <p class='ocr_par' dir='ltr' id='par_1_3' title="bbox 3556 422 3669 477">
     <span class='ocr_line' id='line_1_3' title="bbox 3556 422 3669 477; baseline 0 -1"><span class='ocrx_word' id='word_1_11' title='bbox 3556 422 3669 477; x_wconf 66' lang='lat'><strong>2|!</strong></span> 
     </span>
    </p>
   </div>
   <div class='ocr_carea' id='block_1_4' title="bbox 402 518 3668 601">
    <p class='ocr_par' dir='ltr' id='par_1_4' title="bbox 402 518 3668 601">
     <span class='ocr_line' id='line_1_4' title="bbox 402 518 3668 601; baseline 0.003 -25"><span class='ocrx_word' id='word_1_12' title='bbox 402 521 546 576; x_wconf 72' lang='lat' dir='ltr'><strong>omni</strong></span> <span class='ocrx_word' id='word_1_13' title='bbox 591 530 731 574; x_wconf 79' lang='lat' dir='ltr'><strong>terra</strong></span> <span class='ocrx_word' id='word_1_14' title='bbox 762 518 1090 576; x_wconf 68' lang='lat' dir='ltr'><strong>confusionis</strong></span> <span class='ocrx_word' id='word_1_15' title='bbox 1117 534 1328 585; x_wconf 91' lang='lat' dir='ltr'><strong>eorum,</strong></span> <span class='ocrx_word' id='word_1_16' title='bbox 1357 519 1410 574; x_wconf 91' lang='lat' dir='ltr'><strong>in</strong></span> <span class='ocrx_word' id='word_1_17' title='bbox 1444 528 1683 589; x_wconf 87' lang='lat' dir='ltr'><strong>tempore</strong></span> <span class='ocrx_word' id='word_1_18' title='bbox 1726 520 1818 574; x_wconf 89' lang='lat' dir='ltr'><strong>illo</strong></span> <span class='ocrx_word' id='word_1_19' title='bbox 1864 534 1970 592; x_wconf 91' lang='lat' dir='ltr'><strong>quo</strong></span> <span class='ocrx_word' id='word_1_20' title='bbox 2000 523 2046 582; x_wconf 82' lang='lat' dir='ltr'><strong>A</strong></span> <span class='ocrx_word' id='word_1_21' title='bbox 2074 522 2230 576; x_wconf 80' lang='lat' dir='ltr'><strong>ducet</strong></span> <span class='ocrx_word' id='word_1_22' title='bbox 2257 530 2312 577; x_wconf 90' lang='lat' dir='ltr'><strong>et</strong></span> <span class='ocrx_word' id='word_1_23' title='bbox 2341 522 2599 594; x_wconf 86' lang='lat' dir='ltr'><strong>suscipiet</strong></span> <span class='ocrx_word' id='word_1_24' title='bbox 2623 523 2762 580; x_wconf 89' lang='lat' dir='ltr'><strong>ﬁlios</strong></span> <span class='ocrx_word' id='word_1_25' title='bbox 2785 524 3016 592; x_wconf 71' lang='lat' dir='ltr'><strong>amictae,</strong></span> <span class='ocrx_word' id='word_1_26' title='bbox 3045 542 3169 582; x_wconf 90' lang='lat' dir='ltr'><strong>cum</strong></span> <span class='ocrx_word' id='word_1_27' title='bbox 3192 525 3389 585; x_wconf 77' lang='lat' dir='ltr'><strong>fuerint</strong></span> <span class='ocrx_word' id='word_1_28' title='bbox 3416 531 3578 601; x_wconf 87' lang='lat' dir='ltr'><strong>positi</strong></span> <span class='ocrx_word' id='word_1_29' title='bbox 3610 533 3668 587; x_wconf 74' lang='lat' dir='ltr'><strong>iu</strong></span> 
     </span>
    </p>
   </div>
   <div class='ocr_carea' id='block_1_5' title="bbox 404 607 1974 679">
    <p class='ocr_par' dir='ltr' id='par_1_5' title="bbox 404 607 1974 679">
     <span class='ocr_line' id='line_1_5' title="bbox 404 607 1974 679; baseline -0.001 -15"><span class='ocrx_word' id='word_1_30' title='bbox 404 610 669 666; x_wconf 83' lang='lat' dir='ltr'><strong>adducam</strong></span> <span class='ocrx_word' id='word_1_31' title='bbox 708 622 822 673; x_wconf 85' lang='lat' dir='ltr'><strong>vos,</strong></span> <span class='ocrx_word' id='word_1_32' title='bbox 865 615 918 661; x_wconf 89' lang='lat' dir='ltr'><strong>et</strong></span> <span class='ocrx_word' id='word_1_33' title='bbox 955 607 1009 661; x_wconf 90' lang='lat' dir='ltr'><strong>in</strong></span> <span class='ocrx_word' id='word_1_34' title='bbox 1049 617 1289 677; x_wconf 89' lang='lat' dir='ltr'><strong>tempore</strong></span> <span class='ocrx_word' id='word_1_35' title='bbox 1328 623 1436 677; x_wconf 87' lang='lat' dir='ltr'><strong>quo</strong></span> <span class='ocrx_word' id='word_1_36' title='bbox 1476 609 1812 679; x_wconf 84' lang='lat' dir='ltr'><strong>congregabo</strong></span> <span class='ocrx_word' id='word_1_37' title='bbox 1854 624 1974 663; x_wconf 87' lang='lat' dir='ltr'><strong>vos.</strong></span> 
     </span>
    </p>
   </div>
   <div class='ocr_carea' id='block_1_6' title="bbox 405 696 1980 773">
    <p class='ocr_par' dir='ltr' id='par_1_6' title="bbox 405 696 1980 773">
     <span class='ocr_line' id='line_1_6' title="bbox 405 696 1980 773; baseline -0.001 -18"><span class='ocrx_word' id='word_1_38' title='bbox 405 700 559 755; x_wconf 85' lang='lat' dir='ltr'><strong>Dabo</strong></span> <span class='ocrx_word' id='word_1_39' title='bbox 601 698 742 753; x_wconf 91' lang='lat' dir='ltr'><strong>enim</strong></span> <span class='ocrx_word' id='word_1_40' title='bbox 782 712 875 752; x_wconf 91' lang='lat' dir='ltr'><strong>vos</strong></span> <span class='ocrx_word' id='word_1_41' title='bbox 917 698 971 751; x_wconf 92' lang='lat' dir='ltr'><strong>in</strong></span> <span class='ocrx_word' id='word_1_42' title='bbox 1001 712 1196 752; x_wconf 89' lang='lat' dir='ltr'><strong>nomen</strong></span> <span class='ocrx_word' id='word_1_43' title='bbox 1219 705 1274 752; x_wconf 92' lang='lat' dir='ltr'><strong>et</strong></span> <span class='ocrx_word' id='word_1_44' title='bbox 1295 696 1348 751; x_wconf 92' lang='lat' dir='ltr'><strong>in</strong></span> <span class='ocrx_word' id='word_1_45' title='bbox 1371 697 1584 753; x_wconf 88' lang='lat' dir='ltr'><strong>laudem</strong></span> <span class='ocrx_word' id='word_1_46' title='bbox 1614 699 1864 754; x_wconf 89' lang='lat' dir='ltr'><strong>omnibus</strong></span> <span class='ocrx_word' id='word_1_47' title='bbox 1888 715 1980 773; x_wconf 88' lang='lat' dir='ltr'><strong>po-</strong></span> 
     </span>
    </p>
   </div>
   <div class='ocr_carea' id='block_1_7' title="bbox 402 780 1976 860">
    <p class='ocr_par' dir='ltr' id='par_1_7' title="bbox 402 780 1976 860">
     <span class='ocr_line' id='line_1_7' title="bbox 402 780 1976 860; baseline -0.001 -16"><span class='ocrx_word' id='word_1_48' title='bbox 402 798 551 860; x_wconf 80' lang='lat' dir='ltr'><strong>pulis</strong></span> <span class='ocrx_word' id='word_1_49' title='bbox 589 796 767 850; x_wconf 72' lang='lat' dir='ltr'><strong>terrae,</strong></span> <span class='ocrx_word' id='word_1_50' title='bbox 796 801 919 841; x_wconf 90' lang='lat' dir='ltr'><strong>cum</strong></span> <span class='ocrx_word' id='word_1_51' title='bbox 964 780 1287 844; x_wconf 83' lang='lat' dir='ltr'><strong>cenvertero</strong></span> <span class='ocrx_word' id='word_1_52' title='bbox 1328 788 1694 857; x_wconf 74' lang='lat' dir='ltr'><strong>captivitatem</strong></span> <span class='ocrx_word' id='word_1_53' title='bbox 1742 797 1976 845; x_wconf 75' lang='lat' dir='ltr'><strong>vestram</strong></span> 
     </span>
    </p>
   </div>
   <div class='ocr_carea' id='block_1_8' title="bbox 403 878 1979 952">
    <p class='ocr_par' dir='ltr' id='par_1_8' title="bbox 403 878 1979 952">
     <span class='ocr_line' id='line_1_8' title="bbox 403 878 1979 952; baseline -0.001 -16"><span class='ocrx_word' id='word_1_54' title='bbox 403 895 584 936; x_wconf 84' lang='lat' dir='ltr'><strong>coram</strong></span> <span class='ocrx_word' id='word_1_55' title='bbox 624 878 793 933; x_wconf 89' lang='lat' dir='ltr'><strong>oculis</strong></span> <span class='ocrx_word' id='word_1_56' title='bbox 820 879 1015 934; x_wconf 75' lang='lat' dir='ltr'><strong>vestris</strong></span> <span class='ocrx_word' id='word_1_57' title='bbox 1039 920 1053 943; x_wconf 96' lang='lat'><strong>,</strong></span> <span class='ocrx_word' id='word_1_58' title='bbox 1091 879 1223 934; x_wconf 89' lang='lat' dir='ltr'><strong>dicit</strong></span> <span class='ocrx_word' id='word_1_59' title='bbox 1253 880 1533 935; x_wconf 87' lang='lat' dir='ltr'><strong>Dominus.</strong></span> <span class='ocrx_word' id='word_1_60' title='bbox 1568 899 1586 931; x_wconf 74' lang='grc' dir='ltr'><strong><em>ι</em></strong></span> <span class='ocrx_word' id='word_1_61' title='bbox 1621 879 1767 948; x_wconf 86' lang='lat' dir='ltr'><strong>Quos</strong></span> <span class='ocrx_word' id='word_1_62' title='bbox 1816 888 1979 952; x_wconf 91' lang='lat' dir='ltr'><strong>ponet</strong></span> 
     </span>
    </p>
   </div>
   <div class='ocr_carea' id='block_1_9' title="bbox 402 969 1984 1043">
    <p class='ocr_par' dir='ltr' id='par_1_9' title="bbox 402 969 1984 1043">
     <span class='ocr_line' id='line_1_9' title="bbox 402 969 1984 1043; baseline -0.001 -15"><span class='ocrx_word' id='word_1_63' title='bbox 402 974 456 1029; x_wconf 89' lang='lat' dir='ltr'><strong>in</strong></span> <span class='ocrx_word' id='word_1_64' title='bbox 486 971 695 1027; x_wconf 90' lang='lat' dir='ltr'><strong>laudem</strong></span> <span class='ocrx_word' id='word_1_65' title='bbox 741 978 796 1027; x_wconf 90' lang='lat' dir='ltr'><strong>et</strong></span> <span class='ocrx_word' id='word_1_66' title='bbox 835 987 1030 1027; x_wconf 90' lang='lat' dir='ltr'><strong>nomen</strong></span> <span class='ocrx_word' id='word_1_67' title='bbox 1057 1012 1072 1037; x_wconf 93' lang='lat'><strong>,</strong></span> <span class='ocrx_word' id='word_1_68' title='bbox 1099 971 1203 1027; x_wconf 89' lang='lat' dir='ltr'><strong>nisi</strong></span> <span class='ocrx_word' id='word_1_69' title='bbox 1244 969 1385 1027; x_wconf 91' lang='lat' dir='ltr'><strong>ﬁlios</strong></span> <span class='ocrx_word' id='word_1_70' title='bbox 1431 972 1655 1043; x_wconf 75' lang='lat' dir='ltr'><strong>abiectae</strong></span> <span class='ocrx_word' id='word_1_71' title='bbox 1698 981 1751 1027; x_wconf 89' lang='lat' dir='ltr'><strong>et</strong></span> <span class='ocrx_word' id='word_1_72' title='bbox 1781 971 1984 1027; x_wconf 83' lang='lat' dir='ltr'><strong>claudi-</strong></span> 
     </span>
    </p>
   </div>
   <div class='ocr_carea' id='block_1_10' title="bbox 401 1065 1980 1145">
    <p class='ocr_par' dir='ltr' id='par_1_10' title="bbox 401 1065 1980 1145">
     <span class='ocr_line' id='line_1_10' title="bbox 401 1065 1980 1145; baseline -0.001 -24"><span class='ocrx_word' id='word_1_73' title='bbox 401 1065 574 1121; x_wconf 85' lang='lat' dir='ltr'><strong>cantis</strong></span> <span class='ocrx_word' id='word_1_74' title='bbox 605 1083 619 1119; x_wconf 92' lang='lat'><strong>:</strong></span> <span class='ocrx_word' id='word_1_75' title='bbox 657 1065 876 1120; x_wconf 89' lang='lat' dir='ltr'><strong>Petrum</strong></span> <span class='ocrx_word' id='word_1_76' title='bbox 904 1065 1176 1129; x_wconf 83' lang='lat' dir='ltr'><strong>videlicet,</strong></span> <span class='ocrx_word' id='word_1_77' title='bbox 1209 1065 1458 1130; x_wconf 86' lang='lat' dir='ltr'><strong>Paulum,</strong></span> <span class='ocrx_word' id='word_1_78' title='bbox 1486 1073 1542 1120; x_wconf 93' lang='lat' dir='ltr'><strong>et</strong></span> <span class='ocrx_word' id='word_1_79' title='bbox 1591 1065 1831 1136; x_wconf 87' lang='lat' dir='ltr'><strong>reliquos</strong></span> <span class='ocrx_word' id='word_1_80' title='bbox 1860 1080 1980 1145; x_wconf 36' lang='lat' dir='ltr'><strong>san?</strong></span> 
     </span>
    </p>
   </div>
   <div class='ocr_carea' id='block_1_11' title="bbox 400 1156 1987 1227">
    <p class='ocr_par' dir='ltr' id='par_1_11' title="bbox 400 1156 1987 1227">
     <span class='ocr_line' id='line_1_11' title="bbox 400 1156 1987 1227; baseline -0.001 -15"><span class='ocrx_word' id='word_1_81' title='bbox 400 1165 539 1222; x_wconf 89' lang='lat' dir='ltr'><strong>ctos,</strong></span> <span class='ocrx_word' id='word_1_82' title='bbox 575 1172 803 1227; x_wconf 91' lang='lat' dir='ltr'><strong>quorum</strong></span> <span class='ocrx_word' id='word_1_83' title='bbox 834 1156 1053 1211; x_wconf 90' lang='lat' dir='ltr'><strong>nomina</strong></span> <span class='ocrx_word' id='word_1_84' title='bbox 1081 1163 1201 1211; x_wconf 87' lang='lat' dir='ltr'><strong>cum</strong></span> <span class='ocrx_word' id='word_1_85' title='bbox 1234 1156 1404 1227; x_wconf 82' lang='lat' dir='ltr'><strong>gloria</strong></span> <span class='ocrx_word' id='word_1_86' title='bbox 1431 1156 1847 1227; x_wconf 87' lang='lat' dir='ltr'><strong>magniﬁcantur</strong></span> <span class='ocrx_word' id='word_1_87' title='bbox 1890 1171 1987 1225; x_wconf 87' lang='lat' dir='ltr'><strong>per</strong></span> 
     </span>
    </p>
   </div>
   <div class='ocr_carea' id='block_1_12' title="bbox 400 1245 1963 1311">
    <p class='ocr_par' dir='ltr' id='par_1_12' title="bbox 400 1245 1963 1311">
     <span class='ocr_line' id='line_1_12' title="bbox 400 1245 1963 1311; baseline -0.003 -8"><span class='ocrx_word' id='word_1_88' title='bbox 400 1246 661 1303; x_wconf 80' lang='lat' dir='ltr'><strong>ecclesias</strong></span> <span class='ocrx_word' id='word_1_89' title='bbox 687 1254 803 1303; x_wconf 92' lang='lat' dir='ltr'><strong>toto</strong></span> <span class='ocrx_word' id='word_1_90' title='bbox 829 1246 960 1301; x_wconf 86' lang='lat' dir='ltr'><strong>orbe</strong></span> <span class='ocrx_word' id='word_1_91' title='bbox 989 1246 1227 1301; x_wconf 81' lang='lat' dir='ltr'><strong>diffusas.</strong></span> <span class='ocrx_word' id='word_1_92' title='bbox 1261 1246 1370 1301; x_wconf 78' lang='lat' dir='ltr'><strong>Hoc</strong></span> <span class='ocrx_word' id='word_1_93' title='bbox 1393 1254 1574 1301; x_wconf 90' lang='lat' dir='ltr'><strong>autem</strong></span> <span class='ocrx_word' id='word_1_94' title='bbox 1607 1246 1718 1311; x_wconf 90' lang='lat' dir='ltr'><strong>ﬁet,</strong></span> <span class='ocrx_word' id='word_1_95' title='bbox 1748 1261 1871 1300; x_wconf 90' lang='lat' dir='ltr'><strong>cum</strong></span> <span class='ocrx_word' id='word_1_96' title='bbox 1896 1245 1963 1299; x_wconf 87' lang='lat' dir='ltr'><strong>ad</strong></span> 
     </span>
    </p>
   </div>
   <div class='ocr_carea' id='block_1_13' title="bbox 416 1376 789 1394">
    <p class='ocr_par' dir='ltr' id='par_1_13' title="bbox 416 1376 789 1394">
     <span class='ocr_line' id='line_1_13' title="bbox 416 1376 789 1394; baseline -0.005 0"><span class='ocrx_word' id='word_1_97' title='bbox 416 1376 789 1394; x_wconf 59' lang='lat' dir='ltr'><em>W</em></span> 
     </span>
    </p>
   </div>
   <div class='ocr_carea' id='block_1_14' title="bbox 794 1380 999 1388">
    <p class='ocr_par' dir='ltr' id='par_1_14' title="bbox 794 1380 999 1388">
     <span class='ocr_line' id='line_1_14' title="bbox 794 1380 999 1388; baseline -0.005 0"><span class='ocrx_word' id='word_1_98' title='bbox 794 1380 999 1388; x_wconf 64' lang='grc' dir='ltr'><strong>..ι-...οσ-</strong></span> 
     </span>
    </p>
   </div>
   <div class='ocr_carea' id='block_1_15' title="bbox 1008 1379 1274 1387">
    <p class='ocr_par' dir='ltr' id='par_1_15' title="bbox 1008 1379 1274 1387">
     <span class='ocr_line' id='line_1_15' title="bbox 1008 1379 1274 1387; baseline -0.004 0"><span class='ocrx_word' id='word_1_99' title='bbox 1008 1379 1274 1387; x_wconf 64' lang='lat' dir='ltr'><strong>m</strong></span> 
     </span>
    </p>
   </div>
   <div class='ocr_carea' id='block_1_16' title="bbox 2083 611 3669 691">
    <p class='ocr_par' dir='ltr' id='par_1_16' title="bbox 2083 611 3669 691">
     <span class='ocr_line' id='line_1_16' title="bbox 2083 611 3669 691; baseline 0.009 -28"><span class='ocrx_word' id='word_1_100' title='bbox 2083 611 2332 682; x_wconf 83' lang='lat' dir='ltr'><strong>gloriam,</strong></span> <span class='ocrx_word' id='word_1_101' title='bbox 2358 621 2413 667; x_wconf 91' lang='lat' dir='ltr'><strong>et</strong></span> <span class='ocrx_word' id='word_1_102' title='bbox 2439 629 2561 668; x_wconf 91' lang='lat' dir='ltr'><strong>cum</strong></span> <span class='ocrx_word' id='word_1_103' title='bbox 2586 615 2652 669; x_wconf 89' lang='lat' dir='ltr'><strong>de</strong></span> <span class='ocrx_word' id='word_1_104' title='bbox 2682 631 2869 671; x_wconf 91' lang='lat' dir='ltr'><strong>eorum</strong></span> <span class='ocrx_word' id='word_1_105' title='bbox 2892 618 3117 674; x_wconf 74' lang='lat' dir='ltr'><strong>victoria</strong></span> <span class='ocrx_word' id='word_1_106' title='bbox 3153 628 3209 674; x_wconf 89' lang='lat' dir='ltr'><strong>et</strong></span> <span class='ocrx_word' id='word_1_107' title='bbox 3231 620 3524 691; x_wconf 87' lang='lat' dir='ltr'><strong>triumphis</strong></span> <span class='ocrx_word' id='word_1_108' title='bbox 3546 625 3669 677; x_wconf 79' lang='lat' dir='ltr'><strong>fne-</strong></span> 
     </span>
    </p>
   </div>
   <div class='ocr_carea' id='block_1_17' title="bbox 2084 701 3673 782">
    <p class='ocr_par' dir='ltr' id='par_1_17' title="bbox 2084 701 3673 782">
     <span class='ocr_line' id='line_1_17' title="bbox 2084 701 3673 782; baseline 0.006 -26"><span class='ocrx_word' id='word_1_109' title='bbox 2084 701 2155 756; x_wconf 89' lang='lat' dir='ltr'><strong>rit</strong></span> <span class='ocrx_word' id='word_1_110' title='bbox 2184 702 2445 772; x_wconf 78' lang='lat' dir='ltr'><strong>gloriatus</strong></span> <span class='ocrx_word' id='word_1_111' title='bbox 2469 704 2731 759; x_wconf 84' lang='lat' dir='ltr'><strong>Dominus</strong></span> <span class='ocrx_word' id='word_1_112' title='bbox 2758 748 2773 769; x_wconf 87' lang='lat'><strong>,</strong></span> <span class='ocrx_word' id='word_1_113' title='bbox 2802 707 2946 763; x_wconf 85' lang='lat' dir='ltr'><strong>sicut</strong></span> <span class='ocrx_word' id='word_1_114' title='bbox 2969 715 3022 762; x_wconf 90' lang='lat' dir='ltr'><strong>et</strong></span> <span class='ocrx_word' id='word_1_115' title='bbox 3051 708 3115 762; x_wconf 92' lang='lat' dir='ltr'><strong>de</strong></span> <span class='ocrx_word' id='word_1_116' title='bbox 3143 709 3400 779; x_wconf 84' lang='lat' dir='ltr'><strong>patientia</strong></span> <span class='ocrx_word' id='word_1_117' title='bbox 3425 709 3529 766; x_wconf 78' lang='lat' dir='ltr'><strong>Job</strong></span> <span class='ocrx_word' id='word_1_118' title='bbox 3555 712 3673 782; x_wconf 82' lang='lat' dir='ltr'><strong>glo—</strong></span> 
     </span>
    </p>
   </div>
   <div class='ocr_carea' id='block_1_18' title="bbox 2085 793 3685 867">
    <p class='ocr_par' dir='ltr' id='par_1_18' title="bbox 2085 793 3685 867">
     <span class='ocr_line' id='line_1_18' title="bbox 2085 793 3685 867; baseline 0.007 -20"><span class='ocrx_word' id='word_1_119' title='bbox 2085 793 2325 849; x_wconf 89' lang='lat' dir='ltr'><strong>riabatur</strong></span> <span class='ocrx_word' id='word_1_120' title='bbox 2344 806 2530 851; x_wconf 90' lang='lat' dir='ltr'><strong>contra</strong></span> <span class='ocrx_word' id='word_1_121' title='bbox 2554 796 2843 852; x_wconf 86' lang='lat' dir='ltr'><strong>diabolum.</strong></span> <span class='ocrx_word' id='word_1_122' title='bbox 2869 798 3021 854; x_wconf 88' lang='lat' dir='ltr'><strong>Tune</strong></span> <span class='ocrx_word' id='word_1_123' title='bbox 3041 800 3298 854; x_wconf 88' lang='lat' dir='ltr'><strong>videbunt</strong></span> <span class='ocrx_word' id='word_1_124' title='bbox 3321 816 3443 857; x_wconf 82' lang='lat' dir='ltr'><strong>esse</strong></span> <span class='ocrx_word' id='word_1_125' title='bbox 3459 801 3685 867; x_wconf 67' lang='lat' dir='ltr'><strong>felices,</strong></span> 
     </span>
    </p>
   </div>
   <div class='ocr_carea' id='block_1_19' title="bbox 2086 886 3676 957">
    <p class='ocr_par' dir='ltr' id='par_1_19' title="bbox 2086 886 3676 957">
     <span class='ocr_line' id='line_1_19' title="bbox 2086 886 3676 957; baseline 0.006 -20"><span class='ocrx_word' id='word_1_126' title='bbox 2086 899 2221 954; x_wconf 87' lang='lat' dir='ltr'><strong>quos</strong></span> <span class='ocrx_word' id='word_1_127' title='bbox 2252 886 2304 939; x_wconf 90' lang='lat' dir='ltr'><strong>in</strong></span> <span class='ocrx_word' id='word_1_128' title='bbox 2339 887 2592 953; x_wconf 69' lang='lat' dir='ltr'><strong>prwsenti</strong></span> <span class='ocrx_word' id='word_1_129' title='bbox 2628 886 2890 957; x_wconf 83' lang='lat' dir='ltr'><strong>putabant</strong></span> <span class='ocrx_word' id='word_1_130' title='bbox 2937 889 3183 944; x_wconf 88' lang='lat' dir='ltr'><strong>miseros.</strong></span> <span class='ocrx_word' id='word_1_131' title='bbox 3235 891 3388 947; x_wconf 89' lang='lat' dir='ltr'><strong>Tunc</strong></span> <span class='ocrx_word' id='word_1_132' title='bbox 3445 903 3676 947; x_wconf 83' lang='lat' dir='ltr'><strong>cernent</strong></span> 
     </span>
    </p>
   </div>
   <div class='ocr_carea' id='block_1_20' title="bbox 2086 974 3674 1044">
    <p class='ocr_par' dir='ltr' id='par_1_20' title="bbox 2086 974 3674 1044">
     <span class='ocr_line' id='line_1_20' title="bbox 2086 974 3674 1044; baseline 0.004 -16"><span class='ocrx_word' id='word_1_133' title='bbox 2086 974 2452 1044; x_wconf 85' lang='lat' dir='ltr'><strong>captivitatem</strong></span> <span class='ocrx_word' id='word_1_134' title='bbox 2488 990 2678 1029; x_wconf 90' lang='lat' dir='ltr'><strong>eorum</strong></span> <span class='ocrx_word' id='word_1_135' title='bbox 2709 976 2891 1031; x_wconf 85' lang='lat' dir='ltr'><strong>reduci</strong></span> <span class='ocrx_word' id='word_1_136' title='bbox 2938 977 2991 1031; x_wconf 89' lang='lat' dir='ltr'><strong>in</strong></span> <span class='ocrx_word' id='word_1_137' title='bbox 3029 978 3305 1034; x_wconf 75' lang='lat' dir='ltr'><strong>ctelestem</strong></span> <span class='ocrx_word' id='word_1_138' title='bbox 3331 979 3674 1035; x_wconf 78' lang='lat' dir='ltr'><strong>Hierusalem</strong></span> 
     </span>
    </p>
   </div>
   <div class='ocr_carea' id='block_1_21' title="bbox 2086 1063 3676 1140">
    <p class='ocr_par' dir='ltr' id='par_1_21' title="bbox 2086 1063 3676 1140">
     <span class='ocr_line' id='line_1_21' title="bbox 2086 1063 3676 1140; baseline 0.006 -24"><span class='ocrx_word' id='word_1_139' title='bbox 2086 1063 2138 1117; x_wconf 92' lang='lat' dir='ltr'><strong>in</strong></span> <span class='ocrx_word' id='word_1_140' title='bbox 2162 1063 2386 1134; x_wconf 80' lang='lat' dir='ltr'><strong>gloriam</strong></span> <span class='ocrx_word' id='word_1_141' title='bbox 2414 1073 2695 1131; x_wconf 66' lang='lat' dir='ltr'><strong>aeternam,</strong></span> <span class='ocrx_word' id='word_1_142' title='bbox 2718 1080 2777 1121; x_wconf 90' lang='lat' dir='ltr'><strong>se</strong></span> <span class='ocrx_word' id='word_1_143' title='bbox 2795 1074 2977 1122; x_wconf 87' lang='lat' dir='ltr'><strong>autem</strong></span> <span class='ocrx_word' id='word_1_144' title='bbox 3002 1083 3283 1140; x_wconf 77' lang='lat' dir='ltr'><strong>resurgere</strong></span> <span class='ocrx_word' id='word_1_145' title='bbox 3313 1070 3367 1124; x_wconf 90' lang='lat' dir='ltr'><strong>in</strong></span> <span class='ocrx_word' id='word_1_146' title='bbox 3394 1070 3676 1126; x_wconf 87' lang='lat' dir='ltr'><strong>confusio-</strong></span> 
     </span>
    </p>
   </div>
   <div class='ocr_carea' id='block_1_22' title="bbox 2086 1163 2514 1212">
    <p class='ocr_par' dir='ltr' id='par_1_22' title="bbox 2086 1163 2514 1212">
     <span class='ocr_line' id='line_1_22' title="bbox 2086 1163 2514 1212; baseline 0.007 -3"><span class='ocrx_word' id='word_1_147' title='bbox 2086 1170 2207 1212; x_wconf 85' lang='lat' dir='ltr'><strong>nem</strong></span> <span class='ocrx_word' id='word_1_148' title='bbox 2238 1163 2514 1212; x_wconf 60' lang='lat' dir='ltr'><strong>aeternam.</strong></span> 
     </span>
    </p>
   </div>
   <div class='ocr_carea' id='block_1_23' title="bbox 1364 1502 2721 1609">
    <p class='ocr_par' dir='ltr' id='par_1_23' title="bbox 1364 1502 2721 1609">
     <span class='ocr_line' id='line_1_23' title="bbox 1364 1502 2721 1609; baseline -0.001 -25"><span class='ocrx_word' id='word_1_149' title='bbox 1364 1508 1463 1584; x_wconf 83' lang='lat' dir='ltr'><strong>IN</strong></span> <span class='ocrx_word' id='word_1_150' title='bbox 1549 1503 1992 1609; x_wconf 68' lang='lat' dir='ltr'><strong>AGGIEUM</strong></span> <span class='ocrx_word' id='word_1_151' title='bbox 2067 1502 2721 1584; x_wconf 80' lang='lat' dir='ltr'><strong>PROPHETAM.</strong></span> 
     </span>
    </p>
   </div>
   <div class='ocr_carea' id='block_1_24' title="bbox 469 1722 1981 1795">
    <p class='ocr_par' dir='ltr' id='par_1_24' title="bbox 469 1722 1981 1795">
     <span class='ocr_line' id='line_1_24' title="bbox 469 1722 1981 1795; baseline 0.004 -21"><span class='ocrx_word' id='word_1_152' title='bbox 469 1722 695 1793; x_wconf 66' lang='lat' dir='ltr'><strong>Aggaaus</strong></span> <span class='ocrx_word' id='word_1_153' title='bbox 728 1723 1010 1794; x_wconf 85' lang='lat' dir='ltr'><strong>propheta,</strong></span> <span class='ocrx_word' id='word_1_154' title='bbox 1038 1722 1262 1779; x_wconf 88' lang='lat' dir='ltr'><strong>festivus</strong></span> <span class='ocrx_word' id='word_1_155' title='bbox 1302 1723 1383 1779; x_wconf 87' lang='lat' dir='ltr'><strong>vel</strong></span> <span class='ocrx_word' id='word_1_156' title='bbox 1430 1723 1685 1780; x_wconf 81' lang='lat' dir='ltr'><strong>solemnis</strong></span> <span class='ocrx_word' id='word_1_157' title='bbox 1720 1726 1981 1795; x_wconf 82' lang='lat' dir='ltr'><strong>interpre-</strong></span> 
     </span>
    </p>
   </div>
   <div class='ocr_carea' id='block_1_25' title="bbox 2089 1727 3680 1801">
    <p class='ocr_par' dir='ltr' id='par_1_25' title="bbox 2089 1727 3680 1801">
     <span class='ocr_line' id='line_1_25' title="bbox 2089 1727 3680 1801; baseline 0.006 -19"><span class='ocrx_word' id='word_1_158' title='bbox 2089 1727 2285 1782; x_wconf 87' lang='lat' dir='ltr'><strong>sedeeh</strong></span> <span class='ocrx_word' id='word_1_159' title='bbox 2307 1727 2645 1782; x_wconf 85' lang='lat' dir='ltr'><strong>sacerdotem</strong></span> <span class='ocrx_word' id='word_1_160' title='bbox 2671 1740 2943 1795; x_wconf 87' lang='lat' dir='ltr'><strong>magnum,</strong></span> <span class='ocrx_word' id='word_1_161' title='bbox 2976 1727 3178 1784; x_wconf 88' lang='lat' dir='ltr'><strong>dicens.</strong></span> <span class='ocrx_word' id='word_1_162' title='bbox 3216 1748 3235 1779; x_wconf 77' lang='grc' dir='ltr'><strong>ι</strong></span> <span class='ocrx_word' id='word_1_163' title='bbox 3265 1730 3528 1789; x_wconf 82' lang='lat' dir='ltr'><strong>Salathiel</strong></span> <span class='ocrx_word' id='word_1_164' title='bbox 3552 1734 3680 1801; x_wconf 79' lang='lat' dir='ltr'><strong>iste,</strong></span> 
     </span>
    </p>
   </div>
   <div class='ocr_carea' id='block_1_26' title="bbox 403 1816 3683 1897">
    <p class='ocr_par' dir='ltr' id='par_1_26' title="bbox 403 1816 3683 1897">
     <span class='ocr_line' id='line_1_26' title="bbox 403 1816 3683 1897; baseline 0.004 -30"><span class='ocrx_word' id='word_1_165' title='bbox 403 1822 581 1880; x_wconf 88' lang='lat' dir='ltr'><strong>tatur;</strong></span> <span class='ocrx_word' id='word_1_166' title='bbox 609 1816 933 1872; x_wconf 90' lang='lat' dir='ltr'><strong>vaticinatus</strong></span> <span class='ocrx_word' id='word_1_167' title='bbox 953 1826 1033 1871; x_wconf 81' lang='lat' dir='ltr'><strong>est</strong></span> <span class='ocrx_word' id='word_1_168' title='bbox 1059 1817 1506 1872; x_wconf 84' lang='lat' dir='ltr'><strong>restaurationem</strong></span> <span class='ocrx_word' id='word_1_169' title='bbox 1537 1818 1719 1893; x_wconf 78' lang='lat' dir='ltr'><strong>templi</strong></span> <span class='ocrx_word' id='word_1_170' title='bbox 1748 1818 1981 1885; x_wconf 88' lang='lat' dir='ltr'><strong>Domini,</strong></span> <span class='ocrx_word' id='word_1_171' title='bbox 2013 1838 2060 1897; x_wconf 77' lang='grc' dir='ltr'><strong>Β</strong></span> <span class='ocrx_word' id='word_1_172' title='bbox 2090 1818 2242 1888; x_wconf 89' lang='lat' dir='ltr'><strong>cujus</strong></span> <span class='ocrx_word' id='word_1_173' title='bbox 2265 1818 2407 1875; x_wconf 80' lang='lat' dir='ltr'><strong>(ilius</strong></span> <span class='ocrx_word' id='word_1_174' title='bbox 2432 1818 2629 1874; x_wconf 80' lang='lat' dir='ltr'><strong>dicitur</strong></span> <span class='ocrx_word' id='word_1_175' title='bbox 2649 1816 2814 1874; x_wconf 85' lang='lat' dir='ltr'><strong>fuisse</strong></span> <span class='ocrx_word' id='word_1_176' title='bbox 2833 1819 3152 1886; x_wconf 84' lang='lat' dir='ltr'><strong>Zorobabel,</strong></span> <span class='ocrx_word' id='word_1_177' title='bbox 3180 1820 3321 1877; x_wconf 89' lang='lat' dir='ltr'><strong>ﬁlius</strong></span> <span class='ocrx_word' id='word_1_178' title='bbox 3348 1825 3449 1879; x_wconf 88' lang='lat' dir='ltr'><strong>fuit</strong></span> <span class='ocrx_word' id='word_1_179' title='bbox 3477 1825 3683 1881; x_wconf 78' lang='lat' dir='ltr'><strong>Jecho-</strong></span> 
     </span>
    </p>
   </div>
   <div class='ocr_carea' id='block_1_27' title="bbox 402 1909 1978 1982">
    <p class='ocr_par' dir='ltr' id='par_1_27' title="bbox 402 1909 1978 1982">
     <span class='ocr_line' id='line_1_27' title="bbox 402 1909 1978 1982; baseline 0.007 -23"><span class='ocrx_word' id='word_1_180' title='bbox 402 1915 455 1959; x_wconf 87' lang='lat' dir='ltr'><strong>ct</strong></span> <span class='ocrx_word' id='word_1_181' title='bbox 498 1909 877 1965; x_wconf 89' lang='lat' dir='ltr'><strong>contritionem</strong></span> <span class='ocrx_word' id='word_1_182' title='bbox 920 1911 1182 1982; x_wconf 87' lang='lat' dir='ltr'><strong>gentium,</strong></span> <span class='ocrx_word' id='word_1_183' title='bbox 1216 1920 1270 1966; x_wconf 92' lang='lat' dir='ltr'><strong>et</strong></span> <span class='ocrx_word' id='word_1_184' title='bbox 1308 1913 1490 1966; x_wconf 83' lang='lat' dir='ltr'><strong>mundi</strong></span> <span class='ocrx_word' id='word_1_185' title='bbox 1542 1914 1978 1978; x_wconf 89' lang='lat' dir='ltr'><strong>commotionem,</strong></span> 
     </span>
    </p>
   </div>
   <div class='ocr_carea' id='block_1_28' title="bbox 402 1998 1980 2073">
    <p class='ocr_par' dir='ltr' id='par_1_28' title="bbox 402 1998 1980 2073">
     <span class='ocr_line' id='line_1_28' title="bbox 402 1998 1980 2073; baseline 0.004 -22"><span class='ocrx_word' id='word_1_186' title='bbox 402 2004 455 2051; x_wconf 84' lang='lat' dir='ltr'><strong>et</strong></span> <span class='ocrx_word' id='word_1_187' title='bbox 482 1999 581 2053; x_wconf 86' lang='lat' dir='ltr'><strong>sub</strong></span> <span class='ocrx_word' id='word_1_188' title='bbox 612 1998 777 2070; x_wconf 87' lang='lat' dir='ltr'><strong>ﬁgura</strong></span> <span class='ocrx_word' id='word_1_189' title='bbox 807 1999 1104 2054; x_wconf 86' lang='lat' dir='ltr'><strong>Zorohabel</strong></span> <span class='ocrx_word' id='word_1_190' title='bbox 1129 2043 1143 2067; x_wconf 95' lang='lat'><strong>,</strong></span> <span class='ocrx_word' id='word_1_191' title='bbox 1175 2000 1376 2056; x_wconf 91' lang='lat' dir='ltr'><strong>Christi</strong></span> <span class='ocrx_word' id='word_1_192' title='bbox 1400 2003 1643 2073; x_wconf 66' lang='lat' dir='ltr'><strong>pra-dicit</strong></span> <span class='ocrx_word' id='word_1_193' title='bbox 1671 2004 1980 2058; x_wconf 82' lang='lat' dir='ltr'><strong>adventum.</strong></span> 
     </span>
    </p>
   </div>
   <div class='ocr_carea' id='block_1_29' title="bbox 404 2084 1985 2161">
    <p class='ocr_par' dir='ltr' id='par_1_29' title="bbox 404 2084 1985 2161">
     <span class='ocr_line' id='line_1_29' title="bbox 404 2084 1985 2161; baseline 0.004 -22"><span class='ocrx_word' id='word_1_194' title='bbox 404 2084 527 2141; x_wconf 80' lang='lat' dir='ltr'><strong>Fuit</strong></span> <span class='ocrx_word' id='word_1_195' title='bbox 572 2098 752 2143; x_wconf 88' lang='lat' dir='ltr'><strong>autem</strong></span> <span class='ocrx_word' id='word_1_196' title='bbox 808 2106 947 2143; x_wconf 85' lang='lat' dir='ltr'><strong>unus</strong></span> <span class='ocrx_word' id='word_1_197' title='bbox 986 2106 1052 2144; x_wconf 78' lang='lat' dir='ltr'><strong>ex</strong></span> <span class='ocrx_word' id='word_1_198' title='bbox 1094 2091 1196 2145; x_wconf 87' lang='lat' dir='ltr'><strong>illis</strong></span> <span class='ocrx_word' id='word_1_199' title='bbox 1224 2091 1315 2160; x_wconf 90' lang='lat' dir='ltr'><strong>qui</strong></span> <span class='ocrx_word' id='word_1_200' title='bbox 1345 2106 1516 2161; x_wconf 87' lang='lat' dir='ltr'><strong>nuper</strong></span> <span class='ocrx_word' id='word_1_201' title='bbox 1541 2093 1738 2146; x_wconf 85' lang='lat' dir='ltr'><strong>reversi</strong></span> <span class='ocrx_word' id='word_1_202' title='bbox 1772 2093 1985 2147; x_wconf 78' lang='lat' dir='ltr'><strong>fuerant</strong></span> 
     </span>
    </p>
   </div>
   <div class='ocr_carea' id='block_1_30' title="bbox 402 2178 1983 2254">
    <p class='ocr_par' dir='ltr' id='par_1_30' title="bbox 402 2178 1983 2254">
     <span class='ocr_line' id='line_1_30' title="bbox 402 2178 1983 2254; baseline 0.004 -23"><span class='ocrx_word' id='word_1_203' title='bbox 402 2178 470 2234; x_wconf 86' lang='lat' dir='ltr'><strong>de</strong></span> <span class='ocrx_word' id='word_1_204' title='bbox 496 2181 809 2253; x_wconf 89' lang='lat' dir='ltr'><strong>captivitate</strong></span> <span class='ocrx_word' id='word_1_205' title='bbox 837 2181 1125 2254; x_wconf 85' lang='lat' dir='ltr'><strong>Babylonis</strong></span> <span class='ocrx_word' id='word_1_206' title='bbox 1162 2183 1262 2237; x_wconf 89' lang='lat' dir='ltr'><strong>sub</strong></span> <span class='ocrx_word' id='word_1_207' title='bbox 1298 2182 1596 2239; x_wconf 88' lang='lat' dir='ltr'><strong>Zorobabel</strong></span> <span class='ocrx_word' id='word_1_208' title='bbox 1627 2192 1681 2238; x_wconf 88' lang='lat' dir='ltr'><strong>et</strong></span> <span class='ocrx_word' id='word_1_209' title='bbox 1724 2182 1851 2239; x_wconf 83' lang='lat' dir='ltr'><strong>Jesu</strong></span> <span class='ocrx_word' id='word_1_210' title='bbox 1898 2200 1983 2241; x_wconf 85' lang='lat' dir='ltr'><strong>sa-</strong></span> 
     </span>
    </p>
   </div>
   <div class='ocr_carea' id='block_1_31' title="bbox 403 2260 1985 2338">
    <p class='ocr_par' dir='ltr' id='par_1_31' title="bbox 403 2260 1985 2338">
     <span class='ocr_line' id='line_1_31' title="bbox 403 2260 1985 2338; baseline 0.006 -14"><span class='ocrx_word' id='word_1_211' title='bbox 403 2273 621 2327; x_wconf 86' lang='lat' dir='ltr'><strong>cerdote</strong></span> <span class='ocrx_word' id='word_1_212' title='bbox 645 2283 699 2327; x_wconf 93' lang='lat' dir='ltr'><strong>et</strong></span> <span class='ocrx_word' id='word_1_213' title='bbox 736 2274 901 2328; x_wconf 68' lang='lat' dir='ltr'><strong>lisdra</strong></span> <span class='ocrx_word' id='word_1_214' title='bbox 926 2316 940 2338; x_wconf 92' lang='lat'><strong>,</strong></span> <span class='ocrx_word' id='word_1_215' title='bbox 991 2272 1227 2329; x_wconf 88' lang='lat' dir='ltr'><strong>nondum</strong></span> <span class='ocrx_word' id='word_1_216' title='bbox 1272 2260 1595 2334; x_wconf 66' lang='lat' dir='ltr'><strong>reiediﬁcata</strong></span> <span class='ocrx_word' id='word_1_217' title='bbox 1649 2275 1985 2333; x_wconf 75' lang='lat' dir='ltr'><strong>Hierusalem</strong></span> 
     </span>
    </p>
   </div>
   <div class='ocr_carea' id='block_1_32' title="bbox 404 2366 1983 2440">
    <p class='ocr_par' dir='ltr' id='par_1_32' title="bbox 404 2366 1983 2440">
     <span class='ocr_line' id='line_1_32' title="bbox 404 2366 1983 2440; baseline 0.001 -17"><span class='ocrx_word' id='word_1_218' title='bbox 404 2383 503 2423; x_wconf 88' lang='lat' dir='ltr'><strong>uec</strong></span> <span class='ocrx_word' id='word_1_219' title='bbox 563 2366 759 2436; x_wconf 88' lang='lat' dir='ltr'><strong>templo</strong></span> <span class='ocrx_word' id='word_1_220' title='bbox 801 2367 1035 2423; x_wconf 88' lang='lat' dir='ltr'><strong>Domini.</strong></span> <span class='ocrx_word' id='word_1_221' title='bbox 1085 2367 1375 2423; x_wconf 87' lang='lat' dir='ltr'><strong>Habitabat</strong></span> <span class='ocrx_word' id='word_1_222' title='bbox 1421 2377 1600 2424; x_wconf 88' lang='lat' dir='ltr'><strong>autem</strong></span> <span class='ocrx_word' id='word_1_223' title='bbox 1649 2369 1879 2440; x_wconf 86' lang='lat' dir='ltr'><strong>populus</strong></span> <span class='ocrx_word' id='word_1_224' title='bbox 1930 2371 1983 2424; x_wconf 92' lang='lat' dir='ltr'><strong>in</strong></span> 
     </span>
    </p>
   </div>
   <div class='ocr_carea' id='block_1_33' title="bbox 405 2457 1985 2529">
    <p class='ocr_par' dir='ltr' id='par_1_33' title="bbox 405 2457 1985 2529">
     <span class='ocr_line' id='line_1_33' title="bbox 405 2457 1985 2529; baseline 0.001 -16"><span class='ocrx_word' id='word_1_225' title='bbox 405 2457 651 2514; x_wconf 86' lang='lat' dir='ltr'><strong>domibus</strong></span> <span class='ocrx_word' id='word_1_226' title='bbox 696 2458 950 2512; x_wconf 83' lang='lat' dir='ltr'><strong>concavis</strong></span> <span class='ocrx_word' id='word_1_227' title='bbox 985 2467 1037 2512; x_wconf 88' lang='lat' dir='ltr'><strong>et</strong></span> <span class='ocrx_word' id='word_1_228' title='bbox 1071 2458 1385 2524; x_wconf 86' lang='lat' dir='ltr'><strong>humilibus,</strong></span> <span class='ocrx_word' id='word_1_229' title='bbox 1420 2468 1748 2529; x_wconf 82' lang='lat' dir='ltr'><strong>quapropter</strong></span> <span class='ocrx_word' id='word_1_230' title='bbox 1790 2460 1856 2515; x_wconf 90' lang='lat' dir='ltr'><strong>ad</strong></span> <span class='ocrx_word' id='word_1_231' title='bbox 1891 2474 1985 2515; x_wconf 87' lang='lat' dir='ltr'><strong>eos</strong></span> 
     </span>
    </p>
   </div>
   <div class='ocr_carea' id='block_1_34' title="bbox 405 2551 1985 2623">
    <p class='ocr_par' dir='ltr' id='par_1_34' title="bbox 405 2551 1985 2623">
     <span class='ocr_line' id='line_1_34' title="bbox 405 2551 1985 2623; baseline 0.001 -18"><span class='ocrx_word' id='word_1_232' title='bbox 405 2568 509 2606; x_wconf 82' lang='lat' dir='ltr'><strong>non</strong></span> <span class='ocrx_word' id='word_1_233' title='bbox 535 2551 591 2605; x_wconf 85' lang='lat' dir='ltr'><strong>ﬁt</strong></span> <span class='ocrx_word' id='word_1_234' title='bbox 634 2568 813 2606; x_wconf 88' lang='lat' dir='ltr'><strong>sermo</strong></span> <span class='ocrx_word' id='word_1_235' title='bbox 844 2553 1074 2609; x_wconf 78' lang='lat' dir='ltr'><strong>Domini.</strong></span> <span class='ocrx_word' id='word_1_236' title='bbox 1108 2553 1314 2623; x_wconf 58' lang='lat' dir='ltr'><strong>lnziigni</strong></span> <span class='ocrx_word' id='word_1_237' title='bbox 1360 2554 1502 2609; x_wconf 85' lang='lat' dir='ltr'><strong>enim</strong></span> <span class='ocrx_word' id='word_1_238' title='bbox 1528 2563 1683 2608; x_wconf 86' lang='lat' dir='ltr'><strong>erant</strong></span> <span class='ocrx_word' id='word_1_239' title='bbox 1709 2563 1764 2605; x_wconf 90' lang='lat' dir='ltr'><strong>ut</strong></span> <span class='ocrx_word' id='word_1_240' title='bbox 1793 2552 1859 2606; x_wconf 87' lang='lat' dir='ltr'><strong>ad</strong></span> <span class='ocrx_word' id='word_1_241' title='bbox 1892 2568 1985 2607; x_wconf 88' lang='lat' dir='ltr'><strong>eos</strong></span> 
     </span>
    </p>
   </div>
   <div class='ocr_carea' id='block_1_35' title="bbox 404 2643 1986 2713">
    <p class='ocr_par' dir='ltr' id='par_1_35' title="bbox 404 2643 1986 2713">
     <span class='ocr_line' id='line_1_35' title="bbox 404 2643 1986 2713; baseline 0 -17"><span class='ocrx_word' id='word_1_242' title='bbox 404 2645 575 2707; x_wconf 77' lang='lat' dir='ltr'><strong>ﬁeret,</strong></span> <span class='ocrx_word' id='word_1_243' title='bbox 604 2643 694 2713; x_wconf 91' lang='lat' dir='ltr'><strong>qui</strong></span> <span class='ocrx_word' id='word_1_244' title='bbox 745 2643 943 2699; x_wconf 88' lang='lat' dir='ltr'><strong>nullam</strong></span> <span class='ocrx_word' id='word_1_245' title='bbox 979 2644 1248 2698; x_wconf 65' lang='lat' dir='ltr'><strong>habebant</strong></span> <span class='ocrx_word' id='word_1_246' title='bbox 1296 2660 1483 2699; x_wconf 84' lang='lat' dir='ltr'><strong>curam</strong></span> <span class='ocrx_word' id='word_1_247' title='bbox 1528 2644 1708 2713; x_wconf 82' lang='lat' dir='ltr'><strong>templi</strong></span> <span class='ocrx_word' id='word_1_248' title='bbox 1762 2643 1986 2698; x_wconf 79' lang='lat' dir='ltr'><strong>rcacditi-</strong></span> 
     </span>
    </p>
   </div>
   <div class='ocr_carea' id='block_1_36' title="bbox 404 2733 1985 2806">
    <p class='ocr_par' dir='ltr' id='par_1_36' title="bbox 404 2733 1985 2806">
     <span class='ocr_line' id='line_1_36' title="bbox 404 2733 1985 2806; baseline -0.001 -17"><span class='ocrx_word' id='word_1_249' title='bbox 404 2734 579 2798; x_wconf 88' lang='lat' dir='ltr'><strong>candi,</strong></span> <span class='ocrx_word' id='word_1_250' title='bbox 609 2733 797 2789; x_wconf 91' lang='lat' dir='ltr'><strong>humili</strong></span> <span class='ocrx_word' id='word_1_251' title='bbox 825 2744 878 2789; x_wconf 91' lang='lat' dir='ltr'><strong>ct</strong></span> <span class='ocrx_word' id='word_1_252' title='bbox 912 2736 1197 2806; x_wconf 83' lang='lat' dir='ltr'><strong>campestri</strong></span> <span class='ocrx_word' id='word_1_253' title='bbox 1235 2736 1571 2791; x_wconf 88' lang='lat' dir='ltr'><strong>habitatione</strong></span> <span class='ocrx_word' id='word_1_254' title='bbox 1617 2735 1892 2799; x_wconf 86' lang='lat' dir='ltr'><strong>contenti,</strong></span> <span class='ocrx_word' id='word_1_255' title='bbox 1931 2743 1985 2789; x_wconf 86' lang='lat' dir='ltr'><strong>et</strong></span> 
     </span>
    </p>
   </div>
   <div class='ocr_carea' id='block_1_37' title="bbox 404 2825 1987 2897">
    <p class='ocr_par' dir='ltr' id='par_1_37' title="bbox 404 2825 1987 2897">
     <span class='ocr_line' id='line_1_37' title="bbox 404 2825 1987 2897; baseline 0 -17"><span class='ocrx_word' id='word_1_256' title='bbox 404 2836 557 2880; x_wconf 87' lang='lat' dir='ltr'><strong>erant</strong></span> <span class='ocrx_word' id='word_1_257' title='bbox 599 2825 700 2882; x_wconf 88' lang='lat' dir='ltr'><strong>sub</strong></span> <span class='ocrx_word' id='word_1_258' title='bbox 726 2827 886 2881; x_wconf 90' lang='lat' dir='ltr'><strong>Dario</strong></span> <span class='ocrx_word' id='word_1_259' title='bbox 914 2826 1203 2885; x_wconf 87' lang='lat' dir='ltr'><strong>Persarum</strong></span> <span class='ocrx_word' id='word_1_260' title='bbox 1250 2842 1409 2897; x_wconf 83' lang='lat' dir='ltr'><strong>rege,</strong></span> <span class='ocrx_word' id='word_1_261' title='bbox 1458 2828 1549 2897; x_wconf 89' lang='lat' dir='ltr'><strong>qui</strong></span> <span class='ocrx_word' id='word_1_262' title='bbox 1597 2828 1987 2897; x_wconf 86' lang='lat' dir='ltr'><strong>interpretatur</strong></span> 
     </span>
    </p>
   </div>
   <div class='ocr_carea' id='block_1_38' title="bbox 405 2916 1989 2990">
    <p class='ocr_par' dir='ltr' id='par_1_38' title="bbox 405 2916 1989 2990">
     <span class='ocr_line' id='line_1_38' title="bbox 405 2916 1989 2990; baseline 0.003 -19"><span class='ocrx_word' id='word_1_263' title='bbox 405 2919 681 2988; x_wconf 73' lang='lat' dir='ltr'><strong>generatio</strong></span> <span class='ocrx_word' id='word_1_264' title='bbox 708 2933 812 2973; x_wconf 91' lang='lat' dir='ltr'><strong>non</strong></span> <span class='ocrx_word' id='word_1_265' title='bbox 861 2916 1022 2983; x_wconf 88' lang='lat' dir='ltr'><strong>facta,</strong></span> <span class='ocrx_word' id='word_1_266' title='bbox 1050 2918 1185 2981; x_wconf 79' lang='lat' dir='ltr'><strong>sive,</strong></span> <span class='ocrx_word' id='word_1_267' title='bbox 1217 2918 1308 2987; x_wconf 91' lang='lat' dir='ltr'><strong>qui</strong></span> <span class='ocrx_word' id='word_1_268' title='bbox 1335 2917 1556 2986; x_wconf 87' lang='lat' dir='ltr'><strong>fuerint,</strong></span> <span class='ocrx_word' id='word_1_269' title='bbox 1580 2934 1673 2975; x_wconf 91' lang='lat' dir='ltr'><strong>eos</strong></span> <span class='ocrx_word' id='word_1_270' title='bbox 1701 2919 1989 2990; x_wconf 79' lang='lat' dir='ltr'><strong>designans</strong></span> 
     </span>
    </p>
   </div>
   <div class='ocr_carea' id='block_1_39' title="bbox 406 3008 1987 3080">
    <p class='ocr_par' dir='ltr' id='par_1_39' title="bbox 406 3008 1987 3080">
     <span class='ocr_line' id='line_1_39' title="bbox 406 3008 1987 3080; baseline 0.003 -16"><span class='ocrx_word' id='word_1_271' title='bbox 406 3010 498 3079; x_wconf 86' lang='lat' dir='ltr'><strong>qui</strong></span> <span class='ocrx_word' id='word_1_272' title='bbox 547 3009 727 3065; x_wconf 89' lang='lat' dir='ltr'><strong>carnis</strong></span> <span class='ocrx_word' id='word_1_273' title='bbox 752 3010 1006 3080; x_wconf 85' lang='lat' dir='ltr'><strong>operibus</strong></span> <span class='ocrx_word' id='word_1_274' title='bbox 1037 3017 1090 3063; x_wconf 85' lang='lat' dir='ltr'><strong>et</strong></span> <span class='ocrx_word' id='word_1_275' title='bbox 1119 3008 1327 3064; x_wconf 88' lang='lat' dir='ltr'><strong>libidini</strong></span> <span class='ocrx_word' id='word_1_276' title='bbox 1378 3010 1641 3065; x_wconf 90' lang='lat' dir='ltr'><strong>serviunt.</strong></span> <span class='ocrx_word' id='word_1_277' title='bbox 1673 3010 1857 3066; x_wconf 87' lang='lat' dir='ltr'><strong>Talem</strong></span> <span class='ocrx_word' id='word_1_278' title='bbox 1902 3027 1987 3068; x_wconf 85' lang='lat' dir='ltr'><strong>re—</strong></span> 
     </span>
    </p>
   </div>
   <div class='ocr_carea' id='block_1_40' title="bbox 406 3099 1987 3174">
    <p class='ocr_par' dir='ltr' id='par_1_40' title="bbox 406 3099 1987 3174">
     <span class='ocr_line' id='line_1_40' title="bbox 406 3099 1987 3174; baseline 0.003 -19"><span class='ocrx_word' id='word_1_279' title='bbox 406 3116 525 3171; x_wconf 88' lang='lat' dir='ltr'><strong>gem</strong></span> <span class='ocrx_word' id='word_1_280' title='bbox 587 3102 895 3156; x_wconf 88' lang='lat' dir='ltr'><strong>merebatur</strong></span> <span class='ocrx_word' id='word_1_281' title='bbox 955 3101 1156 3155; x_wconf 87' lang='lat' dir='ltr'><strong>habere</strong></span> <span class='ocrx_word' id='word_1_282' title='bbox 1189 3099 1415 3172; x_wconf 88' lang='lat' dir='ltr'><strong>populus</strong></span> <span class='ocrx_word' id='word_1_283' title='bbox 1463 3101 1557 3172; x_wconf 88' lang='lat' dir='ltr'><strong>qui</strong></span> <span class='ocrx_word' id='word_1_284' title='bbox 1611 3102 1728 3159; x_wconf 89' lang='lat' dir='ltr'><strong>sine</strong></span> <span class='ocrx_word' id='word_1_285' title='bbox 1789 3104 1987 3174; x_wconf 88' lang='lat' dir='ltr'><strong>templo</strong></span> 
     </span>
    </p>
   </div>
   <div class='ocr_carea' id='block_1_41' title="bbox 2088 1909 3683 1987">
    <p class='ocr_par' dir='ltr' id='par_1_41' title="bbox 2088 1909 3683 1987">
     <span class='ocr_line' id='line_1_41' title="bbox 2088 1909 3683 1987; baseline 0.004 -21"><span class='ocrx_word' id='word_1_286' title='bbox 2088 1911 2189 1966; x_wconf 74' lang='lat' dir='ltr'><strong>nia:</strong></span> <span class='ocrx_word' id='word_1_287' title='bbox 2218 1911 2380 1981; x_wconf 84' lang='lat' dir='ltr'><strong>regis,</strong></span> <span class='ocrx_word' id='word_1_288' title='bbox 2413 1910 2506 1980; x_wconf 87' lang='lat' dir='ltr'><strong>qui</strong></span> <span class='ocrx_word' id='word_1_289' title='bbox 2535 1911 2587 1964; x_wconf 92' lang='lat' dir='ltr'><strong>in</strong></span> <span class='ocrx_word' id='word_1_290' title='bbox 2618 1909 2943 1981; x_wconf 81' lang='lat' dir='ltr'><strong>Babylonem</strong></span> <span class='ocrx_word' id='word_1_291' title='bbox 2987 1913 3181 1968; x_wconf 89' lang='lat' dir='ltr'><strong>ductus</strong></span> <span class='ocrx_word' id='word_1_292' title='bbox 3218 1923 3317 1970; x_wconf 90' lang='lat' dir='ltr'><strong>est.</strong></span> <span class='ocrx_word' id='word_1_293' title='bbox 3344 1914 3683 1987; x_wconf 86' lang='lat' dir='ltr'><strong>Interpreta-</strong></span> 
     </span>
    </p>
   </div>
   <div class='ocr_carea' id='block_1_42' title="bbox 2086 2002 3682 2081">
    <p class='ocr_par' dir='ltr' id='par_1_42' title="bbox 2086 2002 3682 2081">
     <span class='ocr_line' id='line_1_42' title="bbox 2086 2002 3682 2081; baseline 0.004 -23"><span class='ocrx_word' id='word_1_294' title='bbox 2086 2014 2174 2059; x_wconf 88' lang='lat' dir='ltr'><strong>tur</strong></span> <span class='ocrx_word' id='word_1_295' title='bbox 2202 2013 2383 2059; x_wconf 89' lang='lat' dir='ltr'><strong>autem</strong></span> <span class='ocrx_word' id='word_1_296' title='bbox 2409 2003 2707 2060; x_wconf 85' lang='lat' dir='ltr'><strong>Zorobabel</strong></span> <span class='ocrx_word' id='word_1_297' title='bbox 2727 2002 2903 2060; x_wconf 82' lang='lat' dir='ltr'><strong>ﬂuxus</strong></span> <span class='ocrx_word' id='word_1_298' title='bbox 2929 2005 3200 2073; x_wconf 73' lang='lat' dir='ltr'><strong>adjacens,</strong></span> <span class='ocrx_word' id='word_1_299' title='bbox 3230 2009 3344 2064; x_wconf 89' lang='lat' dir='ltr'><strong>sive</strong></span> <span class='ocrx_word' id='word_1_300' title='bbox 3369 2011 3682 2081; x_wconf 77' lang='lat' dir='ltr'><strong>expositus,</strong></span> 
     </span>
    </p>
   </div>
   <div class='ocr_carea' id='block_1_43' title="bbox 2085 2094 3677 2171">
    <p class='ocr_par' dir='ltr' id='par_1_43' title="bbox 2085 2094 3677 2171">
     <span class='ocr_line' id='line_1_43' title="bbox 2085 2094 3677 2171; baseline 0.001 -20"><span class='ocrx_word' id='word_1_301' title='bbox 2085 2095 2169 2152; x_wconf 89' lang='lat' dir='ltr'><strong>vel</strong></span> <span class='ocrx_word' id='word_1_302' title='bbox 2218 2104 2371 2150; x_wconf 89' lang='lat' dir='ltr'><strong>ortus</strong></span> <span class='ocrx_word' id='word_1_303' title='bbox 2405 2095 2459 2150; x_wconf 89' lang='lat' dir='ltr'><strong>in</strong></span> <span class='ocrx_word' id='word_1_304' title='bbox 2502 2094 2794 2165; x_wconf 80' lang='lat' dir='ltr'><strong>Babylone,</strong></span> <span class='ocrx_word' id='word_1_305' title='bbox 2846 2096 2962 2151; x_wconf 89' lang='lat' dir='ltr'><strong>sive</strong></span> <span class='ocrx_word' id='word_1_306' title='bbox 2988 2096 3238 2166; x_wconf 85' lang='lat' dir='ltr'><strong>princeps</strong></span> <span class='ocrx_word' id='word_1_307' title='bbox 3282 2099 3335 2152; x_wconf 90' lang='lat' dir='ltr'><strong>in</strong></span> <span class='ocrx_word' id='word_1_308' title='bbox 3376 2097 3677 2171; x_wconf 73' lang='lat' dir='ltr'><strong>Babylone.</strong></span> 
     </span>
    </p>
   </div>
   <div class='ocr_carea' id='block_1_44' title="bbox 2087 2183 3681 2259">
    <p class='ocr_par' dir='ltr' id='par_1_44' title="bbox 2087 2183 3681 2259">
     <span class='ocr_line' id='line_1_44' title="bbox 2087 2183 3681 2259; baseline 0.001 -18"><span class='ocrx_word' id='word_1_309' title='bbox 2087 2184 2369 2257; x_wconf 85' lang='lat' dir='ltr'><strong>Significat</strong></span> <span class='ocrx_word' id='word_1_310' title='bbox 2396 2183 2672 2240; x_wconf 89' lang='lat' dir='ltr'><strong>Christum</strong></span> <span class='ocrx_word' id='word_1_311' title='bbox 2715 2183 2920 2250; x_wconf 77' lang='lat' dir='ltr'><strong>Jesum,</strong></span> <span class='ocrx_word' id='word_1_312' title='bbox 2962 2187 3052 2256; x_wconf 83' lang='lat' dir='ltr'><strong>qui</strong></span> <span class='ocrx_word' id='word_1_313' title='bbox 3094 2187 3381 2243; x_wconf 72' lang='lat' dir='ltr'><strong>mditicavit</strong></span> <span class='ocrx_word' id='word_1_314' title='bbox 3413 2189 3681 2259; x_wconf 84' lang='lat' dir='ltr'><strong>templum</strong></span> 
     </span>
    </p>
   </div>
   <div class='ocr_carea' id='block_1_45' title="bbox 2087 2277 3685 2351">
    <p class='ocr_par' dir='ltr' id='par_1_45' title="bbox 2087 2277 3685 2351">
     <span class='ocr_line' id='line_1_45' title="bbox 2087 2277 3685 2351; baseline 0.003 -18"><span class='ocrx_word' id='word_1_315' title='bbox 2087 2280 2195 2334; x_wconf 86' lang='lat' dir='ltr'><strong>Deo</strong></span> <span class='ocrx_word' id='word_1_316' title='bbox 2238 2278 2407 2344; x_wconf 88' lang='lat' dir='ltr'><strong>Patri,</strong></span> <span class='ocrx_word' id='word_1_317' title='bbox 2453 2277 2521 2333; x_wconf 88' lang='lat' dir='ltr'><strong>de</strong></span> <span class='ocrx_word' id='word_1_318' title='bbox 2579 2278 2719 2333; x_wconf 84' lang='lat' dir='ltr'><strong>vivis</strong></span> <span class='ocrx_word' id='word_1_319' title='bbox 2770 2277 3054 2348; x_wconf 86' lang='lat' dir='ltr'><strong>lapidibus,</strong></span> <span class='ocrx_word' id='word_1_320' title='bbox 3103 2279 3206 2335; x_wconf 91' lang='lat' dir='ltr'><strong>hoc</strong></span> <span class='ocrx_word' id='word_1_321' title='bbox 3254 2291 3336 2335; x_wconf 90' lang='lat' dir='ltr'><strong>cst</strong></span> <span class='ocrx_word' id='word_1_322' title='bbox 3388 2283 3685 2351; x_wconf 83' lang='lat' dir='ltr'><strong>utriusque</strong></span> 
     </span>
    </p>
   </div>
   <div class='ocr_carea' id='block_1_46' title="bbox 2087 2369 3685 2441">
    <p class='ocr_par' dir='ltr' id='par_1_46' title="bbox 2087 2369 3685 2441">
     <span class='ocr_line' id='line_1_46' title="bbox 2087 2369 3685 2441; baseline 0.001 -16"><span class='ocrx_word' id='word_1_323' title='bbox 2087 2370 2395 2427; x_wconf 78' lang='lat' dir='ltr'><strong>testamenti</strong></span> <span class='ocrx_word' id='word_1_324' title='bbox 2445 2369 2713 2426; x_wconf 83' lang='lat' dir='ltr'><strong>ﬁdelibus.</strong></span> <span class='ocrx_word' id='word_1_325' title='bbox 2766 2370 2883 2438; x_wconf 86' lang='lat' dir='ltr'><strong>Ipse</strong></span> <span class='ocrx_word' id='word_1_326' title='bbox 2933 2371 3089 2440; x_wconf 87' lang='lat' dir='ltr'><strong>quasi</strong></span> <span class='ocrx_word' id='word_1_327' title='bbox 3133 2370 3454 2441; x_wconf 67' lang='lat' dir='ltr'><strong>largissimae</strong></span> <span class='ocrx_word' id='word_1_328' title='bbox 3499 2372 3685 2427; x_wconf 77' lang='lat' dir='ltr'><strong>fluxus</strong></span> 
     </span>
    </p>
   </div>
   <div class='ocr_carea' id='block_1_47' title="bbox 2085 2461 3680 2534">
    <p class='ocr_par' dir='ltr' id='par_1_47' title="bbox 2085 2461 3680 2534">
     <span class='ocr_line' id='line_1_47' title="bbox 2085 2461 3680 2534; baseline 0.001 -16"><span class='ocrx_word' id='word_1_329' title='bbox 2085 2479 2234 2519; x_wconf 72' lang='lat' dir='ltr'><strong>venue</strong></span> <span class='ocrx_word' id='word_1_330' title='bbox 2263 2462 2539 2534; x_wconf 78' lang='lat' dir='ltr'><strong>expositus</strong></span> <span class='ocrx_word' id='word_1_331' title='bbox 2580 2470 2665 2516; x_wconf 88' lang='lat' dir='ltr'><strong>est</strong></span> <span class='ocrx_word' id='word_1_332' title='bbox 2700 2461 2854 2516; x_wconf 89' lang='lat' dir='ltr'><strong>nobis</strong></span> <span class='ocrx_word' id='word_1_333' title='bbox 2878 2461 2944 2515; x_wconf 88' lang='lat' dir='ltr'><strong>ad</strong></span> <span class='ocrx_word' id='word_1_334' title='bbox 2966 2461 3279 2517; x_wconf 86' lang='lat' dir='ltr'><strong>bibendum.</strong></span> <span class='ocrx_word' id='word_1_335' title='bbox 3312 2461 3418 2517; x_wconf 87' lang='lat' dir='ltr'><strong>Sed</strong></span> <span class='ocrx_word' id='word_1_336' title='bbox 3442 2473 3501 2518; x_wconf 90' lang='lat' dir='ltr'><strong>ut</strong></span> <span class='ocrx_word' id='word_1_337' title='bbox 3530 2463 3680 2519; x_wconf 81' lang='lat' dir='ltr'><strong>hunc</strong></span> 
     </span>
    </p>
   </div>
   <div class='ocr_carea' id='block_1_48' title="bbox 2086 2549 3681 2623">
    <p class='ocr_par' dir='ltr' id='par_1_48' title="bbox 2086 2549 3681 2623">
     <span class='ocr_line' id='line_1_48' title="bbox 2086 2549 3681 2623; baseline 0.001 -16"><span class='ocrx_word' id='word_1_338' title='bbox 2086 2553 2356 2623; x_wconf 88' lang='lat' dir='ltr'><strong>possimus</strong></span> <span class='ocrx_word' id='word_1_339' title='bbox 2387 2552 2596 2616; x_wconf 88' lang='lat' dir='ltr'><strong>bibere,</strong></span> <span class='ocrx_word' id='word_1_340' title='bbox 2620 2566 2651 2604; x_wconf 89' lang='lat' dir='ltr'><strong>a</strong></span> <span class='ocrx_word' id='word_1_341' title='bbox 2676 2549 2786 2605; x_wconf 90' lang='lat' dir='ltr'><strong>Deo</strong></span> <span class='ocrx_word' id='word_1_342' title='bbox 2812 2550 3071 2606; x_wconf 84' lang='lat' dir='ltr'><strong>debemus</strong></span> <span class='ocrx_word' id='word_1_343' title='bbox 3091 2560 3297 2622; x_wconf 87' lang='lat' dir='ltr'><strong>petere,</strong></span> <span class='ocrx_word' id='word_1_344' title='bbox 3323 2554 3467 2622; x_wconf 90' lang='lat' dir='ltr'><strong>quod</strong></span> <span class='ocrx_word' id='word_1_345' title='bbox 3498 2553 3681 2609; x_wconf 83' lang='lat' dir='ltr'><strong>innuit</strong></span> 
     </span>
    </p>
   </div>
   <div class='ocr_carea' id='block_1_49' title="bbox 2088 2638 3680 2712">
    <p class='ocr_par' dir='ltr' id='par_1_49' title="bbox 2088 2638 3680 2712">
     <span class='ocr_line' id='line_1_49' title="bbox 2088 2638 3680 2712; baseline 0 -15"><span class='ocrx_word' id='word_1_346' title='bbox 2088 2640 2345 2697; x_wconf 87' lang='lat' dir='ltr'><strong>Salatbicl</strong></span> <span class='ocrx_word' id='word_1_347' title='bbox 2393 2649 2546 2711; x_wconf 88' lang='lat' dir='ltr'><strong>pater</strong></span> <span class='ocrx_word' id='word_1_348' title='bbox 2586 2638 2726 2706; x_wconf 88' lang='lat' dir='ltr'><strong>ejus,</strong></span> <span class='ocrx_word' id='word_1_349' title='bbox 2754 2640 2844 2709; x_wconf 91' lang='lat' dir='ltr'><strong>qui</strong></span> <span class='ocrx_word' id='word_1_350' title='bbox 2888 2640 3278 2711; x_wconf 86' lang='lat' dir='ltr'><strong>interpretatur</strong></span> <span class='ocrx_word' id='word_1_351' title='bbox 3327 2643 3517 2712; x_wconf 87' lang='lat' dir='ltr'><strong>petitio</strong></span> <span class='ocrx_word' id='word_1_352' title='bbox 3556 2643 3680 2699; x_wconf 86' lang='lat' dir='ltr'><strong>Dei.</strong></span> 
     </span>
    </p>
   </div>
   <div class='ocr_carea' id='block_1_50' title="bbox 2088 2729 3687 2803">
    <p class='ocr_par' dir='ltr' id='par_1_50' title="bbox 2088 2729 3687 2803">
     <span class='ocr_line' id='line_1_50' title="bbox 2088 2729 3687 2803; baseline 0.001 -15"><span class='ocrx_word' id='word_1_353' title='bbox 2088 2733 2187 2788; x_wconf 85' lang='lat' dir='ltr'><strong>llic</strong></span> <span class='ocrx_word' id='word_1_354' title='bbox 2215 2742 2371 2787; x_wconf 86' lang='lat' dir='ltr'><strong>natus</strong></span> <span class='ocrx_word' id='word_1_355' title='bbox 2398 2739 2482 2786; x_wconf 91' lang='lat' dir='ltr'><strong>est</strong></span> <span class='ocrx_word' id='word_1_356' title='bbox 2507 2732 2560 2785; x_wconf 94' lang='lat' dir='ltr'><strong>in</strong></span> <span class='ocrx_word' id='word_1_357' title='bbox 2589 2729 2886 2803; x_wconf 86' lang='lat' dir='ltr'><strong>Babylone,</strong></span> <span class='ocrx_word' id='word_1_358' title='bbox 2917 2738 2973 2786; x_wconf 85' lang='lat' dir='ltr'><strong>et</strong></span> <span class='ocrx_word' id='word_1_359' title='bbox 2995 2730 3243 2786; x_wconf 84' lang='lat' dir='ltr'><strong>Christus</strong></span> <span class='ocrx_word' id='word_1_360' title='bbox 3284 2733 3379 2787; x_wconf 89' lang='lat' dir='ltr'><strong>Dei</strong></span> <span class='ocrx_word' id='word_1_361' title='bbox 3419 2732 3595 2797; x_wconf 85' lang='lat' dir='ltr'><strong>Filius</strong></span> <span class='ocrx_word' id='word_1_362' title='bbox 3628 2735 3687 2789; x_wconf 85' lang='lat' dir='ltr'><strong>in</strong></span> 
     </span>
    </p>
   </div>
   <div class='ocr_carea' id='block_1_51' title="bbox 2089 2822 3687 2895">
    <p class='ocr_par' dir='ltr' id='par_1_51' title="bbox 2089 2822 3687 2895">
     <span class='ocr_line' id='line_1_51' title="bbox 2089 2822 3687 2895; baseline -0.001 -12"><span class='ocrx_word' id='word_1_363' title='bbox 2089 2825 2407 2884; x_wconf 87' lang='lat' dir='ltr'><strong>confusione</strong></span> <span class='ocrx_word' id='word_1_364' title='bbox 2438 2822 2598 2893; x_wconf 89' lang='lat' dir='ltr'><strong>hujus</strong></span> <span class='ocrx_word' id='word_1_365' title='bbox 2632 2824 2818 2878; x_wconf 86' lang='lat' dir='ltr'><strong>mundi</strong></span> <span class='ocrx_word' id='word_1_366' title='bbox 2852 2825 3167 2879; x_wconf 89' lang='lat' dir='ltr'><strong>incarnatus</strong></span> <span class='ocrx_word' id='word_1_367' title='bbox 3190 2827 3457 2895; x_wconf 83' lang='lat' dir='ltr'><strong>apparuit,</strong></span> <span class='ocrx_word' id='word_1_368' title='bbox 3493 2835 3553 2881; x_wconf 90' lang='lat' dir='ltr'><strong>ut</strong></span> <span class='ocrx_word' id='word_1_369' title='bbox 3580 2842 3687 2882; x_wconf 86' lang='lat' dir='ltr'><strong>nos</strong></span> 
     </span>
    </p>
   </div>
   <div class='ocr_carea' id='block_1_52' title="bbox 2089 2916 3689 2990">
    <p class='ocr_par' dir='ltr' id='par_1_52' title="bbox 2089 2916 3689 2990">
     <span class='ocr_line' id='line_1_52' title="bbox 2089 2916 3689 2990; baseline 0.001 -17"><span class='ocrx_word' id='word_1_370' title='bbox 2089 2919 2179 2990; x_wconf 90' lang='lat' dir='ltr'><strong>qui</strong></span> <span class='ocrx_word' id='word_1_371' title='bbox 2212 2918 2264 2973; x_wconf 91' lang='lat' dir='ltr'><strong>in</strong></span> <span class='ocrx_word' id='word_1_372' title='bbox 2290 2917 2602 2988; x_wconf 84' lang='lat' dir='ltr'><strong>captivitate</strong></span> <span class='ocrx_word' id='word_1_373' title='bbox 2634 2916 2840 2986; x_wconf 88' lang='lat' dir='ltr'><strong>peccati</strong></span> <span class='ocrx_word' id='word_1_374' title='bbox 2866 2917 3183 2970; x_wconf 84' lang='lat' dir='ltr'><strong>tenebamur</strong></span> <span class='ocrx_word' id='word_1_375' title='bbox 3212 2920 3466 2987; x_wconf 87' lang='lat' dir='ltr'><strong>eriperet,</strong></span> <span class='ocrx_word' id='word_1_376' title='bbox 3499 2928 3557 2973; x_wconf 91' lang='lat' dir='ltr'><strong>et</strong></span> <span class='ocrx_word' id='word_1_377' title='bbox 3614 2920 3689 2975; x_wconf 87' lang='lat' dir='ltr'><strong>ad</strong></span> 
     </span>
    </p>
   </div>
   <div class='ocr_carea' id='block_1_53' title="bbox 2089 3008 3691 3083">
    <p class='ocr_par' dir='ltr' id='par_1_53' title="bbox 2089 3008 3691 3083">
     <span class='ocr_line' id='line_1_53' title="bbox 2089 3008 3691 3083; baseline 0 -18"><span class='ocrx_word' id='word_1_378' title='bbox 2089 3010 2465 3083; x_wconf 88' lang='lat' dir='ltr'><strong>promissionis</strong></span> <span class='ocrx_word' id='word_1_379' title='bbox 2514 3017 2715 3063; x_wconf 87' lang='lat' dir='ltr'><strong>terram</strong></span> <span class='ocrx_word' id='word_1_380' title='bbox 2761 3009 3061 3064; x_wconf 87' lang='lat' dir='ltr'><strong>reduceret.</strong></span> <span class='ocrx_word' id='word_1_381' title='bbox 3112 3008 3309 3083; x_wconf 79' lang='lat' dir='ltr'><strong>Factus</strong></span> <span class='ocrx_word' id='word_1_382' title='bbox 3370 3017 3455 3064; x_wconf 89' lang='lat' dir='ltr'><strong>est</strong></span> <span class='ocrx_word' id='word_1_383' title='bbox 3490 3025 3691 3065; x_wconf 87' lang='lat' dir='ltr'><strong>sermo</strong></span> 
     </span>
    </p>
   </div>
   <div class='ocr_carea' id='block_1_54' title="bbox 2090 3099 3692 3167">
    <p class='ocr_par' dir='ltr' id='par_1_54' title="bbox 2090 3099 3692 3167">
     <span class='ocr_line' id='line_1_54' title="bbox 2090 3099 3692 3167; baseline -0.003 -6"><span class='ocrx_word' id='word_1_384' title='bbox 2090 3104 2304 3161; x_wconf 91' lang='lat' dir='ltr'><strong>Domini</strong></span> <span class='ocrx_word' id='word_1_385' title='bbox 2349 3105 2418 3158; x_wconf 90' lang='lat' dir='ltr'><strong>ad</strong></span> <span class='ocrx_word' id='word_1_386' title='bbox 2446 3101 2760 3167; x_wconf 81' lang='lat' dir='ltr'><strong>Zorobabel,</strong></span> <span class='ocrx_word' id='word_1_387' title='bbox 2798 3100 2972 3156; x_wconf 87' lang='lat' dir='ltr'><strong>factus</strong></span> <span class='ocrx_word' id='word_1_388' title='bbox 2998 3110 3083 3156; x_wconf 90' lang='lat' dir='ltr'><strong>est</strong></span> <span class='ocrx_word' id='word_1_389' title='bbox 3109 3112 3166 3157; x_wconf 88' lang='lat' dir='ltr'><strong>et</strong></span> <span class='ocrx_word' id='word_1_390' title='bbox 3185 3104 3252 3155; x_wconf 90' lang='lat' dir='ltr'><strong>ad</strong></span> <span class='ocrx_word' id='word_1_391' title='bbox 3280 3099 3464 3157; x_wconf 83' lang='lat' dir='ltr'><strong>Jesum</strong></span> <span class='ocrx_word' id='word_1_392' title='bbox 3495 3117 3692 3157; x_wconf 87' lang='lat' dir='ltr'><strong>sacer-</strong></span> 
     </span>
    </p>
   </div>
   <div class='ocr_carea' id='block_1_55' title="bbox 410 3190 3691 3263">
    <p class='ocr_par' dir='ltr' id='par_1_55' title="bbox 410 3190 3691 3263">
     <span class='ocr_line' id='line_1_55' title="bbox 410 3190 3691 3263; baseline -0 -14"><span class='ocrx_word' id='word_1_393' title='bbox 410 3192 501 3250; x_wconf 72' lang='grc' dir='ltr'><strong>ἱ)θὶ</strong></span> <span class='ocrx_word' id='word_1_394' title='bbox 532 3202 669 3259; x_wconf 89' lang='lat' dir='ltr'><strong>erat,</strong></span> <span class='ocrx_word' id='word_1_395' title='bbox 697 3202 876 3248; x_wconf 90' lang='lat' dir='ltr'><strong>etnon</strong></span> <span class='ocrx_word' id='word_1_396' title='bbox 909 3192 961 3247; x_wconf 90' lang='lat' dir='ltr'><strong>in</strong></span> <span class='ocrx_word' id='word_1_397' title='bbox 994 3202 1172 3247; x_wconf 91' lang='lat' dir='ltr'><strong>monte</strong></span> <span class='ocrx_word' id='word_1_398' title='bbox 1209 3190 1360 3258; x_wconf 89' lang='lat' dir='ltr'><strong>Sion,</strong></span> <span class='ocrx_word' id='word_1_399' title='bbox 1390 3193 1485 3250; x_wconf 91' lang='lat' dir='ltr'><strong>sed</strong></span> <span class='ocrx_word' id='word_1_400' title='bbox 1528 3194 1780 3249; x_wconf 88' lang='lat' dir='ltr'><strong>deorsum</strong></span> <span class='ocrx_word' id='word_1_401' title='bbox 1826 3194 1977 3250; x_wconf 89' lang='lat' dir='ltr'><strong>habi-</strong></span> <span class='ocrx_word' id='word_1_402' title='bbox 2007 3195 2052 3258; x_wconf 89' lang='lat' dir='ltr'><strong>C</strong></span> <span class='ocrx_word' id='word_1_403' title='bbox 2083 3195 2265 3252; x_wconf 86' lang='lat' dir='ltr'><strong>dotem</strong></span> <span class='ocrx_word' id='word_1_404' title='bbox 2307 3209 2582 3263; x_wconf 82' lang='lat' dir='ltr'><strong>magnum.</strong></span> <span class='ocrx_word' id='word_1_405' title='bbox 2636 3192 2999 3248; x_wconf 82' lang='lat' dir='ltr'><strong>Historialiter</strong></span> <span class='ocrx_word' id='word_1_406' title='bbox 3015 3207 3143 3248; x_wconf 89' lang='lat' dir='ltr'><strong>vero</strong></span> <span class='ocrx_word' id='word_1_407' title='bbox 3178 3193 3284 3249; x_wconf 89' lang='lat' dir='ltr'><strong>duo</strong></span> <span class='ocrx_word' id='word_1_408' title='bbox 3329 3191 3548 3249; x_wconf 86' lang='lat' dir='ltr'><strong>fuerunt</strong></span> <span class='ocrx_word' id='word_1_409' title='bbox 3576 3194 3691 3248; x_wconf 85' lang='lat' dir='ltr'><strong>ho-</strong></span> 
     </span>
    </p>
   </div>
   <div class='ocr_carea' id='block_1_56' title="bbox 419 3286 579 3342">
    <p class='ocr_par' dir='ltr' id='par_1_56' title="bbox 419 3286 579 3342">
     <span class='ocr_line' id='line_1_56' title="bbox 419 3286 579 3342; baseline 0.006 -2"><span class='ocrx_word' id='word_1_410' title='bbox 419 3286 579 3342; x_wconf 63' lang='lat' dir='ltr'><strong>tabat.</strong></span> 
     </span>
    </p>
   </div>
   <div class='ocr_carea' id='block_1_57' title="bbox 925 3380 1475 3436">
    <p class='ocr_par' dir='ltr' id='par_1_57' title="bbox 925 3380 1475 3436">
     <span class='ocr_line' id='line_1_57' title="bbox 925 3380 1475 3436; baseline -0.002 0"><span class='ocrx_word' id='word_1_411' title='bbox 925 3380 1150 3436; x_wconf 82' lang='lat' dir='ltr'><strong>CAPUT</strong></span> <span class='ocrx_word' id='word_1_412' title='bbox 1188 3380 1475 3436; x_wconf 77' lang='lat' dir='ltr'><strong>PRIMUM.</strong></span> 
     </span>
    </p>
   </div>
   <div class='ocr_carea' id='block_1_58' title="bbox 487 3470 1991 3542">
    <p class='ocr_par' dir='ltr' id='par_1_58' title="bbox 487 3470 1991 3542">
     <span class='ocr_line' id='line_1_58' title="bbox 487 3470 1991 3542; baseline 0.004 -21"><span class='ocrx_word' id='word_1_413' title='bbox 487 3490 504 3520; x_wconf 76' lang='grc' dir='ltr'>ι</span> <span class='ocrx_word' id='word_1_414' title='bbox 545 3471 601 3525; x_wconf 93' lang='lat' dir='ltr'><strong>ln</strong></span> <span class='ocrx_word' id='word_1_415' title='bbox 625 3486 769 3526; x_wconf 86' lang='lat' dir='ltr'><strong>anno</strong></span> <span class='ocrx_word' id='word_1_416' title='bbox 794 3473 1030 3527; x_wconf 88' lang='lat' dir='ltr'><strong>secundo</strong></span> <span class='ocrx_word' id='word_1_417' title='bbox 1072 3470 1240 3537; x_wconf 83' lang='lat' dir='ltr'><strong>Darii,</strong></span> <span class='ocrx_word' id='word_1_418' title='bbox 1277 3474 1418 3542; x_wconf 88' lang='lat' dir='ltr'><strong>regis</strong></span> <span class='ocrx_word' id='word_1_419' title='bbox 1462 3492 1479 3522; x_wconf 74' lang='grc' dir='ltr'><strong><em>ι</em></strong></span> <span class='ocrx_word' id='word_1_420' title='bbox 1528 3470 1819 3527; x_wconf 88' lang='lat' dir='ltr'><strong>Persarum</strong></span> <span class='ocrx_word' id='word_1_421' title='bbox 1871 3491 1889 3523; x_wconf 72' lang='grc' dir='ltr'>ι</span> <span class='ocrx_word' id='word_1_422' title='bbox 1935 3471 1991 3527; x_wconf 91' lang='lat' dir='ltr'><strong>in</strong></span> 
     </span>
    </p>
   </div>
   <div class='ocr_carea' id='block_1_59' title="bbox 421 3558 1990 3625">
    <p class='ocr_par' dir='ltr' id='par_1_59' title="bbox 421 3558 1990 3625">
     <span class='ocr_line' id='line_1_59' title="bbox 421 3558 1990 3625; baseline 0.001 -12"><span class='ocrx_word' id='word_1_423' title='bbox 421 3573 602 3613; x_wconf 80' lang='lat' dir='ltr'><strong>mense</strong></span> <span class='ocrx_word' id='word_1_424' title='bbox 629 3569 805 3625; x_wconf 74' lang='lat' dir='ltr'><strong>sexto,</strong></span> <span class='ocrx_word' id='word_1_425' title='bbox 837 3560 889 3615; x_wconf 94' lang='lat' dir='ltr'><strong>in</strong></span> <span class='ocrx_word' id='word_1_426' title='bbox 921 3560 1006 3616; x_wconf 89' lang='lat' dir='ltr'><strong>die</strong></span> <span class='ocrx_word' id='word_1_427' title='bbox 1029 3576 1135 3616; x_wconf 86' lang='lat' dir='ltr'><strong>una</strong></span> <span class='ocrx_word' id='word_1_428' title='bbox 1161 3561 1381 3625; x_wconf 91' lang='lat' dir='ltr'><strong>mensis,</strong></span> <span class='ocrx_word' id='word_1_429' title='bbox 1409 3558 1611 3616; x_wconf 87' lang='lat' dir='ltr'><strong>factum</strong></span> <span class='ocrx_word' id='word_1_430' title='bbox 1647 3568 1731 3617; x_wconf 90' lang='lat' dir='ltr'><strong>est</strong></span> <span class='ocrx_word' id='word_1_431' title='bbox 1766 3561 1990 3619; x_wconf 69' lang='lat' dir='ltr'><strong>verbum</strong></span> 
     </span>
    </p>
   </div>
   <div class='ocr_carea' id='block_1_60' title="bbox 422 3649 1993 3724">
    <p class='ocr_par' dir='ltr' id='par_1_60' title="bbox 422 3649 1993 3724">
     <span class='ocr_line' id='line_1_60' title="bbox 422 3649 1993 3724; baseline 0.001 -20"><span class='ocrx_word' id='word_1_432' title='bbox 422 3649 633 3705; x_wconf 91' lang='lat' dir='ltr'><strong>Domini</strong></span> <span class='ocrx_word' id='word_1_433' title='bbox 662 3650 717 3705; x_wconf 92' lang='lat' dir='ltr'><strong>in</strong></span> <span class='ocrx_word' id='word_1_434' title='bbox 740 3665 901 3705; x_wconf 89' lang='lat' dir='ltr'><strong>manu</strong></span> <span class='ocrx_word' id='word_1_435' title='bbox 926 3650 1106 3724; x_wconf 70' lang='grc' dir='ltr'><strong>Αεεωί</strong></span> <span class='ocrx_word' id='word_1_436' title='bbox 1141 3652 1430 3722; x_wconf 66' lang='lat' dir='ltr'><strong>propheta}.</strong></span> <span class='ocrx_word' id='word_1_437' title='bbox 1471 3672 1488 3705; x_wconf 76' lang='grc' dir='ltr'><strong>ι</strong></span> <span class='ocrx_word' id='word_1_438' title='bbox 1519 3652 1770 3709; x_wconf 88' lang='lat' dir='ltr'><strong>Binarius</strong></span> <span class='ocrx_word' id='word_1_439' title='bbox 1806 3666 1993 3709; x_wconf 78' lang='lat' dir='ltr'><strong>nume-</strong></span> 
     </span>
    </p>
   </div>
   <div class='ocr_carea' id='block_1_61' title="bbox 423 3738 1993 3814">
    <p class='ocr_par' dir='ltr' id='par_1_61' title="bbox 423 3738 1993 3814">
     <span class='ocr_line' id='line_1_61' title="bbox 423 3738 1993 3814; baseline 0.002 -19"><span class='ocrx_word' id='word_1_440' title='bbox 423 3756 512 3795; x_wconf 91' lang='lat' dir='ltr'><strong>rus</strong></span> <span class='ocrx_word' id='word_1_441' title='bbox 555 3738 988 3810; x_wconf 83' lang='lat' dir='ltr'><strong>frequentissime</strong></span> <span class='ocrx_word' id='word_1_442' title='bbox 1038 3741 1092 3796; x_wconf 90' lang='lat' dir='ltr'><strong>in</strong></span> <span class='ocrx_word' id='word_1_443' title='bbox 1143 3742 1341 3797; x_wconf 88' lang='lat' dir='ltr'><strong>malam</strong></span> <span class='ocrx_word' id='word_1_444' title='bbox 1383 3744 1599 3814; x_wconf 89' lang='lat' dir='ltr'><strong>ponitur</strong></span> <span class='ocrx_word' id='word_1_445' title='bbox 1636 3742 1993 3814; x_wconf 56' lang='lat' dir='ltr'><strong>signiﬁcatim</strong></span> 
     </span>
    </p>
   </div>
   <div class='ocr_carea' id='block_1_62' title="bbox 420 3830 1995 3902">
    <p class='ocr_par' dir='ltr' id='par_1_62' title="bbox 420 3830 1995 3902">
     <span class='ocr_line' id='line_1_62' title="bbox 420 3830 1995 3902; baseline 0.001 -15"><span class='ocrx_word' id='word_1_446' title='bbox 420 3846 563 3887; x_wconf 90' lang='lat' dir='ltr'><strong>nem.</strong></span> <span class='ocrx_word' id='word_1_447' title='bbox 601 3830 802 3887; x_wconf 85' lang='lat' dir='ltr'><strong>Dividit</strong></span> <span class='ocrx_word' id='word_1_448' title='bbox 843 3832 985 3887; x_wconf 89' lang='lat' dir='ltr'><strong>enim</strong></span> <span class='ocrx_word' id='word_1_449' title='bbox 1012 3833 1241 3902; x_wconf 87' lang='lat' dir='ltr'><strong>primam</strong></span> <span class='ocrx_word' id='word_1_450' title='bbox 1271 3834 1551 3898; x_wconf 89' lang='lat' dir='ltr'><strong>unitatem,</strong></span> <span class='ocrx_word' id='word_1_451' title='bbox 1587 3844 1639 3889; x_wconf 87' lang='lat' dir='ltr'><strong>et</strong></span> <span class='ocrx_word' id='word_1_452' title='bbox 1665 3834 1865 3890; x_wconf 88' lang='lat' dir='ltr'><strong>idcirco</strong></span> <span class='ocrx_word' id='word_1_453' title='bbox 1907 3849 1995 3889; x_wconf 89' lang='lat' dir='ltr'><strong>co-</strong></span> 
     </span>
    </p>
   </div>
   <div class='ocr_carea' id='block_1_63' title="bbox 415 3923 1997 3998">
    <p class='ocr_par' dir='ltr' id='par_1_63' title="bbox 415 3923 1997 3998">
     <span class='ocr_line' id='line_1_63' title="bbox 415 3923 1997 3998; baseline 0.001 -19"><span class='ocrx_word' id='word_1_454' title='bbox 415 3923 596 3995; x_wconf 87' lang='lat' dir='ltr'><strong>pulam</strong></span> <span class='ocrx_word' id='word_1_455' title='bbox 623 3923 956 3998; x_wconf 77' lang='lat' dir='ltr'><strong>coniugalem</strong></span> <span class='ocrx_word' id='word_1_456' title='bbox 982 3923 1097 3981; x_wconf 89' lang='lat' dir='ltr'><strong>sive</strong></span> <span class='ocrx_word' id='word_1_457' title='bbox 1123 3924 1450 3982; x_wconf 88' lang='lat' dir='ltr'><strong>discordiam</strong></span> <span class='ocrx_word' id='word_1_458' title='bbox 1480 3926 1742 3997; x_wconf 84' lang='lat' dir='ltr'><strong>designat.</strong></span> <span class='ocrx_word' id='word_1_459' title='bbox 1784 3926 1842 3981; x_wconf 88' lang='lat' dir='ltr'><strong>lu</strong></span> <span class='ocrx_word' id='word_1_460' title='bbox 1892 3926 1997 3981; x_wconf 83' lang='lat' dir='ltr'><strong>Ge-</strong></span> 
     </span>
    </p>
   </div>
   <div class='ocr_carea' id='block_1_64' title="bbox 415 4016 1997 4089">
    <p class='ocr_par' dir='ltr' id='par_1_64' title="bbox 415 4016 1997 4089">
     <span class='ocr_line' id='line_1_64' title="bbox 415 4016 1997 4089; baseline 0.003 -18"><span class='ocrx_word' id='word_1_461' title='bbox 415 4016 531 4072; x_wconf 85' lang='lat' dir='ltr'><strong>nesi</strong></span> <span class='ocrx_word' id='word_1_462' title='bbox 561 4031 775 4089; x_wconf 89' lang='lat' dir='ltr'><strong>quoque</strong></span> <span class='ocrx_word' id='word_1_463' title='bbox 814 4033 935 4072; x_wconf 92' lang='lat' dir='ltr'><strong>cum</strong></span> <span class='ocrx_word' id='word_1_464' title='bbox 969 4017 1025 4072; x_wconf 93' lang='lat' dir='ltr'><strong>in</strong></span> <span class='ocrx_word' id='word_1_465' title='bbox 1066 4017 1294 4073; x_wconf 89' lang='lat' dir='ltr'><strong>aliorum</strong></span> <span class='ocrx_word' id='word_1_466' title='bbox 1326 4018 1566 4075; x_wconf 90' lang='lat' dir='ltr'><strong>omnium</strong></span> <span class='ocrx_word' id='word_1_467' title='bbox 1610 4018 1817 4074; x_wconf 90' lang='lat' dir='ltr'><strong>dierum</strong></span> <span class='ocrx_word' id='word_1_468' title='bbox 1863 4034 1997 4075; x_wconf 88' lang='lat' dir='ltr'><strong>con-</strong></span> 
     </span>
    </p>
   </div>
   <div class='ocr_carea' id='block_1_65' title="bbox 416 4108 1998 4182">
    <p class='ocr_par' dir='ltr' id='par_1_65' title="bbox 416 4108 1998 4182">
     <span class='ocr_line' id='line_1_65' title="bbox 416 4108 1998 4182; baseline -0.002 -15"><span class='ocrx_word' id='word_1_469' title='bbox 416 4109 771 4169; x_wconf 72' lang='lat' dir='ltr'><strong>Summatione</strong></span> <span class='ocrx_word' id='word_1_470' title='bbox 806 4109 1060 4166; x_wconf 88' lang='lat' dir='ltr'><strong>dicatur:</strong></span> <span class='ocrx_word' id='word_1_471' title='bbox 1100 4108 1420 4182; x_wconf 63' lang='lat' dir='ltr'><strong>Vidit,Deus</strong></span> <span class='ocrx_word' id='word_1_472' title='bbox 1457 4110 1599 4181; x_wconf 88' lang='lat' dir='ltr'><strong>quod</strong></span> <span class='ocrx_word' id='word_1_473' title='bbox 1621 4117 1765 4166; x_wconf 86' lang='lat' dir='ltr'><strong>esset</strong></span> <span class='ocrx_word' id='word_1_474' title='bbox 1801 4110 1998 4165; x_wconf 89' lang='lat' dir='ltr'><strong>bonum</strong></span> 
     </span>
    </p>
   </div>
   <div class='ocr_carea' id='block_1_66' title="bbox 422 4199 2001 4273">
    <p class='ocr_par' dir='ltr' id='par_1_66' title="bbox 422 4199 2001 4273">
     <span class='ocr_line' id='line_1_66' title="bbox 422 4199 2001 4273; baseline 0.001 -18"><span class='ocrx_word' id='word_1_475' title='bbox 422 4199 477 4255; x_wconf 90' lang='lat' dir='ltr'><strong>in</strong></span> <span class='ocrx_word' id='word_1_476' title='bbox 506 4200 725 4255; x_wconf 89' lang='lat' dir='ltr'><strong>secundi</strong></span> <span class='ocrx_word' id='word_1_477' title='bbox 765 4200 871 4254; x_wconf 88' lang='lat' dir='ltr'><strong>diei</strong></span> <span class='ocrx_word' id='word_1_478' title='bbox 914 4199 1021 4254; x_wconf 89' lang='lat' dir='ltr'><strong>ﬁne</strong></span> <span class='ocrx_word' id='word_1_479' title='bbox 1051 4215 1158 4255; x_wconf 90' lang='lat' dir='ltr'><strong>non</strong></span> <span class='ocrx_word' id='word_1_480' title='bbox 1204 4201 1453 4255; x_wconf 91' lang='lat' dir='ltr'><strong>habetur.</strong></span> <span class='ocrx_word' id='word_1_481' title='bbox 1509 4200 1567 4256; x_wconf 82' lang='lat' dir='ltr'><strong>In</strong></span> <span class='ocrx_word' id='word_1_482' title='bbox 1605 4210 1757 4257; x_wconf 72' lang='lat' dir='ltr'><strong>sexto</strong></span> <span class='ocrx_word' id='word_1_483' title='bbox 1785 4216 2001 4273; x_wconf 90' lang='lat' dir='ltr'><strong>quoque</strong></span> 
     </span>
    </p>
   </div>
   <div class='ocr_carea' id='block_1_67' title="bbox 424 4288 2004 4362">
    <p class='ocr_par' dir='ltr' id='par_1_67' title="bbox 424 4288 2004 4362">
     <span class='ocr_line' id='line_1_67' title="bbox 424 4288 2004 4362; baseline -0.001 -14"><span class='ocrx_word' id='word_1_484' title='bbox 424 4303 611 4348; x_wconf 86' lang='lat' dir='ltr'><strong>mense</strong></span> <span class='ocrx_word' id='word_1_485' title='bbox 633 4288 776 4344; x_wconf 87' lang='lat' dir='ltr'><strong>nulla</strong></span> <span class='ocrx_word' id='word_1_486' title='bbox 800 4297 883 4343; x_wconf 90' lang='lat' dir='ltr'><strong>est</strong></span> <span class='ocrx_word' id='word_1_487' title='bbox 904 4288 1093 4359; x_wconf 88' lang='lat' dir='ltr'><strong>legalis</strong></span> <span class='ocrx_word' id='word_1_488' title='bbox 1115 4289 1452 4355; x_wconf 91' lang='lat' dir='ltr'><strong>solemnitas,</strong></span> <span class='ocrx_word' id='word_1_489' title='bbox 1472 4290 1609 4345; x_wconf 89' lang='lat' dir='ltr'><strong>sicut</strong></span> <span class='ocrx_word' id='word_1_490' title='bbox 1632 4291 1685 4346; x_wconf 93' lang='lat' dir='ltr'><strong>in</strong></span> <span class='ocrx_word' id='word_1_491' title='bbox 1711 4291 1850 4357; x_wconf 88' lang='lat' dir='ltr'><strong>aliis,</strong></span> <span class='ocrx_word' id='word_1_492' title='bbox 1873 4307 2004 4362; x_wconf 87' lang='lat' dir='ltr'><strong>quo-</strong></span> 
     </span>
    </p>
   </div>
   <div class='ocr_carea' id='block_1_68' title="bbox 424 4378 2003 4453">
    <p class='ocr_par' dir='ltr' id='par_1_68' title="bbox 424 4378 2003 4453">
     <span class='ocr_line' id='line_1_68' title="bbox 424 4378 2003 4453; baseline 0.003 -20"><span class='ocrx_word' id='word_1_493' title='bbox 424 4379 571 4439; x_wconf 87' lang='lat' dir='ltr'><strong>niam</strong></span> <span class='ocrx_word' id='word_1_494' title='bbox 594 4378 869 4434; x_wconf 87' lang='lat' dir='ltr'><strong>servitutis</strong></span> <span class='ocrx_word' id='word_1_495' title='bbox 889 4393 1053 4450; x_wconf 88' lang='lat' dir='ltr'><strong>opera</strong></span> <span class='ocrx_word' id='word_1_496' title='bbox 1072 4388 1125 4433; x_wconf 91' lang='lat' dir='ltr'><strong>et</strong></span> <span class='ocrx_word' id='word_1_497' title='bbox 1156 4378 1368 4437; x_wconf 88' lang='lat' dir='ltr'><strong>labores</strong></span> <span class='ocrx_word' id='word_1_498' title='bbox 1393 4379 1658 4450; x_wconf 86' lang='lat' dir='ltr'><strong>designat.</strong></span> <span class='ocrx_word' id='word_1_499' title='bbox 1688 4381 1855 4437; x_wconf 86' lang='lat' dir='ltr'><strong>Recte</strong></span> <span class='ocrx_word' id='word_1_500' title='bbox 1874 4397 2003 4453; x_wconf 88' lang='lat' dir='ltr'><strong>ergo</strong></span> 
     </span>
    </p>
   </div>
   <div class='ocr_carea' id='block_1_69' title="bbox 423 4468 2004 4537">
    <p class='ocr_par' dir='ltr' id='par_1_69' title="bbox 423 4468 2004 4537">
     <span class='ocr_line' id='line_1_69' title="bbox 423 4468 2004 4537; baseline 0.003 -14"><span class='ocrx_word' id='word_1_501' title='bbox 423 4477 479 4523; x_wconf 89' lang='lat' dir='ltr'><strong>et</strong></span> <span class='ocrx_word' id='word_1_502' title='bbox 504 4469 557 4523; x_wconf 92' lang='lat' dir='ltr'><strong>in</strong></span> <span class='ocrx_word' id='word_1_503' title='bbox 581 4484 722 4524; x_wconf 90' lang='lat' dir='ltr'><strong>anno</strong></span> <span class='ocrx_word' id='word_1_504' title='bbox 743 4470 978 4524; x_wconf 91' lang='lat' dir='ltr'><strong>secundo</strong></span> <span class='ocrx_word' id='word_1_505' title='bbox 1002 4468 1168 4537; x_wconf 89' lang='lat' dir='ltr'><strong>Darii,</strong></span> <span class='ocrx_word' id='word_1_506' title='bbox 1198 4478 1250 4524; x_wconf 90' lang='lat' dir='ltr'><strong>et</strong></span> <span class='ocrx_word' id='word_1_507' title='bbox 1279 4469 1332 4524; x_wconf 90' lang='lat' dir='ltr'><strong>in</strong></span> <span class='ocrx_word' id='word_1_508' title='bbox 1353 4478 1507 4524; x_wconf 77' lang='lat' dir='ltr'><strong>sexto</strong></span> <span class='ocrx_word' id='word_1_509' title='bbox 1532 4485 1718 4526; x_wconf 90' lang='lat' dir='ltr'><strong>mense</strong></span> <span class='ocrx_word' id='word_1_510' title='bbox 1741 4471 1799 4525; x_wconf 90' lang='lat' dir='ltr'><strong>ﬁt</strong></span> <span class='ocrx_word' id='word_1_511' title='bbox 1824 4486 2004 4528; x_wconf 89' lang='lat' dir='ltr'><strong>sermo</strong></span> 
     </span>
    </p>
   </div>
   <div class='ocr_carea' id='block_1_70' title="bbox 2095 3284 3695 3356">
    <p class='ocr_par' dir='ltr' id='par_1_70' title="bbox 2095 3284 3695 3356">
     <span class='ocr_line' id='line_1_70' title="bbox 2095 3284 3695 3356; baseline -0.003 -15"><span class='ocrx_word' id='word_1_512' title='bbox 2095 3287 2292 3351; x_wconf 90' lang='lat' dir='ltr'><strong>mines,</strong></span> <span class='ocrx_word' id='word_1_513' title='bbox 2340 3300 2480 3341; x_wconf 90' lang='lat' dir='ltr'><strong>unus</strong></span> <span class='ocrx_word' id='word_1_514' title='bbox 2514 3285 2583 3341; x_wconf 88' lang='lat' dir='ltr'><strong>de</strong></span> <span class='ocrx_word' id='word_1_515' title='bbox 2609 3286 2749 3340; x_wconf 88' lang='lat' dir='ltr'><strong>tribu</strong></span> <span class='ocrx_word' id='word_1_516' title='bbox 2791 3284 2926 3340; x_wconf 82' lang='lat' dir='ltr'><strong>Juda</strong></span> <span class='ocrx_word' id='word_1_517' title='bbox 2968 3293 3023 3339; x_wconf 91' lang='lat' dir='ltr'><strong>et</strong></span> <span class='ocrx_word' id='word_1_518' title='bbox 3048 3284 3114 3339; x_wconf 89' lang='lat' dir='ltr'><strong>de</strong></span> <span class='ocrx_word' id='word_1_519' title='bbox 3140 3286 3312 3355; x_wconf 88' lang='lat' dir='ltr'><strong>stirpe</strong></span> <span class='ocrx_word' id='word_1_520' title='bbox 3343 3285 3514 3356; x_wconf 81' lang='lat' dir='ltr'><strong>regia,</strong></span> <span class='ocrx_word' id='word_1_521' title='bbox 3538 3284 3695 3338; x_wconf 86' lang='lat' dir='ltr'><strong>alter</strong></span> 
     </span>
    </p>
   </div>
   <div class='ocr_carea' id='block_1_71' title="bbox 2096 3372 3695 3447">
    <p class='ocr_par' dir='ltr' id='par_1_71' title="bbox 2096 3372 3695 3447">
     <span class='ocr_line' id='line_1_71' title="bbox 2096 3372 3695 3447; baseline -0.002 -15"><span class='ocrx_word' id='word_1_522' title='bbox 2096 3376 2162 3432; x_wconf 91' lang='lat' dir='ltr'><strong>de</strong></span> <span class='ocrx_word' id='word_1_523' title='bbox 2189 3376 2328 3432; x_wconf 90' lang='lat' dir='ltr'><strong>tribu</strong></span> <span class='ocrx_word' id='word_1_524' title='bbox 2353 3372 2694 3431; x_wconf 88' lang='lat' dir='ltr'><strong>sacerdotali.</strong></span> <span class='ocrx_word' id='word_1_525' title='bbox 2722 3374 2946 3447; x_wconf 72' lang='lat' dir='ltr'><strong>Mystice</strong></span> <span class='ocrx_word' id='word_1_526' title='bbox 2975 3390 3105 3430; x_wconf 85' lang='lat' dir='ltr'><strong>vero</strong></span> <span class='ocrx_word' id='word_1_527' title='bbox 3131 3391 3295 3429; x_wconf 90' lang='lat' dir='ltr'><strong>unum</strong></span> <span class='ocrx_word' id='word_1_528' title='bbox 3319 3374 3695 3445; x_wconf 82' lang='lat' dir='ltr'><strong>eamdemque</strong></span> 
     </span>
    </p>
   </div>
   <div class='ocr_carea' id='block_1_72' title="bbox 2095 3466 3695 3539">
    <p class='ocr_par' dir='ltr' id='par_1_72' title="bbox 2095 3466 3695 3539">
     <span class='ocr_line' id='line_1_72' title="bbox 2095 3466 3695 3539; baseline -0.003 -16"><span class='ocrx_word' id='word_1_529' title='bbox 2095 3468 2396 3539; x_wconf 89' lang='lat' dir='ltr'><strong>designavit</strong></span> <span class='ocrx_word' id='word_1_530' title='bbox 2420 3466 2719 3533; x_wconf 88' lang='lat' dir='ltr'><strong>Christum,</strong></span> <span class='ocrx_word' id='word_1_531' title='bbox 2742 3467 2833 3536; x_wconf 90' lang='lat' dir='ltr'><strong>qui</strong></span> <span class='ocrx_word' id='word_1_532' title='bbox 2854 3475 2939 3522; x_wconf 89' lang='lat' dir='ltr'><strong>est</strong></span> <span class='ocrx_word' id='word_1_533' title='bbox 2960 3480 3120 3521; x_wconf 88' lang='lat' dir='ltr'><strong>verus</strong></span> <span class='ocrx_word' id='word_1_534' title='bbox 3148 3482 3243 3521; x_wconf 83' lang='lat' dir='ltr'><strong>rex</strong></span> <span class='ocrx_word' id='word_1_535' title='bbox 3263 3475 3319 3521; x_wconf 90' lang='lat' dir='ltr'><strong>et</strong></span> <span class='ocrx_word' id='word_1_536' title='bbox 3341 3481 3568 3537; x_wconf 86' lang='lat' dir='ltr'><strong>magnus</strong></span> <span class='ocrx_word' id='word_1_537' title='bbox 3601 3480 3695 3519; x_wconf 88' lang='lat' dir='ltr'><strong>sa-</strong></span> 
     </span>
    </p>
   </div>
   <div class='ocr_carea' id='block_1_73' title="bbox 2094 3556 3701 3629">
    <p class='ocr_par' dir='ltr' id='par_1_73' title="bbox 2094 3556 3701 3629">
     <span class='ocr_line' id='line_1_73' title="bbox 2094 3556 3701 3629; baseline -0.004 -13"><span class='ocrx_word' id='word_1_538' title='bbox 2094 3559 2307 3625; x_wconf 90' lang='lat' dir='ltr'><strong>cerdos,</strong></span> <span class='ocrx_word' id='word_1_539' title='bbox 2338 3560 2492 3627; x_wconf 82' lang='lat' dir='ltr'><strong>cujus</strong></span> <span class='ocrx_word' id='word_1_540' title='bbox 2513 3566 2698 3629; x_wconf 86' lang='lat' dir='ltr'><strong>typum</strong></span> <span class='ocrx_word' id='word_1_541' title='bbox 2728 3558 3020 3614; x_wconf 88' lang='lat' dir='ltr'><strong>secundum</strong></span> <span class='ocrx_word' id='word_1_542' title='bbox 3041 3558 3184 3628; x_wconf 91' lang='lat' dir='ltr'><strong>quod</strong></span> <span class='ocrx_word' id='word_1_543' title='bbox 3207 3573 3300 3613; x_wconf 80' lang='lat' dir='ltr'><strong>rex</strong></span> <span class='ocrx_word' id='word_1_544' title='bbox 3322 3565 3427 3623; x_wconf 90' lang='lat' dir='ltr'><strong>est,</strong></span> <span class='ocrx_word' id='word_1_545' title='bbox 3457 3556 3701 3628; x_wconf 84' lang='lat' dir='ltr'><strong>gerebat</strong></span> 
     </span>
    </p>
   </div>
   <div class='ocr_carea' id='block_1_74' title="bbox 2096 3649 3701 3721">
    <p class='ocr_par' dir='ltr' id='par_1_74' title="bbox 2096 3649 3701 3721">
     <span class='ocr_line' id='line_1_74' title="bbox 2096 3649 3701 3721; baseline -0.003 -13"><span class='ocrx_word' id='word_1_546' title='bbox 2096 3651 2399 3708; x_wconf 67' lang='lat' dir='ltr'><strong>Zorobabel</strong></span> <span class='ocrx_word' id='word_1_547' title='bbox 2441 3667 2455 3706; x_wconf 89' lang='lat'><strong>:</strong></span> <span class='ocrx_word' id='word_1_548' title='bbox 2489 3649 2784 3708; x_wconf 88' lang='lat' dir='ltr'><strong>secundum</strong></span> <span class='ocrx_word' id='word_1_549' title='bbox 2826 3651 2968 3721; x_wconf 74' lang='lat' dir='ltr'><strong>Quod</strong></span> <span class='ocrx_word' id='word_1_550' title='bbox 3011 3650 3285 3715; x_wconf 84' lang='lat' dir='ltr'><strong>sacerdos,</strong></span> <span class='ocrx_word' id='word_1_551' title='bbox 3328 3657 3513 3720; x_wconf 83' lang='lat' dir='ltr'><strong>typum</strong></span> <span class='ocrx_word' id='word_1_552' title='bbox 3560 3649 3701 3717; x_wconf 85' lang='lat' dir='ltr'><strong>ejus</strong></span> 
     </span>
    </p>
   </div>
   <div class='ocr_carea' id='block_1_75' title="bbox 2096 3738 3697 3813">
    <p class='ocr_par' dir='ltr' id='par_1_75' title="bbox 2096 3738 3697 3813">
     <span class='ocr_line' id='line_1_75' title="bbox 2096 3738 3697 3813; baseline -0.004 -16"><span class='ocrx_word' id='word_1_553' title='bbox 2096 3743 2349 3813; x_wconf 86' lang='lat' dir='ltr'><strong>portabat</strong></span> <span class='ocrx_word' id='word_1_554' title='bbox 2375 3740 2553 3805; x_wconf 73' lang='lat' dir='ltr'><strong>Iesus,</strong></span> <span class='ocrx_word' id='word_1_555' title='bbox 2583 3740 2675 3810; x_wconf 92' lang='lat' dir='ltr'><strong>qui</strong></span> <span class='ocrx_word' id='word_1_556' title='bbox 2699 3749 2819 3795; x_wconf 90' lang='lat' dir='ltr'><strong>erat</strong></span> <span class='ocrx_word' id='word_1_557' title='bbox 2848 3739 2991 3795; x_wconf 86' lang='lat' dir='ltr'><strong>ﬁlius</strong></span> <span class='ocrx_word' id='word_1_558' title='bbox 3016 3738 3298 3804; x_wconf 86' lang='lat' dir='ltr'><strong>Joscdecb,</strong></span> <span class='ocrx_word' id='word_1_559' title='bbox 3340 3738 3395 3793; x_wconf 84' lang='lat' dir='ltr'><strong>id</strong></span> <span class='ocrx_word' id='word_1_560' title='bbox 3423 3745 3534 3798; x_wconf 86' lang='lat' dir='ltr'><strong>est,</strong></span> <span class='ocrx_word' id='word_1_561' title='bbox 3569 3738 3697 3791; x_wconf 83' lang='lat' dir='ltr'><strong>Do-</strong></span> 
     </span>
    </p>
   </div>
   <div class='ocr_carea' id='block_1_76' title="bbox 2100 3820 3704 3903">
    <p class='ocr_par' dir='ltr' id='par_1_76' title="bbox 2100 3820 3704 3903">
     <span class='ocr_line' id='line_1_76' title="bbox 2100 3820 3704 3903; baseline -0.004 -13"><span class='ocrx_word' id='word_1_562' title='bbox 2100 3835 2279 3890; x_wconf 87' lang='lat' dir='ltr'><strong>minus</strong></span> <span class='ocrx_word' id='word_1_563' title='bbox 2313 3832 2515 3903; x_wconf 88' lang='lat' dir='ltr'><strong>justus.</strong></span> <span class='ocrx_word' id='word_1_564' title='bbox 2556 3832 2699 3888; x_wconf 87' lang='lat' dir='ltr'><strong>Deus</strong></span> <span class='ocrx_word' id='word_1_565' title='bbox 2740 3832 2886 3888; x_wconf 87' lang='lat' dir='ltr'><strong>enim</strong></span> <span class='ocrx_word' id='word_1_566' title='bbox 2944 3820 3104 3885; x_wconf 80' lang='lat' dir='ltr'><strong>Pater</strong></span> <span class='ocrx_word' id='word_1_567' title='bbox 3132 3834 3312 3899; x_wconf 86' lang='lat' dir='ltr'><strong>justus</strong></span> <span class='ocrx_word' id='word_1_568' title='bbox 3356 3839 3412 3884; x_wconf 90' lang='lat' dir='ltr'><strong>et</strong></span> <span class='ocrx_word' id='word_1_569' title='bbox 3458 3838 3704 3883; x_wconf 62' lang='lat' dir='ltr'><strong>saucius</strong></span> 
     </span>
    </p>
   </div>
   <div class='ocr_carea' id='block_1_77' title="bbox 2100 3919 3699 3993">
    <p class='ocr_par' dir='ltr' id='par_1_77' title="bbox 2100 3919 3699 3993">
     <span class='ocr_line' id='line_1_77' title="bbox 2100 3919 3699 3993; baseline -0.005 -13"><span class='ocrx_word' id='word_1_570' title='bbox 2100 3935 2199 3989; x_wconf 90' lang='lat' dir='ltr'><strong>est,</strong></span> <span class='ocrx_word' id='word_1_571' title='bbox 2235 3923 2388 3993; x_wconf 88' lang='lat' dir='ltr'><strong>cujus</strong></span> <span class='ocrx_word' id='word_1_572' title='bbox 2411 3930 2495 3979; x_wconf 91' lang='lat' dir='ltr'><strong>est</strong></span> <span class='ocrx_word' id='word_1_573' title='bbox 2524 3921 2566 3976; x_wconf 83' lang='lat' dir='ltr'><strong>F</strong></span> <span class='ocrx_word' id='word_1_574' title='bbox 2572 3922 2694 3977; x_wconf 91' lang='lat' dir='ltr'><strong>ilius</strong></span> <span class='ocrx_word' id='word_1_575' title='bbox 2715 3920 2874 3977; x_wconf 84' lang='lat' dir='ltr'><strong>Jesus</strong></span> <span class='ocrx_word' id='word_1_576' title='bbox 2899 3920 3169 3986; x_wconf 89' lang='lat' dir='ltr'><strong>Christus,</strong></span> <span class='ocrx_word' id='word_1_577' title='bbox 3197 3920 3456 3975; x_wconf 90' lang='lat' dir='ltr'><strong>Dominus</strong></span> <span class='ocrx_word' id='word_1_578' title='bbox 3481 3929 3534 3974; x_wconf 89' lang='lat' dir='ltr'><strong>ct</strong></span> <span class='ocrx_word' id='word_1_579' title='bbox 3561 3919 3699 3973; x_wconf 83' lang='lat' dir='ltr'><strong>Sai-</strong></span> 
     </span>
    </p>
   </div>
   <div class='ocr_carea' id='block_1_78' title="bbox 2104 4022 2484 4070">
    <p class='ocr_par' dir='ltr' id='par_1_78' title="bbox 2104 4022 2484 4070">
     <span class='ocr_line' id='line_1_78' title="bbox 2104 4022 2484 4070; baseline -0.003 -1"><span class='ocrx_word' id='word_1_580' title='bbox 2104 4023 2256 4070; x_wconf 88' lang='lat' dir='ltr'><strong>vator</strong></span> <span class='ocrx_word' id='word_1_581' title='bbox 2281 4022 2484 4070; x_wconf 90' lang='lat' dir='ltr'><strong>uoster.</strong></span> 
     </span>
    </p>
   </div>
   <div class='ocr_carea' id='block_1_79' title="bbox 2179 4098 3706 4169">
    <p class='ocr_par' dir='ltr' id='par_1_79' title="bbox 2179 4098 3706 4169">
     <span class='ocr_line' id='line_1_79' title="bbox 2179 4098 3706 4169; baseline -0.003 -13"><span class='ocrx_word' id='word_1_582' title='bbox 2179 4122 2197 4156; x_wconf 77' lang='grc' dir='ltr'>ι</span> <span class='ocrx_word' id='word_1_583' title='bbox 2227 4103 2353 4159; x_wconf 71' lang='lat' dir='ltr'><strong>time</strong></span> <span class='ocrx_word' id='word_1_584' title='bbox 2395 4103 2472 4157; x_wconf 92' lang='lat' dir='ltr'><strong>ait</strong></span> <span class='ocrx_word' id='word_1_585' title='bbox 2521 4102 2779 4159; x_wconf 90' lang='lat' dir='ltr'><strong>Dominus</strong></span> <span class='ocrx_word' id='word_1_586' title='bbox 2803 4102 3163 4167; x_wconf 78' lang='lat' dir='ltr'><strong>exercituum,</strong></span> <span class='ocrx_word' id='word_1_587' title='bbox 3194 4101 3414 4157; x_wconf 88' lang='lat' dir='ltr'><strong>dicens:</strong></span> <span class='ocrx_word' id='word_1_588' title='bbox 3445 4098 3706 4169; x_wconf 84' lang='lat' dir='ltr'><strong>Populus</strong></span> 
     </span>
    </p>
   </div>
   <div class='ocr_carea' id='block_1_80' title="bbox 2104 4191 3707 4263">
    <p class='ocr_par' dir='ltr' id='par_1_80' title="bbox 2104 4191 3707 4263">
     <span class='ocr_line' id='line_1_80' title="bbox 2104 4191 3707 4263; baseline -0.004 -11"><span class='ocrx_word' id='word_1_589' title='bbox 2104 4198 2206 4252; x_wconf 84' lang='lat' dir='ltr'><strong>iste</strong></span> <span class='ocrx_word' id='word_1_590' title='bbox 2231 4196 2391 4252; x_wconf 86' lang='lat' dir='ltr'><strong>dicit:</strong></span> <span class='ocrx_word' id='word_1_591' title='bbox 2416 4194 2660 4251; x_wconf 85' lang='lat' dir='ltr'><strong>Nondum</strong></span> <span class='ocrx_word' id='word_1_592' title='bbox 2689 4193 2835 4248; x_wconf 90' lang='lat' dir='ltr'><strong>venit</strong></span> <span class='ocrx_word' id='word_1_593' title='bbox 2866 4200 3075 4263; x_wconf 85' lang='lat' dir='ltr'><strong>tempus</strong></span> <span class='ocrx_word' id='word_1_594' title='bbox 3101 4194 3291 4249; x_wconf 78' lang='lat' dir='ltr'><strong>domus</strong></span> <span class='ocrx_word' id='word_1_595' title='bbox 3316 4191 3528 4248; x_wconf 91' lang='lat' dir='ltr'><strong>Domini</strong></span> <span class='ocrx_word' id='word_1_596' title='bbox 3553 4192 3707 4246; x_wconf 68' lang='lat' dir='ltr'><strong>mdi-</strong></span> 
     </span>
    </p>
   </div>
   <div class='ocr_carea' id='block_1_81' title="bbox 2105 4283 3709 4349">
    <p class='ocr_par' dir='ltr' id='par_1_81' title="bbox 2105 4283 3709 4349">
     <span class='ocr_line' id='line_1_81' title="bbox 2105 4283 3709 4349; baseline -0.004 -4"><span class='ocrx_word' id='word_1_597' title='bbox 2105 4289 2349 4345; x_wconf 68' lang='lat' dir='ltr'><strong>ﬁcandte.</strong></span> <span class='ocrx_word' id='word_1_598' title='bbox 2382 4308 2400 4341; x_wconf 77' lang='grc' dir='ltr'><strong><em>ι</em></strong></span> <span class='ocrx_word' id='word_1_599' title='bbox 2444 4287 2560 4343; x_wconf 76' lang='lat' dir='ltr'><strong>Non</strong></span> <span class='ocrx_word' id='word_1_600' title='bbox 2604 4288 2708 4342; x_wconf 91' lang='lat' dir='ltr'><strong>hoc</strong></span> <span class='ocrx_word' id='word_1_601' title='bbox 2757 4285 3071 4349; x_wconf 85' lang='lat' dir='ltr'><strong>Zorobabcl,</strong></span> <span class='ocrx_word' id='word_1_602' title='bbox 3101 4301 3201 4341; x_wconf 90' lang='lat' dir='ltr'><strong>nec</strong></span> <span class='ocrx_word' id='word_1_603' title='bbox 3248 4283 3404 4340; x_wconf 81' lang='lat' dir='ltr'><strong>Jesus</strong></span> <span class='ocrx_word' id='word_1_604' title='bbox 3430 4284 3709 4339; x_wconf 56' lang='lat' dir='ltr'><strong>sacerdos</strong></span> 
     </span>
    </p>
   </div>
   <div class='ocr_carea' id='block_1_82' title="bbox 2106 4368 3707 4453">
    <p class='ocr_par' dir='ltr' id='par_1_82' title="bbox 2106 4368 3707 4453">
     <span class='ocr_line' id='line_1_82' title="bbox 2106 4368 3707 4453; baseline -0.004 -18"><span class='ocrx_word' id='word_1_605' title='bbox 2106 4396 2335 4453; x_wconf 88' lang='lat' dir='ltr'><strong>magnus</strong></span> <span class='ocrx_word' id='word_1_606' title='bbox 2365 4380 2599 4444; x_wconf 89' lang='lat' dir='ltr'><strong>dicebat,</strong></span> <span class='ocrx_word' id='word_1_607' title='bbox 2642 4379 2736 4433; x_wconf 89' lang='lat' dir='ltr'><strong>sed</strong></span> <span class='ocrx_word' id='word_1_608' title='bbox 2766 4378 2995 4449; x_wconf 85' lang='lat' dir='ltr'><strong>populus</strong></span> <span class='ocrx_word' id='word_1_609' title='bbox 3029 4378 3120 4447; x_wconf 89' lang='lat' dir='ltr'><strong>qui</strong></span> <span class='ocrx_word' id='word_1_610' title='bbox 3160 4376 3228 4431; x_wconf 88' lang='lat' dir='ltr'><strong>de</strong></span> <span class='ocrx_word' id='word_1_611' title='bbox 3256 4368 3567 4446; x_wconf 79' lang='lat' dir='ltr'><strong>captivitate</strong></span> <span class='ocrx_word' id='word_1_612' title='bbox 3592 4390 3707 4429; x_wconf 84' lang='lat' dir='ltr'><strong>re-</strong></span> 
     </span>
    </p>
   </div>
   <div class='ocr_carea' id='block_1_83' title="bbox 2108 4465 3713 4538">
    <p class='ocr_par' dir='ltr' id='par_1_83' title="bbox 2108 4465 3713 4538">
     <span class='ocr_line' id='line_1_83' title="bbox 2108 4465 3713 4538; baseline -0.003 -13"><span class='ocrx_word' id='word_1_613' title='bbox 2108 4487 2320 4538; x_wconf 88' lang='lat' dir='ltr'><strong>versus,</strong></span> <span class='ocrx_word' id='word_1_614' title='bbox 2345 4472 2523 4527; x_wconf 90' lang='lat' dir='ltr'><strong>adhuc</strong></span> <span class='ocrx_word' id='word_1_615' title='bbox 2544 4470 2643 4525; x_wconf 90' lang='lat' dir='ltr'><strong>sub</strong></span> <span class='ocrx_word' id='word_1_616' title='bbox 2668 4469 2828 4524; x_wconf 87' lang='lat' dir='ltr'><strong>Dario</strong></span> <span class='ocrx_word' id='word_1_617' title='bbox 2856 4476 2993 4524; x_wconf 91' lang='lat' dir='ltr'><strong>erat.</strong></span> <span class='ocrx_word' id='word_1_618' title='bbox 3024 4466 3116 4523; x_wconf 90' lang='lat' dir='ltr'><strong>Sic</strong></span> <span class='ocrx_word' id='word_1_619' title='bbox 3140 4465 3488 4536; x_wconf 90' lang='lat' dir='ltr'><strong>spiritualiter</strong></span> <span class='ocrx_word' id='word_1_620' title='bbox 3504 4465 3713 4520; x_wconf 88' lang='lat' dir='ltr'><strong>omnis</strong></span> 
     </span>
    </p>
   </div>
   <div class='ocr_carea' id='block_1_84' title="bbox 425 4548 3705 4632">
    <p class='ocr_par' dir='ltr' id='par_1_84' title="bbox 425 4548 3705 4632">
     <span class='ocr_line' id='line_1_84' title="bbox 425 4548 3705 4632; baseline -0.002 -16"><span class='ocrx_word' id='word_1_621' title='bbox 425 4560 526 4617; x_wconf 88' lang='lat' dir='ltr'><strong>Dei</strong></span> <span class='ocrx_word' id='word_1_622' title='bbox 570 4558 637 4614; x_wconf 91' lang='lat' dir='ltr'><strong>ad</strong></span> <span class='ocrx_word' id='word_1_623' title='bbox 661 4557 934 4629; x_wconf 67' lang='lat' dir='ltr'><strong>Aggaaum,</strong></span> <span class='ocrx_word' id='word_1_624' title='bbox 978 4567 1195 4629; x_wconf 89' lang='lat' dir='ltr'><strong>propter</strong></span> <span class='ocrx_word' id='word_1_625' title='bbox 1223 4574 1386 4631; x_wconf 88' lang='lat' dir='ltr'><strong>supra</strong></span> <span class='ocrx_word' id='word_1_626' title='bbox 1424 4558 1597 4615; x_wconf 89' lang='lat' dir='ltr'><strong>dictas</strong></span> <span class='ocrx_word' id='word_1_627' title='bbox 1633 4576 1844 4628; x_wconf 89' lang='lat' dir='ltr'><strong>causas,</strong></span> <span class='ocrx_word' id='word_1_628' title='bbox 1868 4577 2000 4632; x_wconf 89' lang='lat' dir='ltr'><strong>quo-</strong></span> <span class='ocrx_word' id='word_1_629' title='bbox 2026 4548 2076 4608; x_wconf 82' lang='lat' dir='ltr'><strong>D</strong></span> <span class='ocrx_word' id='word_1_630' title='bbox 2105 4563 2195 4632; x_wconf 91' lang='lat' dir='ltr'><strong>qui</strong></span> <span class='ocrx_word' id='word_1_631' title='bbox 2234 4562 2402 4617; x_wconf 85' lang='lat' dir='ltr'><strong>servit</strong></span> <span class='ocrx_word' id='word_1_632' title='bbox 2432 4559 2796 4631; x_wconf 85' lang='lat' dir='ltr'><strong>voluptatibus</strong></span> <span class='ocrx_word' id='word_1_633' title='bbox 2823 4557 3027 4623; x_wconf 89' lang='lat' dir='ltr'><strong>carnis,</strong></span> <span class='ocrx_word' id='word_1_634' title='bbox 3077 4573 3181 4612; x_wconf 88' lang='lat' dir='ltr'><strong>non</strong></span> <span class='ocrx_word' id='word_1_635' title='bbox 3229 4557 3340 4611; x_wconf 90' lang='lat' dir='ltr'><strong>vult</strong></span> <span class='ocrx_word' id='word_1_636' title='bbox 3371 4554 3510 4609; x_wconf 91' lang='lat' dir='ltr'><strong>ultra</strong></span> <span class='ocrx_word' id='word_1_637' title='bbox 3541 4555 3705 4610; x_wconf 85' lang='lat' dir='ltr'><strong>intra</strong></span> 
     </span>
    </p>
   </div>
   <div class='ocr_carea' id='block_1_85' title="bbox 423 4646 2000 4723">
    <p class='ocr_par' dir='ltr' id='par_1_85' title="bbox 423 4646 2000 4723">
     <span class='ocr_line' id='line_1_85' title="bbox 423 4646 2000 4723; baseline 0.003 -23"><span class='ocrx_word' id='word_1_638' title='bbox 423 4647 574 4701; x_wconf 86' lang='lat' dir='ltr'><strong>niam</strong></span> <span class='ocrx_word' id='word_1_639' title='bbox 600 4646 855 4717; x_wconf 90' lang='lat' dir='ltr'><strong>templum</strong></span> <span class='ocrx_word' id='word_1_640' title='bbox 891 4662 995 4700; x_wconf 90' lang='lat' dir='ltr'><strong>non</strong></span> <span class='ocrx_word' id='word_1_641' title='bbox 1026 4646 1312 4723; x_wconf 85' lang='lat' dir='ltr'><strong>habebant,</strong></span> <span class='ocrx_word' id='word_1_642' title='bbox 1342 4655 1395 4703; x_wconf 94' lang='lat' dir='ltr'><strong>et</strong></span> <span class='ocrx_word' id='word_1_643' title='bbox 1430 4646 1485 4701; x_wconf 93' lang='lat' dir='ltr'><strong>in</strong></span> <span class='ocrx_word' id='word_1_644' title='bbox 1515 4648 1764 4704; x_wconf 89' lang='lat' dir='ltr'><strong>concavis</strong></span> <span class='ocrx_word' id='word_1_645' title='bbox 1790 4648 2000 4704; x_wconf 90' lang='lat' dir='ltr'><strong>habita-</strong></span> 
     </span>
    </p>
   </div>
   <div class='ocr_carea' id='block_1_86' title="bbox 423 4736 1996 4810">
    <p class='ocr_par' dir='ltr' id='par_1_86' title="bbox 423 4736 1996 4810">
     <span class='ocr_line' id='line_1_86' title="bbox 423 4736 1996 4810; baseline 0 -16"><span class='ocrx_word' id='word_1_646' title='bbox 423 4739 575 4802; x_wconf 89' lang='lat' dir='ltr'><strong>bant,</strong></span> <span class='ocrx_word' id='word_1_647' title='bbox 605 4745 660 4793; x_wconf 92' lang='lat' dir='ltr'><strong>et</strong></span> <span class='ocrx_word' id='word_1_648' title='bbox 683 4737 808 4807; x_wconf 88' lang='lat' dir='ltr'><strong>quia</strong></span> <span class='ocrx_word' id='word_1_649' title='bbox 842 4737 940 4792; x_wconf 91' lang='lat' dir='ltr'><strong>sub</strong></span> <span class='ocrx_word' id='word_1_650' title='bbox 988 4736 1150 4791; x_wconf 92' lang='lat' dir='ltr'><strong>Dario</strong></span> <span class='ocrx_word' id='word_1_651' title='bbox 1176 4737 1355 4793; x_wconf 91' lang='lat' dir='ltr'><strong>carnis</strong></span> <span class='ocrx_word' id='word_1_652' title='bbox 1388 4739 1641 4810; x_wconf 90' lang='lat' dir='ltr'><strong>operibus</strong></span> <span class='ocrx_word' id='word_1_653' title='bbox 1670 4740 1996 4796; x_wconf 88' lang='lat' dir='ltr'><strong>serviebant.</strong></span> 
     </span>
    </p>
   </div>
   <div class='ocr_carea' id='block_1_87' title="bbox 431 4826 1997 4896">
    <p class='ocr_par' dir='ltr' id='par_1_87' title="bbox 431 4826 1997 4896">
     <span class='ocr_line' id='line_1_87' title="bbox 431 4826 1997 4896; baseline 0.006 -15"><span class='ocrx_word' id='word_1_654' title='bbox 431 4827 567 4896; x_wconf 84' lang='lat' dir='ltr'><strong>Quia</strong></span> <span class='ocrx_word' id='word_1_655' title='bbox 590 4843 719 4882; x_wconf 88' lang='lat' dir='ltr'><strong>vero</strong></span> <span class='ocrx_word' id='word_1_656' title='bbox 739 4827 849 4896; x_wconf 91' lang='lat' dir='ltr'><strong>jam</strong></span> <span class='ocrx_word' id='word_1_657' title='bbox 873 4826 1041 4882; x_wconf 90' lang='lat' dir='ltr'><strong>altare</strong></span> <span class='ocrx_word' id='word_1_658' title='bbox 1069 4826 1389 4883; x_wconf 81' lang='lat' dir='ltr'><strong>aediﬁcatum</strong></span> <span class='ocrx_word' id='word_1_659' title='bbox 1419 4837 1552 4893; x_wconf 89' lang='lat' dir='ltr'><strong>erat,</strong></span> <span class='ocrx_word' id='word_1_660' title='bbox 1578 4839 1631 4886; x_wconf 91' lang='lat' dir='ltr'><strong>et</strong></span> <span class='ocrx_word' id='word_1_661' title='bbox 1652 4831 1997 4889; x_wconf 86' lang='lat' dir='ltr'><strong>fundamenta</strong></span> 
     </span>
    </p>
   </div>
   <div class='ocr_carea' id='block_1_88' title="bbox 428 4918 2003 4990">
    <p class='ocr_par' dir='ltr' id='par_1_88' title="bbox 428 4918 2003 4990">
     <span class='ocr_line' id='line_1_88' title="bbox 428 4918 2003 4990; baseline 0.003 -13"><span class='ocrx_word' id='word_1_662' title='bbox 428 4918 614 4989; x_wconf 86' lang='lat' dir='ltr'><strong>templi</strong></span> <span class='ocrx_word' id='word_1_663' title='bbox 633 4919 857 4990; x_wconf 88' lang='lat' dir='ltr'><strong>jactata,</strong></span> <span class='ocrx_word' id='word_1_664' title='bbox 892 4919 1091 4974; x_wconf 89' lang='lat' dir='ltr'><strong>idcirco</strong></span> <span class='ocrx_word' id='word_1_665' title='bbox 1115 4919 1167 4974; x_wconf 91' lang='lat' dir='ltr'><strong>in</strong></span> <span class='ocrx_word' id='word_1_666' title='bbox 1197 4935 1302 4974; x_wconf 92' lang='lat' dir='ltr'><strong>una</strong></span> <span class='ocrx_word' id='word_1_667' title='bbox 1324 4921 1409 4976; x_wconf 92' lang='lat' dir='ltr'><strong>die</strong></span> <span class='ocrx_word' id='word_1_668' title='bbox 1432 4923 1655 4990; x_wconf 90' lang='lat' dir='ltr'><strong>mensis,</strong></span> <span class='ocrx_word' id='word_1_669' title='bbox 1681 4922 1878 4980; x_wconf 83' lang='lat' dir='ltr'><strong>factum</strong></span> <span class='ocrx_word' id='word_1_670' title='bbox 1918 4935 2003 4982; x_wconf 88' lang='lat' dir='ltr'><strong>est</strong></span> 
     </span>
    </p>
   </div>
   <div class='ocr_carea' id='block_1_89' title="bbox 426 5008 2003 5080">
    <p class='ocr_par' dir='ltr' id='par_1_89' title="bbox 426 5008 2003 5080">
     <span class='ocr_line' id='line_1_89' title="bbox 426 5008 2003 5080; baseline 0.004 -16"><span class='ocrx_word' id='word_1_671' title='bbox 426 5008 653 5064; x_wconf 83' lang='lat' dir='ltr'><strong>verbum</strong></span> <span class='ocrx_word' id='word_1_672' title='bbox 705 5009 935 5073; x_wconf 90' lang='lat' dir='ltr'><strong>Domini,</strong></span> <span class='ocrx_word' id='word_1_673' title='bbox 978 5018 1040 5063; x_wconf 89' lang='lat' dir='ltr'><strong>ut</strong></span> <span class='ocrx_word' id='word_1_674' title='bbox 1071 5008 1146 5063; x_wconf 91' lang='lat' dir='ltr'><strong>illi</strong></span> <span class='ocrx_word' id='word_1_675' title='bbox 1189 5008 1549 5080; x_wconf 88' lang='lat' dir='ltr'><strong>relinquentes</strong></span> <span class='ocrx_word' id='word_1_676' title='bbox 1574 5015 1867 5069; x_wconf 88' lang='lat' dir='ltr'><strong>secundum</strong></span> <span class='ocrx_word' id='word_1_677' title='bbox 1908 5033 2003 5071; x_wconf 81' lang='lat' dir='ltr'><strong>an—</strong></span> 
     </span>
    </p>
   </div>
   <div class='ocr_carea' id='block_1_90' title="bbox 432 5100 1995 5174">
    <p class='ocr_par' dir='ltr' id='par_1_90' title="bbox 432 5100 1995 5174">
     <span class='ocr_line' id='line_1_90' title="bbox 432 5100 1995 5174; baseline 0.004 -19"><span class='ocrx_word' id='word_1_678' title='bbox 432 5117 559 5155; x_wconf 89' lang='lat' dir='ltr'><strong>num</strong></span> <span class='ocrx_word' id='word_1_679' title='bbox 584 5100 750 5166; x_wconf 90' lang='lat' dir='ltr'><strong>Darii,</strong></span> <span class='ocrx_word' id='word_1_680' title='bbox 777 5109 1178 5156; x_wconf 90' lang='lat' dir='ltr'><strong>reverterentur</strong></span> <span class='ocrx_word' id='word_1_681' title='bbox 1206 5101 1272 5156; x_wconf 91' lang='lat' dir='ltr'><strong>ad</strong></span> <span class='ocrx_word' id='word_1_682' title='bbox 1293 5102 1551 5158; x_wconf 89' lang='lat' dir='ltr'><strong>unitatem</strong></span> <span class='ocrx_word' id='word_1_683' title='bbox 1585 5104 1698 5160; x_wconf 88' lang='lat' dir='ltr'><strong>Dei.</strong></span> <span class='ocrx_word' id='word_1_684' title='bbox 1726 5107 1877 5174; x_wconf 83' lang='lat' dir='ltr'><strong>Quod</strong></span> <span class='ocrx_word' id='word_1_685' title='bbox 1910 5124 1995 5162; x_wconf 90' lang='lat' dir='ltr'><strong>vc-</strong></span> 
     </span>
    </p>
   </div>
   <div class='ocr_carea' id='block_1_91' title="bbox 433 5196 2002 5263">
    <p class='ocr_par' dir='ltr' id='par_1_91' title="bbox 433 5196 2002 5263">
     <span class='ocr_line' id='line_1_91' title="bbox 433 5196 2002 5263; baseline 0.003 -12"><span class='ocrx_word' id='word_1_686' title='bbox 433 5212 495 5251; x_wconf 92' lang='lat' dir='ltr'><strong>ro</strong></span> <span class='ocrx_word' id='word_1_687' title='bbox 529 5197 744 5263; x_wconf 89' lang='lat' dir='ltr'><strong>dicitur,</strong></span> <span class='ocrx_word' id='word_1_688' title='bbox 792 5216 809 5248; x_wconf 71' lang='grc' dir='ltr'>ι</span> <span class='ocrx_word' id='word_1_689' title='bbox 849 5196 1071 5251; x_wconf 85' lang='lat' dir='ltr'><strong>Factum</strong></span> <span class='ocrx_word' id='word_1_690' title='bbox 1107 5204 1187 5251; x_wconf 90' lang='lat' dir='ltr'><strong>est</strong></span> <span class='ocrx_word' id='word_1_691' title='bbox 1230 5198 1452 5253; x_wconf 87' lang='lat' dir='ltr'><strong>verbum</strong></span> <span class='ocrx_word' id='word_1_692' title='bbox 1486 5200 1696 5254; x_wconf 88' lang='lat' dir='ltr'><strong>Domini</strong></span> <span class='ocrx_word' id='word_1_693' title='bbox 1741 5201 1793 5256; x_wconf 92' lang='lat' dir='ltr'><strong>in</strong></span> <span class='ocrx_word' id='word_1_694' title='bbox 1842 5218 2002 5257; x_wconf 87' lang='lat' dir='ltr'><strong>manu</strong></span> 
     </span>
    </p>
   </div>
   <div class='ocr_carea' id='block_1_92' title="bbox 435 5286 2002 5362">
    <p class='ocr_par' dir='ltr' id='par_1_92' title="bbox 435 5286 2002 5362">
     <span class='ocr_line' id='line_1_92' title="bbox 435 5286 2002 5362; baseline 0.003 -21"><span class='ocrx_word' id='word_1_695' title='bbox 435 5288 640 5358; x_wconf 74' lang='lat' dir='ltr'><strong>Aggzei,</strong></span> <span class='ocrx_word' id='word_1_696' title='bbox 679 5306 696 5339; x_wconf 78' lang='grc' dir='ltr'><strong><em>ι</em></strong></span> <span class='ocrx_word' id='word_1_697' title='bbox 727 5286 964 5342; x_wconf 86' lang='lat' dir='ltr'><strong>ostendit</strong></span> <span class='ocrx_word' id='word_1_698' title='bbox 983 5303 1103 5341; x_wconf 89' lang='lat' dir='ltr'><strong>cum</strong></span> <span class='ocrx_word' id='word_1_699' title='bbox 1134 5288 1271 5341; x_wconf 89' lang='lat' dir='ltr'><strong>bona</strong></span> <span class='ocrx_word' id='word_1_700' title='bbox 1301 5287 1554 5344; x_wconf 88' lang='lat' dir='ltr'><strong>habuisse</strong></span> <span class='ocrx_word' id='word_1_701' title='bbox 1573 5292 2002 5362; x_wconf 89' lang='lat' dir='ltr'><strong>opera,atquein</strong></span> 
     </span>
    </p>
   </div>
   <div class='ocr_carea' id='block_1_93' title="bbox 433 5376 2003 5449">
    <p class='ocr_par' dir='ltr' id='par_1_93' title="bbox 433 5376 2003 5449">
     <span class='ocr_line' id='line_1_93' title="bbox 433 5376 2003 5449; baseline 0.001 -16"><span class='ocrx_word' id='word_1_702' title='bbox 433 5378 515 5433; x_wconf 88' lang='lat' dir='ltr'><strong>eis</strong></span> <span class='ocrx_word' id='word_1_703' title='bbox 538 5376 698 5433; x_wconf 81' lang='lat' dir='ltr'><strong>factis</strong></span> <span class='ocrx_word' id='word_1_704' title='bbox 726 5376 1054 5449; x_wconf 87' lang='lat' dir='ltr'><strong>requievisse</strong></span> <span class='ocrx_word' id='word_1_705' title='bbox 1078 5377 1297 5431; x_wconf 91' lang='lat' dir='ltr'><strong>verbum</strong></span> <span class='ocrx_word' id='word_1_706' title='bbox 1328 5376 1441 5432; x_wconf 90' lang='lat' dir='ltr'><strong>Dei.</strong></span> <span class='ocrx_word' id='word_1_707' title='bbox 1472 5377 1702 5448; x_wconf 73' lang='lat' dir='ltr'><strong>Aggreus</strong></span> <span class='ocrx_word' id='word_1_708' title='bbox 1743 5379 2003 5449; x_wconf 78' lang='lat' dir='ltr'><strong>interpre-</strong></span> 
     </span>
    </p>
   </div>
   <div class='ocr_carea' id='block_1_94' title="bbox 435 5462 2008 5538">
    <p class='ocr_par' dir='ltr' id='par_1_94' title="bbox 435 5462 2008 5538">
     <span class='ocr_line' id='line_1_94' title="bbox 435 5462 2008 5538; baseline -0.001 -14"><span class='ocrx_word' id='word_1_709' title='bbox 435 5478 582 5525; x_wconf 89' lang='lat' dir='ltr'><strong>tatur</strong></span> <span class='ocrx_word' id='word_1_710' title='bbox 611 5467 853 5524; x_wconf 89' lang='lat' dir='ltr'><strong>festivus.</strong></span> <span class='ocrx_word' id='word_1_711' title='bbox 884 5467 962 5521; x_wconf 81' lang='lat' dir='ltr'><strong>Ex</strong></span> <span class='ocrx_word' id='word_1_712' title='bbox 987 5482 1095 5537; x_wconf 90' lang='lat' dir='ltr'><strong>quo</strong></span> <span class='ocrx_word' id='word_1_713' title='bbox 1119 5466 1361 5522; x_wconf 91' lang='lat' dir='ltr'><strong>innuitur</strong></span> <span class='ocrx_word' id='word_1_714' title='bbox 1379 5468 1505 5537; x_wconf 91' lang='lat' dir='ltr'><strong>quia</strong></span> <span class='ocrx_word' id='word_1_715' title='bbox 1526 5462 2008 5538; x_wconf 66' lang='lat' dir='ltr'><strong>quineolenttiitates</strong></span> 
     </span>
    </p>
   </div>
   <div class='ocr_carea' id='block_1_95' title="bbox 436 5560 2008 5635">
    <p class='ocr_par' dir='ltr' id='par_1_95' title="bbox 436 5560 2008 5635">
     <span class='ocr_line' id='line_1_95' title="bbox 436 5560 2008 5635; baseline 0.001 -17"><span class='ocrx_word' id='word_1_716' title='bbox 436 5563 646 5620; x_wconf 87' lang='lat' dir='ltr'><strong>Domini</strong></span> <span class='ocrx_word' id='word_1_717' title='bbox 678 5564 861 5619; x_wconf 91' lang='lat' dir='ltr'><strong>nonin</strong></span> <span class='ocrx_word' id='word_1_718' title='bbox 892 5560 1158 5618; x_wconf 86' lang='lat' dir='ltr'><strong>fermento</strong></span> <span class='ocrx_word' id='word_1_719' title='bbox 1182 5562 1401 5617; x_wconf 64' lang='lat' dir='ltr'><strong>malitiae</strong></span> <span class='ocrx_word' id='word_1_720' title='bbox 1429 5570 1484 5619; x_wconf 91' lang='lat' dir='ltr'><strong>et</strong></span> <span class='ocrx_word' id='word_1_721' title='bbox 1530 5565 1782 5634; x_wconf 64' lang='lat' dir='ltr'><strong>nequitia:</strong></span> <span class='ocrx_word' id='word_1_722' title='bbox 1830 5566 2008 5635; x_wconf 69' lang='lat' dir='ltr'><strong>sed,in</strong></span> 
     </span>
    </p>
   </div>
   <div class='ocr_carea' id='block_1_96' title="bbox 438 5653 2010 5728">
    <p class='ocr_par' dir='ltr' id='par_1_96' title="bbox 438 5653 2010 5728">
     <span class='ocr_line' id='line_1_96' title="bbox 438 5653 2010 5728; baseline 0.001 -17"><span class='ocrx_word' id='word_1_723' title='bbox 438 5657 643 5728; x_wconf 81' lang='lat' dir='ltr'><strong>azymis</strong></span> <span class='ocrx_word' id='word_1_724' title='bbox 670 5656 997 5712; x_wconf 88' lang='lat' dir='ltr'><strong>sinceritatis</strong></span> <span class='ocrx_word' id='word_1_725' title='bbox 1024 5663 1079 5708; x_wconf 89' lang='lat' dir='ltr'><strong>et</strong></span> <span class='ocrx_word' id='word_1_726' title='bbox 1104 5653 1350 5710; x_wconf 88' lang='lat' dir='ltr'><strong>veritatis</strong></span> <span class='ocrx_word' id='word_1_727' title='bbox 1375 5655 1553 5709; x_wconf 87' lang='lat' dir='ltr'><strong>studet</strong></span> <span class='ocrx_word' id='word_1_728' title='bbox 1582 5656 1858 5712; x_wconf 85' lang='lat' dir='ltr'><strong>celebrare</strong></span> <span class='ocrx_word' id='word_1_729' title='bbox 1876 5697 1891 5721; x_wconf 93' lang='lat'><strong>,</strong></span> <span class='ocrx_word' id='word_1_730' title='bbox 1921 5656 2010 5712; x_wconf 90' lang='lat' dir='ltr'><strong>hic</strong></span> 
     </span>
    </p>
   </div>
   <div class='ocr_carea' id='block_1_97' title="bbox 439 5742 2007 5819">
    <p class='ocr_par' dir='ltr' id='par_1_97' title="bbox 439 5742 2007 5819">
     <span class='ocr_line' id='line_1_97' title="bbox 439 5742 2007 5819; baseline -0.001 -18"><span class='ocrx_word' id='word_1_731' title='bbox 439 5748 561 5807; x_wconf 82' lang='lat' dir='ltr'><strong>talis</strong></span> <span class='ocrx_word' id='word_1_732' title='bbox 585 5753 759 5819; x_wconf 90' lang='lat' dir='ltr'><strong>potest</strong></span> <span class='ocrx_word' id='word_1_733' title='bbox 785 5759 1088 5800; x_wconf 89' lang='lat' dir='ltr'><strong>sermonem</strong></span> <span class='ocrx_word' id='word_1_734' title='bbox 1120 5743 1214 5798; x_wconf 93' lang='lat' dir='ltr'><strong>Dei</strong></span> <span class='ocrx_word' id='word_1_735' title='bbox 1257 5742 1511 5813; x_wconf 90' lang='lat' dir='ltr'><strong>recipere.</strong></span> <span class='ocrx_word' id='word_1_736' title='bbox 1548 5762 1565 5793; x_wconf 85' lang='grc'><strong>‹</strong></span> <span class='ocrx_word' id='word_1_737' title='bbox 1602 5743 1681 5798; x_wconf 73' lang='lat' dir='ltr'><strong>Ad</strong></span> <span class='ocrx_word' id='word_1_738' title='bbox 1714 5745 2007 5802; x_wconf 84' lang='lat' dir='ltr'><strong>Zorobabel</strong></span> 
     </span>
    </p>
   </div>
   <div class='ocr_carea' id='block_1_98' title="bbox 442 5832 2008 5901">
    <p class='ocr_par' dir='ltr' id='par_1_98' title="bbox 442 5832 2008 5901">
     <span class='ocr_line' id='line_1_98' title="bbox 442 5832 2008 5901; baseline -0.001 -11"><span class='ocrx_word' id='word_1_739' title='bbox 442 5839 605 5900; x_wconf 69' lang='lat' dir='ltr'><strong>tilium</strong></span> <span class='ocrx_word' id='word_1_740' title='bbox 638 5834 897 5897; x_wconf 83' lang='lat' dir='ltr'><strong>Salathiel</strong></span> <span class='ocrx_word' id='word_1_741' title='bbox 924 5836 1108 5889; x_wconf 87' lang='lat' dir='ltr'><strong>ducem</strong></span> <span class='ocrx_word' id='word_1_742' title='bbox 1138 5832 1295 5901; x_wconf 81' lang='lat' dir='ltr'><strong>Juda,</strong></span> <span class='ocrx_word' id='word_1_743' title='bbox 1321 5844 1371 5887; x_wconf 64' lang='lat' dir='ltr'><strong>et</strong></span> <span class='ocrx_word' id='word_1_744' title='bbox 1397 5835 1461 5889; x_wconf 89' lang='lat' dir='ltr'><strong>ad</strong></span> <span class='ocrx_word' id='word_1_745' title='bbox 1486 5833 1665 5891; x_wconf 64' lang='lat' dir='ltr'><strong>lusum</strong></span> <span class='ocrx_word' id='word_1_746' title='bbox 1724 5836 1889 5894; x_wconf 87' lang='lat' dir='ltr'><strong>filium</strong></span> <span class='ocrx_word' id='word_1_747' title='bbox 1921 5836 2008 5890; x_wconf 77' lang='lat' dir='ltr'><strong>Jo-</strong></span> 
     </span>
    </p>
   </div>
   <div class='ocr_carea' id='block_1_99' title="bbox 2103 4644 3711 4724">
    <p class='ocr_par' dir='ltr' id='par_1_99' title="bbox 2103 4644 3711 4724">
     <span class='ocr_line' id='line_1_99' title="bbox 2103 4644 3711 4724; baseline -0.007 -14"><span class='ocrx_word' id='word_1_748' title='bbox 2103 4654 2285 4710; x_wconf 88' lang='lat' dir='ltr'><strong>sedem</strong></span> <span class='ocrx_word' id='word_1_749' title='bbox 2315 4653 2550 4724; x_wconf 88' lang='lat' dir='ltr'><strong>pectoris</strong></span> <span class='ocrx_word' id='word_1_750' title='bbox 2571 4652 2652 4706; x_wconf 92' lang='lat' dir='ltr'><strong>sui</strong></span> <span class='ocrx_word' id='word_1_751' title='bbox 2683 4649 2955 4705; x_wconf 64' lang='lat' dir='ltr'><strong>aediﬁcare</strong></span> <span class='ocrx_word' id='word_1_752' title='bbox 2985 4647 3243 4719; x_wconf 89' lang='lat' dir='ltr'><strong>templum</strong></span> <span class='ocrx_word' id='word_1_753' title='bbox 3276 4646 3499 4701; x_wconf 81' lang='lat' dir='ltr'><strong>Domino</strong></span> <span class='ocrx_word' id='word_1_754' title='bbox 3527 4644 3711 4714; x_wconf 82' lang='lat' dir='ltr'><strong>pudi-</strong></span> 
     </span>
    </p>
   </div>
   <div class='ocr_carea' id='block_1_100' title="bbox 2103 4733 3707 4806">
    <p class='ocr_par' dir='ltr' id='par_1_100' title="bbox 2103 4733 3707 4806">
     <span class='ocr_line' id='line_1_100' title="bbox 2103 4733 3707 4806; baseline -0.007 -7"><span class='ocrx_word' id='word_1_755' title='bbox 2103 4744 2261 4799; x_wconf 76' lang='lat' dir='ltr'><strong>citiae.</strong></span> <span class='ocrx_word' id='word_1_756' title='bbox 2292 4742 2475 4798; x_wconf 83' lang='lat' dir='ltr'><strong>Potest</strong></span> <span class='ocrx_word' id='word_1_757' title='bbox 2500 4742 2605 4797; x_wconf 89' lang='lat' dir='ltr'><strong>hoc</strong></span> <span class='ocrx_word' id='word_1_758' title='bbox 2629 4747 2684 4795; x_wconf 91' lang='lat' dir='ltr'><strong>et</strong></span> <span class='ocrx_word' id='word_1_759' title='bbox 2729 4739 2797 4794; x_wconf 89' lang='lat' dir='ltr'><strong>ad</strong></span> <span class='ocrx_word' id='word_1_760' title='bbox 2845 4736 3057 4793; x_wconf 75' lang='lat' dir='ltr'><strong>Judzeos</strong></span> <span class='ocrx_word' id='word_1_761' title='bbox 3110 4735 3271 4805; x_wconf 87' lang='lat' dir='ltr'><strong>hujus</strong></span> <span class='ocrx_word' id='word_1_762' title='bbox 3295 4733 3553 4806; x_wconf 87' lang='lat' dir='ltr'><strong>temporis</strong></span> <span class='ocrx_word' id='word_1_763' title='bbox 3594 4748 3707 4788; x_wconf 81' lang='lat' dir='ltr'><strong>re-</strong></span> 
     </span>
    </p>
   </div>
   <div class='ocr_carea' id='block_1_101' title="bbox 2104 4824 3715 4905">
    <p class='ocr_par' dir='ltr' id='par_1_101' title="bbox 2104 4824 3715 4905">
     <span class='ocr_line' id='line_1_101' title="bbox 2104 4824 3715 4905; baseline -0.007 -14"><span class='ocrx_word' id='word_1_764' title='bbox 2104 4836 2253 4900; x_wconf 87' lang='lat' dir='ltr'><strong>ferri,</strong></span> <span class='ocrx_word' id='word_1_765' title='bbox 2278 4835 2369 4905; x_wconf 87' lang='lat' dir='ltr'><strong>qui</strong></span> <span class='ocrx_word' id='word_1_766' title='bbox 2391 4848 2488 4903; x_wconf 88' lang='lat' dir='ltr'><strong>pro</strong></span> <span class='ocrx_word' id='word_1_767' title='bbox 2510 4830 2726 4888; x_wconf 89' lang='lat' dir='ltr'><strong>Christo</strong></span> <span class='ocrx_word' id='word_1_768' title='bbox 2751 4828 3142 4884; x_wconf 85' lang='lat' dir='ltr'><strong>Antichristum</strong></span> <span class='ocrx_word' id='word_1_769' title='bbox 3168 4832 3501 4899; x_wconf 70' lang='lat' dir='ltr'><strong>exspectant,</strong></span> <span class='ocrx_word' id='word_1_770' title='bbox 3526 4833 3585 4879; x_wconf 92' lang='lat' dir='ltr'><strong>et</strong></span> <span class='ocrx_word' id='word_1_771' title='bbox 3608 4824 3715 4880; x_wconf 83' lang='lat' dir='ltr'><strong>di-</strong></span> 
     </span>
    </p>
   </div>
   <div class='ocr_carea' id='block_1_102' title="bbox 2104 4914 3711 4999">
    <p class='ocr_par' dir='ltr' id='par_1_102' title="bbox 2104 4914 3711 4999">
     <span class='ocr_line' id='line_1_102' title="bbox 2104 4914 3711 4999; baseline -0.008 -17"><span class='ocrx_word' id='word_1_772' title='bbox 2104 4936 2233 4984; x_wconf 92' lang='lat' dir='ltr'><strong>cunt</strong></span> <span class='ocrx_word' id='word_1_773' title='bbox 2262 4926 2496 4981; x_wconf 91' lang='lat' dir='ltr'><strong>nondum</strong></span> <span class='ocrx_word' id='word_1_774' title='bbox 2527 4939 2648 4979; x_wconf 90' lang='lat' dir='ltr'><strong>esse</strong></span> <span class='ocrx_word' id='word_1_775' title='bbox 2699 4931 2910 4990; x_wconf 89' lang='lat' dir='ltr'><strong>tempus</strong></span> <span class='ocrx_word' id='word_1_776' title='bbox 2953 4918 3221 4981; x_wconf 80' lang='lat' dir='ltr'><strong>Ecclesiae,</strong></span> <span class='ocrx_word' id='word_1_777' title='bbox 3274 4918 3400 4999; x_wconf 80' lang='lat' dir='ltr'><strong>quia</strong></span> <span class='ocrx_word' id='word_1_778' title='bbox 3450 4914 3711 4971; x_wconf 88' lang='lat' dir='ltr'><strong>nondum</strong></span> 
     </span>
    </p>
   </div>
   <div class='ocr_carea' id='block_1_103' title="bbox 2103 5018 2539 5075">
    <p class='ocr_par' dir='ltr' id='par_1_103' title="bbox 2103 5018 2539 5075">
     <span class='ocr_line' id='line_1_103' title="bbox 2103 5018 2539 5075; baseline -0.018 1"><span class='ocrx_word' id='word_1_779' title='bbox 2103 5021 2251 5075; x_wconf 89' lang='lat' dir='ltr'><strong>venit</strong></span> <span class='ocrx_word' id='word_1_780' title='bbox 2273 5018 2539 5073; x_wconf 91' lang='lat' dir='ltr'><strong>Christus.</strong></span> 
     </span>
    </p>
   </div>
   <div class='ocr_carea' id='block_1_104' title="bbox 2181 5096 3710 5168">
    <p class='ocr_par' dir='ltr' id='par_1_104' title="bbox 2181 5096 3710 5168">
     <span class='ocr_line' id='line_1_104' title="bbox 2181 5096 3710 5168; baseline -0.008 -5"><span class='ocrx_word' id='word_1_781' title='bbox 2181 5131 2197 5163; x_wconf 77' lang='grc' dir='ltr'>ι</span> <span class='ocrx_word' id='word_1_782' title='bbox 2232 5110 2295 5163; x_wconf 81' lang='lat' dir='ltr'><strong>Et</strong></span> <span class='ocrx_word' id='word_1_783' title='bbox 2343 5107 2545 5164; x_wconf 84' lang='lat' dir='ltr'><strong>factum</strong></span> <span class='ocrx_word' id='word_1_784' title='bbox 2578 5117 2661 5162; x_wconf 88' lang='lat' dir='ltr'><strong>est</strong></span> <span class='ocrx_word' id='word_1_785' title='bbox 2706 5105 2930 5160; x_wconf 88' lang='lat' dir='ltr'><strong>verbum</strong></span> <span class='ocrx_word' id='word_1_786' title='bbox 2981 5102 3194 5158; x_wconf 84' lang='lat' dir='ltr'><strong>Domini</strong></span> <span class='ocrx_word' id='word_1_787' title='bbox 3231 5104 3286 5155; x_wconf 88' lang='lat' dir='ltr'><strong>in</strong></span> <span class='ocrx_word' id='word_1_788' title='bbox 3314 5115 3473 5155; x_wconf 89' lang='lat' dir='ltr'><strong>manu</strong></span> <span class='ocrx_word' id='word_1_789' title='bbox 3504 5096 3710 5168; x_wconf 64' lang='lat' dir='ltr'><strong>Aggmi</strong></span> 
     </span>
    </p>
   </div>
   <div class='ocr_carea' id='block_1_105' title="bbox 2106 5190 3714 5273">
    <p class='ocr_par' dir='ltr' id='par_1_105' title="bbox 2106 5190 3714 5273">
     <span class='ocr_line' id='line_1_105' title="bbox 2106 5190 3714 5273; baseline -0.009 -17"><span class='ocrx_word' id='word_1_790' title='bbox 2106 5201 2409 5273; x_wconf 78' lang='lat' dir='ltr'><strong>prepbetae,</strong></span> <span class='ocrx_word' id='word_1_791' title='bbox 2448 5199 2671 5254; x_wconf 86' lang='lat' dir='ltr'><strong>dicens:</strong></span> <span class='ocrx_word' id='word_1_792' title='bbox 2701 5194 2953 5267; x_wconf 84' lang='lat' dir='ltr'><strong>Nunquid</strong></span> <span class='ocrx_word' id='word_1_793' title='bbox 2985 5202 3194 5263; x_wconf 87' lang='lat' dir='ltr'><strong>tempus</strong></span> <span class='ocrx_word' id='word_1_794' title='bbox 3222 5192 3373 5247; x_wconf 84' lang='lat' dir='ltr'><strong>vobis</strong></span> <span class='ocrx_word' id='word_1_795' title='bbox 3399 5198 3483 5244; x_wconf 91' lang='lat' dir='ltr'><strong>est</strong></span> <span class='ocrx_word' id='word_1_796' title='bbox 3502 5197 3565 5243; x_wconf 89' lang='lat' dir='ltr'><strong>ut</strong></span> <span class='ocrx_word' id='word_1_797' title='bbox 3602 5190 3714 5244; x_wconf 84' lang='lat' dir='ltr'><strong>ha-</strong></span> 
     </span>
    </p>
   </div>
   <div class='ocr_carea' id='block_1_106' title="bbox 2105 5287 3705 5362">
    <p class='ocr_par' dir='ltr' id='par_1_106' title="bbox 2105 5287 3705 5362">
     <span class='ocr_line' id='line_1_106' title="bbox 2105 5287 3705 5362; baseline -0.006 -14"><span class='ocrx_word' id='word_1_798' title='bbox 2105 5292 2293 5349; x_wconf 88' lang='lat' dir='ltr'><strong>bitetis</strong></span> <span class='ocrx_word' id='word_1_799' title='bbox 2322 5294 2377 5349; x_wconf 92' lang='lat' dir='ltr'><strong>in</strong></span> <span class='ocrx_word' id='word_1_800' title='bbox 2392 5293 2644 5350; x_wconf 87' lang='lat' dir='ltr'><strong>domibus</strong></span> <span class='ocrx_word' id='word_1_801' title='bbox 2663 5292 3031 5362; x_wconf 67' lang='lat' dir='ltr'><strong>laqueatis,oet</strong></span> <span class='ocrx_word' id='word_1_802' title='bbox 3057 5291 3247 5345; x_wconf 88' lang='lat' dir='ltr'><strong>domus</strong></span> <span class='ocrx_word' id='word_1_803' title='bbox 3269 5288 3371 5342; x_wconf 86' lang='lat' dir='ltr'><strong>ista</strong></span> <span class='ocrx_word' id='word_1_804' title='bbox 3397 5287 3649 5341; x_wconf 83' lang='lat' dir='ltr'><strong>deserta?</strong></span> <span class='ocrx_word' id='word_1_805' title='bbox 3674 5308 3705 5339; x_wconf 75' lang='grc' dir='ltr'><strong><em>ι</em></strong></span> 
     </span>
    </p>
   </div>
   <div class='ocr_carea' id='block_1_107' title="bbox 2109 5378 3713 5454">
    <p class='ocr_par' dir='ltr' id='par_1_107' title="bbox 2109 5378 3713 5454">
     <span class='ocr_line' id='line_1_107' title="bbox 2109 5378 3713 5454; baseline -0.004 -15"><span class='ocrx_word' id='word_1_806' title='bbox 2109 5385 2308 5440; x_wconf 86' lang='lat' dir='ltr'><strong>Contra</strong></span> <span class='ocrx_word' id='word_1_807' title='bbox 2357 5386 2460 5441; x_wconf 92' lang='lat' dir='ltr'><strong>hoc</strong></span> <span class='ocrx_word' id='word_1_808' title='bbox 2505 5384 2647 5454; x_wconf 91' lang='lat' dir='ltr'><strong>quod</strong></span> <span class='ocrx_word' id='word_1_809' title='bbox 2689 5382 2916 5454; x_wconf 90' lang='lat' dir='ltr'><strong>populus</strong></span> <span class='ocrx_word' id='word_1_810' title='bbox 2963 5380 3197 5443; x_wconf 88' lang='lat' dir='ltr'><strong>dicebat,</strong></span> <span class='ocrx_word' id='word_1_811' title='bbox 3256 5378 3490 5432; x_wconf 87' lang='lat' dir='ltr'><strong>nondum</strong></span> <span class='ocrx_word' id='word_1_812' title='bbox 3543 5378 3713 5432; x_wconf 82' lang='lat' dir='ltr'><strong>venit</strong></span> 
     </span>
    </p>
   </div>
   <div class='ocr_carea' id='block_1_108' title="bbox 2112 5465 3709 5546">
    <p class='ocr_par' dir='ltr' id='par_1_108' title="bbox 2112 5465 3709 5546">
     <span class='ocr_line' id='line_1_108' title="bbox 2112 5465 3709 5546; baseline -0.008 -17"><span class='ocrx_word' id='word_1_813' title='bbox 2112 5485 2324 5546; x_wconf 83' lang='lat' dir='ltr'><strong>tempus</strong></span> <span class='ocrx_word' id='word_1_814' title='bbox 2382 5476 2573 5530; x_wconf 90' lang='lat' dir='ltr'><strong>domus</strong></span> <span class='ocrx_word' id='word_1_815' title='bbox 2622 5472 2835 5528; x_wconf 90' lang='lat' dir='ltr'><strong>Domini</strong></span> <span class='ocrx_word' id='word_1_816' title='bbox 2881 5469 3232 5534; x_wconf 58' lang='lat' dir='ltr'><strong>aediﬁcandas,</strong></span> <span class='ocrx_word' id='word_1_817' title='bbox 3286 5465 3565 5538; x_wconf 86' lang='lat' dir='ltr'><strong>profertur</strong></span> <span class='ocrx_word' id='word_1_818' title='bbox 3611 5480 3709 5517; x_wconf 80' lang='lat' dir='ltr'><strong>rc-</strong></span> 
     </span>
    </p>
   </div>
   <div class='ocr_carea' id='block_1_109' title="bbox 2110 5555 3715 5635">
    <p class='ocr_par' dir='ltr' id='par_1_109' title="bbox 2110 5555 3715 5635">
     <span class='ocr_line' id='line_1_109' title="bbox 2110 5555 3715 5635; baseline -0.008 -15"><span class='ocrx_word' id='word_1_819' title='bbox 2110 5566 2328 5635; x_wconf 88' lang='lat' dir='ltr'><strong>sponsio</strong></span> <span class='ocrx_word' id='word_1_820' title='bbox 2356 5565 2587 5620; x_wconf 89' lang='lat' dir='ltr'><strong>Domini.</strong></span> <span class='ocrx_word' id='word_1_821' title='bbox 2620 5564 2761 5634; x_wconf 86' lang='lat' dir='ltr'><strong>Ergo</strong></span> <span class='ocrx_word' id='word_1_822' title='bbox 2792 5576 2963 5632; x_wconf 88' lang='lat' dir='ltr'><strong>neque</strong></span> <span class='ocrx_word' id='word_1_823' title='bbox 2993 5570 3206 5629; x_wconf 86' lang='lat' dir='ltr'><strong>tempus</strong></span> <span class='ocrx_word' id='word_1_824' title='bbox 3227 5570 3310 5614; x_wconf 90' lang='lat' dir='ltr'><strong>est</strong></span> <span class='ocrx_word' id='word_1_825' title='bbox 3336 5568 3393 5612; x_wconf 88' lang='lat' dir='ltr'><strong>ut</strong></span> <span class='ocrx_word' id='word_1_826' title='bbox 3422 5572 3516 5610; x_wconf 89' lang='lat' dir='ltr'><strong>vos</strong></span> <span class='ocrx_word' id='word_1_827' title='bbox 3540 5555 3715 5609; x_wconf 80' lang='lat' dir='ltr'><strong>habi-</strong></span> 
     </span>
    </p>
   </div>
   <div class='ocr_carea' id='block_1_110' title="bbox 2114 5651 3741 5725">
    <p class='ocr_par' dir='ltr' id='par_1_110' title="bbox 2114 5651 3741 5725">
     <span class='ocr_line' id='line_1_110' title="bbox 2114 5651 3741 5725; baseline -0.006 -16"><span class='ocrx_word' id='word_1_828' title='bbox 2114 5655 2238 5711; x_wconf 80' lang='lat' dir='ltr'><strong>tetis</strong></span> <span class='ocrx_word' id='word_1_829' title='bbox 2266 5655 2317 5709; x_wconf 93' lang='lat' dir='ltr'><strong>in</strong></span> <span class='ocrx_word' id='word_1_830' title='bbox 2342 5656 2659 5725; x_wconf 83' lang='lat' dir='ltr'><strong>compositis</strong></span> <span class='ocrx_word' id='word_1_831' title='bbox 2688 5661 2742 5708; x_wconf 89' lang='lat' dir='ltr'><strong>et</strong></span> <span class='ocrx_word' id='word_1_832' title='bbox 2767 5653 2975 5707; x_wconf 91' lang='lat' dir='ltr'><strong>ornatis</strong></span> <span class='ocrx_word' id='word_1_833' title='bbox 3002 5651 3272 5714; x_wconf 91' lang='lat' dir='ltr'><strong>domibus,</strong></span> <span class='ocrx_word' id='word_1_834' title='bbox 3317 5663 3438 5718; x_wconf 76' lang='lat' dir='ltr'><strong>qua:</strong></span> <span class='ocrx_word' id='word_1_835' title='bbox 3466 5660 3574 5700; x_wconf 91' lang='lat' dir='ltr'><strong>non</strong></span> <span class='ocrx_word' id='word_1_836' title='bbox 3601 5661 3709 5699; x_wconf 54' lang='grc' dir='ltr'><strong>εον</strong></span> <span class='ocrx_word' id='word_1_837' title='bbox 3736 5686 3741 5691; x_wconf 60' lang='grc'><strong><em>«</em></strong></span> 
     </span>
    </p>
   </div>
   <div class='ocr_carea' id='block_1_111' title="bbox 2112 5739 3712 5820">
    <p class='ocr_par' dir='ltr' id='par_1_111' title="bbox 2112 5739 3712 5820">
     <span class='ocr_line' id='line_1_111' title="bbox 2112 5739 3712 5820; baseline -0.005 -21"><span class='ocrx_word' id='word_1_838' title='bbox 2112 5744 2221 5801; x_wconf 91' lang='lat' dir='ltr'><strong>lum</strong></span> <span class='ocrx_word' id='word_1_839' title='bbox 2270 5747 2337 5801; x_wconf 90' lang='lat' dir='ltr'><strong>ad</strong></span> <span class='ocrx_word' id='word_1_840' title='bbox 2386 5763 2539 5801; x_wconf 88' lang='lat' dir='ltr'><strong>usum</strong></span> <span class='ocrx_word' id='word_1_841' title='bbox 2572 5755 2715 5810; x_wconf 89' lang='lat' dir='ltr'><strong>sunt,</strong></span> <span class='ocrx_word' id='word_1_842' title='bbox 2749 5746 2841 5802; x_wconf 90' lang='lat' dir='ltr'><strong>sed</strong></span> <span class='ocrx_word' id='word_1_843' title='bbox 2870 5745 2937 5799; x_wconf 88' lang='lat' dir='ltr'><strong>ad</strong></span> <span class='ocrx_word' id='word_1_844' title='bbox 2983 5744 3219 5820; x_wconf 76' lang='lat' dir='ltr'><strong>delicias.</strong></span> <span class='ocrx_word' id='word_1_845' title='bbox 3258 5742 3327 5797; x_wconf 86' lang='lat' dir='ltr'><strong>Et</strong></span> <span class='ocrx_word' id='word_1_846' title='bbox 3349 5739 3529 5797; x_wconf 84' lang='lat' dir='ltr'><strong>dicitis</strong></span> <span class='ocrx_word' id='word_1_847' title='bbox 3556 5754 3712 5794; x_wconf 83' lang='lat' dir='ltr'><strong>non-</strong></span> 
     </span>
    </p>
   </div>
   <div class='ocr_carea' id='block_1_112' title="bbox 2115 5831 3717 5913">
    <p class='ocr_par' dir='ltr' id='par_1_112' title="bbox 2115 5831 3717 5913">
     <span class='ocr_line' id='line_1_112' title="bbox 2115 5831 3717 5913; baseline 0 -22"><span class='ocrx_word' id='word_1_848' title='bbox 2115 5841 2237 5894; x_wconf 85' lang='lat' dir='ltr'><strong>dum</strong></span> <span class='ocrx_word' id='word_1_849' title='bbox 2267 5856 2382 5895; x_wconf 77' lang='lat' dir='ltr'><strong>csse</strong></span> <span class='ocrx_word' id='word_1_850' title='bbox 2413 5848 2623 5913; x_wconf 77' lang='lat' dir='ltr'><strong>tempus</strong></span> <span class='ocrx_word' id='word_1_851' title='bbox 2668 5849 2723 5893; x_wconf 84' lang='lat' dir='ltr'><strong>ut</strong></span> <span class='ocrx_word' id='word_1_852' title='bbox 2774 5854 2889 5894; x_wconf 88' lang='lat' dir='ltr'><strong>mea</strong></span> <span class='ocrx_word' id='word_1_853' title='bbox 2920 5838 3109 5897; x_wconf 87' lang='lat' dir='ltr'><strong>domus</strong></span> <span class='ocrx_word' id='word_1_854' title='bbox 3135 5836 3445 5897; x_wconf 72' lang='lat' dir='ltr'><strong>aediﬁcetur,</strong></span> <span class='ocrx_word' id='word_1_855' title='bbox 3483 5831 3536 5889; x_wconf 81' lang='lat' dir='ltr'><strong>in</strong></span> <span class='ocrx_word' id='word_1_856' title='bbox 3586 5845 3717 5902; x_wconf 69' lang='lat' dir='ltr'><strong>qua</strong></span> 
     </span>
    </p>
   </div>
   <div class='ocr_carea' id='block_1_113' title="bbox 3924 1898 3950 3293">
    <p class='ocr_par' dir='ltr' id='par_1_113' title="bbox 3924 1975 3933 2447">
     <span class='ocr_line' id='line_1_113' title="bbox 3924 1975 3928 2181; baseline 0 0"><span class='ocrx_word' id='word_1_857' title='bbox 3924 1975 3928 2181; x_wconf 51' lang='grc' dir='ltr'>ω</span> 
     </span>
     <span class='ocr_line' id='line_1_114' title="bbox 3927 2182 3933 2447; baseline 0 0"><span class='ocrx_word' id='word_1_858' title='bbox 3927 2182 3932 2371; x_wconf 56' lang='lat' dir='ltr'><strong>l</strong></span> 
     </span>
    </p>
   </div>
  </div>
