3950 6436
211 439 320 495 913

1161 440 1561 496 ENARRATIO
1598 437 1666 493 1N
1704 435 2020 493 AGGJEUM
2060 436 2493 496 PROPHETAM.

3347 436 3449 491 2H

210 555 430 608 fuerunt
456 558 643 607 sancta
689 557 998 606 sanctorum
1044 555 1099 606 et
1142 548 1437 615 Cherubin,
1470 563 1590 619 qua:
1631 561 1775 602 nunc
1801 549 1851 605 Λ
1878 562 1997 612 nus,
2047 556 2103 604 et
2155 549 2412 604 intulistis
2454 551 2507 604 in
2558 548 2795 615 domum,
2828 557 2882 603 et
2920 546 3191 604 exsulllavi
3241 548 3387 602 illud.
3426 570 3444 599 ι

209 644 423 713 squalet
449 641 754 707 solitudine,
809 649 1046 699 torretur
1090 651 1245 708 :estu,
1295 640 1631 711 perfunditur
1660 638 1778 708 plu-

206 735 331 791 viis.

285 846 303 877 ι
338 824 407 880 Ει
435 840 595 887 nunc,
620 825 733 879 haec
757 822 889 879 dicit
917 822 1173 878 Dominus
1198 821 1531 877 exercituum
1556 838 1569 874 :
1601 820 1780 890 ponite

208 914 373 969 corda
400 920 580 968 vestra
609 927 772 984 super
808 913 925 969 vias
968 919 1198 967 vestras.
1234 930 1253 962 ι
1288 909 1425 977 Quia
1455 908 1671 980 (inquit)
1700 907 1782 962 di-

208 1004 374 1059 citis:
408 1003 654 1059 Nondum
683 1010 771 1059 est
817 1012 1025 1072 tempus
1064 1000 1391 1057 aedificandae
1433 999 1625 1055 domus
1676 999 1782 1053 Do-

207 1094 342 1149 mini
369 1111 384 1160 ;
410 1094 751 1149 considerate
772 1108 895 1164 quae
936 1092 1160 1159 fecistis,
1189 1101 1244 1149 et
1284 1106 1405 1163 qua:
1438 1091 1582 1162 passi
1625 1090 1776 1146 estis.

207 1182 399 1238 Omnis
427 1182 573 1238 enim
611 1182 765 1239 labor
797 1190 976 1238 vester
1002 1180 1205 1237 nullum
1229 1180 1406 1253 potuit
1430 1180 1630 1236 habere
1656 1192 1782 1249 pro—

205 1282 449 1329 ventum.

281 1384 303 1418 ε
332 1366 654 1422 Seminastis
681 1365 929 1433 multum,
957 1372 1013 1423 et
1029 1363 1283 1422 intulistis
1303 1379 1548 1436 parum,»
1576 1372 1633 1420 et
1649 1362 1784 1419 mul-

204 1467 322 1512 tum
358 1458 538 1513 minus
561 1472 726 1529 quam
774 1456 1055 1522 severatis,
1086 1455 1398 1527 collegistis.
1428 1454 1557 1510 -Non
1599 1463 1783 1510 tamen

204 1548 432 1618 potestis
452 1548 633 1604 dicere
658 1566 670 1602 :
700 1547 825 1604 ideo
867 1546 1061 1602 famem
1087 1555 1345 1614 secutam,
1378 1546 1519 1618 quod
1549 1547 1603 1601 in
1628 1560 1785 1602 exer-

205 1639 381 1693 cenda
410 1648 556 1693 terra
578 1637 814 1710 agricola
838 1638 1150 1693 cessaverit.
1187 1656 1207 1688 ‹
1236 1636 1579 1702 Comedistis,
1602 1645 1657 1691 et
1674 1651 1782 1691 non

203 1729 338 1784 estis
358 1728 541 1786 satiati
562 1722 848 1795 ;'bibistis,
875 1737 931 1784 et
970 1745 1078 1785 non
1106 1728 1239 1785 estis
1263 1729 1539 1795 inebriati;
1564 1729 1781 1800 cperui-

205 1826 310 1882 stis
332 1838 448 1890 vos,
479 1834 535 1881 et
558 1841 665 1881 non
697 1826 829 1881 estis
857 1823 1123 1880 calefacti.
1148 1825 1215 1880 Et
1239 1826 1330 1895 qui
1360 1826 1633 1882 mercedes
1656 1839 1784 1881 con-

205 1918 468 1987 gregavit,
524 1917 670 1971 misit
718 1931 813 1972 eas
842 1916 896 1971 in
944 1915 1214 1973 sacculum
1261 1924 1558 1987 pertusum.
1595 1935 1613 1967 ο
1662 1914 1779 1970 Non
1809 1895 1855 1955 Β

208 2018 391 2063 tamen
417 2009 639 2081 potestis
688 2009 871 2065 dicere
897 2008 1259 2064 voluntarium
1294 2008 1461 2064 fuisse
1488 2006 1776 2077 jejunium,

209 2100 305 2154 sed
332 2101 454 2171 quia
480 2114 675 2171 parvos
716 2097 923 2155 fructus
963 2099 1431 2170 congregaveratis
1475 2098 1526 2153 in
1558 2099 1771 2154 horrea.

212 2191 407 2245 Vinum
433 2190 665 2256 bibistis,
695 2190 790 2246 sed
818 2205 924 2245 non
974 2197 1183 2246 tantum
1228 2191 1372 2261 quod
1420 2188 1783 2274 sufﬁceretad

205 2281 555 2336 exhilaranda
598 2281 761 2336 corda
806 2282 1128 2351 potantium.
1178 2280 1353 2352 Ipsum
1379 2294 1593 2351 quoque
1616 2280 1783 2336 vesti-

204 2381 448 2426 mentum
490 2389 595 2427 non
623 2372 799 2444 potuit
824 2370 995 2444 frigus
1032 2370 1231 2444 pellere
1255 2383 1349 2428 aut
1372 2371 1687 2428 calefacere.
1721 2372 1779 2428 Si

200 2465 328 2533 quis
354 2473 536 2520 autem
585 2466 860 2521 mercedes
903 2473 1342 2538 congregaverat,
1378 2465 1494 2521 sive
1532 2464 1586 2521 in
1617 2479 1782 2537 nego-

202 2557 450 2621 tiatione,
493 2572 586 2613 seu
626 2557 961 2618 mercenaria
1005 2571 1191 2629 manu,
1239 2556 1440 2618 frustra
1491 2557 1779 2628 laboravit,

202 2648 332 2721 quia
361 2664 550 2707 clunes
579 2653 813 2723 pecunia:
840 2653 1200 2721 deﬂuxerunt,
1234 2654 1395 2710 veluti
1427 2654 1482 2709 in
1503 2663 1780 2724 pertusum

200 2743 480 2799 sacculum
496 2745 688 2800 missae.
706 2744 1067 2815 Spiritualiter
1084 2746 1159 2802 illi
1178 2747 1339 2802 corda
1352 2761 1516 2817 super
1527 2746 1644 2803 vias
1657 2762 1782 2804 suas

201 2842 439 2906 ponunt,
471 2835 563 2905 qui
584 2837 792 2906 absque
816 2836 1018 2906 judicio
1044 2836 1383 2915 discretionis
1403 2835 1538 2891 nihil
1556 2835 1778 2902 faciunt,

198 2927 300 2998 qui
336 2935 461 2981 ante
508 2927 708 2983 mentis
740 2927 923 2984 oculos
951 2926 1224 2983 lucernam
1252 2927 1401 2984 verbi
1446 2926 1540 2983 Dei
1570 2942 1784 2997 semper

199 3019 429 3072 labent.
462 3016 684 3072 Multum
708 3027 888 3072 autem
921 3016 1170 3080 seminat,
1196 3017 1293 3073 sed
1335 3016 1526 3087 parum
1558 3016 1778 3087 colligit,

199 3111 297 3179 qui
329 3109 382 3163 in
409 3107 803 3180 praedicationis
829 3125 990 3181 opere
1016 3109 1230 3166 assidue
1266 3110 1476 3166 laborat
1501 3127 1518 3176 ;
1561 3108 1656 3166 sed
1685 3109 1784 3165 nti-

199 3201 414 3254 nimntn
443 3215 506 3255 ex
536 3200 839 3257 auditorum
863 3198 966 3255 fide
993 3207 1048 3256 et
1074 3200 1390 3271 operatione
1410 3199 1647 3256 fructum
1666 3214 1781 3272 per-

195 3291 363 3362 cipit,
388 3291 513 3346 dum
545 3306 640 3346 eos
660 3294 824 3348 verbo
845 3300 898 3348 et
922 3291 1167 3362 exemplo
1188 3290 1582 3348 scandalizatos
1610 3298 1787 3346 osten-

195 3382 306 3436 dit.
336 3380 601 3447 Comedit,
636 3390 692 3437 et
735 3398 841 3438 non
889 3392 1193 3450 saturatur;
1242 3383 1410 3449 bibit,
1449 3391 1504 3439 et
1549 3399 1655 3438 non
1703 3382 1785 3437 in-

196 3470 471 3537 ebriatur,
516 3472 606 3541 qui
656 3480 803 3529 recta
841 3488 959 3543 qua:
984 3474 1153 3539 novit,
1185 3489 1289 3529 non
1321 3483 1594 3545 operatur.
1639 3472 1778 3529 Hinc

199 3560 465 3617 Salomon
517 3562 685 3618 dicit:
731 3561 918 3618 Justus
968 3564 1219 3630 comedit,
1250 3572 1306 3619 et
1340 3563 1509 3634 replet
1548 3563 1786 3619 animam

200 3668 381 3718 suam,
411 3662 601 3708 venter
641 3662 821 3710 autem
864 3653 1151 3725 impiorum
1205 3652 1591 3710 insaturabilis.
1644 3652 1786 3709 Con-

199 3751 457 3814 gregatas
476 3758 606 3799 vero
627 3742 905 3799 mercedes
929 3743 983 3799 in
1005 3750 1282 3815 pertusum
1301 3742 1573 3800 sacculum
1596 3742 1784 3808 mittit,

200 3836 300 3905 qui
328 3835 589 3890 virtutum
609 3850 773 3906 opera
799 3843 1019 3906 propter
1045 3834 1461 3890 ostentationem
1499 3849 1654 3890 vana:
1674 3833 1788 3905 glo-

201 3931 304 3985 riae
325 3929 556 3999 peragit,
602 3928 689 3983 vel
738 3928 829 3997 qui
870 3929 936 3985 de
984 3928 1187 3999 rapinis
1233 3928 1627 3999 eleemosynam
1654 3926 1789 3983 indi—

201 4019 465 4091 gentibus
499 4018 709 4072 tribuit.
762 4017 1015 4088 Operitur
1038 4028 1241 4084 autem,
1283 4027 1339 4076 et
1363 4033 1430 4074 ex
1470 4018 1650 4074 calore
1678 4034 1785 4073 non

205 4113 444 4175 fovetur,
488 4108 580 4178 qui
626 4109 861 4164 divinam
908 4108 1247 4179 sapientiam,
1287 4125 1394 4180 qua
1422 4118 1646 4166 ornetur
1675 4119 1731 4166 et
1755 4125 1786 4164 a

204 4201 435 4258 malitiae
482 4200 684 4268 frigore
733 4198 1074 4265 defendatur,
1123 4200 1335 4270 accipit,
1393 4200 1489 4257 sed
1533 4200 1709 4271 tepide
1731 4209 1789 4256 et

204 4296 483 4353 desidiose
507 4312 629 4352 eam
655 4294 1022 4367 exsequendo,
1062 4293 1255 4352 caloris
1282 4294 1429 4351 illius
1473 4295 1644 4366 gratia
1680 4294 1790 4365 pri-

201 4397 389 4444 vatur.

288 4527 307 4558 ι
337 4505 462 4562 Ηωο
486 4505 617 4563 dicit
638 4505 896 4562 Dominus
916 4504 1251 4561 exercituum
1268 4521 1282 4560 :
1299 4503 1490 4561 Ponite
1511 4503 1676 4560 corda
1701 4518 1791 4558 ve-

1881 639 2064 694 Dicam
2099 640 2315 710 (inquit)
2347 640 2511 698 aliud.
2556 641 2697 709 quod
2724 642 2875 695 vobis
2921 641 3137 697 accidit.
3170 640 3303 697 Cum
3334 641 3447 710 jam

1879 730 2115 787 metendi
2142 738 2352 802 tempus
2378 730 2628 795 instaret,
2656 738 2713 786 et
2738 730 3002 787 frumenta
3040 747 3136 787 vos
3181 732 3234 786 in
3277 730 3451 787 mani-

1878 826 1980 881 bus
2021 833 2203 880 tenere
2231 824 2513 895 putaretis,
2564 824 2865 880 messuistis
2899 841 3098 881 vacuos
3125 825 3345 889 culmos,
3398 832 3454 879 et

1880 916 2069 972 inanes
2094 914 2320 985 stipulas
2347 914 2466 969 sine
2491 913 2674 985 granis
2696 915 3086 985 congregastis.
3125 913 3233 970 Sed
3261 922 3315 970 et
3347 912 3451 969 boc

1878 1004 2026 1076 quod
2062 1004 2131 1060 de
2178 1003 2391 1075 magnis
2439 1002 2650 1059 acervis
2676 1002 2944 1059 modicum
2998 1001 3173 1059 fuerat
3196 1004 3447 1068 electum,

1879 1110 2003 1152 cum
2029 1095 2347 1152 intulissetis
2371 1095 2425 1150 in
2452 1095 2640 1150 domos
2666 1102 2898 1159 vestras,
2924 1094 3097 1150 elllavi
3126 1095 3276 1162 illud,
3299 1104 3355 1152 et
3384 1110 3448 1150 ex

1879 1205 2000 1246 mea
2029 1191 2230 1246 virtute
2254 1188 2557 1260 dispersum
2599 1195 2655 1242 et
2694 1187 2761 1243 ad
2787 1185 3008 1242 nihilum
3040 1188 3317 1243 redactum
3344 1197 3449 1243 est.

1882 1281 2247 1352 Spiritualiter
2283 1280 2357 1335 illi
2402 1280 2471 1335 ad
2499 1279 2727 1351 amplius
2775 1278 3088 1349 respiciunt,
3137 1288 3192 1333 et
3244 1276 3451 1335 minora

1882 1376 2170 1446 recipiunt,
2196 1375 2286 1445 qui
2309 1375 2377 1429 de
2405 1374 2517 1429 suis
2544 1372 2796 1443 operibus
2840 1372 3149 1444 gloriantes,
3193 1383 3451 1428 mternam

1882 1468 2186 1524 mercedem
2215 1467 2315 1522 sibi
2363 1465 2499 1521 falso
2524 1483 2555 1521 a
2596 1464 2823 1521 Domino
2847 1463 3187 1535 pollicentur.
3218 1484 3235 1515 σ
3279 1463 3450 1531 Quam

1882 1558 1953 1616 ob
1981 1573 2201 1614 causam
2233 1557 2364 1612 dicit
2395 1556 2652 1612 Dominus
2700 1556 3059 1622 exercituum,
3108 1556 3235 1627 quia
3264 1556 3454 1611 domus

1883 1664 2006 1705 mea
2058 1648 2272 1704 deserta
2299 1656 2405 1713 est,
2452 1655 2508 1702 et
2543 1662 2641 1703 vos
2687 1645 2954 1702 festinatis
2984 1646 3356 1715 unusquisque
3400 1646 3452 1699 in

1884 1739 2100 1795 domum
2136 1753 2308 1793 suam.
2340 1757 2358 1789 ι
2390 1737 2611 1809 Mystice
2631 1737 2705 1791 illi
2737 1738 2788 1791 in
2816 1737 3033 1792 domum
3062 1753 3215 1792 suam
3244 1736 3454 1792 deserta

1886 1831 2045 1887 domo
2070 1831 2164 1886 Dei
2195 1829 2466 1895 festinant,
2494 1830 2585 1899 qui
2631 1828 2917 1884 mundanis
2961 1828 3345 1897 cupiditatibus
3368 1843 3458 1883 ea-

1882 1923 1983 1992 pti,
2018 1930 2076 1977 et
2100 1921 2332 1977 terrenis
2372 1920 2582 1975 actibus
2623 1919 2889 1990 occupati,
2918 1917 3174 1989 templum
3201 1917 3292 1972 Dei
3320 1934 3452 1973 con-

1881 2020 2091 2069 struere
2112 2011 2410 2083 negligunt.

1957 2122 1977 2153 ι
2002 2101 2229 2173 Propter
2257 2103 2380 2168 hoc,
2406 2116 2566 2171 super
2586 2114 2681 2156 vos
2700 2098 2957 2171 prohibiti
2978 2105 3102 2154 sunt
3126 2098 3246 2154 caeli
3269 2113 3336 2154 ne
3358 2098 3454 2154 da-

1882 2200 2005 2248 rent
2033 2208 2232 2256 rorem,
2264 2200 2319 2248 et
2342 2202 2487 2249 terra
2516 2192 2785 2262 prohibita
2830 2200 2913 2246 est
2940 2204 3010 2246 ne
3055 2193 3210 2247 daret
3236 2202 3456 2261 germen

1882 2299 2061 2341 suum.
2094 2303 2112 2334 ι
2160 2282 2277 2339 Non
2314 2282 2488 2340 solum
2520 2282 2739 2353 (inquit)
2789 2280 2913 2338 cmli
2956 2281 3190 2352 pluviam
3222 2296 3330 2335 non
3367 2281 3458 2334 de-

1882 2373 2095 2437 derunt,
2119 2374 2214 2429 sed
2235 2389 2337 2430 nec
2357 2389 2536 2432 rorem
2564 2374 2778 2444 quidem
2801 2372 3144 2438 matutinum,
3166 2380 3227 2426 ut
3244 2377 3458 2425 arentes

1882 2465 1996 2542 agri
2026 2465 2235 2526 nmmo
2262 2465 2452 2526 saltem
2496 2465 2724 2524 humore
2749 2471 3201 2538 temperarentur.
3234 2459 3456 2537 Typice,

1883 2562 2006 2619 θεειὶ
2031 2569 2160 2617 sunt
2183 2562 2432 2632 apostoli,
2467 2575 2647 2615 rorem
2673 2569 2730 2614 et
2764 2560 3001 2628 pluviam
3036 2556 3299 2613 doctrina:
3343 2567 3458 2609 ca:-

1883 2654 2058 2718 lestis,
2096 2661 2277 2717 terrm,
2316 2654 2368 2707 id
2399 2661 2483 2707 est
2534 2651 2839 2706 auditorum
2886 2648 3141 2703 cordibus
3171 2643 3456 2700 infunden-

1882 2756 1985 2803 tes.
2015 2746 2278 2802 Probibiti
2324 2753 2449 2801 sunt
2485 2744 2609 2800 caeli
2653 2759 2721 2799 ne
2771 2743 2963 2798 darent
3010 2755 3207 2805 rorem,
3246 2726 3460 2809 quando

1882 2840 2104 2909 perfidis
2128 2837 2327 2894 Iudaeis
2366 2838 2590 2893 verbum
2618 2835 2809 2891 salutis
2853 2833 3233 2904 spernentibus
3258 2845 3459 2902 praece-

1882 2939 2032 3000 ptum
2059 2936 2142 2985 est
2165 2928 2435 2997 apostolis,
2461 2935 2536 2991 ttt,
2563 2934 2752 2980 euntes
2775 2926 2825 2979 in
2848 2924 3105 2980 mundum
3128 2916 3458 2985 universuttt,

1882 3022 2237 3093 prmdicarent
2266 3019 2534 3092 gentibus.

1960 3132 1979 3164 ι
2018 3112 2091 3167 Et
2133 3113 2319 3168 vocavi
2365 3110 2667 3166 siccitatem
2721 3123 2883 3178 super
2932 3116 3152 3171 terram,
3201 3115 3256 3159 et
3300 3120 3463 3173 super

1886 3214 2116 3269 montes,
2148 3212 2207 3258 et
2232 3218 2396 3273 super
2425 3201 2685 3266 triticum,
2713 3206 2768 3254 et
2787 3212 2947 3268 super
2973 3198 3180 3262 vinum,
3222 3206 3275 3250 ct
3302 3211 3462 3264 super

1886 3296 2085 3360 oleum,
2114 3302 2169 3349 et
2190 3307 2522 3364 quaecunque
2545 3290 2750 3362 profert
2777 3289 2994 3354 ltumus,
3022 3298 3074 3343 et
3103 3298 3264 3355 super
3284 3283 3459 3339 homi-

1884 3405 2003 3455 nes,
2029 3397 2085 3444 et
2105 3387 2545 3459 superjumenta,
2573 3393 2628 3440 et
2657 3398 2818 3454 super
2843 3396 3056 3437 omnem
3083 3380 3322 3434 laborem
3347 3391 3461 3432 ma-

1884 3499 2069 3538 nuum.
2106 3502 2123 3534 ι
2152 3480 2389 3537 Vocatur
2410 3481 2627 3536 siccitas
2648 3479 2825 3551 primo
2846 3493 3008 3548 super
3022 3486 3243 3541 terram,
3266 3471 3460 3529 deinde

1886 3589 2048 3645 super
2068 3573 2248 3627 omnia
2276 3588 2397 3643 qua:
2422 3571 2628 3644 profert
2654 3572 2871 3635 humus,
2920 3571 2986 3624 ad
3025 3568 3270 3624 ultimum
3297 3580 3457 3638 super

1886 3665 2136 3719 homines
2157 3672 2211 3718 et
2236 3679 2397 3733 super
2435 3661 2701 3732 jumenta,
2745 3663 2892 3732 quia,
2923 3661 3259 3732 praecedente
3289 3656 3452 3720 fame,

1884 3756 2131 3829 profecto
2156 3771 2319 3826 super
2354 3756 2601 3810 homines
2630 3763 2682 3809 et
2705 3752 2950 3823 jumenta
2978 3767 3126 3806 mors
3163 3749 3328 3813 venit,
3353 3748 3459 3803 sic-

1885 3863 1992 3917 que
2020 3847 2160 3903 idem
2186 3847 2398 3918 gladius
2420 3844 2753 3917 quaecunque
2783 3859 2975 3899 manus
3010 3843 3287 3898 hominum
3313 3839 3460 3895 labo-

1887 3946 2123 4001 raverat,
2150 3936 2438 3991 consumit.

1964 4047 1982 4080 ι
2020 4027 2090 4081 Et
2129 4026 2333 4081 audivit
2357 4023 2677 4091 Zorobahel,
2706 4019 2845 4079 filius
2882 4022 3164 4087 Salathiel,
3197 4030 3251 4077 et
3285 4020 3460 4085 Jesus,

1887 4117 2031 4173 filius
2060 4115 2344 4183 Iosedech,
2371 4116 2625 4170 sacerdos
2653 4128 2897 4186 magnus,
2925 4124 2979 4169 et
3014 4128 3203 4167 omnes
3225 4113 3462 4184 reliquiae

1886 4206 2068 4280 populi
2093 4221 2278 4261 vocem
2327 4204 2539 4260 Domini
2582 4204 2678 4258 Dei
2727 4204 2829 4269 sui,
2860 4211 2915 4258 et
2939 4200 3102 4257 verba
3126 4202 3305 4272 Aggzei
3333 4216 3461 4270 pro—

1888 4298 2083 4371 phetae,
2102 4296 2244 4352 sicut
2262 4296 2411 4351 misit
2429 4310 2552 4350 eum
2576 4294 2834 4349 Dominus
2856 4294 2998 4349 Deus
3010 4308 3197 4348 eorum
3216 4293 3282 4348 ad
3297 4294 3462 4363 ipsos,

1889 4396 1946 4443 et
1965 4387 2146 4443 timuit
2168 4385 2394 4458 populus
2425 4400 2454 4439 a
2484 4384 2619 4440 facie
2655 4384 2887 4439 Domini.
2918 4404 2936 4435 ι
2978 4384 3268 4456 Diligenter
3289 4394 3467 4441 atten-

1890 4479 2145 4544 dendum,
2191 4478 2335 4548 quod
2368 4492 2475 4532 non
2525 4474 2823 4532 Zorobabel
2860 4490 2960 4530 nec
3010 4473 3168 4531 Jesus
3211 4476 3467 4532 sacerdos

205 4606 327 4653 stra
356 4613 517 4667 super
543 4597 659 4653 vias
703 4603 931 4652 vestras.
979 4594 1268 4651 Ascendite
1295 4594 1350 4649 in
1376 4602 1633 4659 montem,
1661 4607 1789 4663 por—
1820 4608 1868 4669 ο
1892 4573 2138 4629 limuls“
2157 4571 2428 4669 dicfmmfg
2454 4568 2548 4669 εέδ
2566 4568 2795 4669 Ρορυξυθ
2815 4567 2992 4669 ξῇηυίί
3016 4583 3045 4621 ³
3068 4566 3203 4669 “fde
3228 4566 3464 4633 Domini:

210 4700 328 4746 tate
357 4688 581 4760 lignum,
609 4696 661 4742 et
682 4686 944 4743 azdiiicate
972 4685 1211 4741 domum.
1247 4704 1266 4739 ›
1301 4683 1651 4741 Considerate
1679 4682 1789 4754 (in-

210 4780 353 4855 quit)
395 4788 589 4836 cuncta
613 4795 734 4851 qua:
764 4778 973 4851 geritis,
1008 4786 1064 4835 et
1089 4776 1277 4833 relicta
1312 4792 1441 4832 cura
1485 4784 1787 4832 vestrarum

211 4873 497 4937 domuum,
526 4870 797 4925 ascendite
824 4869 876 4923 in
918 4876 1154 4924 montem
1201 4865 1484 4931 Libanum,
1514 4864 1791 4935 praecidite

214 4964 382 5033 ligna,
416 4971 471 5017 et
500 4960 761 5018 asdilicate
788 4960 1005 5016 domum
1052 4973 1251 5013 meam.
1289 4978 1307 5009 ε
1357 4957 1423 5011 Et
1448 4955 1792 5027 acceptabilis

217 5052 500 5115 tuiitierit,
555 5062 610 5106 et
658 5050 1017 5123 glorificabor,
1073 5048 1204 5105 dicit
1256 5047 1535 5102 Dominus.
1576 5066 1595 5099 ι
1654 5045 1791 5113 Quid

218 5157 403 5201 autent
431 5145 568 5215 ligna
597 5154 829 5209 tantum,
872 5158 979 5197 non
1016 5140 1222 5211 lapides
1260 5138 1413 5207 jubet
1438 5137 1635 5200 aﬂ'erri,
1666 5136 1797 5190 illud

219 5247 305 5293 est
336 5235 479 5306 quod
506 5234 713 5289 Hebraei
754 5235 962 5296 dicunt,
1009 5231 1135 5301 quia
1186 5238 1309 5300 post
1353 5230 1628 5282 incensum
1663 5235 1799 5281 tem-

220 5332 372 5401 plum
401 5328 635 5399 parietes
666 5332 1056 5389 remanserant,
1086 5332 1143 5377 et
1184 5321 1386 5377 idcirco
1413 5318 1555 5389 ligna
1590 5324 1797 5370 tantum

224 5422 294 5481 ad
323 5418 681 5489 contignanda
716 5414 1023 5472 necessaria
1044 5421 1238 5469 erant:
1291 5408 1530 5479 Mystice,
1561 5405 1614 5460 in
1644 5420 1800 5459 mun-

225 5528 339 5574 tetn
364 5512 675 5580 ascendere,
719 5518 806 5564 est
849 5505 1187 5563 altitudinem
1237 5502 1431 5557 divinae
1473 5496 1799 5567 contempla-

229 5608 396 5663 tionis
419 5606 677 5659 virtutum
723 5598 1053 5673 profectibus
1080 5593 1360 5657 scandere,
1406 5605 1470 5644 ac
1496 5586 1797 5644 testimonia

231 5701 630 5770 Scripturarum
660 5692 946 5764 quaerendo
985 5687 1240 5751 incidere,
1269 5691 1328 5739 ut
1357 5681 1480 5737 inde
1507 5678 1800 5734 aediﬁcetur

234 5791 487 5861 templum
511 5783 838 5855 acceptabiie
870 5780 1111 5836 Domino.

313 5906 331 5936 ι
362 5879 690 5953 licspexistis
717 5876 783 5932 ad
830 5872 1079 5944 amplius,
1111 5880 1161 5924 et
1188 5884 1312 5923 ecce
1343 5866 1540 5921 factum
1574 5871 1652 5918 est
1699 5863 1795 5916 mi-

1895 4675 2126 4738 uterque
2174 4665 2316 4721 enim
2366 4663 2637 4719 Christum
2690 4660 2981 4731 significat,
3028 4661 3117 4729 qui
3164 4668 3248 4715 est
3276 4674 3369 4715 rex
3413 4669 3469 4715 et

1896 4759 2234 4818 sacerdosin
2277 4757 2485 4813 duabus
2533 4755 2742 4811 naturis
2793 4753 2886 4811 Dei
2920 4763 2975 4810 et
3017 4752 3252 4809 hominis
3277 4761 3333 4808 et
3361 4767 3467 4807 una

1894 4866 2148 4923 persona.
2178 4847 2532 4903 Andientibus
2556 4861 2686 4917 ergo
2719 4840 3017 4899 Zorobabel
3046 4849 3101 4897 et
3123 4841 3249 4897 Jesu
3275 4856 3469 4911 magno

1896 4946 2182 5003 sacerdote
2209 4942 2371 4998 verba
2400 4940 2632 5003 Domini,
2672 4937 2849 4993 timuit
2878 4937 2988 4992 sola
3016 4935 3319 5001 multitudo,
3346 4949 3466 5005 quas

1896 5038 2126 5095 necdum
2171 5036 2225 5090 in
2255 5033 2430 5089 virum
2459 5030 2761 5102 perfectum
2810 5038 3077 5096 evaserat,
3117 5046 3145 5084 a
3195 5027 3334 5084 facie
3368 5027 3472 5082 Do-

1898 5128 2053 5193 mini,
2070 5127 2123 5181 id
2144 5132 2228 5180 est
2247 5122 2613 5195 indignatione
2631 5120 2769 5193 ejus,
2782 5121 3034 5191 quoniam
3056 5118 3234 5175 vultus
3255 5116 3468 5174 Domini

1898 5233 2062 5289 super
2083 5216 2343 5271 facientes
2374 5211 2534 5267 mala.

1977 5330 1995 5361 ι
2034 5309 2102 5363 Et
2125 5306 2262 5361 dixit
2288 5305 2538 5375 Aggtcus,
2569 5300 2792 5356 nuntius
2814 5295 3030 5353 Domini
3045 5297 3111 5352 de
3133 5296 3334 5352 nuntiis
3359 5296 3467 5352 Do-

1903 5399 2056 5464 mini,
2087 5395 2286 5468 populo
2308 5395 2514 5450 dicens.
2552 5412 2569 5443 ι
2606 5390 2686 5446 Ex
2715 5389 2818 5445 hoc
2837 5389 2954 5444 loco
2975 5387 3194 5458 quidam
3224 5401 3472 5457 sumpse-

1904 5500 2033 5547 runt
2065 5502 2337 5554 errorem,
2384 5494 2633 5558 putantes
2685 5481 2938 5555 Aggreum
2983 5478 3230 5550 angelum
3275 5485 3467 5532 natura

1905 5582 2090 5648 fuisse,
2132 5587 2188 5637 et
2230 5580 2464 5649 quadam
2507 5576 2684 5632 divina
2731 5572 3128 5643 dispensatione
3173 5570 3468 5629 humanum

1905 5689 2104 5743 corpus
2129 5670 2509 5740 assumpsisse,-
2534 5675 2756 5739 propter
2780 5666 2883 5720 hoc
2906 5663 3049 5733 quod
3070 5661 3265 5718 dicitur
3289 5679 3302 5715 :
3330 5659 3477 5715 Dixit

1905 5764 2148 5837 Aggreus,
2180 5763 2395 5818 nuntius
2424 5758 2655 5815 Domini.
2687 5755 2799 5809 Hoc
2834 5754 2973 5808 idem
3002 5760 3057 5807 et
3094 5751 3160 5807 de
3184 5747 3472 5812 Malacbia,

1908 5866 1957 5913 et
1991 5857 2057 5911 de
2081 5855 2282 5910 Joanne
2314 5853 2547 5921 Baptista
2578 5848 2885 5918 opinantur.
2914 5843 3018 5900 Sed
3047 5840 3342 5901 sciendum,
3378 5854 3476 5892 na-
