3950 6460
435 405 542 460 illi
905 402 1259 460 llAYMONlS
1299 401 1780 460 HALBERSTAT.
1822 402 2038 457 EPISC.
2081 401 2229 458 OI’P.
2275 403 2453 459 PARS
2489 403 2531 460 Ι.
2560 435 2631 446 --
2669 404 3025 464 COMMENT.
3068 409 3237 467 BIBL.
3595 417 3710 472 2m

438 528 556 572 tura
598 529 694 570 eos
719 518 968 570 homines
993 515 1180 579 fuisse,
1207 514 1384 570 oilicio
1419 532 1549 572 vero
1583 516 1824 588 angelos,
1856 516 1910 571 id
1935 524 2018 572 est
2044 521 2094 580 Α
2121 516 2284 571 etiam
2315 532 2501 574 mense
2538 520 2769 589 septimo
2796 530 2852 578 et
2884 521 3142 578 vicesuna
3168 526 3338 594 prima
3364 533 3453 583 die
3475 532 3704 595 iocosis,

433 609 668 672 nuntios,
715 608 803 678 qui
833 607 1042 678 populis
1090 608 1182 662 Dei
1224 607 1556 664 voluntatem
1597 608 2011 664 annuntiabant.

437 699 542 753 llic
569 715 698 770 ergo
730 701 988 768 propheta
1028 700 1249 755 nuntius
1285 701 1518 768 dicitur,
1560 702 1614 758 id
1654 712 1738 758 est
1772 703 2010 774 angelus.

433 791 689 860 quoniam
729 800 908 862 typum
937 790 1186 861 gestabat
1226 793 1438 848 Domini
1468 792 1798 860 Salvatoris,
1830 796 1922 865 qui
1960 803 2015 851 et

434 887 550 956 ipse
591 886 769 956 magni
804 886 1013 941 consilii
1043 888 1268 956 angelus
1297 889 1512 943 dicitur.
1545 889 1697 955 Quod
1724 898 1902 943 autem
1932 888 2015 943 di-

432 976 509 1030 cit
545 993 559 1030 :
600 993 618 1027 ι
655 975 886 1031 Νιιιιιίυε
911 978 1124 1032 Domini
1147 980 1213 1034 de
1244 979 1447 1034 nuntiis
1472 980 1705 1044 Domini,
1741 1000 1759 1033 ›
1796 981 1901 1035 tale
1931 988 2016 1035 est

432 1082 497 1122 ac
517 1067 559 1122 si
582 1066 807 1128 diceret.
826 1069 1085 1140 prOpheta
1108 1068 1175 1124 de
1201 1071 1496 1141 prolihetis.
1526 1090 1544 1122 ς
1573 1071 1682 1142 Ego
1712 1072 2011 1137 vobiscum,

432 1160 565 1216 dicit
590 1161 872 1216 Dominus.
900 1180 921 1214 ι
948 1161 1064 1217 Non
1085 1163 1186 1217 hoc
1207 1163 1272 1218 ad
1298 1163 1597 1218 Zorobabel
1621 1179 1721 1232 nec
1742 1163 1807 1218 ad
1829 1163 2013 1218 Jrsum

433 1250 601 1318 dicit,
630 1251 722 1306 sed
759 1253 825 1307 ad
854 1252 1107 1322 populum
1136 1254 1225 1322 qui
1268 1255 1520 1309 timuerat
1547 1270 1581 1308 a
1604 1254 1742 1311 facie
1774 1256 2011 1312 Domini.

430 1343 510 1398 llli
543 1344 688 1398 enim
716 1343 768 1397 in
797 1359 1029 1414 persona
1068 1344 1273 1400 Christi
1308 1346 1682 1416 accipiuntur,
1721 1355 1780 1400 ut
1808 1347 2012 1401 dictum

431 1443 549 1500 est,
591 1444 644 1489 et
680 1451 802 1489 cum
830 1435 909 1490 eis
935 1443 1096 1504 atque
1130 1436 1182 1489 in
1215 1436 1295 1490 eis
1328 1451 1541 1505 semper
1567 1445 1686 1491 erat
1725 1436 2007 1492 Dominus.

431 1524 715 1580 Confortat
735 1541 869 1597 ergo
891 1527 1148 1581 Dominus
1170 1526 1455 1598 populum,
1480 1527 1665 1584 dicens
1689 1545 1703 1582 :
1736 1547 1752 1580 ε
1789 1527 1900 1598 Ego
1919 1543 2012 1584 vo-

430 1620 638 1675 biscum
666 1636 808 1686 sum,
838 1636 936 1691 ego
957 1636 1051 1676 ero
1077 1628 1259 1676 vester
1281 1620 1512 1690 adjutor.
1553 1642 1571 1674 ι
2010 1679 2012 1681 ,

508 1729 526 1761 ι
565 1710 633 1764 Ει
668 1710 1241 1766 suscitaviLDominus
1272 1711 1520 1780 spiritum
1565 1711 1886 1777 Zorobabel,
1917 1711 2011 1766 ﬁlii

433 1798 716 1866 Salathiel,
739 1801 891 1857 ducis
917 1801 1075 1868 Juda,
1099 1810 1153 1857 et
1181 1803 1431 1872 spiritum
1457 1801 1606 1869 Jesu,
1638 1803 1729 1857 ﬁlii
1749 1801 2010 1857 Josedech

2114 608 2309 664 iterum
2341 608 2542 664 factum
2569 619 2655 666 est
2683 612 2904 668 verbum
2940 615 3153 671 Domini
3196 617 3249 672 in
3288 633 3448 674 manu
3494 620 3705 691 Aggzei.

2114 697 2314 756 Mensis
2342 702 2603 770 septimus
2634 709 2778 758 totus
2804 702 3033 759 festivus
3065 715 3183 761 erat
3222 716 3389 777 atque
3418 708 3706 766 solemnis.

2113 788 2459 860 Jurejtaque
2499 790 2561 845 ﬁt
2596 807 2776 848 sermo
2819 793 3030 850 Domini
3075 797 3141 851 ad
3179 797 3470 870 Aggzeum,
3516 802 3571 856 id
3617 813 3711 859 est

2113 876 2384 946 festivum,
2417 879 2472 934 in
2509 882 2740 951 septimo
2767 882 2842 951 (id
2867 893 2952 938 est
2978 885 3193 956 festivo)
3217 903 3434 953 mense,
3457 900 3512 945 et
3537 892 3593 945 in
3623 892 3709 946 vi-

2113 967 2314 1022 cesima
2350 970 2526 1040 prima
2572 971 2658 1026 die
2701 973 2940 1038 mensis,
2991 975 3226 1046 impletis
3276 980 3487 1036 scilicet
3529 983 3711 1038 tribus
3787 1025 3790 1028 .

2113 1059 2562 1130 hebdomadibus,
2589 1072 2643 1118 et
2669 1065 2942 1135 completo
2964 1069 3228 1138 mysterio
3257 1070 3562 1128 Trinitatis.
3599 1073 3712 1128 Ter

2112 1150 2258 1205 enim
2297 1161 2529 1221 septem,
2555 1153 2741 1224 viginti
2770 1171 2934 1210 unum
2959 1168 3105 1212 sunt.

2190 1263 2208 1293 ι
2240 1243 2372 1310 Quis
2413 1245 2466 1299 in
2514 1245 2666 1300 vobis
2707 1256 2789 1302 est
2826 1249 3136 1319 derelictus,
3177 1255 3268 1324 qtti
3304 1255 3436 1312 vidit
3479 1256 3706 1312 domum

2113 1334 2274 1389 istam
2310 1337 2364 1391 in
2394 1337 2563 1407 gloria
2594 1354 2691 1392 sua
2722 1339 2934 1408 prima?
2959 1341 3026 1396 Et
3055 1344 3184 1413 quid
3219 1361 3314 1401 vos
3341 1345 3536 1403 videtis
3561 1349 3710 1404 hanc

2113 1427 2295 1481 nunc?
2327 1426 2578 1505 Nunquid
2618 1446 2725 1484 non
2766 1431 2845 1484 ita
2874 1440 2957 1487 est
2992 1435 3147 1502 quasi
3177 1451 3284 1490 non
3323 1437 3394 1490 sit
3430 1437 3487 1491 in
3523 1438 3712 1494 oculis

2111 1519 2341 1573 vestris?
2367 1529 2421 1575 et
2448 1537 2591 1576 nunc
2629 1521 2968 1590 confortare,
2997 1525 3316 1595 Zorobabel,
3354 1530 3485 1586 dicit
3519 1533 3713 1588 Domi-

2114 1625 2236 1677 nus,
2251 1619 2303 1665 et
2315 1610 2641 1677 confortare,
2657 1611 2806 1679 Jesu,
2825 1614 3197 1681 liliJosedecb,
3211 1621 3468 1677 sacerdos
3482 1638 3711 1694 magne,

2113 1711 2170 1759 et
2207 1702 2532 1770 confortarc,
2573 1706 2750 1760 omnis
2789 1707 3020 1776 populus
3060 1717 3244 1777 terrae,
3281 1711 3418 1766 dicit
3441 1713 3715 1770 Dominus

2113 1797 2446 1852 exercituum
2471 1839 2486 1864 ,
2517 1807 2571 1854 et
2618 1797 2778 1854 facite
2821 1800 3074 1870 quoniam
3123 1818 3224 1873 ego
3253 1804 3532 1860 vobiscum
3559 1823 3716 1874 sum,

431 1892 732 1948 sacerdotis
769 1892 986 1963 magni,
1021 1902 1076 1948 et
1111 1892 1361 1962 spiritum
1406 1893 1734 1963 reliquorum
1769 1892 1836 1946 de
1863 1894 2011 1948 omni
2041 1880 2087 1939 B
2117 1888 2245 1943 dicit
2278 1887 2536 1944 Dominus
2562 1890 2928 1956 exercituum,
2973 1894 3197 1948 verbum
3224 1896 3365 1964 quod
3391 1896 3573 1967 placui
3611 1914 3714 1953 vo-

429 1985 645 2055 populo.
694 2005 712 2037 »
751 1985 1065 2041 Suscitatur
1103 1986 1326 2057 spiritus
1368 1985 1666 2042 Zorobabel
1705 1994 1760 2041 et
1792 1985 2016 2056 spiritus

429 2077 554 2133 Jesu
574 2119 587 2142 ,
611 2086 670 2132 ut
697 2095 915 2150 regnum
935 2088 987 2132 et
1004 2079 1364 2134 sacerdotium
1387 2078 1718 2134 azdificarent
1734 2077 2009 2148 templum.

432 2166 740 2222 Suscitatur
761 2169 985 2238 spiritus
1013 2169 1205 2238 reliqui
1226 2169 1440 2240 populi,
1470 2171 1521 2225 id
1544 2179 1628 2225 est
1656 2169 1867 2224 devotio
1898 2169 2015 2223 ani-

430 2257 509 2312 mi
527 2265 581 2313 et
601 2258 850 2313 voluntas
869 2299 884 2324 ,
917 2267 975 2312 ut
1003 2258 1204 2314 iaceret.
1231 2276 1351 2330 quae
1372 2268 1706 2330 prmcepcrat
1731 2259 2009 2314 Dominus.

437 2336 462 2399 ι’
493 2347 556 2404 Et
583 2349 812 2420 ingressi
836 2357 986 2415 sunt,
1012 2359 1067 2404 et
1094 2349 1362 2406 faciebant
1383 2366 1518 2420 opus
1538 2351 1592 2406 in
1613 2350 1773 2406 domo
1801 2350 2012 2406 Domini

427 2441 769 2495 exercituum
808 2440 902 2496 Dei
937 2442 1040 2496 sui.
1085 2462 1102 2494 ι
1135 2442 1374 2514 lngressi
1408 2451 1555 2508 sunt,
1581 2443 1837 2512 quoniam
1869 2442 2014 2496 foras

433 2531 715 2598 exierant,
753 2534 805 2588 id
834 2541 917 2588 est
940 2534 1138 2588 suimet
1175 2535 1327 2590 obliti
1348 2544 1534 2599 erant,
1571 2535 1712 2591 sicut
1758 2534 2015 2606 prodigus

430 2611 594 2689 titius,
618 2625 683 2680 de
704 2641 810 2696 quo
832 2627 1031 2682 dicitur
1071 2629 1212 2698 quod
1248 2629 1300 2683 iu
1324 2645 1383 2685 se
1404 2644 1654 2684 reversus
1671 2636 1777 2695 est,
1799 2628 2020 2698 quando

433 2716 676 2798 decrevit
694 2719 762 2776 ad
784 2728 992 2791 patrem
1019 2721 1216 2777 redire.

1052 2856 1282 2913 CAPUT
1320 2858 1383 2912 ll.

513 3004 531 3037 σ
566 2987 622 3040 ln
652 2987 738 3044 die
763 2988 1018 3044 vicesima
1041 2999 1097 3045 et
1121 2998 1312 3062 quarta
1333 2990 1534 3046 mensis
1561 2989 1614 3045 in
1645 2998 1799 3047 sexto
1831 3005 2015 3046 mense

432 3069 495 3136 in
530 3093 678 3135 anno
713 3081 952 3137 secundo
986 3082 1134 3138 Darii
1164 3083 1327 3153 regis.
1368 3102 1385 3133 )
1422 3082 1713 3154 Coeperunt
1743 3083 2015 3139 :editicare

431 3173 622 3230 eodem
659 3189 834 3241 anno,
880 3175 972 3246 qui
1012 3191 1174 3246 supra
1215 3177 1419 3246 positus
1465 3184 1582 3242 est,
1623 3185 1677 3231 et
1725 3177 1776 3230 in
1824 3177 2014 3231 eodem

2113 1977 2354 2044 biscum,
2381 1994 2504 2034 cum
2538 1980 2934 2051 egrederemini
2962 1981 3029 2037 de
3065 1991 3210 2038 terra
3238 1985 3480 2056 Egypti.
3531 2006 3553 2039 ι
3587 1987 3719 2043 Cle-

2114 2069 2448 2126 mentissime
2477 2071 2788 2126 consolatur
2816 2073 3076 2126 Dominus
3105 2074 3358 2143 populum
3379 2115 3396 2141 ,
3424 2076 3518 2147 qui
3557 2077 3720 2146 prio-

2115 2177 2229 2218 rem
2258 2164 2476 2218 domum
2507 2163 2560 2218 in
2585 2178 2680 2219 sua
2712 2163 2882 2234 gloria
2913 2165 3196 2232 viderant,
3218 2165 3272 2220 in
3299 2166 3454 2237 cujus
3483 2183 3720 2237 compa-

2114 2255 2324 2310 ratione
2388 2257 2507 2312 htec
2578 2255 2864 2312 videbatur
2925 2257 3083 2326 quasi
3147 2273 3252 2313 non
3312 2273 3452 2314 esse.
3529 2259 3722 2316 Nolite

2115 2347 2412 2420 (inquiens)
2445 2348 2767 2420 desperare,
2794 2348 2963 2404 nolite
2994 2365 3187 2405 manus
3211 2351 3570 2417 submittere,
3607 2368 3721 2424 ego

2112 2438 2255 2493 enim
2293 2455 2409 2494 sum
2451 2442 2725 2496 vobiscum
2748 2481 2761 2503 .
2799 2455 2899 2511 ego
2928 2441 3275 2510 omnipotens
3310 2443 3525 2499 locutus
3559 2460 3721 2510 sum,

2115 2530 2267 2600 cuius
2291 2530 2492 2585 dixisse
2517 2528 2710 2585 fecisse
2725 2538 2826 2592 est,
2856 2539 2909 2585 et
2926 2530 3010 2583 illa
3033 2531 3269 2600 implebo
3283 2549 3403 2603 quae
3426 2535 3719 2590 vobiscum

2115 2624 2314 2694 pepigi,
2361 2641 2484 2680 cum
2525 2640 2621 2679 vos
2659 2623 2725 2678 de
2769 2623 3003 2696 {Egypto
3046 2625 3232 2680 eduxi.
3283 2646 3300 2677 ι
3346 2627 3411 2681 Ει
3460 2628 3724 2696 Spiritus

2115 2731 2297 2781 mens,
2334 2735 2352 2768 ι
2389 2715 2440 2770 id
2475 2722 2560 2770 est
2598 2715 2856 2770 divinitas
2882 2717 3186 2787 majestatis
3219 2734 3383 2783 mem,
3417 2720 3530 2774 sive
3577 2719 3717 2790 Spi-

2117 2807 2251 2861 ritus
2287 2814 2542 2871 sanctus,
2576 2805 2728 2874 cujus
2769 2815 2852 2862 est
2884 2807 3062 2862 omnis
3094 2807 3395 2864 consolatio
3417 2849 3432 2872 ,
3469 2809 3622 2864 unde
3659 2818 3720 2866 et

2114 2901 2422 2974 paracletus
2464 2894 2801 2972 appellatur,
2852 2919 2869 2952 ι
2917 2901 3024 2955 erit
3058 2901 3111 2956 in
3152 2902 3332 2956 medio
3368 2911 3642 2956 vestrum.
3692 2925 3718 2954 δ

2115 2994 2210 3049 Est
2232 3001 2409 3047 autem
2435 2993 2522 3047 hic
2547 3001 2657 3048 tota
2680 3001 3102 3047 commemm'ata
3127 2992 3385 3047 Trinitas.
3424 2993 3594 3048 Patu-
3626 3004 3721 3048 est

2115 3085 2207 3155 qui
2237 3084 2366 3139 dicit
2394 3099 2408 3136 :
2441 3083 2552 3154 Ego
2581 3099 2699 3138 sum
2727 3081 3002 3136 vobiscum
3041 3101 3055 3136 :
3092 3082 3278 3148 Filius,
3307 3084 3531 3138 verbum
3558 3085 3726 3152 quod

2115 3174 2290 3244 placui
2325 3172 2633 3236 vobiscum;
2676 3170 2912 3241 Spiritus
2947 3182 3210 3242 sanctus:
3244 3172 3310 3226 Et
3344 3172 3568 3240 spiritus
3599 3173 3720 3240 (in-

432 3280 641 3332 mense,
663 3267 756 3324 sed
777 3282 884 3322 non
911 3267 965 3322 in
988 3268 1177 3323 eadem
1203 3269 1309 3324 die.
1335 3267 1507 3340 Supra
1530 3268 1672 3323 enim
1701 3283 1838 3322 unus
1864 3281 2014 3321 men-
2043 3248 2085 3309 (ἶ
2119 3265 2253 3336 quit)
2287 3280 2439 3318 meus
2479 3263 2582 3317 erit
2615 3262 2668 3316 in
2709 3262 2884 3316 medio
2921 3269 3178 3316 vestrum.
3220 3280 3238 3312 ι
3271 3261 3444 3317 Nolite
3481 3261 3720 3327 timere,

431 3356 530 3422 sis,
565 3356 620 3410 id
647 3365 730 3412 est
746 3359 954 3427 primus
982 3358 1218 3426 ponitur,
1257 3358 1346 3412 hic
1373 3374 1501 3413 vero
1536 3358 1831 3412 vicesimus
1858 3372 2016 3428 quar-

432 3437 541 3502 tus.
579 3449 658 3502 Ex
702 3464 810 3520 quo
841 3447 1189 3516 intelligimus
1237 3449 1377 3502 inter
1426 3449 1659 3519 primum
1700 3449 1878 3514 diem,
1909 3465 2015 3520 quo

431 3537 692 3592 Dominus
744 3538 953 3593 locutus
993 3546 1078 3592 est
1123 3552 1222 3608 per
1262 3537 1546 3608 Aggaeum,
1604 3546 1657 3592 et
1698 3539 2013 3593 vicesimum

436 3635 692 3697 quartum
727 3642 834 3697 quo
870 3628 1087 3697 operari
1127 3635 1440 3698 coeperunt,
1483 3627 1651 3684 fuisse
1691 3628 1903 3685 medios
1937 3629 2015 3684 vi-

434 3717 568 3788 ginti
609 3718 743 3773 duos
793 3718 928 3773 dies.
970 3717 1123 3788 Apud
1169 3716 1419 3774 llebncos
1451 3718 1640 3792 viginti
1680 3722 1797 3775 duae
1820 3719 2015 3776 litterae

433 3819 579 3863 sunt.
621 3809 724 3864 Per
763 3811 866 3866 hoc
900 3811 1207 3867 ostenditur
1240 3811 1493 3881 quoniam
1523 3814 1750 3884 populus
1793 3828 2014 3869 necesse

435 3898 857 3956 habebatdoeeri
875 3907 929 3954 et
955 3901 1164 3956 discere
1193 3901 1457 3976 elementa
1472 3904 1736 3959 sermonis
1763 3904 1875 3959 Dei.
1909 3904 2015 3976 My-

432 3991 597 4055 stice,
631 3991 868 4061 quandiu
912 3992 964 4047 in
1002 3993 1101 4048 hac
1139 3994 1246 4049 vita
1278 3973 1498 4062 sumus,
1537 3997 1691 4067 quasi
1723 3999 1821 4051 sub
1853 3998 2013 4052 Dario

435 4082 692 4148 vivimus,
737 4083 862 4154 quia
917 4100 1047 4140 caro
1089 4097 1350 4158 repugnat
1392 4088 1638 4159 spiritui,
1688 4097 1743 4144 et
1790 4090 2014 4161 spiritus

433 4177 618 4243 carni,
661 4186 715 4232 et
747 4178 800 4234 in
833 4188 985 4234 sexto
1021 4195 1236 4246 mense,
1281 4181 1331 4235 in
1374 4197 1481 4252 quo
1517 4197 1742 4237 numero
1773 4182 2013 4254 perfecte

433 4267 573 4321 Deus
593 4269 795 4332 omnia,
821 4277 873 4324 et
897 4270 948 4322 in
979 4271 1215 4325 secundo
1237 4287 1400 4336 anno,
1429 4272 1609 4342 inquo
1637 4288 1859 4328 numero
1883 4290 2013 4329 con-

432 4366 541 4412 stat
573 4359 771 4412 sobolis
803 4359 1089 4429 reparatio.
1124 4360 1352 4416 Necesse
1379 4371 1462 4416 est
1489 4378 1618 4432 ergo
1637 4375 1697 4418 ut
1725 4365 2011 4420 timeamus

434 4465 464 4502 a
498 4448 634 4504 facie
672 4449 918 4516 Domini,
950 4460 1004 4504 et
1045 4451 1444 4519 ingrediannw,
1473 4461 1526 4506 et
1562 4452 1824 4509 faciamus
1845 4470 2009 4524 opera

434 4541 680 4603 Domini,
715 4541 765 4594 id
804 4548 887 4595 est
921 4557 986 4594 ex
1022 4541 1310 4596 virtutibus
1350 4541 1573 4596 Domino
1603 4543 1657 4597 in
1698 4543 1850 4599 nobis
1879 4555 2012 4599 tem-

435 4632 581 4702 plum
607 4631 952 4686 :ediiicemus.
981 4631 1277 4686 Vicesimus
1301 4639 1528 4701 quartus
1552 4632 1686 4698 dies,
1712 4633 1802 4703 qui
1825 4650 2012 4689 numc-
2040 4605 2090 4664 Ι)

438 4743 558 4781 rum
600 4726 926 4796 duplicatum
977 4725 1142 4779 habet
1189 4726 1607 4792 duodenarium,
1657 4727 1901 4798 designat
1945 4743 2012 4783 ex

436 4829 665 4888 utroque
691 4818 886 4889 populo
908 4816 1136 4873 Judaico’
1168 4826 1221 4872 et
1244 4818 1428 4888 gentili
1455 4819 1856 4888 congregandos
1883 4817 2012 4874 iide-

438 4913 516 4967 les
536 4951 550 4976 ,
576 4919 629 4965 el
652 4909 929 4980 sp'rituale
955 4909 1210 4978 tcmphun
1249 4910 1623 4964 mdiiicaturos.
1655 4909 1767 4965 Hoc
1799 4927 2010 4982 quoque

438 5001 757 5066 dicendum,
796 5001 938 5071 quod
979 5000 1278 5069 triplicatus
1321 5001 1630 5054 octonarius
1660 5002 1843 5071 viginti
1879 5018 2007 5071 qua-

444 5103 566 5149 tuor
595 5090 835 5161 perﬁcit:
868 5091 991 5160 quia
1013 5105 1142 5143 vero
1171 5089 1531 5152 circumcisio,
1569 5105 1687 5158 qua:
1711 5102 1902 5146 octava
1923 5091 2010 5146 die

438 5186 616 5244 ﬁebat,
646 5179 701 5237 et
730 5181 1023 5253 spiritualis
1047 5182 1227 5252 templi
1255 5182 1559 5249 aedificatio,
1594 5182 1647 5236 in
1677 5183 1780 5238 ﬁde
1801 5191 2010 5239 constat

434 5287 633 5335 sancta:
655 5275 952 5332 Trinitatis.

513 5386 530 5417 ι
566 5367 624 5420 lu
655 5367 888 5437 septimo
916 5379 1120 5430 mense,
1152 5365 1404 5420 vicesima
1436 5365 1607 5436 prima
1646 5386 1672 5436 »ψ
1697 5365 1782 5420 die
1809 5383 1827 5414 ‹
1863 5381 2009 5420 men-

435 5459 529 5519 sis,
564 5455 764 5511 factum
800 5464 884 5513 est
913 5455 1134 5510 verbum
1171 5455 1380 5510 Domini
1422 5455 1474 5509 in
1493 5471 1652 5510 manu
1679 5455 1857 5527 Aggmi
1887 5471 2012 5524 pro-

433 5551 630 5620 phetae,
664 5551 850 5604 dicens
879 5569 889 5602 :
919 5549 1165 5618 Loquere
1189 5548 1252 5601 ad
1294 5532 1612 5611 Zorobabel,
1652 5547 1818 5600 ﬁlium
1855 5546 2010 5601 Sala-

435 5638 588 5704 thicl,
604 5637 791 5693 ducem
807 5639 962 5700 Juda,
984 5647 1031 5692 et
1048 5637 1252 5698 Iesum,
1280 5638 1444 5691 lilium
1459 5637 1740 5703 Iosedech,
1765 5639 2014 5693 sacerdov

437 5725 545 5787 tem
575 5748 845 5798 magnum,
874 5741 928 5785 et
950 5733 1013 5783 ad
1041 5731 1273 5800 reliquos
1299 5731 1500 5800 populi,
1522 5732 1725 5786 dicens.
1765 5753 1783 5784 ι
1812 5731 2009 5787 Eodem

437 5823 650 5896 quidem
673 5839 836 5886 :mno,
867 5820 972 5896 quo
994 5833 1039 5874 et
1073 5837 1255 5893 supra,
1285 5822 1335 5876 id
1361 5832 1436 5877 est
1469 5824 1702 5879 secundo
1723 5815 1892 5892 Darii,
1917 5824 2010 5881 scd

2117 3357 2241 3427 quia
2286 3356 2400 3412 haec
2441 3353 2573 3408 dicit
2609 3353 2867 3407 Dominus
2902 3352 3238 3408 exercituum
3268 3372 3281 3407 :
3311 3353 3503 3408 Adhuc
3531 3369 3720 3408 unum

2117 3447 2388 3502 modicum
2417 3453 2534 3511 est,
2568 3454 2624 3500 et
2648 3459 2748 3516 ego
2779 3445 3131 3500 commovebo
3163 3444 3360 3500 caelum
3398 3452 3454 3500 et
3496 3455 3726 3499 terram

2115 3550 2170 3596 et
2226 3555 2377 3595 mare
2429 3548 2484 3595 et
2526 3539 2753 3604 aridam,
2803 3545 2858 3593 et
2909 3539 3138 3594 movebo
3181 3555 3372 3594 omnes
3419 3548 3640 3608 gentes.
3693 3558 3722 3588 ι

2116 3632 2339 3700 Quando
2361 3631 2594 3702 primum
2625 3629 2676 3683 in
2707 3639 2888 3684 monte
2917 3627 3050 3683 Sina
3094 3624 3502 3683 Testamentum
3533 3629 3726 3684 daba—

2118 3732 2224 3788 tur,
2251 3722 2392 3778 movi
2414 3721 2632 3787 cudum,
2661 3719 2878 3789 quando
2904 3720 3058 3774 vobis
3079 3719 3143 3774 de
3162 3719 3301 3775 caelo
3322 3720 3533 3775 locutus
3554 3735 3722 3786 sum,

2117 3815 2256 3869 movi
2296 3823 2528 3876 terram,
2575 3813 2791 3881 quando
2827 3826 3002 3866 meam
3038 3811 3382 3882 praesentiam
3430 3810 3606 3880 caligo
3657 3822 3725 3868 et

2115 3906 2353 3961 tenebras
2392 3913 2446 3960 et
2486 3905 2652 3966 turbo
2681 3906 3016 3968 cernebant,
3052 3913 3107 3958 et
3138 3915 3196 3960 ut
3234 3903 3518 3959 Psalmista
3561 3904 3651 3957 ait
3701 3918 3720 3957 :

2119 4001 2319 4054 «Deus:
2341 4012 2460 4050 cum
2475 3995 2818 4067 egredereris
2830 3996 2880 4049 in
2896 4004 3185 4065 conspectu
3201 3994 3376 4064 populi
3392 3993 3486 4056 tui,
3501 4013 3520 4043 ι
3539 4001 3594 4048 ει
3614 4009 3721 4048 re-

2114 4091 2280 4159 liqua,
2304 4088 2444 4143 movi
2462 4101 2609 4142 mare
2631 4085 3125 4154 Rubrmn,quando
3139 4085 3294 4142 divisi
3311 4084 3454 4147 illud,
3479 4091 3534 4137 et
3553 4083 3724 4139 viam

2113 4179 2317 4251 praabui
2345 4177 2540 4250 populo
2581 4177 2900 4232 transeunti.
2945 4175 3088 4231 Movi
3123 4186 3181 4231 et
3213 4177 3421 4231 aridam
3442 4217 3456 4242 ,
3481 4177 3726 4245 quando

2115 4270 2457 4326 circumduxi
2487 4269 2739 4341 populum
2765 4268 3125 4338 quadraginta
3154 4269 3308 4322 annis
3327 4283 3426 4338 per
3446 4267 3586 4320 viam
3613 4267 3720 4321 in-

2115 4361 2258 4417 viam
2306 4370 2363 4417 et
2413 4346 2670 4416 incultam
2717 4369 2878 4429 atque
2925 4360 3132 4414 aridam
3170 4359 3557 4426 solitudinem,
3585 4359 3726 4430 Ego

2116 4456 2300 4525 itaque
2336 4455 2427 4525 qui
2473 4464 2598 4510 tunc
2636 4450 2722 4508 illa
2757 4451 2894 4517 feci,
2943 4451 3122 4506 adhuc
3165 4451 3395 4507 movebo
3435 4450 3549 4518 ipsa
3585 4450 3723 4506 eleo

2117 4531 2297 4601 menta
2318 4587 2333 4610 ,
2363 4528 2505 4615 quOd
2547 4545 2732 4615 utique
2768 4544 2968 4599 factum
2997 4550 3081 4597 est
3116 4545 3168 4596 in
3202 4544 3434 4597 adventu
3460 4541 3717 4597 Domini.

2117 4639 2254 4692 Nam
2299 4648 2539 4708 tempore
2582 4637 2850 4706 passionis
2905 4635 3078 4699 illius,
3118 4645 3321 4688 motum
3361 4643 3442 4689 est
3475 4633 3723 4700 coelum,

2115 4731 2331 4802 quando
2358 4729 2437 4786 sol
2473 4729 2792 4784 obscuratus
2832 4736 2933 4794 est,
2961 4736 3015 4783 et
3047 4728 3282 4783 tenebrae
3309 4725 3461 4781 facta:
3483 4733 3608 4781 sunt
3633 4727 3722 4783 ab

2115 4823 2248 4877 hora
2276 4830 2428 4878 sexta
2459 4835 2629 4890 usque
2660 4819 2727 4875 ad
2757 4821 2945 4874 horam
2982 4833 3209 4883 nonam;
3246 4825 3392 4872 terra
3430 4823 3573 4870 mota
3610 4829 3724 4871 est

2115 4932 2236 4972 cum
2279 4931 2410 4970 saxa
2459 4913 2810 4978 funderentur,
2854 4912 3098 4981 sepulcra
3144 4919 3528 4982 patescerent,
3577 4908 3715 4979 ipsa

2114 5022 2328 5077 quoque
2354 5014 2497 5060 terra
2526 5012 2816 5068 tremeret,
2856 5014 3062 5058 motum
3103 5010 3186 5058 est
3226 5017 3376 5057 mare
3411 5002 3720 5071 praesentis

2113 5095 2317 5160 smcnli,
2349 5094 2564 5149 ﬂatibus
2589 5094 2889 5148 daemonum
2919 5094 2972 5147 in
2995 5093 3314 5168 seditionem
3338 5091 3714 5157 concitatum,

2113 5189 2330 5258 quando
2378 5195 2433 5242 et
2474 5187 2638 5242 draco
2684 5186 3000 5242 interfectus
3047 5194 3167 5249 est,
3220 5187 3273 5242 id
3321 5193 3404 5242 est
3446 5183 3719 5240 diabolus

2114 5288 2434 5350 superatus,
2467 5278 2557 5348 qui
2585 5277 2818 5332 cubabat
2848 5279 2900 5331 in
2934 5278 3070 5331 mari
3098 5275 3255 5345 hujus
3294 5275 3495 5331 saeculi.
3531 5273 3714 5330 Movit

2112 5380 2166 5426 et
2195 5370 2435 5436 aridam,
2463 5370 2707 5439 squalida
2736 5378 2790 5424 et
2822 5368 3153 5423 infructuosa
3191 5368 3354 5425 corda
3389 5366 3708 5438 gentilium.

2116 5460 2274 5516 Omni
2297 5477 2426 5533 ergo
2451 5457 2803 5517 universitate
2833 5469 3122 5525 contracta,
3162 5468 3321 5514 mota:
3349 5465 3477 5512 sunt
3503 5473 3712 5514 omnes

2116 5563 2302 5623 gentes
2323 5552 2739 5624 praedicantibus
2772 5551 3062 5620 apostolis,
3090 5551 3347 5622 quoniam
3387 5539 3442 5604 in
3476 5564 3709 5603 omnem

2117 5651 2317 5696 terram
2347 5642 2513 5698 exivit
2534 5659 2697 5697 sonus
2734 5658 2942 5698 eorum.
2989 5661 3008 5694 ι
3044 5642 3111 5696 Ει
3146 5643 3323 5697 veniet
3353 5640 3709 5696 desideratus

2116 5733 2326 5788 cunctis
2348 5735 2612 5804 gentibus,
2639 5743 2693 5788 ct
2717 5733 2946 5804 implebo
2968 5733 3182 5790 domum
3206 5735 3366 5789 istam
3396 5732 3594 5810 gloria,
3621 5733 3706 5786 di-

2116 5824 2192 5880 cit
2223 5825 2476 5882 Dominus
2495 5826 2846 5882 cxerciluum.
2881 5846 2897 5879 ι
2922 5826 3260 5905 Manifestum
3289 5836 3375 5898 est.
3403 5826 3707 5882 adventum
3773 5895 3776 5898 ἢ
