3950 6464
164 439 260 496 ΞΠ

1115 437 1518 496 ENARRATIO
1557 438 1624 494 IN
1661 439 1979 499 AGGIEUM
2019 442 2458 503 ΡΒΟΡΗΕΤΑΜ.

3321 458 3425 513 218

165 553 362 613 Christi
393 549 776 624 prtenuntiari.
814 566 906 621 qu.
937 551 1346 609 desrderabatur
1375 565 1428 610 et
1456 564 1738 626 exspecta—
1766 560 1813 617 Λ
1841 571 1971 609 sona
1993 557 2228 623 Domini,
2249 559 2461 615 dicens:
2486 581 2504 612 ι
2528 561 2584 616 Si
2605 561 2787 617 tulerit
2808 563 2972 619 homo
2991 571 3424 625 carnemsaneti-

167 651 340 712 batur,
369 655 431 701 ut
459 645 747 700 redimeret
775 653 980 716 gentes,
1005 644 1072 698 de
1090 659 1198 714 quo
1227 645 1517 715 Apostolus
1558 662 1573 700 :
1619 665 1638 698 ι
1681 646 1740 702 Ιιι

165 755 321 811 quem
374 737 686 793 desiderant
735 737 912 807 angeli
966 737 1301 806 prospicere.
1365 758 1384 790 ι
1446 736 1740 810 Postquam

165 845 290 901 ergo
319 828 408 886 ille
435 829 615 892 venit,
645 827 866 898 impleta
902 834 985 882 est
1007 827 1178 898 gloria
1206 829 1397 884 domus
1424 829 1661 896 Domini,
1687 829 1746 884 id

165 929 245 976 est
268 918 512 975 Ecclesia
531 960 546 984 ,
582 935 702 990 qua:
728 928 812 975 est
831 919 1040 988 ,domns
1068 920 1161 975 Dei
1198 920 1264 975 de
1305 921 1445 976 vivis
1478 921 1742 992 lapidibus

163 1009 443 1066 aediﬁcata.
469 1011 526 1066 Si
552 1011 700 1066 enim
727 1011 958 1082 gloriosa
981 1009 1084 1066 fuit
1102 1013 1311 1076 domus,
1337 1028 1457 1084 qua:
1476 1013 1741 1068 aediﬁcata

162 1109 244 1156 est
276 1117 306 1155 a
333 1116 512 1167 servo,
547 1108 808 1173 quantum
832 1102 998 1157 distat
1029 1117 1216 1157 servus
1238 1120 1267 1156 a
1294 1101 1551 1167 Domino,
1591 1111 1742 1158 tanto

163 1193 352 1249 melior
379 1203 465 1250 est
501 1196 726 1260 domus,
766 1195 853 1250 cui
885 1203 1082 1264 praeest
1117 1194 1408 1261 Dominus,
1436 1194 1506 1251 ab
1535 1194 1625 1250 illa
1654 1195 1740 1250 cui

162 1284 372 1355 praefuit
398 1301 606 1342 servus.

233 1393 253 1427 ι
276 1374 451 1432 Meum
463 1386 550 1433 est
569 1385 872 1448 argentum,
895 1385 952 1433 et
970 1391 1149 1432 meum
1171 1386 1254 1434 est
1270 1394 1483 1445 aurum,
1499 1378 1628 1435 dicit
1645 1379 1746 1436 Do-

161 1465 339 1521 minus
373 1467 730 1523 exercituum.
772 1467 962 1538 Magna
994 1469 1099 1524 erit
1136 1469 1305 1540 gloria
1348 1471 1539 1527 domus
1584 1471 1741 1527 istius

160 1559 466 1614 novissimae
490 1559 608 1629 plus
630 1575 791 1630 quam
819 1561 1008 1630 primae
1025 1602 1040 1626 ,
1075 1561 1206 1617 dicit
1242 1562 1502 1619 Dominus
1527 1565 1739 1620 exerci-

155 1648 332 1703 tuum.
365 1668 382 1700 ι
414 1649 494 1704 Ac
531 1651 573 1704 si
606 1651 812 1706 diceret
843 1667 856 1705 :
895 1651 1073 1707 Nolite
1095 1654 1346 1710 dubitare
1367 1655 1508 1724 quod
1538 1655 1737 1725 possim

160 1741 380 1812 implere
417 1743 560 1812 quod
596 1744 874 1813 promitto.
907 1745 1018 1816 Ego
1047 1745 1191 1800 enim
1231 1761 1348 1801 sum
1389 1746 1480 1815 qui
1522 1747 1738 1801 condidi

159 1834 334 1888 omnia
359 1875 373 1900 ,
404 1836 457 1890 in
486 1850 652 1890 manu
683 1851 801 1890 mea
829 1848 914 1892 est
949 1846 1231 1908 argentum
1259 1847 1317 1893 et
1357 1853 1548 1893 aurum
1575 1848 1738 1909 atque

1845 643 2079 699 Beatam.
2121 663 2139 697 ι
2177 645 2315 701 Caro
2344 649 2678 705 sanctiﬁcata
2707 653 3007 720 dicebatur,
3035 669 3163 711 caro
3207 657 3422 726 hostire,

1845 749 1966 804 quae
1988 735 2368 792 immolabatur
2399 739 2452 792 in
2477 739 2656 806 altari,
2690 741 2815 797 licet
2844 743 2985 801 inter
3011 746 3157 818 ipsas
3185 750 3424 805 sanctifi-

1845 832 1993 880 catas
2015 841 2207 883 carnes
2226 837 2370 883 esset
2389 843 2579 901 magna
2603 831 2910 900 diversitas,
2934 838 3076 905 quod
3100 838 3153 893 in
3178 839 3422 896 Levitico

1841 917 2073 988 pleniter
2101 919 2318 975 dicitur.
2352 921 2666 978 lmmundus
2697 935 2875 980 autem
2908 928 2963 981 in
3001 930 3179 984 anima
3209 932 3424 987 diceba—

1844 1018 1965 1074 tur,
2011 1010 2102 1079 qui
2147 1019 2420 1066 mortuum
2465 1011 2736 1082 tangebat.
2772 1013 3017 1080 Quandiu
3061 1021 3204 1073 enim
3241 1021 3420 1076 anima

1844 1097 1897 1152 in
1929 1114 2158 1170 corpore
2194 1109 2309 1167 est,
2346 1116 2451 1156 non
2482 1109 2566 1157 est
2598 1103 2928 1167 immundum
2969 1107 3262 1165 humanum
3303 1129 3426 1168 cor-

1842 1203 1961 1258 pus,
1991 1191 2082 1259 qui
2113 1190 2272 1246 habet
2297 1192 2530 1247 animam
2553 1194 2619 1246 ad
2643 1193 2930 1265 imaginem
2949 1205 3000 1249 et
3021 1197 3422 1254 similitudinem

1844 1276 1939 1332 Dei
1969 1279 2187 1334 factam.
2221 1280 2415 1336 Statim
2445 1298 2572 1336 vero
2594 1290 2654 1337 ut
2675 1283 2854 1337 anima
2877 1300 3071 1355 corpus
3100 1286 3421 1356 deseruerit,

1841 1369 2074 1426 eﬂlcitur
2101 1388 2296 1443 corpus
2327 1374 2662 1429 immundum
2685 1416 2698 1440 ,
2738 1384 2924 1445 utpote
2962 1388 3234 1433 terrenum
3265 1389 3321 1436 et
3357 1397 3422 1436 ex

1843 1465 2024 1520 carnis
2051 1456 2325 1536 voluptate
2361 1475 2696 1522 concretum.
2738 1468 2853 1524 Hoc
2894 1470 3122 1526 dicimus
3161 1480 3424 1542 quantum

1843 1553 1910 1607 ad
1946 1561 2227 1620 naturam;
2267 1564 2521 1610 caeterum
2550 1566 2859 1613 sanctorum
2896 1575 3154 1630 corpora,
3192 1578 3424 1632 quorum

1842 1657 1988 1698 mors
2018 1651 2103 1698 est
2130 1644 2387 1714 pretiosa,
2414 1655 2599 1701 sancta
2625 1654 2836 1702 suntex
2867 1650 3058 1704 merito
3079 1651 3425 1708 inhabitatri-

1843 1733 1922 1789 cis
1942 1743 2144 1790 sanetae
2171 1736 2385 1792 animae.
2417 1737 2719 1810 lnterrogat
2737 1755 2864 1796 vero
2885 1742 3172 1812 propheta,
3196 1744 3240 1799 si
3265 1745 3428 1800 homo

1843 1825 2152 1896 quicunque
2183 1826 2367 1882 tulerit
2404 1844 2622 1884 carnem
2647 1832 3038 1888 sanetiﬁcatam
3059 1875 3073 1900 ,
3104 1844 3159 1889 et
3185 1835 3431 1908 ligaverit

156 1941 344 1982 omnes
367 1943 528 1998 opes,
559 1943 660 2001 ego
684 1929 866 1984 omnia
887 1945 1008 2000 qum
1033 1931 1337 1987 necessaria
1361 1940 1486 1987 sum
1521 1933 1573 1987 in
1603 1931 1734 1988 edi-
1767 1910 1813 1968 Β
1839 1933 1960 1972 eam
1992 1919 2044 1972 in
2085 1919 2396 1974 summitate
2428 1921 2735 1979 vestimenti
2767 1924 2886 1989 sui,
2926 1934 2981 1980 et
3005 1926 3119 1996 ipsa
3142 1927 3430 1982 summitas

158 2018 368 2074 ticando
403 2021 484 2075 vel
521 2021 768 2075 ornando
809 2022 1070 2092 templum
1116 2024 1273 2080 dabo.
1314 2023 1476 2080 Juxta
1516 2039 1736 2081 sensum

159 2112 472 2182 mysticum,
502 2127 690 2166 aurum
712 2121 809 2168 ‘est
833 2112 1026 2170 sensus
1049 2123 1106 2170 et
1133 2114 1441 2172 intellectus
1481 2117 1738 2188 spiritua-

157 2203 260 2269 lis,
298 2205 387 2274 qui
417 2205 470 2259 in
506 2204 800 2276 Scripturis
839 2205 1000 2272 latet,
1043 2207 1111 2262 de
1155 2223 1265 2278 quo
1305 2207 1557 2264 Salomon
1606 2210 1681 2266 ait
1716 2228 1731 2265 :

160 2310 180 2345 ι
214 2293 522 2349 Thesaurus
564 2294 938 2351 desiderabilis
980 2298 1271 2367 requiescit
1303 2299 1358 2353 in
1389 2315 1485 2355 ore
1518 2301 1735 2370 sapien-

154 2383 238 2440 tis.
292 2404 312 2437 ι
354 2384 651 2457 Argentum
686 2402 816 2443 vero
860 2388 1009 2444 clara
1053 2389 1264 2460 eloquia
1307 2390 1734 2461 Scripturarum,

151 2477 296 2533 unde
331 2478 615 2536 Psalmista
659 2499 672 2535 :
718 2499 738 2531 ‹
773 2481 998 2553 Eloquia
1048 2483 1258 2539 Domini
1311 2485 1524 2554 eloquia
1565 2495 1732 2551 casta,

151 2579 444 2642 argentum
466 2613 481 2637 ,
524 2591 542 2624 ι
577 2581 632 2628 et
655 2573 882 2644 reliqua.
915 2573 1013 2630 His
1037 2576 1271 2631 metallis
1301 2586 1524 2631 ornatur
1554 2577 1739 2632 Eccle-

71 2683 76 2688 ·
151 2661 228 2718 sia
247 2704 262 2729 ,
297 2671 356 2719 et
383 2664 446 2719 ﬁt
467 2664 728 2722 illustrior
755 2681 918 2737 quam
946 2668 1218 2738 quondam
1241 2667 1402 2725 fuerit
1433 2668 1734 2742 Syuagoga.

153 2773 173 2806 ι
207 2754 278 2809 Et
311 2754 365 2810 in
395 2755 515 2812 loco
537 2757 644 2811 isto
676 2757 816 2813 dabo
841 2773 1059 2827 pacem,
1090 2759 1220 2814 dicit
1253 2759 1512 2814 Dominus
1536 2760 1740 2815 exerci-

148 2855 325 2900 tuum.
357 2867 376 2899 ι
415 2846 552 2914 Quia
579 2849 647 2902 ad
670 2847 889 2903 domum
921 2847 1179 2919 inclytam
1205 2849 1577 2922 aediﬁcandam
1603 2848 1738 2904 nihil

144 2938 328 3009 magis
371 2939 575 2994 scimus
621 2941 878 3010 prodesse
925 2955 1087 3009 quam
1132 2956 1357 3010 pacem,
1405 2940 1525 2995 ideo
1567 2941 1739 3011 ipsam

144 3028 501 3098 repromittit.
530 3029 623 3084 Illa
650 3031 796 3084 enim
823 3045 1106 3096 concessa,
1135 3031 1349 3086 facilius
1373 3039 1567 3085 czetera
1598 3031 1738 3085 bona

143 3131 468 3194 sequentur.
501 3123 608 3180 Sed
642 3124 928 3195 allegorico
957 3139 1119 3180 sensu
1151 3124 1244 3179 dat
1270 3125 1527 3180 Dominus
1551 3139 1738 3194 pacem

141 3214 196 3268 in
220 3214 474 3269 Ecclesia
515 3216 770 3285 praesenti
788 3255 803 3281 ,
831 3217 1159 3287 compressis
1181 3217 1396 3288 maligni
1421 3217 1590 3271 hostis
1610 3216 1739 3272 iusi-

141 3306 278 3370 diis,
316 3313 372 3360 ct
399 3307 658 3377 mitigatis
692 3306 944 3363 vitiorum
975 3308 1128 3364 bellis
1147 3350 1161 3374 ,
1193 3309 1247 3363 in
1277 3307 1460 3364 futuro
1487 3323 1614 3363 vero
1644 3309 1740 3363 da-

138 3397 216 3452 bit
243 3413 442 3468 pacem
463 3414 646 3453 veram
669 3405 725 3453 et
751 3408 1035 3455 asternam.
1115 3392 1122 3397 ’

216 3507 237 3539 ι
269 3481 348 3543 Ιιι
379 3488 637 3544 vicesima
666 3497 721 3544 et
752 3500 942 3560 quarta
975 3490 1100 3545 noni
1149 3489 1352 3546 mensis
1386 3491 1439 3545 in
1480 3506 1622 3546 anno
1651 3506 1738 3546 sc-

135 3582 326 3636 cundo
369 3581 512 3636 Darii
553 3582 720 3653 regis,
769 3581 969 3637 factum
1009 3591 1092 3638 est
1139 3583 1364 3638 verbum
1409 3582 1623 3637 Domini
1671 3583 1738 3637 ad

133 3675 406 3746 Aggreum
451 3676 792 3745 prophetam,
832 3677 1019 3732 dicens
1063 3695 1074 3730 :
1121 3677 1247 3733 [hec
1295 3677 1429 3732 dicit
1477 3678 1739 3733 Dominus

134 3764 490 3820 exercituum
523 3784 537 3819 :
566 3763 839 3837 Interroga
866 3767 1179 3823 sacerdotes
1199 3767 1394 3838 legem,
1427 3768 1613 3823 dicens
1642 3786 1654 3821 :
1680 3767 1737 3822 Si

136 3855 341 3910 tulerit
370 3855 536 3910 homo
564 3871 781 3910 carnem
811 3857 1201 3913 sanctiﬁcatam
1226 3858 1278 3912 in
1309 3874 1404 3913 ora
1428 3858 1737 3914 vestimenti

129 3944 220 3999 sui
247 3985 264 4009 ,
320 3953 376 3998 et
409 3944 650 4014 tetigerit
679 3945 746 3999 de
783 3945 1094 4001 summitate
1130 3945 1247 4014 ejus
1281 3961 1474 4016 panem
1502 3949 1592 4001 aut
1623 3947 1740 4016 pul-

126 4042 394 4090 mentum
413 4074 427 4098 ,
455 4041 550 4087 aut
569 4034 752 4087 vinum
771 4075 786 4099 ,
810 4045 903 4090 aut
927 4036 1131 4101 oleum,
1165 4045 1259 4090 aut
1287 4045 1500 4092 omnem
1533 4037 1735 4104 cibum,

123 4123 397 4192 nunquid
419 4123 880 4178 sanctifieabitur?
907 4145 924 4177 ι
947 4125 1254 4180 Notandum
1270 4127 1412 4196 quod
1431 4141 1591 4198 supra
1607 4143 1745 4182 sem-

101 4231 241 4288 per
283 4214 492 4268 dictum
521 4225 640 4269 est:
669 4214 891 4269 Factum
920 4225 1004 4270 est
1023 4218 1243 4271 verbum
1266 4218 1476 4272 Domini
1501 4220 1552 4273 in
1581 4235 1742 4274 manu

123 4307 357 4381 Aggaei,
396 4327 415 4359 ι
449 4307 538 4362 hic
571 4323 698 4364 vero
726 4325 738 4360 :
779 4327 797 4360 ι
831 4308 1056 4364 Factum
1088 4318 1169 4365 est
1194 4309 1415 4364 verbum
1442 4310 1650 4364 Domini
1675 4311 1742 4366 ad

124 4401 428 4471 Aggaeum.
473 4417 492 4448 ι
526 4395 699 4468 Supra
728 4399 871 4453 enim
900 4399 1026 4469 quia
1064 4399 1264 4454 munda
1297 4399 1530 4454 habebat
1554 4415 1739 4471 opera,

126 4491 234 4547 sed
279 4489 338 4542 in
363 4488 526 4543 corde
556 4490 791 4544 nondum
818 4489 1030 4561 plenam
1058 4499 1374 4560 perceperat
1399 4491 1738 4561 sapientiam,

127 4595 188 4641 et
218 4590 390 4640 erant
410 4583 553 4637 inter
566 4597 659 4638 eos
681 4584 772 4654 qui
802 4585 1055 4640 nolebant
1083 4586 1349 4641 aedificare
1366 4586 1617 4656 templum
1645 4588 1744 4641 Do-

125 4677 318 4739 mino,
346 4674 468 4729 ideo
490 4675 544 4729 in
568 4691 725 4730 manu
743 4674 860 4745 ejus
878 4677 1080 4733 factum
1101 4679 1299 4735 dicitur
1317 4682 1538 4735 verbum
1567 4683 1742 4738 Domi-

127 4769 213 4823 ni.
234 4765 399 4821 Nunc
412 4767 540 4836 quia
556 4767 1024 4841 fundamentajam
1047 4773 1227 4842 templi
1243 4772 1388 4841 jacta
1406 4776 1741 4844 sunt,ct_jam

127 4856 384 4929 populus
419 4873 540 4912 cum
575 4859 911 4929 principibus
945 4860 1075 4916 facit
1099 4878 1262 4933 opera
1296 4864 1477 4935 templi
1508 4865 1738 4930 Domini,

128 4958 441 5022 propterea
476 4951 544 5005 ad
586 4951 841 5022 Aggaaum
880 4952 940 5007 fit
982 4969 1160 5010 sermo
1193 4956 1424 5010 Domini.
1463 4956 1614 5011 Nono
1643 4973 1740 5011 au-

130 5053 252 5099 tem
302 5057 493 5096 mense
540 5042 600 5096 ﬁt
645 5059 856 5107 sermo,
901 5046 1025 5114 quia
1072 5045 1137 5100 de
1176 5046 1514 5101 immunditia
1561 5049 1742 5118 populi

127 5132 460 5204 peccatoris
494 5133 771 5189 locuturus
799 5144 898 5190 est.
944 5134 1230 5204 Nunquam
1260 5138 1406 5191 enim
1439 5153 1612 5192 nonus
1637 5154 1738 5192 nu-

129 5240 338 5281 merus
377 5224 432 5278 in
464 5225 658 5280 bonam
689 5234 899 5297 partem
929 5226 1147 5296 ponitur
1179 5226 1234 5281 in
1276 5225 1574 5297 Scripturis
1603 5227 1740 5281 divi-

129 5318 244 5371 nis.
280 5314 397 5370 Sed
429 5315 681 5384 quoniam
704 5316 882 5371 adhuc
913 5318 1144 5372 dabatur
1185 5317 1264 5372 eis
1286 5327 1494 5388 tempus
1520 5318 1740 5388 agendze

129 5408 507 5479 pmnitentire,
529 5408 652 5463 ideo
679 5409 936 5464 vicesima
971 5418 1163 5480 quarta
1195 5410 1281 5465 die
1318 5408 1558 5478 ejusdem
1581 5426 1738 5464 men-

129 5499 216 5554 sis
257 5497 325 5551 fit
370 5512 551 5552 sermo
578 5497 790 5554 Domini
819 5500 888 5553 ad
917 5501 1259 5570 praphetam,
1284 5501 1337 5554 iu
1371 5515 1480 5570 quo
1508 5515 1738 5556 numero

130 5588 463 5658 duplicatur
499 5588 894 5654 duodenarius,
938 5591 1138 5660 ubique
1181 5597 1426 5645 sacratus
1457 5604 1737 5644 numerus.

137 5701 157 5732 ι
216 5681 508 5752 Interroga
549 5683 860 5737 sacerdotes
900 5680 1092 5752 legem.
1143 5701 1162 5734 ι
1209 5681 1408 5737 Eorum
1460 5681 1607 5736 enim
1656 5689 1741 5737 est

132 5771 288 5838 scire
310 5752 511 5839 legent,
541 5777 598 5825 et
624 5769 726 5840 ipsi
756 5771 1070 5842 interrogati
1099 5772 1295 5827 debent
1319 5773 1647 5844 respondere
1675 5772 1742 5831 de

132 5859 286 5933 lege.
333 5858 636 5933 lnterrogat
671 5876 803 5934 ergo
837 5877 933 5919 eos
972 5861 1196 5934 Aggazus
1222 5863 1484 5936 propheta
1515 5878 1582 5920 ex.
1617 5878 1736 5936 per-

1770 4644 1818 4702 D

1840 2009 2146 2065 vestimenti
2176 2012 2414 2084 tetigerit
2441 2028 2634 2082 panem
2655 2055 2670 2081 ,
2707 2025 2801 2070 aut
2825 2017 3121 2087 quemlibet
3156 2020 3320 2074 alium
3347 2022 3430 2076 ci-

1837 2099 1998 2166 bum,
2031 2101 2274 2172 nunquid
2306 2103 2506 2172 poterit
2541 2105 2870 2160 sanctiﬁcari
2913 2115 3056 2162 tactu
3091 2109 3424 2172 vestimenti,

1838 2193 1893 2248 in
1929 2210 2038 2265 quo
2081 2205 2268 2252 sancta
2305 2213 2436 2254 caro
2480 2199 2643 2271 ligata
2685 2202 2802 2256 est?
2834 2223 2851 2254 ι
2888 2202 3296 2274 Rcspondcntcs
3337 2223 3432 2261 au-

1840 2292 1949 2339 tem
1975 2286 2289 2342 sacerdotes
2311 2327 2326 2353 ,
2357 2288 2613 2344 dixerunt
2648 2305 2660 2344 :
2697 2289 2833 2345 Non.
2876 2311 2894 2342 ι
2938 2292 3167 2348 Rursum
3208 2295 3429 2364 ponitur

1837 2375 1940 2430 alia
1977 2378 2223 2445 quaestio,
2260 2387 2316 2432 et
2345 2378 2644 2450 interrogat
2673 2382 2954 2451 propheta.

1913 2487 1930 2519 ι
1970 2468 2038 2522 Et
2061 2469 2198 2523 dixit
2223 2469 2470 2540 Aggaaus,
2494 2472 2536 2527 si
2569 2474 2806 2545 tetigerit
2830 2475 3064 2546 pollutus
3089 2478 3144 2532 in
3169 2477 3369 2544 anima,
3400 2497 3418 2529 ι

1839 2560 1941 2615 hoc
1977 2570 2061 2616 est
2085 2557 2180 2629 qui
2216 2570 2465 2616 contactu
2493 2563 2690 2618 mortui
2723 2565 2956 2621 heminis
3000 2568 3309 2624 immundus
3337 2557 3445 2624 fa?

1837 2659 1957 2706 ctus
1970 2659 2071 2708 est.
2097 2672 2115 2703 ι
2138 2651 2215 2706 Ex
2237 2652 2488 2709 omnibus
2502 2655 2659 2711 bonis
2673 2659 2913 2728 nunquid
2932 2661 3388 2717 contaminabitur
3404 2664 3429 2716 ?

1837 2753 1890 2800 et
1914 2745 2308 2814 responderunt
2333 2747 2660 2814 sacerdotes,
2692 2758 2745 2804 et
2765 2751 3057 2806 dixerunt:
3093 2772 3110 2804 ι
3144 2753 3421 2810 Containi-

1839 2836 2074 2893 nabitur.
2120 2858 2139 2891 ι
2183 2839 2247 2893 Ει
2269 2840 2814 2912 responditAggmus,
2849 2852 2904 2899 et
2937 2845 3110 2901 dixit:
3141 2865 3159 2898 ι
3194 2845 3286 2902 Sic
3316 2864 3416 2918 po-

1836 2927 1994 2996 pulus
2020 2927 2144 2992 iste,
2183 2937 2240 2983 et
2274 2930 2352 2985 sic
2392 2946 2524 3002 gens
2549 2931 2650 2987 ista
2681 2943 2806 2989 ante
2833 2934 3021 2990 faciem
3045 2953 3261 3005 .meam,
3293 2939 3427 2995 dicit

1839 3015 2132 3082 Dominus,
2159 3027 2213 3072 et
2243 3019 2321 3074 sic
2349 3036 2512 3076 omne
2536 3037 2672 3091 opus
2693 3039 2954 3080 manuum
2985 3041 3194 3093 eorum,
3228 3037 3284 3083 et
3310 3045 3428 3084 om-

1840 3113 2036 3184 niaque
2088 3115 2400 3170 obtulerunt
2450 3117 2556 3181 ibi,
2605 3121 2970 3175 contaminata
3027 3132 3206 3178 erunt.
3275 3145 3293 3176 ι
3349 3126 3428 3180 De

1840 3203 2009 3272 priori
2051 3203 2477 3275 interrogatione
2517 3215 2704 3262 tacens
2734 3211 3030 3279 propheta,
3073 3213 3139 3267 de
3179 3216 3418 3270 secunda

1843 3296 2161 3366 respondet,
2192 3298 2484 3354 ostendens
2506 3313 2604 3354 cur
2630 3299 2731 3354 ista
2765 3304 3124 3373 proposuerit.
3149 3306 3250 3371 Qui
3275 3308 3423 3364 enim

1842 3385 2149 3444 immundus
2195 3398 2281 3444 est
2320 3389 2373 3443 in
2425 3390 2640 3454 anima,
2688 3400 2742 3446 et
2779 3394 3125 3451 morticinum
3167 3399 3426 3471 tetigerit,

1841 3495 2002 3536 omne
2031 3483 2174 3551 quod
2218 3483 2458 3554 tetigerit
2491 3485 2574 3538 vel
2611 3486 2898 3554 obtulerit,
2928 3490 3261 3547 immundum
3298 3495 3426 3552 erit.

1840 3570 1935 3626 Est
1962 3581 2140 3628 autem
2165 3590 2356 3630 sensus
2388 3593 2402 3630 :
2429 3576 2473 3632 Ο
2498 3579 2720 3650 popule,
2752 3583 2842 3651 qui
2867 3583 3024 3638 altari
3053 3594 3260 3640 tantum
3287 3598 3432 3644 stru-

1841 3671 1962 3727 cto,
2001 3671 2056 3718 et
2085 3665 2261 3720 adhuc
2295 3667 2455 3722 domo
2484 3685 2602 3724 mea
2646 3672 2822 3727 diruta
2856 3675 3062 3730 hostias
3084 3676 3246 3733 oﬂ'ers
3279 3680 3330 3734 in
3354 3681 3432 3735 al-

1843 3755 1981 3820 tari,
2009 3763 2064 3810 et
2090 3766 2247 3826 putas
2286 3766 2335 3812 te
2365 3759 2448 3814 his
2487 3761 2745 3818 carnibus
2772 3765 3098 3822 sanctiﬁcari
3118 3809 3131 3828 ,
3161 3769 3297 3823 scito
3319 3787 3428 3826 non

1844 3853 2051 3901 tantum
2081 3856 2131 3902 te
2160 3849 2484 3905 sanetiﬁcari
2521 3866 2587 3906 ex
2612 3854 2803 3910 hostiis
2831 3872 2964 3924 quas
2988 3858 3039 3911 in
3070 3860 3268 3930 templo
3306 3877 3432 3918 meo

1843 3937 2021 3992 diruto
2065 3937 2256 4004 oll'ers,
2299 3956 2462 4008 quam
2506 3945 2863 4000 contaminari
2907 3949 3090 4003 omnia
3128 3965 3247 4018 qua:
3290 3953 3426 4022 agis,

1842 4037 2062 4098 propter
2091 4029 2196 4083 hoc
2222 4029 2364 4099 quod
2395 4031 2618 4102 negligis
2640 4033 2856 4088 domum
2887 4051 3087 4102 meam,
3115 4046 3168 4091 et
3199 4049 3318 4095 tuas
3338 4042 3436 4097 do-

1845 4135 1967 4174 mus
1992 4119 2281 4190 diligenter
2307 4123 2565 4177 exstruis.

1923 4227 1942 4259 ι
1975 4209 2039 4263 Et
2067 4225 2232 4274 nunc,
2255 4211 2438 4280 ponite
2467 4213 2630 4268 corda
2661 4222 2840 4270 vestra
2875 4233 2905 4272 a
2929 4217 3015 4274 die
3046 4219 3146 4275 hac
3167 4228 3220 4276 et
3245 4214 3449 4292 supra,

1846 4311 2140 4371 antequam
2177 4311 2470 4372 poneretur
2505 4303 2642 4376 lapis
2683 4322 2845 4378 super
2881 4309 3107 4380 lapidem
3144 4313 3195 4367 in
3235 4314 3434 4386 templo

1846 4393 2088 4459 Domini,
2118 4408 2240 4448 cum
2258 4396 2590 4451 accederetis
2616 4397 2682 4452 ad
2713 4415 2966 4456 acervum
3005 4404 3195 4475 viginti
3223 4407 3436 4466 modio-

1847 4501 1986 4550 rum,
2019 4494 2074 4540 et
2098 4485 2288 4541 ﬁerent
2311 4486 2521 4552 decem,
2552 4488 2828 4546 intraretis
2849 4494 2915 4547 ad
2947 4495 3204 4561 torcular,
3244 4506 3302 4551 ut
3336 4513 3433 4555 ex-

1844 4578 2151 4646 primeretis
2178 4579 2569 4651 quinquaginta
2599 4580 2838 4651 lagenas,
2856 4593 2911 4638 et
2936 4584 3137 4642 ﬁebant
3165 4587 3374 4659 viginti.
3406 4610 3425 4642 ι

1844 4668 1890 4724 0
1915 4669 2110 4739 popule
2133 4670 2318 4731 lsrael.
2351 4673 2561 4742 respice
2589 4674 2653 4728 ad
2679 4676 2983 4745 praeteritos
3004 4679 3140 4746 dies,
3166 4690 3218 4734 et
3242 4681 3310 4736 ab
3331 4683 3434 4740 hac
3497 4722 3500 4724 η

1845 4766 2103 4822 vicesima
2137 4774 2333 4837 quarta
2365 4768 2450 4823 die
2477 4768 2604 4822 noni
2635 4772 2836 4826 mensis
2858 4773 3080 4829 secundi
3107 4776 3232 4830 anni
3259 4777 3431 4843 Darii,

1844 4855 2106 4926 quidquid
2137 4864 2285 4911 retro
2309 4865 2518 4925 gestum
2547 4867 2626 4913 est
2652 4899 2665 4922 ,
2704 4861 2986 4916 considera
3011 4902 3027 4928 ,
3070 4873 3124 4917 et
3158 4868 3433 4936 perpende

1845 4954 2046 5014 quanta
2071 4952 2216 4999 retro
2243 4946 2600 5011 sustinueris,
2629 4963 2753 5002 cum
2783 4951 3023 5006 nondum
3065 4954 3430 5011 aedificaretur

1847 5036 2104 5106 templum
2123 5077 2137 5102 ,
2183 5045 2240 5094 et
2271 5041 2486 5107 quanta
2505 5039 2600 5093 tibi
2626 5042 2906 5096 evenerint
2935 5057 3193 5114 prospera
3227 5061 3292 5100 ex
3321 5063 3429 5115 quo

1849 5126 2014 5196 erepit
2041 5127 2304 5181 construi.
2347 5126 2476 5193 Qua:
2503 5143 2634 5182 vero
2669 5129 2776 5184 sint
2806 5131 2894 5186 illa
2916 5172 2930 5196 ,
2965 5132 3077 5202 ipse
3118 5136 3434 5204 specialiter

1847 5227 2150 5274 enumerat.
2183 5221 2487 5289 Antequam
2524 5223 2829 5291 crepissetis
2861 5226 3128 5281 :editicare
3168 5229 3428 5300 templum

1849 5309 2082 5375 Domini,
2118 5318 2173 5366 et
2202 5311 2534 5366 accederetis
2564 5313 2631 5367 ad
2666 5329 2920 5370 acervum
2961 5317 3149 5374 hordei
3188 5335 3268 5375 ve.
3313 5320 3428 5376 fru-

1848 5402 2034 5466 menti,
2058 5403 2108 5457 in
2132 5419 2239 5472 quo
2265 5406 2537 5474 putabatis
2557 5422 2653 5462 vos
2674 5423 2832 5478 posse
2865 5410 3063 5467 habere
3087 5412 3277 5480 viginti
3309 5432 3426 5472 mo-

1849 5494 2000 5560 dios,
2041 5494 2128 5548 vix
2167 5494 2398 5550 mediam
2433 5505 2644 5566 partem
2690 5497 3066 5556 inveniebatis.
3105 5501 3229 5557 Pari
3267 5506 3430 5562 modo

1847 5598 1971 5639 cum
1996 5580 2252 5640 veniretis
2282 5586 2350 5640 ad
2377 5587 2614 5642 torcular
2636 5629 2651 5654 ,
2692 5592 3163 5662 etquinquaginta
3199 5599 3425 5667 amphu-
3519 5631 3522 5636 ι

1848 5690 1938 5731 ras
1978 5692 2072 5732 vos
2117 5677 2314 5734 exinde
2345 5679 2626 5736 habituros
2667 5683 3049 5751 aestimaretis,
3100 5686 3187 5741 vix
3239 5688 3427 5761 viginti

1847 5771 2135 5841 amphoras
2163 5771 2531 5843 rcperiebatis.
2564 5772 2673 5828 Cur
2695 5775 2809 5830 haec
2834 5777 3136 5845 evenerint,
3165 5782 3424 5836 ostendit.

1924 5881 1943 5916 ι
1983 5863 2252 5932 Percussi,
2279 5880 2377 5922 vos
2406 5873 2567 5923 vento
2585 5875 2776 5925 urente
2804 5874 2860 5926 et
2896 5871 3158 5939 auruginc
3184 5879 3240 5932 et
3265 5888 3427 5938 grau-
