3950 6448
457 430 562 486 219

922 417 1272 475 HAYMONIS
1310 411 1790 471 HALBERSTAT.
1832 408 2045 477 EPISC.
2087 407 2236 465 OPP.
2279 403 2460 460 PARS
2497 403 2538 457 l.
2573 422 2648 444 -ἀ
2681 398 3034 457 COMMENT.
3078 396 3244 452 BIBL.

3606 396 3723 451 2'20

461 542 613 605 dine,
640 550 823 593 omnia
852 548 1016 605 opera
1055 545 1313 587 manuum
1345 534 1647 583 vestrarum
1667 565 1682 588 ,
1708 532 1764 578 et
1792 536 1897 576 non
1939 519 2042 574 fuit
2069 518 2118 579 Α
2145 516 2308 571 etiam
2337 514 2468 569 dicit
2495 530 2510 567 :
2540 533 2557 565 ι
2595 512 2655 567 In
2681 525 2845 573 manu
2877 509 3095 605 Aggzei,
3138 527 3156 559 ι
3193 506 3340 605 sicut
3371 504 3590 605 primo,
3621 520 3731 561 nec

466 632 522 687 in
569 629 722 686 vobis
754 627 847 698 qui
875 631 1238 679 reverteretur
1272 621 1340 675 ad
1371 634 1494 685 me,
1527 616 1659 672 dicit
1689 614 1966 670 Dominus.
2016 632 2034 664 ι

463 725 560 778 Est
599 730 780 775 autem
824 717 1013 772 vilium
1052 714 1265 784 frugum
1296 713 1364 767 ab
1392 724 1559 765 aureo
1592 708 1774 765 colore
1815 706 2038 761 dictum.

461 814 610 876 llaec,
644 806 837 880 inquit,
863 805 1001 871 feci,
1028 812 1088 860 ut
1113 803 1302 860 saltem
1341 800 1521 856 afﬂicti
1545 800 1612 855 ad
1644 815 1728 854 me
1769 796 2040 863 rediretis,

462 907 556 961 sed
599 918 697 958 nec
739 902 811 955 sit
855 899 956 954 fuit
995 913 1062 952 ex
1096 896 1253 951 vobis
1291 894 1382 964 qui
1426 894 1491 948 ad
1527 907 1616 947 me
1658 897 2039 945 reverteretur.

466 998 603 1066 Ergo
626 992 865 1063 quandiu
906 987 1163 1058 templum
1202 984 1416 1042 Domini
1442 984 1793 1068 destructum
1819 979 1953 1045 fuit,
1990 984 2046 1034 et

463 1084 578 1153 ejus
600 1082 893 1138 mdificatin
935 1076 1285 1135 differebatur
1303 1117 1319 1141 ,
1343 1075 1521 1130 omnia
1546 1075 1627 1128 eis
1653 1087 1881 1128 evenere
1917 1086 2045 1127 con-

465 1182 651 1237 traria.
684 1179 754 1234 At
779 1186 1065 1249 postquam
1103 1173 1357 1243 templum
1389 1170 1720 1226 reaedificare
1740 1171 2042 1234 coeperunt,

464 1285 722 1342 prospera
759 1268 1032 1324 ﬂuxerunt
1065 1266 1266 1320 omnia.
1318 1264 1394 1317 Ex
1432 1278 1540 1333 quo
1582 1261 1742 1315 datur
1780 1255 2044 1326 intelligi,

468 1362 667 1415 frustra
705 1358 1002 1429 quemlibet
1039 1356 1268 1411 Domino
1299 1352 1495 1409 offerre
1528 1364 1753 1406 munera
1774 1388 1790 1415 ,
1819 1356 1875 1403 et
1902 1347 2046 1401 elee-

468 1450 713 1522 mosynis
754 1449 838 1505 vel
867 1446 1229 1504 oblationibus
1258 1444 1392 1498 velle
1416 1443 1585 1497 Deum
1606 1440 1824 1511 placare
1843 1479 1857 1503 ,
1879 1451 2050 1508 quan-

467 1545 558 1598 diu
591 1558 697 1598 non
738 1541 968 1597 exstruit
998 1538 1049 1593 in
1081 1554 1141 1592 se
1168 1535 1426 1604 templum
1454 1531 1703 1586 Domino.
1727 1528 1887 1585 Prius
1903 1529 2045 1584 enim

468 1637 818 1706 semetipsum
845 1635 1003 1690 debet
1032 1630 1227 1702 aliquis
1264 1629 1444 1697 facere
1476 1627 1734 1697 templum
1762 1625 1856 1680 Dei
1885 1623 2051 1695 proﬁ-

469 1730 685 1794 ciendo,
730 1735 784 1782 et
813 1727 890 1783 sic
917 1727 970 1782 in
1002 1724 1173 1780 altare
1195 1723 1318 1779 fidei
1347 1729 1569 1791 accepta
1596 1720 1707 1775 Deo
1736 1721 1873 1774 dona
1898 1716 2048 1772 vale-

469 1820 543 1874 bit
571 1817 785 1873 oii‘crre.
1662 1902 1676 1915 .
1745 1900 1770 1920 ρ
2080 1861 2125 1920 Β

546 1931 564 1963 σ
603 1910 790 1965 Ponite
830 1909 992 1964 corda
1021 1915 1204 1964 vestra
1238 1922 1305 1962 ex
1331 1906 1418 1962 die
1445 1904 1549 1961 ista
1574 1911 1631 1959 et
1662 1902 1714 1958 in
1745 1900 1982 1956 futurum
2018 1916 2050 1954 a

472 2005 559 2057 die
582 2002 840 2057 vicesima
876 2008 933 2055 et
962 2008 1157 2070 quarta
1184 1999 1309 2055 noni
1341 1996 1576 2065 mensis,
1621 2012 1649 2051 a
1690 1996 1775 2050 die
1801 2010 1905 2065 qua
1931 1993 2052 2049 fun-

474 2096 719 2148 damenta
760 2092 899 2162 iacta
924 2103 1048 2147 sunt
1075 2091 1255 2163 templi
1285 2090 1528 2155 Domini,
1563 2090 1746 2160 ponite
1768 2102 1929 2159 super
1957 2102 2053 2143 cor

474 2194 708 2240 vestrum
791 2182 1041 2253 Nunquid
1072 2184 1185 2253 jam
1225 2198 1407 2239 semen
1451 2182 1503 2236 in
1552 2180 1792 2249 germine
1836 2187 1951 2244 est,
1997 2185 2055 2233 et

473 2277 648 2331 adhuc
697 2276 747 2330 vi
776 2292 852 2330 ea
899 2284 954 2331 et
1002 2276 1135 2331 ficus
1179 2284 1233 2330 et
1281 2275 1708 2345 malogranatum
1755 2281 1807 2327 et
1847 2272 2052 2343 lignum

472 2367 628 2421 oliva!
662 2383 767 2421 non
796 2366 1008 2421 floruit?
1044 2385 1061 2417 ›
1096 2366 1277 2420 Nonus
1303 2366 1504 2421 mensis
1525 2366 1665 2436 apud
1695 2380 1796 2421 nos
1834 2372 1917 2420 est
1952 2363 2057 2419 No-

473 2459 725 2525 vember,
758 2459 850 2529 qui
880 2475 911 2512 a
945 2458 1138 2513 Martio
1167 2474 1365 2514 annum
1406 2458 1726 2528 incipimus;
1769 2458 1909 2526 apud
1946 2456 2055 2511 lle-

473 2552 647 2606 brceos
683 2561 884 2615 autem,
915 2567 1143 2621 quorum
1167 2552 1391 2622 primus,
1416 2552 1617 2606 mensis
1644 2560 1756 2617 est,
1791 2550 2055 2615 Nisan,'id

477 2652 562 2698 est
588 2643 785 2713 Aprilis
804 2685 819 2707 ,
841 2643 1139 2700 December
1154 2659 1330 2699 nonus
1356 2645 1614 2709 habetur,
1639 2660 1744 2713 quo
1770 2658 1956 2698 mense
1978 2658 2059 2699 se-

479 2737 624 2790 ntina
664 2734 836 2789 latent
864 2736 916 2789 in
956 2744 1131 2798 terra,
1179 2750 1279 2790 nec
1309 2744 1486 2804 potest
1533 2734 1827 2802 coniectari
1876 2741 2055 2791 utrum

481 2828 738 2884 sterilitas
777 2843 841 2882 an
892 2827 1196 2883 fecunditas
1234 2834 1509 2896 sequatur.
1551 2825 1688 2893 Quia
1716 2841 1845 2896 ergo
1883 2840 2058 2880 nonus

482 2919 686 2974 mensis
715 2926 851 2984 erat,
879 2918 1177 2987 interrogat
1199 2918 1458 2988 propheta
1481 2935 1494 2970 :
1533 2936 1551 2968 ‹
1572 2915 1820 2986 Nunquid
1840 2915 1952 2986 jam
1975 2931 2061 2970 se-

484 3012 676 3067 menin
715 3010 954 3082 germine
980 3011 1097 3065 rst?
1137 3031 1155 3063 ι
1190 3009 1369 3072 vel,ut
1393 3008 1493 3063 alia
1515 3008 1791 3063 translatio
1822 3007 2061 3077 apertius

486 3102 635 3164 dicit,
653 3101 703 3155 in
722 3100 977 3165 folliculo,
1005 3102 1109 3155 hoc
1136 3108 1220 3155 est
1245 3101 1296 3155 in
1330 3107 1467 3153 testa
1492 3098 1766 3155 frumenti.
1788 3098 1894 3152 Aut
1916 3112 2060 3153 nun-

486 3193 612 3262 quid
637 3201 692 3247 et
713 3193 847 3249 ficus
875 3202 1172 3265 cmteraque
1192 3193 1453 3247 dederunt
1470 3190 1653 3246 ﬂorem
1675 3229 1691 3256 ,
1735 3201 1796 3245 ut
1827 3206 1891 3245 ex
1932 3189 2063 3244 flore
2089 3207 2134 3270 ρ

486 3286 704 3339 ubertas
717 3284 889 3352 possit
914 3283 1166 3352 agnosci?
1188 3283 1284 3338 Ast
1302 3298 1429 3353 ergo
1445 3298 1548 3337 non
1573 3282 1673 3336 alia
1688 3296 1848 3336 quam
1870 3279 2060 3334 ﬂorum

487 3371 820 3440 conjectura,
852 3372 945 3427 sed
973 3372 1287 3442 pr0phetico
1315 3372 1506 3442 spiritu
1531 3372 1767 3439 praedico
1795 3370 1950 3425 vobis
1977 3368 2061 3424 fu-

490 3472 665 3517 turam
697 3478 877 3517 rerum
915 3464 1154 3518 omnium
1185 3464 1425 3533 cepiam,
1453 3463 1577 3533 quia
1619 3464 1860 3533 cmpistis
1892 3463 2062 3518 aedifi-

490 3571 617 3610 care
642 3554 895 3621 templum
931 3553 1165 3608 Domini.
1199 3554 1420 3624 Mystice
1441 3553 1697 3607 vicesima
1728 3563 1920 3622 quarta
1952 3554 2066 3609 dies

490 3644 619 3699 noni
648 3645 848 3698 mensis
871 3644 1028 3698 finem
1055 3644 1297 3713 designat
1318 3643 1578 3698 malorum
1608 3658 1853 3712 operum.
1882 3642 2066 3699 Nonus

402 3754 411 3765 ι
492 3735 637 3789 enim
659 3750 934 3800 numerus,
966 3743 1026 3789 ut
1047 3750 1208 3806 supra
1233 3736 1434 3791 dictum
1465 3742 1569 3799 est,
1601 3750 1814 3806 semper
1835 3736 1888 3790 in
1924 3734 2066 3790 malo

491 3826 740 3897 ponitur,
770 3827 1022 3897 quoniam
1048 3830 1194 3881 deest
1228 3826 1302 3882 illi
1343 3827 1550 3891 unitas,
1581 3843 1700 3897 qua:
1727 3826 1934 3897 adjecta
1964 3828 2065 3882 im-

492 3917 604 3988 plet
644 3916 919 3972 denariam
966 3917 1368 3988 perfectionem.
1424 3918 1525 3985 Qui
1562 3934 1693 3973 vero
1733 3918 1871 3972 mala
1913 3918 1966 3972 in
2007 3934 2069 3972 se

496 4009 716 4071 finiens,
758 4010 907 4078 quasi
952 4009 1002 4062 in
1054 4008 1159 4063 fine
1194 4009 1319 4063 noni
1362 4009 1561 4065 mensis
1599 4010 1813 4065 domum
1857 4009 2066 4063 Domini

493 4101 756 4156 aedificare
793 4100 916 4159 (hoc
960 4111 1043 4155 est
1079 4101 1316 4173 seipsum
1364 4101 1528 4156 cultui
1571 4102 1753 4157 divino
1795 4101 2067 4174 dedicare)

493 4196 738 4266 coeperit,
770 4195 1062 4249 abundavit
1101 4194 1362 4249 fructibus
1392 4195 1588 4255 vincat,
1622 4195 1775 4258 licus,
1806 4202 1861 4248 et
1891 4194 2069 4259 olivzc,

497 4286 548 4339 id
598 4292 681 4339 est
737 4284 1028 4351 replebitur
1074 4284 1245 4352 gratia
1294 4291 1350 4338 et
1390 4284 1760 4339 benedictione
1795 4285 1975 4341 Patris
2016 4292 2072 4339 et

494 4374 618 4429 Filii
659 4382 713 4428 et
755 4372 988 4443 Spiritus
1019 4374 1188 4428 sancti
1210 4354 1601 4443 ,Ispiritualem
1631 4374 1871 4429 lanitium
1893 4415 1908 4437 ,
1936 4374 2074 4429 refe-

497 4465 767 4527 ctiouem,
820 4472 981 4533 atque
1039 4464 1482 4519 illuminationem
1532 4474 1737 4519 sancta:
1791 4466 2072 4521 Trinitatis

498 4562 841 4607 consecutus.
871 4552 977 4607 Sed
1001 4552 1141 4619 lucc,
1173 4553 1225 4609 id
1248 4562 1329 4609 est
1360 4553 1511 4607 vinea
1532 4594 1546 4619 ,
1575 4555 1708 4609 ﬁcus
1735 4563 1787 4610 et
1814 4554 1975 4622 oliva,
1996 4556 2067 4613 ibi
2101 4561 2148 4621 D

501 4646 871 4709 invenientur,
903 4647 993 4701 ubi
1024 4646 1197 4701 fuerat
1218 4648 1677 4718 malogranatum,
1713 4648 1855 4704 dicta
1881 4651 1961 4705 sic
1986 4667 2074 4705 ar-

502 4739 621 4800 bor,
669 4737 921 4805 quoniam
979 4752 1194 4806 pmmun
1241 4739 1357 4810 ejus
1396 4738 1736 4794 multitudine
1781 4757 2103 4811 granorum‘

500 4827 717 4897 plenum
749 4836 846 4890 est,
883 4829 932 4881 in
957 4828 1266 4898 compositis
1295 4818 1680 4885 membranulis
1709 4832 1952 4887 diversas
1978 4833 2076 4888 ha-

502 4918 637 4972 bens
663 4919 1061 4974 mansiunculas
1081 4961 1096 4985 ,
1128 4936 1247 4990 qua:
1274 4936 1381 4975 uno
1415 4923 1642 4991 puniceo
1673 4924 1876 4979 cortice
1904 4924 2078 4979 conti-

503 5018 722 5073 nentur,
748 5011 888 5064 unde
909 5020 962 5065 et
989 5011 1185 5065 malum
1212 5012 1470 5068 Punicum
1498 5014 1717 5080 dicitur,
1746 5023 1803 5071 et
1829 5015 1954 5072 ideo
1977 5016 2076 5072 de-

504 5097 685 5168 signat
714 5098 1046 5154 innumeram
1084 5112 1393 5156 sanctorum
1427 5104 1744 5173 populorum
1776 5104 2080 5161 multitudi-

505 5207 627 5245 nem
686 5192 786 5247 sub
828 5195 987 5248 unius
1036 5195 1155 5250 fidei
1204 5197 1484 5262 societate,
1552 5201 1705 5269 quasi
1735 5202 1872 5254 intra
1922 5200 2081 5254 unius

506 5280 726 5335 corticis
740 5284 1003 5353 gremium
1032 5285 1340 5340 adunatam.
1366 5307 1383 5339 ι
1411 5288 1475 5342 Et
1493 5288 2077 5344 dieistabcnedicam.)

512 5389 528 5419 ε
556 5370 620 5423 Et
644 5370 841 5425 factum
868 5381 950 5427 est
978 5376 1199 5430 verbum
1231 5378 1437 5433 Domini
1474 5381 1708 5434 secundo
1733 5380 1799 5433 ad
1825 5380 2081 5451 Aggzenm

508 5460 563 5514 in
593 5461 852 5518 vicesimo
877 5474 931 5519 et
948 5474 1143 5536 quarto
1157 5469 1378 5529 mensis,
1406 5468 1608 5523 dicens.
1632 5489 1650 5520 ι
1682 5469 1984 5524 Notandum
2008 5471 2086 5526 di-

511 5550 862 5623 ligentissime
899 5564 1042 5626 quod
1082 5556 1256 5612 factus
1296 5559 1493 5613 dicitur
1530 5575 1708 5614 sermo
1752 5560 1962 5615 Domini
2001 5576 2085 5616 se-

510 5645 709 5709 cundo,
736 5646 790 5700 in
812 5649 999 5703 eadem
1032 5648 1118 5703 die
1138 5664 1243 5718 qua
1264 5657 1317 5704 et
1341 5651 1610 5720 superius,
1642 5652 1693 5706 id
1721 5661 1805 5707 est
1830 5653 2082 5709 vicesima

510 5745 736 5806 quarta,
777 5756 883 5794 non
918 5748 1096 5795 tamen
1130 5741 1438 5796 nominatur
1475 5758 1647 5798 nonus
1684 5745 1920 5808 mensis,
1951 5760 2085 5813 quo-

511 5827 655 5882 niam
696 5829 761 5883 de
792 5829 1022 5883 advequ
1066 5830 1264 5887 Christi
1305 5840 1359 5887 ct
1398 5848 1563 5901 regno
1606 5834 1722 5904 ejus
1742 5835 1920 5889 omnia
1963 5850 2087 5904 pro-

515 5937 672 5991 spera
714 5932 766 5979 ct
811 5925 987 5994 gaudii
1020 5926 1174 5995 plcna
1206 5927 1443 5985 dicturus
1470 5938 1545 5984 est
1581 5930 1859 5999 propheta.
1907 5929 2085 5999 Neque

2149 628 2167 658 ι
2205 607 2283 661 Α‹ι
2309 606 2562 677 Aggaeum
2589 604 2926 673 prophetam,
2970 620 2989 651 ι
3024 600 3167 655 sicut
3193 600 3246 653 in
3276 607 3470 667 quarta
3490 597 3730 663 visione,

2144 698 2236 753 sed
2266 707 2467 760 tamen,
2506 715 2524 746 ι
2556 695 2635 749 Ad
2665 693 2939 765 Aggzeum,
2977 711 2994 743 ι
3023 691 3076 747 id
3093 691 3256 747 estad
3286 689 3422 747 festa
3442 690 3734 746 celebran-

2144 774 2274 855 tem,
2307 790 2396 859 qui
2420 788 2532 858 jam
2559 804 2665 843 non
2695 787 3025 857 praenuntiat
3052 793 3360 851 venturum,
3386 785 3482 841 sed
3507 785 3741 841 venien-

2146 891 2252 937 tem
2286 883 2621 936 dcmoustrat
2648 889 2706 932 ut
2729 878 2930 932 videat.

2220 990 2239 1022 ι
2270 971 2519 1040 Loquere
2549 971 2614 1024 ad
2647 968 2963 1031 Zorobabel,
2993 968 3185 1024 ducem
3211 967 3366 1022 Iuda.
3393 986 3413 1020 ι
3436 967 3519 1024 Ad
3545 984 3727 1024 somn

2145 1062 2441 1117 Zorobahel
2460 1060 2682 1129 jubetur
2701 1061 2964 1130 propheta
2994 1059 3166 1128 loqui,
3193 1059 3286 1127 Qui
3317 1068 3500 1130 typum
3526 1058 3739 1115 Christi

2146 1155 2391 1225 gerebat,
2419 1153 2545 1225 quia
2571 1153 2806 1224 typicum
2834 1161 2919 1204 est
2940 1150 3084 1220 quod
3108 1150 3330 1215 dicitur,
3352 1158 3411 1205 et
3447 1150 3515 1204 ad
3546 1151 3740 1205 ruundi

2146 1245 2381 1313 pertinet
2405 1242 2950 1299 consummationem.
2981 1241 3112 1307 Qum
3137 1240 3245 1295 sint
3267 1240 3377 1305 illa,
3398 1255 3744 1308 consequen-

2147 1344 2233 1391 ter
2273 1335 2575 1391 ostenditur
2617 1334 2671 1389 in
2725 1333 2917 1389 ordine
2959 1316 3241 1386 historiaci
3277 1349 3296 1382 ι
3348 1331 3460 1402 Ego
3508 1332 3745 1387 movebo

2149 1425 2342 1481 cmlum
2370 1425 2578 1495 pariter
2624 1433 2681 1480 et
2727 1432 2952 1479 terram.
2986 1442 3004 1473 ι
3054 1419 3164 1475 Soli
3206 1420 3525 1484 Zorobabel,
3577 1436 3747 1489 quem

2148 1518 2386 1573 diximus
2412 1526 2624 1589 gestare
2646 1530 2935 1588 personam
2956 1513 3179 1581 Christi,
3208 1513 3504 1568 secundum
3525 1529 3747 1567 assunv

2149 1618 2298 1679 ptum
2337 1610 2613 1665 hominem
2660 1609 2916 1665 dicuntur
2960 1622 3082 1677 qua:
3113 1606 3291 1661 futura
3319 1613 3463 1661 sunt.
3516 1606 3751 1661 Muvebo

2153 1702 2371 1772 (inquit)
2405 1702 2599 1757 cmlum
2629 1710 2687 1757 et
2712 1710 2933 1763 terram.
2977 1699 3029 1754 id
3060 1707 3143 1757 est
3190 1699 3409 1755 mutabo
3439 1700 3497 1754 in
3520 1700 3749 1764 melius,

2150 1803 2212 1846 ut
2238 1792 2310 1846 sit
2348 1792 2542 1847 ccelum
2569 1807 2764 1846 novum
2789 1801 2844 1847 et
2866 1800 3008 1859 terra
3028 1804 3188 1847 nova.
3219 1792 3311 1848 Sic
3331 1793 3474 1848 enim
3500 1794 3755 1861 prmteﬁt

2159 1883 2326 1953 ﬁgura
2355 1883 2515 1955 hujus
2549 1883 2736 1938 mundi
2763 1892 3017 1939 manente
3063 1883 3385 1940 substantia.
3421 1884 3631 1940 Deinde
3658 1900 3755 1940 sc-

2153 1974 2338 2044 quitur
2362 1990 2374 2027 :

2227 2083 2245 2116 ‹
2274 2063 2342 2119 Et
2388 2064 2698 2119 subvertam
2753 2062 2946 2137 solium
2997 2079 3310 2135 regnorum,
3360 2074 3417 2121 et
3453 2071 3747 2121 conteram

2151 2156 2519 2213 fortitudinem
2544 2155 2692 2226 regni
2717 2155 2974 2225 gentium,
3005 2175 3025 2207 ›
3054 2156 3105 2209 id
3125 2165 3209 2212 est
3229 2156 3508 2212 destruam
3527 2172 3756 2213 omnem

2151 2249 2515 2319 principatum
2543 2256 2597 2305 et
2619 2254 2944 2317 potestatem
2974 2254 3027 2300 et
3063 2247 3341 2311 virtutem,
3385 2247 3502 2303 sive
3529 2256 3763 2302 eontra-

2154 2344 2264 2398 rias
2292 2341 2635 2397 fortitudines
2666 2340 2918 2411 nequitiae
2950 2340 3266 2409 spiritualis,
3296 2348 3357 2395 ut
3384 2341 3537 2410 regni
3558 2355 3758 2397 eorum

2156 2434 2451 2491 destructio
2492 2434 2664 2504 prosit
2712 2449 2816 2488 non
2851 2432 3025 2487 solum
3052 2434 3322 2503 gentibus.
3363 2448 3554 2488 verum
3586 2433 3761 2488 etiam

2156 2527 2371 2597 regibus
2394 2526 2483 2594 qui
2510 2525 2588 2579 eis
2630 2523 2986 2594 imperabant.
3019 2543 3035 2574 ι
3076 2524 3144 2578 Et
3167 2524 3479 2579 subvertam
3526 2524 3756 2593 quadri-

2157 2636 2280 2690 gam
2313 2629 2366 2673 et
2393 2633 2737 2672 ascensorem
2780 2616 2920 2686 ejus,
2948 2625 3003 2671 et
3051 2618 3376 2673 descendent
3401 2617 3529 2685 equi
3577 2624 3639 2670 et
3667 2633 3759 2669 as-

2160 2728 2416 2768 censorcs
2440 2727 2652 2776 eorum,
2683 2730 2699 2762 ι
2735 2711 2784 2765 id
2809 2719 2891 2765 cst
2916 2726 3078 2766 omne
3103 2709 3342 2765 studium
3370 2709 3755 2779 belligeraneti,

2160 2821 2266 2875 quo
2295 2804 2506 2860 sublato
2546 2803 2789 2874 sequitur
2820 2818 2944 2873 pax.
2988 2801 3099 2857 Hoc
3125 2801 3179 2856 in
3206 2801 3425 2857 Christo
3470 2800 3761 2869 impletum

2161 2895 2455 2950 Zacharias
2500 2895 2766 2963 propheta
2816 2893 3101 2948 manifeste
3146 2892 3402 2955 ostendit,
3451 2892 3648 2947 dicens
3695 2892 3764 2945 de

2162 2986 2418 3041 Christo:
2461 3003 2479 3036 ι
2511 2985 2651 3039 Ecce
2677 3000 2771 3037 rex
2815 2992 2939 3038 tuus
2964 2984 3113 3038 venit
3140 2983 3235 3039 tibi
3270 2990 3621 3044 mansuetus.
3646 2983 3764 3050 ipse

2163 3095 2384 3150 pauper,
2420 3078 2717 3133 ascendens
2743 3092 2904 3146 super
2932 3076 3132 3146 pullum
3162 3077 3365 3136 asinae;
3406 3094 3424 3125 ι
3458 3076 3765 3142 statimque

2167 3170 2478 3235 subiunxit:
2528 3188 2547 3219 ς
2598 3168 2666 3222 Ει
2694 3168 2963 3236 disperdct
3010 3182 3230 3220 currum
3278 3167 3341 3220 de
3387 3165 3675 3234 Ephraim,
3712 3173 3770 3217 et

2165 3278 2362 3331 equum
2392 3260 2457 3315 de
2505 3259 2862 3314 Hierusalem.
2905 3278 2923 3310 ι
2971 3257 3271 3326 Consurget
3300 3276 3318 3307 ί
3361 3257 3445 3309 vir
3488 3256 3541 3309 in
3572 3255 3768 3322 gladio

2163 3354 2350 3408 fratris
2379 3354 2481 3407 sui.
2515 3372 2530 3402 ι
2564 3350 2851 3419 Apostolus
2878 3349 3044 3403 dicit:
3079 3369 3096 3398 ι
3129 3347 3352 3402 Galeam
3376 3346 3566 3401 salutis
3596 3361 3768 3400 assu-

2163 3448 2313 3510 mitc,
2367 3454 2424 3500 et
2453 3445 2686 3513 gladium
2738 3444 2977 3514 spiritus,
3007 3441 3149 3511 quod
3194 3449 3279 3495 est
3321 3439 3543 3493 verbum
3582 3437 3715 3493 Dei.
3747 3456 3766 3488 ι

2164 3536 2385 3591 Gladius
2414 3542 2495 3589 est
2544 3534 2709 3605 igitur
2760 3520 2939 3587 Sermo
2985 3530 3243 3584 doctrinae
3293 3528 3555 3590 caelestis,
3608 3540 3772 3581 rese-

2165 3642 2296 3683 cans
2344 3634 2398 3679 et
2442 3625 2729 3680 concidens
2774 3622 2952 3678 omnia
3004 3635 3256 3690 perversa
3308 3619 3581 3690 dogmata.
3642 3616 3769 3671 Hoc

2165 3715 2340 3785 gladio
2370 3723 2690 3784 separantur
2726 3713 2811 3767 vir
2850 3728 2879 3766 a
2930 3711 3118 3773 fratre,
3167 3711 3308 3764 filius
3340 3726 3368 3764 a
3414 3717 3589 3781 patre,
3654 3708 3770 3762 tilia

2168 3822 2197 3860 a
2224 3815 2420 3868 matre.
2443 3822 2611 3861 nurus
2634 3821 2663 3859 ιι
2695 3820 2874 3867 socru,
2909 3813 2963 3857 et
2990 3801 3189 3856 inimici
3214 3800 3447 3855 hominis
3471 3799 3775 3855 domestici

2168 3899 2305 3969 ejus.

2252 4009 2270 4039 ι
2307 3988 2363 4043 ln
2394 3989 2480 4043 die
2513 3988 2598 4042 illa
2630 3986 2760 4042 dicit
2790 3984 3048 4040 Dominus
3077 3983 3434 4043 exercituum,
3466 3980 3776 4039 Assumam

2171 4087 2243 4145 te,
2259 4077 2578 4142 Zorobabel,
2593 4075 2682 4139 fili,
2704 4073 2959 4137 Salatbiel
2973 4088 3127 4127 serve
3148 4086 3319 4135 meus,
3333 4071 3461 4125 dicit
3475 4071 3779 4135 Dominus,

2170 4177 2225 4223 et
2248 4184 2441 4239 ponam
2475 4176 2526 4222 te
2567 4165 2723 4236 quasi
2771 4163 3123 4235 signaculum,
3174 4161 3296 4231 quia
3335 4169 3388 4215 te
3433 4160 3599 4231 elegi,
3640 4162 3784 4216 dicit

2173 4258 2432 4314 Dominus
2452 4257 2805 4312 exercituum.
2840 4274 2858 4306 ι
2897 4252 3069 4323 Supra
3099 4251 3298 4306 dictum
3328 4258 3432 4314 est,
3456 4249 3781 4304 Zorohabel

2175 4362 2357 4425 typum
2407 4360 2592 4406 tenere
2639 4348 2864 4404 Christi.
2920 4347 3147 4401 Servum
3194 4358 3316 4399 eum
3367 4352 3526 4398 vocat
3571 4341 3783 4403 Pater.

2175 4453 2395 4515 promer
2424 4450 2749 4511 assumptum
2781 4439 3009 4495 formam
3039 4437 3202 4492 Servi.
3256 4436 3321 4490 Et
3365 4434 3675 4505 Apostolus
3716 4437 3787 4490 de

2176 4536 2364 4591 eodem
2391 4553 2403 4589 :
2432 4534 2565 4600 Quia
2588 4549 2710 4587 cum
2740 4532 2878 4586 Deus
2899 4530 3061 4584 Pater
3084 4528 3223 4583 Filio
3244 4527 3477 4598 subjecet
3493 4526 3534 4579 it
3553 4527 3786 4590 omnia.

2176 4635 2302 4680 tunc
2353 4625 2467 4693 ipse
2487 4622 2654 4676 Filius
2699 4620 2969 4690 subjectus
2998 4619 3099 4675 erit
3145 4619 3214 4683 ei,
3256 4618 3349 4688 qui
3399 4616 3498 4672 sibi
3532 4616 3790 4687 subjecit

2177 4716 2377 4769 omnia.
2429 4713 2486 4769 In
2520 4711 2775 4781 subjectis
2819 4712 2963 4767 enim
3009 4711 3059 4765 ei
3107 4710 3357 4765 omnibus
3400 4706 3697 4762 videbitur
3731 4717 3790 4763 et

2179 4808 2293 4878 ipse
2326 4805 2626 4874 subjectus.
2660 4805 2790 4859 Cum
2833 4818 2962 4874 ergo
2988 4803 3090 4857 hoc
3121 4800 3283 4855 fuerit
3322 4797 3639 4868 impletum,
3693 4814 3790 4853 as-

2179 4909 2350 4956 sumet
2382 4915 2503 4954 eum
2558 4901 2702 4954 Deus
2750 4897 2931 4961 Pater,
2962 4904 3017 4950 et
3044 4903 3208 4964 ponet
3241 4909 3363 4948 eum
3388 4892 3544 4962 quasi
3571 4893 3789 4963 signa-

2180 4988 2360 5044 culum
2386 4988 2437 5041 in
2489 5004 2647 5040 manu
2678 5003 2794 5042 sua.
2827 4987 2944 5057 Ipse
2979 4995 3063 5041 est
3082 4985 3225 5038 cnim
3259 4984 3436 5053 imago
3480 4981 3577 5035 Dei
3634 4984 3795 5038 invi-

2183 5079 2357 5136 sibilis
2405 5087 2459 5133 et
2488 5078 2656 5133 forma
2684 5079 3001 5133 substantia:
3024 5075 3160 5142 eius.
3191 5075 3325 5130 Hinc
3356 5075 3467 5144 ipse
3494 5073 3692 5130 Filius
3721 5076 3793 5130 de

2185 5185 2242 5225 se
2265 5170 2394 5225 dicit
2424 5190 2430 5218 :
2462 5169 2617 5223 llunc
2643 5169 2785 5225 enim
2811 5168 2970 5222 Pater
2996 5165 3248 5235 signavit.
3272 5165 3431 5219 Deus.
3460 5163 3535 5217 Ea
3564 5166 3796 5237 quippe

2185 5242 2481 5333 signamus,
2531 5275 2650 5330 quae
2696 5259 3043 5327 singulariter
3066 5258 3282 5320 dilecta,
3336 5255 3482 5311 salva
3507 5269 3640 5310 esse
3695 5274 3785 5312 vo

2182 5352 2379 5407 lumus.
2406 5351 2559 5406 llunc
2588 5367 2715 5420 ergo
2742 5351 2903 5404 Pater
2924 5348 3150 5419 signavit
3178 5347 3503 5415 specialiter,
3538 5346 3655 5403 hoc
3706 5359 3801 5405 est

2184 5442 2345 5510 elegit
2383 5450 2437 5496 et
2482 5441 2739 5511 singulari
2795 5441 2972 5511 gratia
3024 5440 3264 5501 donavit,
3314 5439 3613 5494 secundum
3679 5441 3799 5497 hu-

2186 5534 2527 5593 manitatcm,
2558 5539 2617 5585 nt
2661 5531 2799 5585 sicut
2829 5539 2949 5585 erat
2985 5547 3148 5585 verus
3181 5532 3363 5591 homo,
3414 5545 3576 5584 verus
3630 5543 3801 5588 eset

2186 5632 2240 5678 et
2269 5625 2428 5678 Deus.
2464 5622 2577 5676 lloc
2630 5620 2906 5693 signaculo
2938 5622 3050 5676 sive
3079 5620 3279 5676 annulo
3306 5622 3504 5691 signat,
3538 5622 3799 5691 quicun-

2186 5729 2291 5781 que
2334 5714 2386 5768 in
2429 5729 2551 5769 eum
2581 5713 2775 5785 credit,
2826 5722 2880 5769 et
2926 5728 3022 5784 per
3046 5714 3184 5768 bona
3230 5727 3392 5784 opera
3442 5710 3514 5766 illi
3557 5713 3804 5782 placere

2189 5807 2481 5861 contendit.
2508 5812 2696 5861 Amen.
