3950 6438
198 423 289 481 321

1091 434 1487 491 ENAHRATIO
1523 434 1588 490 IN
1629 436 2023 493 ZACIIABIAM
2060 437 2508 503 PROPHETAM.

3324 461 3433 521 222

265 560 3413 624 —————._..____._______.___._____________________

1066 707 1169 786 IN
1246 709 1814 790 ZACHARIAM
1898 715 2542 801 PBOPHETAM.

257 923 571 1031 Zacharias,
598 923 752 1027 .ﬁiius
790 923 1085 1031 Barachiae,
1122 928 1261 985 (ilius
1308 932 1478 997 Addo,
1515 950 1650 1004 pene
1675 937 1755 990 ul-
1781 943 1828 1001 A
1857 949 2019 994 tatur.
2050 942 2154 997 Sed
2177 953 2230 998 et
2267 944 2442 1000 omnis
2469 947 2557 1015 qui
2585 951 2763 1004 studet
2799 969 3004 1011 memor
3040 973 3157 1015 esse
3192 962 3423 1031 Domini,

190 1016 352 1070 timus
388 1014 667 1069 duodecim
714 1016 1119 1086 prephetarum,
1168 1022 1523 1091 synchronos,
1574 1023 1756 1096 (idest

186 1105 621 1177 contemporalis)
667 1105 991 1179 fuitAggzei,
1045 1112 1339 1182 prepbetm.
1400 1114 1568 1170 Simul
1611 1118 1755 1172 enim

185 1196 285 1250 sub
313 1195 474 1249 Dario
503 1198 737 1252 secundo
760 1198 878 1267 ejus
914 1200 1061 1270 regni
1105 1216 1248 1257 anno
1276 1205 1751 1274 prophetaverunt.

186 1282 292 1340 Sed
331 1284 621 1341 Zacharias
663 1286 717 1341 in
764 1302 949 1345 mense
997 1298 1154 1345 octav
1178 1313 1209 1359 η,
1248 1294 1343 1362 qui
1367 1302 1451 1349 est
1479 1297 1617 1366 apud
1644 1296 1752 1352 He-

183 1380 356 1433 braros
402 1377 727 1445 November,
763 1380 991 1452 Aggzeus
1035 1398 1164 1439 vero
1206 1396 1361 1441 sexto
1405 1401 1610 1453 mense,
1660 1387 1753 1458 qui

180 1468 532 1525 nihilominus
573 1470 711 1541 apud
741 1470 863 1526 illos
911 1472 1143 1528 habetur
1192 1474 1533 1546 September,
1578 1480 1749 1548 printa

180 1557 267 1613 die
303 1558 507 1613 mensis
529 1560 853 1629 prophetare
891 1563 1071 1633 cmpit,
1105 1580 1169 1620 ac
1203 1578 1485 1636 propterea
1511 1569 1752 1626 decimus

178 1646 266 1703 ille
286 1647 413 1717 jure
452 1648 590 1713 loco,
626 1649 728 1704 iste
763 1664 891 1704 vero
931 1651 1244 1708 undecimus
1282 1656 1605 1713 constitutus
1645 1669 1749 1714 est.

178 1735 276 1791 Hic
304 1745 482 1791 autem
524 1737 718 1791 Darius
756 1737 900 1794 ﬁlius
939 1739 1038 1795 fuit
1083 1741 1362 1813 Hydaspis,
1401 1755 1595 1815 quarto
1632 1747 1751 1804 loco

177 1837 298 1897 post
343 1827 541 1899 Cyrum
594 1828 773 1884 Persis
821 1838 876 1886 et
919 1831 1087 1887 Medis
1133 1834 1422 1905 imperans.
1474 1837 1782 1908 Siquidem~

174 1914 347 1985 Cyrus
379 1916 753 1971 Chaldaeorum
775 1918 1035 1975 destruxit
1068 1921 1372 1990 imperium,
1398 1927 1527 1980 etin
1564 1927 1745 1984 Medos

174 2015 232 2060 et
260 2006 452 2061 Persas
492 2007 777 2062 transtulit.
820 2008 917 2064 Hic
959 2011 1133 2081 primo
1169 2029 1310 2070 anno
1338 2018 1489 2087 regni
1533 2020 1636 2085 sui,
1663 2036 1750 2076 se-

178 2100 415 2153 cundum
441 2101 577 2169 quod
600 2100 765 2155 Isaias
785 2102 1127 2172 prtedixerat,
1163 2106 1547 2176 quinquaginta
1579 2109 1749 2168 ferme

174 2190 341 2243 millia
370 2191 695 2260 captivorum
725 2191 793 2247 de
819 2191 1090 2265 Babylone
1136 2197 1343 2253 remisit
1385 2199 1439 2253 in
1486 2200 1745 2257 Iudaeam.

1856 1040 2005 1086 recte
2056 1033 2195 1088 ﬁlius
2232 1034 2432 1089 dicitur
2478 1038 2773 1107 Baracbim,
2835 1044 2889 1099 id
2917 1057 3000 1101 cst
3042 1038 3458 1112 benedictionis

1855 1120 2087 1178 Domini.
2138 1124 2204 1179 Et
2253 1125 2393 1180 filius
2435 1127 2607 1195 Addo,
2650 1130 2702 1185 id
2733 1140 2816 1187 est
2854 1138 3143 1193 testimonii
3192 1142 3422 1211 Domini,

1833 1215 2105 1296 quoniam
2149 1218 2240 1288 qui
2267 1218 2535 1275 Christum
2559 1223 2833 1281 confessus
2866 1227 3026 1285 fuerit
3050 1249 3229 1288 coram
3255 1237 3425 1292 homi-

1852 1305 2031 1370 nibus,
2067 1306 2553 1365 contitebitureum
2600 1312 2715 1382 ipse
2741 1331 2923 1371 coram
2965 1320 3076 1376 Deo
3120 1322 3301 1385 Patre.
3333 1331 3424 1397 qui

1853 1403 1935 1448 est
1962 1396 2014 1449 in
2045 1397 2215 1451 caelis.

1928 1511 1947 1543 ‹
1976 1490 2147 1546 Iratus
2177 1501 2262 1547 est
2290 1493 2548 1549 Dominus
2577 1511 2738 1566 super
2772 1508 2952 1568 patres
2975 1515 3181 1559 vestros
3213 1508 3428 1562 iracun-

1851 1583 1939 1639 dia
1966 1598 2179 1652 magna,
2202 1590 2255 1638 et
2277 1584 2425 1639 dices
2451 1585 2518 1640 ad
2540 1601 2632 1641 cos
2659 1606 2671 1640 :
2710 1586 2835 1643 Haec
2858 1591 2986 1645 dicit
3012 1594 3266 1651 Dominus
3285 1596 3425 1652 Deus

1850 1671 2187 1727 exercituum
2218 1670 2637 1729 :Convcrtimini
2660 1677 2726 1731 ad
2756 1693 2863 1742 me,
2887 1680 2963 1734 ait
2986 1682 3241 1739 Dominus
3264 1701 3422 1740 exer-

1850 1764 2075 1829 cituum,
2102 1773 2156 1817 et
2179 1775 2463 1819 convertar
2489 1766 2554 1821 ad
2581 1783 2697 1832 vos,
2744 1770 2873 1825 dicit
2918 1770 3177 1830 Dominus
3206 1777 3416 1831 exerci-

1852 1865 2023 1920 tuum,
2050 1869 2119 1910 ne
2164 1855 2282 1909 sitis
2330 1856 2471 1910 sicut
2519 1866 2703 1925 patres
2728 1862 2916 1927 vestri,
2951 1865 3016 1917 ad
3047 1880 3182 1934 quos
3226 1867 3423 1922 clama-

1850 1945 1982 1999 haut.
2026 1948 2300 2015 propheta:
2327 1948 2557 2016 priores,
2595 1951 2856 2006 dicentes.
2889 1974 2907 2007 ι
2941 1955 3091 2022 Quod
3133 1958 3303 2014 iratus
3341 1961 3422 2013 di-

1850 2035 2010 2101 citur,
2058 2050 2163 2089 non
2195 2046 2278 2091 est
2310 2038 2601 2106 putandum
2630 2043 2779 2109 quod.
2819 2043 2871 2097 in
2918 2060 3039 2099 eum
3092 2047 3196 2101 ulla
3227 2051 3423 2105 mentis

1849 2126 2185 2192 perturbatio
2215 2128 2390 2191 cadat,
2424 2128 2518 2182 scd
2548 2143 2647 2188 per
2683 2132 2786 2186 hoc
2815 2132 3055 2189 innuitur
3084 2137 3274 2208 dignos
3300 2154 3421 2194 esse

1850 2217 1929 2270 ira
1956 2225 2116 2286 atque
2140 2217 2375 2272 vindicta
2405 2234 2498 2274 eos
2523 2221 2716 2289 quibus
2742 2223 2845 2278 hoc
2867 2223 3080 2279 dicitur.
3117 2227 3225 2282 Nec
3252 2229 3421 2283 iratus

173 2281 315 2382 V1353
341 2283 769 2382 (ιυοίιιξιῖχξειιιριί
817 2283 1050 2382 Domi“:
1099 2302 1216 2357 (1⁸³ίὲ
1250 2288 1745 2382 βξώυίξδρἀυοδοτ
1773 2281 1819 2340 Β
1846 2281 2147 2374 ulciscitur,
2178 2309 2267 2377 qui
2310 2309 2378 2363 ad
2404 2311 2506 2365 hoc
2532 2281 2756 2382 corripit
2798 2324 2859 2368 ttt
2885 2317 3153 2373 emendet.
3191 2281 3339 2374 Unde

171 2373 385 2438 tulerat,
424 2375 672 2441 reddidit,
722 2384 777 2431 et
818 2376 1075 2446 templum
1122 2379 1435 2435 remdiiicari
1482 2380 1646 2450 jussit
1687 2383 1741 2437 in

168 2465 528 2531 Hierusalem,
560 2469 656 2521 sub
675 2467 973 2522 Zorobabel
997 2476 1051 2522 et
1068 2467 1195 2523 Jesu
1223 2472 1503 2527 sacerdote
1524 2488 1737 2542 magno.

166 2557 323 2612 IIunc
345 2557 543 2629 Cyrum
573 2558 878 2631 Thomyris,
901 2561 1082 2631 regina
1109 2560 1547 2633 Massagetarum,
1579 2565 1745 2620 inter-

169 2649 324 2713 fecit,
362 2647 585 2718 ejusque
611 2658 772 2720 caput
794 2651 849 2705 in
884 2659 1059 2706 utrem
1094 2652 1309 2722 plenum
1338 2657 1595 2726 sanguine
1618 2674 1744 2728 pro-

158 2738 311 2808 jecit,
333 2737 516 2793 dicens
540 2755 554 2791 :
584 2737 711 2793 Bibe
741 2740 1074 2811 sanguinem,
1100 2758 1262 2813 quem
1289 2759 1502 2814 semper
1543 2747 1704 2803 sitisti
1722 2751 1751 2813 1‘

164 2823 303 2881 Huic
343 2829 604 2884 successit
626 2830 677 2883 in
706 2846 925 2901 regnum
954 2830 1123 2887 Filius
1157 2834 1274 2905 ejus
1305 2834 1617 2908 Cambyses,
1651 2840 1737 2893 cui

162 2927 543 2975 successerunt
580 2920 683 2975 duo
729 2919 924 2977 fratres
970 2924 1150 2995 magi:
1195 2926 1389 2995 quibus
1417 2928 1736 2995 interfectis,

162 3007 359 3064 Darius
409 3009 511 3066 iste
568 3011 829 3082 Hydaspis
864 3012 1026 3079 ﬁlius,
1057 3029 1156 3070 rex
1199 3016 1486 3072 Persarum
1534 3022 1738 3075 constio

162 3107 313 3153 tutus
341 3108 442 3155 est.
484 3100 649 3171 Cujus
706 3105 940 3158 secundo
982 3120 1125 3161 anno
1174 3106 1469 3165 Zacharias
1513 3125 1740 3167 exorsus

158 3201 243 3247 est
270 3192 613 3264 prophetare.
646 3196 827 3265 Itaque
845 3211 873 3249 a
897 3198 1071 3268 primo
1097 3215 1239 3256 anno
1260 3200 1384 3272 Cyri
1407 3203 1549 3272 regis
1570 3219 1738 3273 usque

163 3284 231 3337 ad
260 3286 553 3340 secundum
586 3302 783 3341 annum
832 3287 999 3353 Darii,
1033 3302 1410 3362 computantur
1435 3296 1560 3351 anni
1599 3312 1732 3366 qua-

157 3377 427 3452 draginta,
457 3380 511 3438 in
538 3381 729 3453 quibus
778 3382 947 3443 altare
998 3393 1202 3444 tantum
1237 3397 1571 3448 exstructum
1616 3389 1735 3449 fasc-

156 3480 263 3536 rat,
294 3482 349 3528 et
385 3473 533 3544 jacta
564 3477 746 3546 templi
778 3476 1146 3547 fundamenta,
1192 3483 1387 3538 vicinis
1425 3486 1757 3542 nationiins.

153 3578 224 3618 ex
272 3575 540 3636 praecepto
565 3566 842 3640 Cambysa:
887 3572 1028 3642 regis
1078 3587 1173 3629 eos
1199 3574 1634 3645 prohibentibus,
1664 3593 1733 3633 ne

154 3656 412 3726 templum
444 3657 529 3713 vel
550 3658 821 3715 civitatem
852 3661 1203 3718 aedificarent.

649 3811 876 3871 CAPUT
913 3813 1203 3872 PRIMUM.

226 3940 247 3974 ι
278 3922 337 3977 In
367 3937 553 3978 mense
579 3932 770 3978 octavo
800 3925 853 3979 in
884 3940 1023 3981 anno
1052 3929 1285 3983 secundo
1310 3927 1455 3982 Darii
1480 3929 1620 3999 regis
1649 3927 1730 3983 fa-

141 4019 298 4067 ctum
321 4021 406 4066 est
428 4013 650 4066 verbum
680 4013 889 4067 Domini
918 4016 984 4068 ad
1029 4016 1345 4072 Zachariam
1374 4018 1540 4072 ﬁlium
1564 4019 1728 4073 Bara-

136 4100 289 4156 chiae
314 4099 479 4155 iilium
501 4099 676 4166 Addo,
714 4104 1052 4173 prophetam.
1083 4126 1101 4158 ι
1137 4106 1273 4161 Nota
1298 4110 1438 4177 quod
1476 4118 1530 4164 et
1555 4109 1725 4163 Bara-

135 4193 290 4250 chize
335 4201 389 4248 et
416 4191 568 4247 Addo
615 4193 757 4249 filius
786 4194 997 4249 dicatur
1030 4197 1341 4252 Zacharias.
1373 4198 1598 4255 Constat
1631 4216 1727 4254 au-

138 4293 258 4339 tem
284 4284 427 4337 hunc
453 4282 607 4339 Addo
652 4283 800 4338 illum
829 4299 948 4340 esse
990 4288 1080 4357 qui
1125 4287 1205 4358 (ut
1249 4287 1454 4359 Regum
1481 4289 1615 4344 liber
1646 4290 1726 4345 in-

137 4375 314 4446 dicat)
350 4375 548 4431 missus
570 4377 635 4431 ad
664 4374 983 4431 Hieroboam
1013 4393 1192 4448 regem
1229 4380 1540 4449 pessimum,
1563 4396 1725 4451 quan-

136 4468 213 4522 do
237 4476 292 4521 et
319 4467 490 4523 altare
525 4469 759 4523 dirutum
794 4478 898 4534 est,
929 4479 984 4525 et
1016 4487 1207 4527 manus
1250 4473 1392 4544 regis
1418 4474 1577 4541 aruit,
1606 4490 1724 4529 rur-

136 4575 366 4629 susque,
403 4570 595 4615 orante
617 4560 734 4615 viro
760 4560 878 4627 Dei,
905 4564 1151 4618 restituta
1188 4573 1291 4620 est.
1315 4564 1472 4619 Juxta
1504 4581 1718 4645 sensum

133 4651 486 4721 allegoricum
519 4660 742 4708 octavus
789 4654 1007 4719 mensis,
1046 4654 1138 4724 qui
1167 4665 1249 4711 est
1277 4657 1417 4728 apud
1466 4656 1719 4713 Hebraeos

132 4742 466 4807 November,
500 4744 710 4799 initium
736 4754 815 4800 est
864 4746 1077 4811 hiemis,
1106 4756 1160 4802 et
1206 4747 1405 4801 nullam
1434 4744 1596 4803 habet
1636 4764 1719 4803 so-

132 4836 494 4891 lemnitatem.
528 4836 662 4904 Quia
702 4837 846 4892 enim
872 4838 1100 4909 populus
1135 4839 1311 4893 adhuc
1339 4853 1445 4894 non
1477 4837 1716 4908 perfecte

131 4931 202 4983 de
231 4927 543 4997 captivitate
571 4924 821 4983 reductus
862 4939 999 4995 erat,
1032 4930 1368 5000 necdumque
1393 4930 1712 4986 aediﬁcatum

128 5028 257 5075 erat
282 5019 541 5089 templmn
592 5019 708 5081 De'e,
760 5020 960 5075 idcirco
1011 5021 1267 5090 prOpheta
1314 5021 1367 5074 in
1409 5035 1592 5075 mense
1621 5020 1712 5091 qui

128 5111 344 5166 nullam
371 5110 532 5164 habet
555 5109 973 5175 solemnitatem,
1001 5110 1198 5165 nullam
1227 5109 1490 5176 lmtitiam,
1517 5110 1714 5165 dicitur

126 5203 510 5273 prophetasse.
538 5199 925 5271 Verumtamen
953 5202 1378 5258 recordabantur
1402 5202 1633 5268 Domini,
1658 5214 1712 5259 et

125 5295 413 5350 habebant
461 5294 774 5349 memoriam
831 5294 1025 5364 prioris
1070 5293 1250 5363 templi
1306 5301 1361 5351 et
1411 5293 1705 5366 religionis,

122 5386 279 5457 quod
303 5386 544 5441 ostendit
568 5386 881 5451 Zacharias,
918 5386 1008 5456 qui
1042 5387 1427 5456 interpretatur
1450 5391 1704 5445 memoria

124 5475 368 5530 Domini.
400 5474 520 5530 Ideo
543 5475 685 5546 digni
714 5483 870 5530 erant
901 5476 1269 5531 benedictione
1300 5478 1528 5542 Domini,
1569 5483 1713 5549 quod

121 5578 213 5623 est
242 5566 559 5631 Baracbias,
592 5568 682 5637 qui
714 5567 1014 5622 benedictio
1046 5568 1255 5623 Domini
1304 5569 1709 5641 interpretatur,

119 5658 398 5713 habentes
442 5658 807 5712 testimonium
843 5659 1141 5713 devotionis
1190 5675 1319 5725 suae,
1381 5659 1574 5731 ipsum,
1623 5663 1710 5741 cui

117 5751 272 5806 nuda
304 5756 369 5807 ‘ct
399 5761 581 5823 aperta
628 5757 753 5805 sunt
780 5752 959 5807 omnia
1012 5752 1246 5820 Domini,
1297 5755 1438 5824 quod
1490 5757 1711 5814 demon-

119 5850 339 5901 stratur
368 5842 422 5900 in
472 5844 642 5911 Addo,
676 5844 763 5914 qui
795 5844 1161 5901 testimonium
1193 5846 1402 5903 Domini
1446 5850 1708 5921 interpre-

1844 2398 2105 2466 sequitur,
2159 2416 2180 2449 ι
2209 2397 2621 2455 Convertimini.
2653 2421 2671 2452 ι
2724 2401 2860 2458 Nam
2903 2406 2946 2459 si
2995 2406 3163 2463 iratus
3191 2418 3293 2474 est,
3324 2426 3421 2464 cur

1841 2503 1934 2543 eos
1957 2496 2141 2544 monet
2164 2498 2222 2543 ut
2249 2493 2675 2546 convertantur?
2699 2493 2961 2565 Praecepit
2989 2512 3115 2568 ergo
3135 2499 3213 2553 eis
3241 2500 3330 2568 qui
3355 2500 3419 2555 de

1841 2578 2112 2652 Babylone
2156 2582 2449 2647 redierant,
2487 2592 2547 2637 ut
2585 2588 2993 2654 cenvertantur,
3025 2605 3092 2643 ne
3120 2590 3419 2645 sustineant

1842 2671 1933 2725 lilii
1972 2674 2113 2742 quod
2137 2673 2502 2729 sustinuerant
2527 2684 2727 2744 patres.
2758 2678 3015 2733 Dominus
3056 2690 3233 2735 autem
3263 2698 3418 2736 excr-

1840 2765 2079 2830 cituum,
2135 2765 2278 2836 quod
2328 2766 2591 2822 Hebraice
2650 2768 2849 2825 dicitur
2898 2771 3143 2836 sabaoth,
3191 2781 3438 2828 vocatur'

1838 2859 1982 2927 quod
2015 2859 2115 2913 sub
2144 2874 2203 2913 se
2241 2859 2405 2913 habet
2446 2860 2687 2915 caelestis
2710 2861 2915 2916 militiae
2953 2864 3245 2918 exercitus.
3279 2864 3412 2918 Tam

1840 2958 2017 3002 autem
2066 2949 2296 3019 Aggzeus
2348 2965 2508 3018 quam
2537 2959 2595 3005 et
2643 2951 2934 3007 Zacharias
2981 2952 3414 3023 frequentissime

1840 3036 2125 3091 Dominum
2165 3038 2497 3091 exercituum
2534 3039 2820 3108 appellant,
2855 3048 2914 3093 ut
2949 3042 3027 3094 eis
3054 3042 3243 3095 darent
3278 3041 3414 3094 ﬁdu-

1837 3127 1996 3191 ciam,
2021 3127 2112 3196 qui
2137 3134 2325 3181 contra
2355 3127 2499 3197 regis
2545 3126 2829 3182 Persarum
2861 3130 3166 3198 imperium,
3196 3137 3251 3183 et
3282 3146 3410 3185 con-

1839 3228 1918 3275 tra
1946 3218 2142 3290 Cyrum
2168 3218 2478 3284 frementes,
2509 3218 2764 3289 templum
2796 3219 3007 3272 Domini
3051 3220 3407 3276 mdiﬁcabant.

1842 3330 1860 3363 ι
1888 3311 2014 3366 Ηέἓϐ
2040 3311 2170 3366 dicit
2214 3310 2471 3365 Dominus
2495 3311 2829 3366 exercituum
2864 3328 2878 3363 :
2911 3311 3297 3366 Convertimini
3343 3314 3411 3367 de

1836 3401 1934 3460 ViiS
1964 3400 2160 3459 νεειτξε
2212 3400 2389 3470 malis,
2419 3408 2472 3458 et
2499 3401 2564 3459 de
2591 3400 3009 3473 cogitationibus
3060 3402 3254 3458 vestris
3284 3417 3404 3474 p95,.

1836 3495 2006 3557 simis,
2034 3505 2224 3550 etnon
2273 3496 2559 3550 audierunt
2600 3510 2771 3564 neque
2815 3496 3161 3550 attenderunt
3204 3498 3270 3551 ad
3298 3511 3405 3560 me,

1836 3585 1965 3639 dicit
2002 3586 2278 3641 Dominus.
2309 3586 2503 3642 Patres
2542 3588 2707 3642 vestri
2755 3589 2843 3643 ubi
2871 3598 2996 3643 sunt
3021 3597 3074 3643 et
3101 3589 3409 3658 prophetat?

1838 3678 2075 3747 nunquid
2106 3679 2158 3732 in
2196 3679 2580 3747 sempiternum
2610 3681 2827 3734 vivent?
2854 3691 3220 3736 verumtamen
3243 3683 3405 3736 verba

1834 3782 1952 3822 mea
1977 3775 2031 3821 et
2059 3766 2296 3838 legitima
2327 3782 2443 3822 mea
2471 3784 2590 3837 qua:
2627 3769 2876 3824 mandavi
2904 3772 3075 3825 servis
3120 3772 3255 3826 meis
3280 3788 3406 3842 pro-

1832 3858 2030 3927 phetis,
2083 3858 2320 3928 nunquid
2372 3874 2477 3913 non
2526 3862 3044 3931 comprehenderunt
3092 3872 3273 3932 patres
3314 3879 3407 3919 ve-

1832 3955 1978 4002 stros
1995 3948 2022 4006 ?.
2068 3948 2135 4002 Et
2161 3948 2406 4005 conversi
2448 3958 2595 4013 sunt,
2626 3960 2682 4004 et
2731 3951 2982 4004 dixerunt
3013 3969 3025 4004 :
3057 3952 3209 4006 Sicut
3253 3955 3401 4024 cogi-

1832 4040 1963 4093 tavit
1986 4038 2245 4093 Dominus
2254 4039 2589 4094 exercituum
2606 4040 2785 4095 facere
2802 4041 2953 4095 nobis
2965 4043 3258 4096 secundum
3282 4045 3397 4098 vias

1838 4137 2051 4183 nostras
2075 4138 2130 4182 et
2146 4131 2440 4184 secundum
2465 4131 2869 4187 adinveutiones
2901 4143 3132 4198 nostras,
3156 4134 3282 4189 fecit
3306 4152 3402 4191 no-

1828 4217 1930 4271 bis.
1965 4236 1984 4267 ›
2006 4215 2130 4271 [1ωο
2149 4232 2215 4272 ex
2237 4218 2500 4287 superiori
2526 4217 2759 4287 pendent
2779 4219 3032 4289 capitulo,
3048 4221 3138 4275 ubi
3160 4222 3357 4275 dicitur
3385 4240 3397 4275 :

1834 4326 1852 4357 ι
1879 4305 1956 4361 Ne
1976 4307 2093 4362 sitis
2115 4307 2254 4362 sicut
2273 4316 2453 4378 patres
2477 4308 2664 4373 vestri,
2692 4308 2760 4364 ad
2781 4324 2917 4391 quos
2938 4310 3239 4365 clamabant
3263 4328 3393 4382 pro-

1825 4400 2001 4470 pheta:
2028 4402 2259 4472 priores,
2284 4402 2559 4458 dicentes:
2591 4401 2718 4459 Hzec
2762 4404 2893 4459 dicit
2934 4405 3191 4461 Dominus
3234 4422 3393 4462 exer-

1825 4494 2026 4549 cituum
2051 4513 2065 4549 :
2092 4494 2479 4551 Convertimini
2510 4512 2540 4550 a
2568 4496 2671 4552 viis
2688 4497 2903 4562 vestris,
2931 4516 2951 4549 ›
2983 4506 3089 4552 etc.
3128 4498 3268 4568 Ergo
3289 4514 3396 4554 non

1823 4583 2113 4640 Zacharias
2142 4585 2244 4641 hoc
2272 4602 2339 4641 ex
2390 4602 2484 4641 sua
2512 4602 2744 4656 persona
2773 4587 2924 4659 dicit,
2952 4590 3045 4644 sed
3094 4604 3159 4643 ex
3188 4605 3395 4658 prtece-

1823 4678 2067 4731 dentium
2098 4680 2504 4748 prophetarum,
2550 4680 2641 4749 qui
2689 4679 2994 4735 clamabant
3026 4695 3091 4734 ex
3137 4696 3267 4736 voce
3295 4682 3397 4735 Do-

1822 4767 1980 4832 mini,
2018 4768 2292 4822 dicentes:
2332 4786 2350 4817 ι
2386 4767 2796 4834 Convertimini,
2833 4788 2850 4819 ι
2876 4777 2980 4823 etc.
3011 4768 3121 4825 Hoc
3147 4770 3394 4826 clamavit

1819 4857 2003 4920 Isaias,
2051 4855 2210 4921 Osee,
2256 4856 2538 4923 .Icremias,
2587 4860 2875 4929 czeterique
2919 4875 3016 4929 per
3042 4862 3307 4927 ordinem,
3337 4872 3394 4918 ut

1820 4962 1849 5000 a
1879 4946 2035 5001 malis
2079 4948 2333 5016 operibus
2356 4956 2827 5003 converterentur
2869 4957 2926 5004 et
2964 4951 3211 5020 pessimis
3249 4954 3397 5021 cogi-

1821 5037 2130 5101 tationibus,
2182 5037 2275 5092 sed
2318 5037 2549 5092 indurati
2580 5038 2735 5108 quasi
2760 5040 3107 5109 desperantes
3155 5056 3261 5095 non
3293 5058 3393 5095 au-

1818 5123 2034 5179 dierunt
2082 5142 2097 5191 ;
2140 5124 2296 5196 juxta
2355 5126 2499 5195 quod
2549 5135 2606 5181 et
2648 5136 2868 5183 sanctus
2923 5128 3108 5184 Daniel
3160 5130 3391 5199 idipsum

1816 5216 2121 5281 confitetur,
2174 5232 2339 5273 orans
2383 5217 2670 5273 Dominum
2699 5234 2798 5290 pro
2844 5219 3163 5275 liberatione
3208 5221 3391 5291 populi

1815 5307 1917 5362 sui.

1887 5418 1907 5450 ι
1940 5398 1994 5453 In
2024 5399 2110 5456 die
2135 5400 2386 5456 vicesima
2423 5408 2614 5470 quarta
2668 5402 2933 5457 undecimi
2973 5404 3173 5458 mensis
3203 5404 3388 5473 Sabat,

1817 5491 1870 5544 in
1902 5506 2043 5544 anno
2073 5491 2309 5545 secundo
2338 5491 2482 5545 Darii
2510 5491 2675 5562 regis,
2706 5491 2904 5546 factum
2931 5501 3015 5546 est
3039 5491 3260 5549 verbum
3289 5495 3390 5549 Deo

1816 5580 1943 5634 mini
1987 5582 2053 5636 ad
2097 5581 2414 5636 Zachariam
2463 5581 2632 5637 ﬁlium
2677 5582 2974 5647 Barachize,
3025 5582 3191 5639 ﬁlium
3213 5583 3393 5650 Addo,

1814 5670 2148 5739 prophetam.
2183 5690 2200 5720 ι
2239 5671 2437 5727 Mensis
2464 5673 2781 5728 undecimus
2809 5672 2973 5727 Sabat
3004 5674 3142 5743 apud
3168 5689 3266 5728 nos
3295 5674 3392 5729 Fe—
3442 5702 3452 5733 ι

1812 5761 2064 5817 bruaritts
2109 5748 2324 5818 dicitur.
2376 5764 2766 5833 Interpretatur
2806 5771 2984 5819 autem
3032 5762 3199 5821 Sabat
3237 5765 3393 5835 virga

1810 5864 2027 5925 propter
2058 5857 2426 5912 austeritatem
2470 5866 2523 5913 et
2563 5858 2792 5928 rigorem
2840 5857 3087 5913 hiemalis
3111 5859 3389 5928 temporis.
3444 5886 3453 5903 ι
