3950 6466
479 459 586 514 223

954 449 1306 509 HAYMONIS
1346 447 1823 508 HALBERSTAT.
1865 444 2080 503 EPISC.
2123 444 2275 502 OPP.
2317 445 2500 502 PARS
2541 446 2582 501 l.
2631 477 2687 486 —
2715 443 3069 504 COMMENT.
3111 445 3282 503 BIBL.

3657 449 3767 505 224

480 574 752 632 Vicesima
775 577 967 641 quarta
995 569 1101 632 die,
1131 567 1347 639 quando
1371 566 1484 635 jam
1511 565 1638 621 luna
1665 563 1957 621 sublustris
1984 573 2070 618 est
2095 566 2145 625 Α
2173 564 2374 619 debant
2399 606 2414 630 ,
2467 579 2576 620 non
2612 565 2681 620 ad
2717 565 2880 621 alium
2917 567 3142 622 veniunt
3178 567 3281 623 nisi
3326 569 3393 624 ad
3438 569 3622 626 virum
3673 574 3768 642 qui

481 675 538 722 ct
578 678 744 736 prope
769 661 1044 717 deﬁciens.
1095 660 1231 727 Quia
1281 659 1447 728 igitur
1475 659 1739 729 propheta
1771 658 2068 714 Zacharias

481 753 681 826 populo
709 751 886 806 adhuc
913 765 982 805 ex
1026 747 1222 818 majori
1263 757 1420 818 parte
1455 747 1599 818 apud
1624 747 1878 819 Assyrios
1908 762 2072 802 exsu«

482 842 614 901 lauti
641 843 978 912 loquebatur,
1009 850 1158 895 recte
1187 839 1240 894 in
1271 840 1508 895 secundo
1539 854 1682 894 anno
1706 847 1762 894 et
1782 838 2070 894 undecimo

483 950 668 992 mense
694 944 857 1004 atque
886 933 941 986 in
968 931 1226 987 vicesima
1253 940 1447 1000 quarta
1475 931 1563 986 die
1593 930 1816 995 mensis,
1835 928 1948 998 jam
1977 930 2072 985 de-

483 1027 697 1082 ﬁciente
746 1024 874 1078 luna
904 1063 920 1088 ,
970 1032 1028 1077 et
1080 1023 1427 1076 tenebrarum
1476 1022 1705 1078 horrore
1750 1028 2068 1084 crescente,

479 1117 681 1174 dicitur
709 1113 994 1170 vaticinari
1023 1128 1088 1168 ea
1115 1128 1235 1182 qua:
1263 1120 1583 1183 sequuntur.

555 1229 575 1260 ‹
605 1207 728 1263 Vidi
769 1222 867 1277 per
905 1214 1151 1271 noctem,
1198 1213 1253 1261 et
1289 1219 1418 1260 ecce
1453 1205 1536 1259 vir
1573 1203 1872 1260 ascendens
1907 1217 2073 1275 super

481 1315 682 1370 equum
704 1297 906 1363 rufum,
929 1306 986 1351 et
1010 1297 1124 1366 ipse
1146 1295 1326 1350 stabat
1351 1295 1492 1350 inter
1511 1305 1748 1366 myrteta
1772 1310 1892 1364 quae
1913 1303 2073 1349 erant

485 1391 540 1446 in
570 1388 858 1462 profundo,
899 1397 956 1443 et
994 1395 1117 1458 post
1152 1402 1274 1442 eum
1312 1386 1437 1457 equi
1471 1386 1604 1451 ruﬁ,
1633 1385 1767 1440 varii
1803 1394 1859 1440 et
1887 1384 2015 1440 albi.
2047 1403 2068 1437 ι

484 1482 594 1536 Per
621 1490 832 1538 noctem
863 1495 920 1535 se
944 1479 1144 1533 vidisse
1170 1477 1323 1543 dicit,
1340 1492 1447 1531 non
1474 1477 1528 1530 in
1553 1476 1661 1542 die,
1686 1475 2072 1546 sicutMoyses,

484 1587 609 1627 cum
636 1572 957 1641 loquebatur
985 1569 1126 1624 Deus
1160 1568 1299 1623 facie
1324 1568 1392 1623 ad
1419 1567 1637 1632 faciem,
1666 1577 1720 1622 et
1745 1568 1887 1622 sicut
1910 1567 2078 1622 Isaias

485 1665 578 1734 qui
607 1663 736 1718 dicit
773 1680 786 1715 :
837 1682 856 1714 ι
888 1661 1007 1717 Vidi
1049 1662 1336 1718 Dominum
1377 1662 1658 1718 sedentem
1689 1676 1852 1732 super
1882 1661 2075 1716 solium

485 1755 792 1819 excelsum,
822 1774 840 1806 ο
885 1753 1010 1824 quia
1038 1754 1215 1809 adhuc
1245 1753 1476 1824 populus
1524 1753 1579 1807 in
1625 1753 1871 1824 angustia
1903 1753 2076 1809 servi-

487 1851 620 1907 tutis
651 1851 802 1921 quasi
839 1859 997 1906 nocte
1028 1850 1334 1915 tenebatur,
1379 1859 1436 1904 et
1480 1848 1682 1906 idcirco
1716 1850 1979 1920 propheta
2013 1864 2076 1904 ea

485 1959 609 2013 qum
638 1956 735 2012 pro
775 1943 855 1996 eis
890 1941 1072 2006 videt,
1107 1941 1162 1995 in
1192 1947 1352 1997 nocte
1383 1954 1443 1995 se
1473 1940 1672 1995 vidisse
1697 1939 1847 1994 dicit.
1905 1938 2077 2009 Spiri-
2106 1925 2152 1985 Β

487 2034 710 2089 tualiter
757 2049 866 2090 nox
919 2033 974 2087 in
1029 2049 1135 2102 qua
1184 2032 1430 2088 cernitur
1475 2032 1636 2098 visio,
1685 2031 2076 2087 obscuritatem

492 2127 742 2196 designat
775 2128 1017 2200 mysticae
1043 2127 1289 2184 visionis.
1335 2126 1472 2182 Hinc
1499 2125 1808 2190 Psalmista,
1847 2143 1866 2175 ι
1893 2123 2082 2180 Posuit

455 2250 460 2255 -
492 2215 659 2286 (haud
685 2217 911 2273 dubium
942 2217 1104 2288 Deus)
1144 2219 1396 2274 tenebras
1425 2217 1707 2273 latibulum
1739 2232 1916 2272 suum.
1961 2235 1979 2267 ‹
2013 2215 2084 2269 Ει

493 2324 624 2363 ecce
652 2310 736 2364 vir
751 2311 1050 2366 ascendens
1064 2326 1224 2381 super
1251 2325 1450 2380 equum
1480 2309 1660 2365 rufum
1686 2318 1742 2365 et
1770 2309 1886 2379 ipse
1899 2309 2083 2364 stabat

492 2399 638 2457 inter
659 2410 888 2474 myrteta
903 2390 1023 2473 qua:
1050 2412 1205 2459 erant
1229 2404 1282 2458 in
1313 2402 1598 2474 profundo.
1633 2422 1652 2456 ι
1672 2403 1808 2472 Equi
1831 2415 2086 2457 ascenso-

491 2507 606 2547 rem
633 2494 734 2547 ruﬁ
761 2493 970 2548 Hebraei
999 2494 1065 2550 ad
1094 2493 1330 2549 litteram
1352 2494 1668 2550 Micliaelem
1697 2490 2082 2563 archangelum

493 2583 821 2655 intelligunt.
889 2584 1063 2639 Rufus
1114 2593 1274 2652 erat,
1329 2585 1584 2654 quoniam
1636 2584 1752 2654 ipse
1804 2592 1890 2639 est
1938 2582 2086 2638 ultor

493 2675 838 2746 iniquitatum
888 2677 1030 2732 illius
1076 2678 1258 2748 populi
1287 2717 1302 2742 ,
1366 2679 1452 2733 cui
1506 2677 1818 2748 specialiter
1862 2683 2082 2746 praeest.

499 2785 518 2817 ι
544 2765 771 2838 Myrteta
802 2784 922 2839 qua:
951 2778 1109 2824 erant
1138 2770 1188 2823 in
1214 2770 1502 2838 profundo,
1529 2789 1547 2821 ι
1579 2769 1870 2838 prophetas
1898 2769 2086 2823 dicunt

495 2868 550 2914 et
576 2869 812 2931 sanctos,
844 2863 936 2931 qui
974 2864 1027 2918 in
1060 2863 1236 2919 medio
1264 2863 1460 2934 captivi
1490 2863 1671 2934 populi
1701 2865 2082 2919 versabantur.

501 2971 522 3002 ι
558 2952 694 3022 Equi
720 2968 850 3007 vero
879 2953 978 3007 ruﬁ
998 2995 1010 3016 ,
1043 2954 1210 3020 varii,
1244 2963 1299 3010 et
1327 2954 1462 3018 albi,
1493 2960 1512 3006 δ
1549 2955 1640 3024 qui
1670 2953 1878 3018 virum,
1921 2953 1974 3009 id
2001 2960 2086 3008 est

499 3040 817 3096 Micliaelem
849 3043 1238 3112 sequebantur,
1285 3044 1576 3114 designant
1606 3059 1802 3114 regna,
1841 3045 1958 3099 sive
1990 3059 2087 3098 an-

499 3131 650 3202 gelos
676 3133 767 3202 qui
804 3134 982 3203 regnis
1018 3134 1147 3203 ipsis
1176 3134 1497 3204 praesident,
1537 3142 1716 3189 tamen
1745 3134 1934 3189 ordine
1966 3148 2087 3204 per-

501 3231 726 3278 mutato.
777 3223 844 3278 Et
871 3224 976 3279 albi
1007 3225 1222 3294 quidem
1253 3226 1538 3296 designant
1575 3225 1758 3281 Medos
1785 3233 1840 3281 et
1864 3225 2082 3288 Persas,

2171 656 2348 710 stabat
2369 655 2509 711 inter
2530 664 2787 728 myrteta,
2809 657 2925 712 sive
2949 657 3016 712 ad
3042 657 3312 728 angelum.
3344 677 3362 711 ι
3384 660 3453 714 Ει
3473 661 3766 718 dixerunt:

2170 743 2671 802 Perambulaviinus
2699 756 2936 812 terram,
2967 756 3023 802 et
3051 764 3183 804 ecce
3208 751 3388 806 omnis
3422 758 3570 806 terra
3603 753 3771 808 habi-

2173 845 2320 890 tatur
2345 845 2398 892 et
2423 839 2675 907 quiescit.
2710 859 2727 891 i
2779 837 2860 894 Ae
2887 840 2933 894 si
2965 840 3172 895 diceret
3203 859 3215 894 :
3245 841 3442 898 Omnia
3468 859 3641 915 regna
3680 855 3771 900 tua

2172 936 2298 983 sunt
2323 937 2378 984 et
2402 939 2620 999 pacata,
2649 946 2753 986 nec
2780 931 2886 985 ulla
2915 941 3238 1001 premuntur
3263 935 3532 1004 angustia.

2249 1041 2267 1072 ι
2299 1021 2365 1075 Et
2393 1022 2670 1091 respondit
2697 1022 2922 1093 angelus
2959 1024 3203 1088 Domini,
3243 1034 3299 1078 et
3328 1026 3500 1080 dixit:
3542 1026 3774 1081 Domine

2173 1111 2538 1176 exercituum,
2578 1127 2858 1181 usquequo
2895 1120 2952 1166 tu
2989 1127 3094 1166 non
3125 1114 3472 1170 misereberis
3499 1115 3772 1170 Hierusa-

2175 1201 2278 1257 lem
2318 1211 2374 1257 et
2413 1203 2625 1257 urbium
2665 1202 2838 1269 Juda,
2890 1204 3088 1273 quibus
3137 1205 3309 1259 iratus
3359 1207 3462 1261 es?
3513 1207 3631 1261 Iste“
3660 1207 3773 1278 jam

2175 1297 2606 1366 septuagesimus
2634 1310 2810 1351 annus
2839 1305 2944 1351 est.
2980 1316 2998 1348 ι
3048 1297 3126 1352 Ex
3157 1314 3265 1368 qua
3299 1300 3661 1370 responsione
3690 1300 3776 1355 ille

2176 1389 2400 1460 angelus
2431 1387 2522 1458 qui
2566 1388 2947 1460 interpellabat
2988 1404 3087 1460 pro
3115 1389 3316 1455 lsrael,
3357 1390 3654 1446 occasione
3683 1407 3775 1446 ac-

2177 1488 2330 1549 cepta
2375 1480 2703 1548 deprecandi
2752 1479 3189 1549 Dominum‘pro
3237 1482 3457 1551 populo.
3493 1482 3689 1536 dixit:
3736 1481 3778 1536 0

2179 1568 2422 1631 Domine,
2456 1584 2580 1623 eum
2607 1569 2786 1623 omnis
2814 1578 2960 1623 terra
2987 1585 3180 1624 secura
3209 1570 3505 1635 habitetur,
3540 1587 3642 1626 cur
3674 1586 3780 1625 non

2179 1661 2456 1717 misereris
2493 1660 2827 1716 Hierusalem
2863 1669 2917 1715 et
2947 1662 3160 1716 urbium
3187 1661 3346 1728 Juda,
3381 1665 3624 1720 maxime
3655 1680 3782 1720 cum

2180 1755 2476 1812 secundum
2500 1763 2589 1810 tua
2613 1755 2882 1826 promissa
2906 1764 3116 1826 tempus
3138 1757 3476 1826 captivitatis
3498 1758 3783 1830 expletum

2181 1848 2294 1903 sit?

2256 1959 2276 1992 ι
2305 1939 2374 1994 Et
2415 1941 2695 2012 respondit
2735 1939 2996 1996 Dominus
3025 1941 3217 2013 angelo
3248 1983 3263 2008 ,
3307 1943 3399 2012 qui
3445 1942 3782 2013 loquebatur

2186 2029 2242 2086 in
2289 2045 2398 2096 me,
2438 2031 2603 2086 verba
2631 2030 2794 2096 bona,
2828 2051 2846 2083 ι
2903 2031 2970 2086 de
3017 2029 3321 2086 futurorum
3369 2032 3782 2103 promissione;

2186 2141 2205 2174 ι
2240 2121 2407 2178 verba
2437 2122 2824 2188 consolatoria,
2858 2143 2877 2175 ι
2911 2123 2978 2178 de
3022 2124 3372 2194 pra>sentium
3418 2125 3783 2179 necessitate.

2184 2215 2298 2271 Hoc
2320 2216 2472 2287 juxta
2503 2217 2765 2271 litteram.
2802 2215 3138 2287 Allegoriee,
3167 2217 3252 2271 vir
3278 2216 3371 2286 qui
3401 2218 3662 2271 ascendit
3701 2233 3788 2271 su-

2183 2322 2281 2377 per
2307 2321 2504 2376 equum
2535 2305 2748 2373 rufum,
2784 2305 3048 2360 Dominus
3077 2314 3132 2360 et
3159 2305 3411 2360 Salvator
3438 2313 3544 2360 est.
3604 2305 3789 2374 Equus

2184 2397 2337 2453 rufus
2367 2398 2754 2453 mortalitatem
2804 2405 3004 2454 nostra:
3042 2399 3226 2453 carnis
3275 2397 3570 2468 designat,
3626 2412 3788 2466 quam

2183 2507 2282 2562 pro
2309 2491 2465 2546 nobis
2492 2492 2807 2563 assumpsit,
2832 2492 2918 2546 cui
2943 2507 3044 2562 per
3069 2491 3264 2547 Isaiam
3296 2490 3528 2545 dicitur:
3561 2510 3584 2542 ι
3608 2491 3790 2558 Quare

2186 2583 2410 2638 rubrum
2457 2592 2542 2638 est
2590 2584 2965 2639 indumentum
3006 2583 3248 2638 tuum?»
3307 2581 3629 2637 Notandum
3664 2596 3788 2636 vero

2185 2675 2328 2744 quod
2370 2675 2462 2744 qui
2505 2674 2592 2728 hic
2636 2675 2691 2729 in
2737 2690 2876 2745 equo
2924 2671 3046 2729 rufo
3094 2674 3285 2729 sedere
3327 2673 3689 2737 describitur,
3735 2671 3788 2725 in

2184 2767 2503 2838 Apocalypsi
2535 2766 2763 2823 Joannis
2809 2769 2861 2822 in
2909 2776 3058 2823 veste
3101 2766 3329 2822 candida
3378 2780 3542 2834 super
3586 2780 3787 2835 equum

2185 2861 2475 2915 candidum
2507 2862 2700 2916 sedens
2732 2863 3003 2932 apparuit.
3054 2861 3156 2928 Qui
3195 2861 3340 2917 enim
3383 2859 3539 2916 rufus
3575 2861 3790 2916 exstitit

2187 2953 2240 3007 in
2279 2952 2566 3022 passione,
2611 2952 2877 3007 candidus
2921 2952 3021 3007 fuit
3068 2953 3123 3006 in
3170 2951 3598 3008 resurrectione.
3655 2951 3790 3007 Hinc

2186 3041 2426 3098 Ecclesia
2472 3043 2526 3096 in
2567 3042 2807 3097 Cautieis
2854 3042 3193 3098 canticorum
3241 3042 3412 3106 dicit,
3467 3060 3486 3092 ι
3538 3041 3791 3096 Dilectus

2187 3149 2340 3188 meus
2378 3134 2641 3189 candidus
2669 3142 2722 3188 et
2751 3132 3101 3189 rubicundus.
3139 3153 3157 3186 ι
3213 3131 3441 3204 Myrteta
3473 3148 3603 3203 quae
3633 3142 3791 3188 erant

2188 3225 2240 3280 in
2261 3223 2552 3294 profundo,
2576 3225 2722 3279 inter
2741 3241 2860 3294 qua:
2880 3224 2967 3278 vir
2989 3233 3135 3279 stare
3158 3224 3507 3288 describitur,
3526 3223 3792 3295 angelica

495 3314 588 3384 qui
625 3315 844 3387 benigni
875 3316 1092 3371 fuerunt
1129 3332 1260 3388 erga
1298 3316 1534 3382 Judzeos,
1582 3325 1638 3372 et
1685 3318 1786 3372 sub
1832 3316 1964 3386 ipsis
2006 3296 2157 3370 di-rC
2191 3325 2506 3386 potestates,
2536 3332 2656 3386 quae
2687 3317 2735 3372 ei
2767 3318 2931 3372 etiam
2967 3317 3019 3371 in
3050 3331 3217 3372 carne
3245 3318 3424 3387 posito
3451 3317 3794 3373 assistebant

498 3406 666 3461 missa
695 3406 1005 3474 captivitas,
1044 3415 1100 3462 et
1131 3408 1386 3477 templum
1419 3408 1773 3461 instauratum
1805 3415 1908 3462 est.
1950 3405 2086 3476 Equi

496 3499 666 3563 varii,
702 3499 1043 3565 Macedones,
1083 3516 1314 3569 quorum
1347 3500 1437 3554 alii
1472 3501 1546 3571 pii
1583 3516 1710 3570 erga
1739 3500 1951 3557 Judzeos
1988 3516 2086 3556 ex-

497 3591 772 3655 stiterunt,
797 3590 884 3645 alii
911 3601 1284 3660 persecutores
1309 3607 1496 3647 eorum
1548 3591 1786 3648 fuerunt.
1817 3594 1953 3664 Equi
1986 3592 2086 3647 ruﬁ

500 3697 728 3752 regnum
757 3681 1066 3753 signiﬁcant
1095 3683 1495 3750 Romanorum,
1538 3683 1756 3740 crudele
1791 3693 1846 3740 et
1873 3684 2110 3753 sangui—'

498 3774 711 3828 narium
729 3814 744 3840 ,
785 3776 929 3845 quod
954 3777 1222 3831 subvertit
1251 3776 1509 3846 templum
1538 3785 1593 3831 et
1621 3785 1837 3848 gentem
1869 3775 2090 3831 delevit.

499 3865 730 3933 Quidam
759 3883 826 3923 eo
854 3869 1046 3923 ordine
1073 3884 1180 3938 quo
1209 3868 1301 3923 hie
1329 3869 1603 3933 dicuntur,
1651 3876 1885 3939 quatuor
1927 3867 2088 3926 simul

500 3969 668 4029 regna
699 3960 1005 4032 intelligunt
1032 3979 1044 4015 :
1093 3970 1148 4018 et
1186 3976 1385 4032 equum
1416 3963 1634 4032 quidem
1667 3962 1879 4028 rufum,
1931 3977 2091 4032 super

498 4070 658 4126 quem
688 4058 770 4112 vir
797 4059 1042 4125 sedebat,
1067 4067 1230 4130 atque
1259 4076 1430 4132 equos
1456 4060 1604 4116 rufos
1629 4061 1720 4132 qui
1750 4077 1871 4117 eum
1901 4074 2094 4133 seque-

497 4147 721 4214 bantur,
767 4149 954 4206 dicunt
978 4150 1231 4223 Assyrios
1263 4160 1318 4206 et
1346 4151 1665 4217 Chaldaeos,
1714 4153 2091 4224 sanguinarios

501 4245 558 4293 et
592 4239 862 4304 crudeles,
908 4257 1139 4311 quorum
1168 4243 1376 4314 Assyrii
1413 4243 1601 4299 decem
1638 4245 1812 4301 tribus
1844 4247 1944 4301 sub
1974 4246 2092 4302 Sal-

499 4345 760 4385 manasar
787 4331 993 4388 duxere
1023 4334 1295 4403 captivas,
1327 4334 1564 4389 Chaldaei
1593 4351 1721 4391 vero
1752 4337 1888 4392 duas
1919 4337 2120 4393 tribus'

500 4422 603 4475 sub
629 4419 1133 4478 Nabuchodonosor
1160 4425 1382 4479 incensa
1400 4425 1756 4491 Hierusalem,
1787 4428 2091 4497 temploque

503 4510 787 4565 subverso.
833 4512 1076 4567 Tertium
1107 4523 1162 4568 et
1191 4524 1442 4584 quartum
1474 4516 1658 4570 varios
1688 4525 1742 4570 et
1769 4517 1944 4582 albos,
1985 4517 2094 4572 Me-

503 4599 602 4655 dos
625 4611 814 4670 putant
841 4612 897 4658 et
925 4602 1143 4671 Persas,
1165 4621 1398 4676 quorum
1423 4607 1512 4661 alii
1537 4607 1830 4664 clementes
1851 4608 2086 4678 fuerunt,

505 4700 565 4745 ut
591 4667 763 4762 Cyrus
789 4701 844 4749 et
871 4695 1063 4751 Darius
1093 4667 1257 4766 atque
1291 4697 1576 4766 Assuerus,
1607 4699 1698 4754 alii
1727 4700 1992 4768 crudeles,
2031 4667 2089 4759 ut
2116 4667 2166 4727 D

503 4782 822 4853 Cambyses.

583 4892 605 4926 ι
638 4875 705 4930 Ει
733 4877 868 4944 dixi,
899 4879 1038 4946 Quid
1071 4889 1196 4936 sunt
1227 4881 1348 4950 isti,
1378 4883 1604 4940 Domine
1631 4884 1749 4940 mi?
1777 4892 1831 4942 et
1858 4885 1993 4942 dixit
2018 4889 2085 4943 ad
2133 4868 2136 4872 ’

505 4981 593 5020 me
631 4968 852 5038 angelus
879 4971 969 5040 qui
1015 4971 1338 5043 loquebatur
1372 4974 1428 5030 in
1473 4993 1559 5032 me
1592 4987 1614 5034 ε
1654 4977 1764 5050 Ego
1803 4980 2082 5035 ostendam

505 5055 601 5111 tibi
628 5059 756 5127 quid
787 5061 895 5114 sint
921 5062 1055 5118 haec.
1100 5065 1167 5119 Et
1197 5066 1474 5136 respondit
1501 5069 1586 5122 vir
1613 5069 1703 5139 qui
1731 5071 1908 5125 stabat
1943 5070 2086 5125 inter

505 5157 761 5220 myrteta,
787 5161 842 5206 et
865 5154 1020 5209 dixit.
1052 5176 1069 5208 ι
1109 5157 1292 5228 Equos
1315 5160 1507 5215 videns
1536 5160 1736 5216 diversi
1766 5161 1982 5227 coloris,
2010 5163 2091 5216 in-

507 5249 751 5314 terrogat
776 5247 904 5316 quid
936 5249 1065 5305 sint.
1106 5249 1324 5307 Sciebat
1353 5254 1500 5308 enim
1534 5254 1585 5308 in
1617 5267 1880 5324 equorum
1911 5255 2090 5324 specie

508 5335 652 5392 aliud
684 5340 976 5413 designari.
1019 5345 1170 5402 Tunc
1201 5349 1422 5420 angelus
1451 5351 1541 5419 qui
1574 5349 1626 5404 in
1653 5365 1718 5405 eo
1747 5351 2085 5420 loquebatur,

509 5429 760 5497 promisit
787 5447 846 5487 se
871 5433 1160 5491 dicturum.
1195 5438 1301 5493 Sed
1328 5439 1418 5494 illo
1442 5439 1727 5504 reticente,
1755 5440 1839 5494 vir
1864 5441 1956 5511 qui
1984 5449 2091 5496 sta-

510 5517 603 5572 bat
625 5517 766 5574 inter
784 5533 1036 5594 myrteta,
1063 5528 1206 5597 quod
1230 5527 1318 5583 ille
1340 5529 1786 5597 interrogaverat,
1806 5533 2086 5600 exposuit:

517 5629 534 5660 ι
569 5610 658 5664 lsti
685 5621 811 5667 sunt
838 5631 976 5685 quos
1015 5620 1160 5672 misit
1192 5619 1452 5673 Dominus
1480 5629 1540 5672 ut
1571 5621 1946 5688 perambulent
1978 5631 2089 5678 ter-

512 5719 648 5768 ram,
672 5725 689 5756 ι
715 5714 768 5761 et
794 5724 903 5763 suae
929 5725 1048 5764 eam
1077 5711 1365 5781 subjiciam
1393 5702 1664 5780 potestati.
1736 5713 1740 5717 ’

587 5814 605 5845 ι
640 5797 702 5850 Et
730 5797 1123 5868 responderunt
1147 5800 1336 5871 angelo
1364 5801 1595 5868 Domini,
1625 5801 1716 5873 qui
1746 5803 1922 5859 stabat
1951 5803 2094 5859 inter

511 5895 765 5959 myrteta.
801 5909 819 5942 υ
872 5890 1077 5948 Deinde
1107 5892 1280 5965 angeli
1308 5892 1398 5966 qui
1432 5893 1611 5968 regnis
1650 5894 1878 5968 singulis
1904 5895 2093 5966 praesi-

2189 3408 2346 3476 eique
2373 3407 2773 3463 ministrabant.
2811 3407 2912 3462 Per
2933 3423 3100 3476 equos
3121 3406 3294 3472 rufos,
3316 3409 3499 3464 varios
3525 3418 3584 3464 et
3615 3409 3790 3473 albos,

2188 3499 2461 3568 apostolos
2488 3507 2543 3553 et
2571 3497 2898 3568 apostolicos
2922 3498 3072 3552 viros
3100 3497 3361 3554 debemus
3389 3500 3677 3570 accipere,
3701 3499 3790 3569 qui

2188 3601 2360 3648 totum
2403 3593 2591 3647 orbem
2638 3591 2985 3662 prazdicando
3029 3601 3481 3662 peragraverunt.
3539 3591 3794 3659 Quorum

2190 3685 2278 3740 alii
2311 3687 2431 3750 ruﬁ,
2456 3685 2582 3757 quia
2614 3684 2878 3756 martyrio
2909 3685 3192 3740 coronati:
3223 3685 3316 3739 alii
3339 3685 3499 3750 varii,
3527 3687 3794 3755 quoniam

2190 3776 2436 3831 doctrina
2488 3783 2542 3831 et
2593 3791 2758 3846 opere
2807 3791 2873 3831 ac
2923 3776 3138 3832 diversa
3189 3776 3466 3848 signorum
3519 3778 3799 3833 varietate

2190 3867 2470 3922 distincti;
2505 3867 2597 3922 alii
2629 3868 2766 3935 albi,
2810 3856 2937 3939 quia
2965 3869 3294 3940 virginitatis
3323 3867 3561 3924 candore
3613 3881 3683 3925 et
3720 3870 3799 3924 in-

2193 3958 2444 4028 tegritate
2473 3958 2628 4023 ﬁdei,
2684 3975 2749 4014 ac
2794 3959 2980 4014 mundi
3021 3960 3204 4014 cordis
3239 3959 3476 4028 puritate
3507 3960 3796 4030 praeclari.

2191 4050 2257 4106 Hi
2292 4051 2442 4107 missi
2473 4061 2598 4106 sunt
2628 4067 2658 4106 a
2689 4052 2938 4118 Domino,
2970 4061 3029 4106 ut
3056 4061 3228 4108 totum
3256 4052 3518 4106 mundum
3549 4067 3800 4123 evange~

2193 4141 2296 4196 lica
2326 4141 2711 4212 praedicatione
2743 4142 3102 4214 complerent.
3155 4142 3310 4198 Unde
3347 4150 3402 4196 et
3437 4142 3504 4197 ad
3545 4141 3660 4198 Job
3693 4143 3796 4200 Do‘

2193 4235 2374 4290 minus
2403 4234 2564 4300 dicit,
2604 4253 2623 4286 ‹
2657 4235 2910 4306 Nunquid
2941 4236 3127 4291 mittes
3157 4235 3400 4308 fulgura,
3429 4245 3486 4292 et
3515 4236 3718 4303 ibunt,
3749 4247 3802 4291 et

2193 4329 2526 4382 revertentia
2557 4329 2740 4384 dicent
2769 4330 2885 4394 tibi,
2909 4327 3222 4384 Adsumus?
3253 4349 3272 4380 ι
3312 4328 3506 4385 Stabat
3533 4329 3626 4383 vir
3661 4331 3801 4386 inter

2193 4428 2423 4492 myrteta
2444 4462 2458 4486 ,
2490 4421 2576 4476 vel
2620 4429 2679 4476 ut
2715 4421 2822 4476 alia
2855 4421 3141 4477 translatio
3171 4421 3334 4485 dicit,
3376 4421 3518 4475 inter
3549 4430 3801 4482 montes.

2194 4512 2245 4567 id
2275 4519 2362 4568 est
2410 4511 2664 4567 Christus
2705 4511 3050 4567 discernebat
3093 4511 3236 4566 inter
3276 4511 3564 4580 utriusque
3628 4526 3801 4567 voca-

2195 4605 2359 4661 tionis
2384 4605 2630 4677 pepulos,
2654 4604 3039 4660 salvandorum
3065 4612 3122 4659 et
3146 4603 3600 4659 damnandorum.
3643 4602 3802 4659 Unde

2189 4699 2524 4771 Apostolus:
2573 4717 2592 4750 ι
2625 4697 2827 4755 Christi
2867 4699 3042 4753 bonus
3072 4697 3208 4753 odor
3237 4713 3424 4752 sumus
3455 4698 3564 4751 Deo
3609 4697 3675 4751 in
3720 4697 3804 4753 his

2189 4793 2281 4862 qui
2310 4799 2570 4863 pereunt,
2615 4799 2672 4847 et
2711 4792 2763 4846 in
2807 4791 2892 4847 his
2921 4791 3015 4862 qui
3047 4791 3187 4846 salvi
3213 4790 3368 4845 ﬁunt.
3405 4811 3422 4841 ι
3475 4789 3639 4858 Quod
3672 4805 3802 4845 vero

2189 4883 2412 4956 angelus
2440 4892 2596 4955 rogat
2625 4891 2684 4938 ut
2711 4882 3038 4940 misereatur
3070 4882 3215 4939 Deus
3245 4883 3465 4954 pepulo,
3509 4884 3648 4952 quia
3685 4884 3801 4955 jam

2189 4975 2620 5045 septuagesimus
2649 4991 2826 5030 annus
2851 4983 2986 5038 erat,
3014 4973 3285 5048 signiﬁcat
3309 4974 3435 5046 quia
3457 4973 3798 5040 Jerusalem,

2189 5048 2244 5124 id
2274 5077 2357 5124 est
2408 5068 2649 5124 Ecclesia
2690 5084 3032 5139 nequaquam
3076 5066 3376 5138 perfectam
3419 5078 3801 5137 consequetur

2191 5158 2530 5222 libertatem,
2577 5159 2895 5229 priusquam
2931 5173 3118 5212 verum
3150 5157 3464 5218 sabbatum,
3500 5155 3548 5209 id
3577 5165 3677 5211 est
3719 5172 3800 5210 re-

2191 5251 2346 5319 quies
2370 5249 2680 5320 impleatur,
2701 5248 2843 5319 quod
2867 5246 3298 5318 septuagesimus
3321 5260 3494 5299 annus
3516 5244 3798 5314 designat,

2192 5343 2283 5412 qui
2322 5357 2581 5396 numerus
2619 5337 2986 5410 denario‘per
3015 5337 3385 5408 septenarium
3427 5335 3799 5406 multiplicato

2191 5435 2500 5508 perﬁcitur;
2529 5450 2648 5505 quae
2674 5449 2778 5504 pax
2802 5433 2853 5487 in
2876 5431 3133 5504 priesenti
3160 5430 3402 5494 inchoat,
3421 5443 3548 5482 cum
3577 5444 3607 5482 a
3633 5425 3800 5481 bellis

2193 5525 2448 5580 vitiorum
2486 5523 2857 5594 quiescimus:
2905 5519 3221 5592 perﬁcietur
3261 5526 3442 5572 autem
3484 5517 3541 5570 in
3582 5514 3795 5578 futuro,

2193 5631 2316 5672 cum
2347 5615 2413 5669 ad
2441 5615 2702 5669 visionem
2732 5611 3008 5668 Creatoris
3034 5610 3461 5681 pervenerimus.

2271 5727 2288 5758 ι
2323 5706 2388 5761 Et
2418 5705 2554 5762 dixit
2581 5693 2650 5760 ad
2687 5720 2776 5760 me
2809 5703 3032 5775 angelus
3068 5703 3159 5774 qui
3201 5701 3524 5772 loquebatur
3562 5699 3616 5754 in
3657 5714 3796 5753 ine:

2194 5799 2380 5856 Clama
2435 5798 2664 5855 dicens:
2723 5796 2850 5853 Haec
2905 5795 3038 5851 dicit
3086 5791 3349 5850 Dominus
3397 5792 3795 5848 exercituum:

2193 5891 2411 5950 Zelatus
2438 5907 2557 5948 sum
2589 5889 2930 5948 Hierusalem
2955 5898 3007 5947 et
3036 5885 3165 5945 Sion
3199 5885 3314 5944 zelo
3344 5899 3559 5958 magno,
3605 5892 3666 5938 et
3713 5883 3801 5938 ira
