3950 6434
179 359 275 416 225

1087 355 1485 412 ENARRATIO
1522 353 1588 410 IN
1625 355 2028 412 ZACHARIAM
2066 356 2518 415 PHOPHETAM.

3318 362 3426 418 226

179 487 362 542 magna
391 485 492 542 ego
520 469 724 526 irascor
751 485 916 540 super
941 439 1141 542 gente;
1158 469 1460 539 opulentas,
1494 468 1621 538 quia
1647 482 1748 539 ego
1771 471 1823 531 Α
1850 468 2135 533 cedonum,
2163 468 2548 526 Romanorum.
2577 470 2790 527 Cornua
2829 481 3007 529 autem
3052 473 3201 545 regni
3235 483 3428 544 poten-

178 566 336 620 iratus
363 577 484 618 sum
513 577 723 634 parum,
752 563 854 632 ipsi
884 577 1014 617 vero
1041 563 1364 630 adiuverunt
1391 561 1444 614 in
1472 559 1693 614 malum.
1718 577 1738 612 ι

176 659 296 726 Qua:
322 655 545 712 fuerunt
571 657 738 711 verba
770 656 911 711 bona
953 664 1009 710 et
1044 655 1403 711 consolatoria
1424 694 1440 719 ,
1484 669 1607 724 quae
1635 655 1743 709 Do-

175 748 343 804 minus
387 762 551 817 supra
597 745 904 816 respondit,
955 745 1046 800 hic
1077 740 1300 814 jubetur
1330 744 1592 814 propheta
1632 742 1744 798 cla-

174 853 334 902 mare,
356 836 576 891 Zelatus
588 851 708 891 sum
731 834 1066 890 Hierusalem
1083 850 1191 889 non
1222 850 1409 905 parvo,
1437 835 1532 889 sed
1548 848 1742 905 magno

173 927 298 982 zelo.
331 927 490 980 Zelus
518 926 610 980 hic
640 941 739 995 pro
768 924 952 981 furore
982 933 1036 980 et
1064 925 1430 995 indignatione
1455 925 1737 994 accipitur.

171 1018 230 1072 Et
265 1017 392 1086 quia
442 1031 634 1088 magna
681 1025 904 1085 peccata
951 1015 1298 1070 commiserat
1341 1013 1638 1070 Jerusalem
1684 1022 1740 1069 et

171 1107 323 1170 Sion,
365 1107 490 1176 quia
523 1122 690 1161 unum
719 1115 878 1171 sunt,
922 1106 1044 1160 ideo
1081 1120 1334 1176 magnam
1365 1105 1500 1160 iram
1533 1105 1627 1160 Dei
1657 1105 1738 1160 in-

169 1206 466 1252 currerant.
517 1195 625 1251 Sed
663 1211 806 1250 nunc
833 1195 1050 1267 (inquit)
1082 1195 1290 1250 irascar
1317 1194 1397 1248 ira
1429 1209 1623 1264 magna
1648 1209 1739 1249 su-

167 1301 254 1355 per
280 1297 466 1358 gentes
493 1286 795 1357 opulentas,
835 1302 956 1356 qua;
983 1286 1035 1340 in
1071 1284 1226 1356 longa
1255 1301 1389 1355 pace
1416 1287 1732 1356 quiescunt,

167 1387 214 1430 et
238 1375 397 1431 bouis
426 1376 651 1430 amuunt
677 1377 949 1440 omnibus,
981 1392 1118 1446 quas
1146 1391 1307 1446 supra
1337 1376 1462 1445 equi
1492 1376 1613 1440 rufi,
1645 1392 1735 1430 va-

167 1467 254 1529 rii,
287 1475 341 1522 et
368 1466 474 1520 albi
506 1466 881 1536 designabant.
928 1465 1161 1520 Causam
1191 1480 1406 1535 quoque
1437 1475 1601 1520 tanta:
1641 1467 1735 1520 ira:

165 1559 408 1629 exponit,
436 1558 622 1613 dicens
648 1573 664 1611 :
695 1576 713 1608 ι
745 1557 881 1624 Quia
914 1572 1012 1628 ego
1041 1557 1211 1611 iratus
1239 1572 1356 1612 sum
1389 1573 1578 1626 parum
1599 1597 1614 1620 ,
1659 1557 1734 1612 illi

164 1664 283 1704 vero
311 1648 634 1716 adjuverunt
666 1649 719 1703 in
753 1648 974 1702 malum.
1003 1667 1022 1698 ι
1063 1648 1204 1702 Deus
1227 1646 1373 1701 enim
1403 1647 1620 1701 tradidit
1641 1645 1735 1700 Ju-

162 1740 296 1795 dzeos
331 1741 580 1810 gentibus
609 1740 677 1793 ad
703 1737 1099 1807 corripiendum
1118 1777 1133 1802 ,
1174 1736 1524 1806 quasifilium
1554 1737 1732 1807 paeda-

1848 559 1978 614 tiam
2008 558 2335 628 significare,
2381 562 2790 618 usitatissimum
2824 573 2907 620 est
2954 565 3006 620 in
3049 573 3234 621 sancta
3277 565 3428 622 Scri-

1845 657 2028 720 plura,
2049 656 2109 703 ut
2135 649 2282 715 illud,
2305 668 2324 700 ι
2348 648 2667 708 Sublimabit
2686 669 2852 710 cornu
2874 654 3072 711 Christi
3087 656 3190 711 sui.
3221 674 3241 709 ι
3268 657 3423 725 ltem,

1849 759 1868 792 ι
1905 741 2093 796 Erexit
2119 756 2287 796 cornu
2317 741 2507 798 salutis
2537 745 2712 799 nobis.
2762 766 2780 798 ι
2816 747 2942 803 Hzec
2970 764 3100 804 vero
3127 749 3422 805 ventilave-

1844 837 1971 884 runt
1998 829 2114 884 sive
2145 829 2516 899 disperserunt
2537 831 2755 898 ludam,
2773 823 2894 890 etc.
2920 836 3081 892 Multa
3109 837 3253 893 enim
3281 839 3421 893 mala

1841 919 2022 976 abhis
2049 920 2356 976 nationibus
2375 919 2543 976 Judaei
2585 923 2729 992 passi
2771 933 2920 991 sunt,
2954 928 3187 982 maxime
3212 927 3280 982 ab
3316 928 3424 983 An-

1843 1009 2042 1073 tiocho,
2082 1018 2440 1081 cognomento
2490 1011 2788 1082 Epiphane,
2830 1013 2881 1068 id
2933 1024 3018 1069 est
3059 1032 3221 1086 super
3258 1033 3423 1088 appa-

1840 1100 2280 1170 rente,quoniam
2316 1100 2474 1156 deum
2497 1117 2557 1160 se
2581 1102 2748 1156 voluit
2764 1103 3038 1174 appellari.
3062 1106 3143 1160 Ad
3173 1107 3422 1162 ultimum

1839 1189 2066 1245 Romani
2115 1199 2261 1245 tanta
2295 1206 2388 1247 eos
2431 1191 2584 1248 clade
2627 1203 2994 1261 vastaverant,
3031 1207 3092 1250 ut
3144 1212 3280 1266 pene
3326 1213 3424 1268 per

1837 1283 2080 1354 singulos
2109 1284 2251 1340 viros
2273 1300 2369 1340 eos
2391 1285 2944 1354 disperderent,-adeo
2967 1296 3025 1342 ut
3052 1301 3210 1342 nemo
3232 1303 3421 1343 eorum

1837 1373 2043 1430 levaret
2067 1386 2250 1446 caput,
2273 1377 2422 1448 gravi
2458 1376 2721 1432 malorum
2749 1379 2987 1448 pondere
3013 1394 3252 1449 pressus.

1912 1484 1931 1517 ι
1977 1466 2046 1520 Et
2085 1467 2321 1521 ostendit
2369 1468 2502 1522 mihi
2535 1468 2792 1523 Dominus
2833 1479 3065 1538 quatuor
3111 1469 3318 1537 fabros,
3365 1477 3421 1526 et

1835 1557 1946 1613 dixi
1973 1573 1988 1612 :
2013 1557 2150 1625 Quid
2180 1559 2271 1613 isti
2299 1559 2522 1615 veniunt
2551 1561 2764 1617 facere?
2791 1562 2892 1629 Qui
2921 1563 2999 1618 ait
3025 1564 3214 1620 dicens
3243 1581 3257 1618 :
3289 1563 3415 1620 Haec

1835 1659 1961 1704 sunt
2003 1664 2205 1704 cornua
2247 1665 2368 1718 quae
2393 1652 2788 1708 ventilavcrunt
2827 1651 3017 1708 Judam
3046 1669 3141 1724 per
3173 1654 3416 1726 singulos

1833 1739 2002 1804 viros,
2033 1749 2087 1794 et
2115 1756 2274 1796 nemo
2302 1757 2490 1796 eorum
2528 1742 2726 1810 levavit
2753 1752 2913 1814 caput
2947 1760 3124 1812 suum,
3153 1756 3206 1800 et
3248 1762 3414 1802 vene-

162 1845 316 1902 gogo,
361 1830 436 1884 illi
477 1828 678 1883 nullam
720 1829 798 1883 eis
836 1827 1081 1882 fecerunt
1124 1826 1587 1892 misericordiam,
1635 1827 1731 1881 sed
1763 1817 1806 1877 Β
1835 1841 1959 1886 runt
1999 1831 2086 1885 isti
2115 1831 2360 1888 deterere
2394 1848 2479 1898 ea,
2522 1842 2580 1889 ut
2612 1832 2869 1902 dejiciant
2897 1851 3097 1890 cornua
3144 1836 3410 1907 gentium,

160 1921 297 1976 omni
328 1921 385 2004 in
412 1935 505 1976 eos
530 1919 849 1974 crudelitate
875 1917 1185 1973 smvierunt.

233 2049 250 2079 ι
285 2027 574 2097 Propterea
603 2027 720 2082 haec
735 2027 867 2082 dicit
889 2026 1148 2082 Dominus
1178 2043 1192 2080 :
1224 2026 1488 2083 Revertar
1507 2028 1572 2084 ad
1597 2027 1726 2084 Hie-

163 2118 390 2173 rusalem
425 2119 476 2172 in
515 2117 920 2182 misericordiis,
946 2126 1001 2172 et
1026 2118 1216 2173 domus
1234 2133 1353 2174 mea
1375 2117 1729 2173 :edificabitur

157 2205 208 2261 in
246 2223 330 2272 ea,
362 2208 434 2262 ait
463 2207 722 2266 Dominus
747 2208 1102 2262 exercituum.
1142 2226 1162 2258 ι
1205 2207 1316 2262 Sub
1345 2207 1640 2264 Zombabel
1673 2217 1729 2265 et

153 2292 292 2351 Iesu.
334 2314 353 2347 ε
388 2297 453 2351 Et
489 2297 953 2368 perpendiculum,
995 2317 1014 2350 ι
1061 2298 1112 2354 id
1160 2307 1244 2352 est
1274 2298 1414 2353 linea
1445 2309 1727 2354 caementa-

153 2388 371 2454 riorum,
404 2407 422 2441 ι
457 2391 780 2444 extendetur
815 2406 976 2459 super
1003 2387 1359 2445 Hierusalem.
1394 2411 1414 2443 ι
1450 2392 1722 2462 Spiritua-

151 2479 265 2534 liter
289 2479 630 2536 Hierusalem
666 2490 748 2535 est
786 2481 1050 2544 Ecclesia,
1081 2495 1269 2550 pacem
1297 2489 1352 2534 et
1375 2483 1722 2536 concordiam

147 2573 362 2640 videns;
413 2575 529 2644 ipsa
577 2582 659 2629 est
703 2583 758 2628 et
788 2573 939 2638 Sion,
972 2575 1115 2644 quod
1141 2574 1195 2628 in
1236 2573 1511 2643 speculam
1560 2577 1724 2631 verti-

148 2673 248 2729 tur,
295 2679 404 2720 nec
429 2664 652 2720 humilia
698 2663 783 2719 vel
812 2674 1046 2726 terrena,
1079 2663 1172 2720 sed
1203 2664 1445 2719 coelestia
1474 2674 1722 2722 contem-

142 2755 309 2826 plans.
367 2756 498 2822 Quae
550 2755 594 2810 si
638 2757 968 2826 peccaverit,
1020 2756 1105 2812 vel
1145 2756 1189 2811 si
1239 2771 1301 2810 ea
1363 2757 1602 2812 charitas
1638 2772 1721 2812 re-

143 2847 376 2912 frixerit,
403 2847 564 2901 tradi‘
594 2863 712 2904 eam
741 2848 1004 2902 Dominus
1026 2836 1469 2918 persecutoribus
1499 2847 1563 2901 ad
1594 2864 1722 2917 pur-

141 2939 398 3005 gandum,
449 2936 590 2991 velut
629 2952 817 2991 aurum
846 2944 939 2990 aut
976 2944 1258 3007 argentum
1286 2936 1338 2989 in
1386 2935 1717 2992 conflatorio.

140 3027 449 3084 Adversarii
483 3042 632 3090 vero,
663 3026 866 3096 quibus
895 3025 962 3080 ad
1012 3025 1348 3096 probandum
1379 3026 1574 3079 tradita
1613 3034 1718 3090 est,

139 3119 342 3173 addunt
386 3119 439 3172 in
480 3117 702 3181 malum,
733 3116 858 3186 quia
900 3128 997 3185 pro
1039 3113 1320 3182 disciplina
1346 3121 1569 3168 utuntur
1594 3129 1717 3168 cru-

136 3211 376 3267 delitate.
421 3209 573 3265 Unde
610 3209 712 3264 illis
767 3210 903 3262 iram
935 3209 1190 3272 minatur,
1232 3206 1487 3261 Ecclesiae
1532 3215 1714 3261 autem

136 3318 243 3358 sua:
268 3316 463 3372 pacem
489 3309 542 3356 et
571 3299 1000 3354 misericordiam
1028 3297 1377 3368 repromittit,
1413 3305 1466 3352 et
1493 3312 1716 3368 perpen-

133 3393 374 3447 diculum
405 3392 515 3446 sive
541 3389 836 3446 funiculum
866 3390 1000 3444 dicit
1030 3387 1432 3443 extendendum
1463 3388 1516 3442 in
1544 3403 1629 3452 ea,
1659 3387 1712 3442 id

132 3495 214 3541 est
238 3500 526 3541 mensuras
564 3493 619 3540 et
649 3483 867 3539 ordines
900 3481 1231 3552 singulorum
1257 3481 1347 3550 qui
1382 3479 1579 3535 suntin
1606 3480 1711 3535 Ec-

129 3574 319 3640 clesia,
353 3575 466 3630 suis
510 3574 642 3630 locis
661 3583 716 3629 et
737 3572 1070 3643 temporibus
1094 3587 1194 3642 pro
1226 3571 1544 3626 meritorum
1573 3585 1710 3640 qua-

129 3663 378 3722 litatibus
401 3664 696 3720 distribuit.

199 3818 218 3848 ‹
260 3798 452 3852 Adhuc
485 3797 656 3852 clama
693 3795 912 3851 dicens:
940 3793 1066 3849 Haec
1102 3793 1234 3848 dicit
1261 3791 1519 3848 Dominus
1555 3807 1712 3848 exer-

121 3891 355 3944 cituum.
384 3889 573 3944 Adhuc
605 3887 822 3943 allluent
849 3889 1096 3943 civitates
1131 3903 1262 3942 mea:
1283 3887 1457 3953 bonis,
1494 3897 1548 3942 et
1581 3905 1709 3944 con-

116 3980 395 4035 solabitur
423 3979 597 4032 adhuc
637 3979 893 4032 Dominus
916 3978 1068 4043 Sion,
1097 3986 1151 4031 et
1189 3978 1354 4049 eliget
1379 3977 1555 4033 adhuc
1584 3977 1709 4034 Hie-

113 4069 387 4124 rusalem.
428 4087 446 4118 ι
482 4065 708 4120 Jubetur
741 4067 999 4136 propheta
1047 4067 1285 4122 clamare
1323 4082 1428 4122 non
1477 4069 1704 4138 strepitu

107 4159 294 4222 vocis,
323 4159 414 4212 sed
451 4156 748 4210 intentione
773 4155 985 4210 mentis.
1013 4155 1292 4220 Civitates,
1327 4158 1522 4227 inquit,
1551 4174 1702 4224 meae,

111 4265 258 4322 quas
298 4264 442 4304 nunc
472 4247 664 4305 videtis
701 4248 822 4318 igne
845 4246 1218 4302 Chaldaeorum
1256 4258 1499 4312 exustas,
1530 4249 1706 4304 adhuc

112 4339 474 4395 abundabunt
517 4337 766 4392 omnibus
820 4338 999 4402 bonis,
1043 4346 1102 4392 ut
1146 4339 1395 4408 praesenti
1447 4337 1704 4393 felicitate

113 4428 399 4500 praeterita
426 4428 641 4482 miseria
672 4427 1036 4482 consolentur.
1077 4426 1182 4483 Sed
1212 4436 1266 4483 et
1311 4427 1535 4500 mystice
1573 4443 1702 4497 pro-

112 4522 414 4575 mittuntur
460 4518 713 4573 Ecclesia:
766 4519 903 4573 bona
935 4518 1043 4583 illa,
1091 4519 1156 4574 de
1187 4520 1382 4591 quibus
1414 4519 1696 4574 Psalmista
1728 4514 1778 4575 D

114 4613 285 4667 dicit:
332 4629 349 4661 ι
379 4609 556 4665 Credo
579 4610 764 4665 videre
794 4611 932 4665 bona
979 4610 1190 4666 Domini
1237 4611 1292 4665 in
1333 4619 1476 4666 terra
1516 4611 1702 4666 viven-

116 4704 276 4758 tium.
311 4721 332 4752 ι

190 4851 209 4882 ι
241 4829 314 4885 Et
345 4829 517 4885 levavi
561 4829 746 4884 oculos
784 4845 933 4884 meos
959 4839 1014 4885 et
1041 4830 1173 4896 vidi,
1204 4839 1258 4886 et
1300 4847 1426 4888 ecce
1462 4841 1697 4906 quatuor

110 4937 348 4977 cornua.
405 4919 470 4974 Et
501 4921 610 4975 dixi
634 4921 701 4974 ad
739 4920 984 4992 angelum
1019 4923 1107 4991 qui
1135 4922 1454 4992 loquebatur
1498 4925 1551 4978 in
1585 4939 1691 4978 me.

111 5014 255 5082 Quid
289 5019 418 5067 sunt
471 5011 618 5065 haec?
658 5010 724 5064 Et
752 5011 885 5065 dixit
913 5011 979 5064 ad
1009 5026 1112 5064 me.
1161 5011 1285 5065 Haec
1321 5022 1444 5066 sunt
1491 5029 1692 5069 cornua

111 5119 232 5173 qua:
259 5101 660 5155 ventilaverunt
699 5098 888 5155 Judam
919 5110 973 5154 et
1001 5100 1164 5155 Israel
1190 5111 1242 5155 et
1278 5101 1632 5158 Hierusalem.
1667 5125 1686 5158 ι

111 5196 366 5262 Quatuor
409 5210 634 5258 cornua,
662 5210 780 5264 qua:
814 5194 1205 5249 ventilaverunt
1230 5192 1421 5248 Judam
1447 5204 1502 5248 et
1527 5196 1692 5251 lsrael

111 5298 166 5343 et
186 5286 555 5351 Hierusalem,
604 5295 833 5356 quatuor
880 5294 1067 5356 gentes
1109 5300 1231 5341 esse
1278 5285 1398 5362 ipse
1438 5285 1692 5342 Dominus

111 5376 568 5448 exponit,dicens
603 5395 616 5430 :
659 5394 679 5428 ί
729 5375 852 5430 11ωο
896 5384 1021 5432 sunt
1048 5390 1271 5440 cornua,
1310 5395 1328 5426 ι
1355 5384 1462 5431 etc.
1505 5375 1687 5431 Daniel

111 5485 333 5540 quoque
358 5471 457 5524 sub
508 5470 674 5540 figura
713 5469 893 5525 lcmnae
937 5477 990 5525 et
1023 5469 1199 5539 pardi,
1234 5467 1346 5524 ursi
1378 5477 1432 5524 et
1467 5469 1691 5527 alterius

111 5562 326 5627 bestiae,
384 5576 546 5630 quam
578 5561 892 5616 nominatim
933 5577 1038 5615 non
1084 5560 1361 5630 exprimit,
1408 5560 1690 5618 manifeste

112 5661 355 5720 quatuor
388 5665 549 5718 regna
604 5651 881 5716 describit,
922 5651 974 5705 id
1005 5659 1087 5706 cst
1119 5649 1551 5721 Babyloniorum,
1581 5652 1692 5708 Me-

114 5742 335 5806 dorum,
357 5757 419 5797 ac
439 5740 742 5806 Persarum,
761 5757 985 5810 quorum
1012 5759 1175 5798 unum
1199 5741 1297 5798 fuit
1325 5759 1543 5816 regnum
1574 5745 1687 5803 Ma-

1828 1937 1950 1992 qua:
1979 1921 2293 1978 levaverunt
2320 1939 2490 1979 cornu
2517 1940 2675 1995 super
2702 1935 2899 1981 terrain
2923 1925 3081 1989 Juda,
3109 1935 3168 1981 ut
3204 1927 3416 1997 disper-

1829 2021 2172 2083 gerenteam.
2209 2034 2228 2066 ›
2261 2013 2399 2082 Quid
2420 2014 2704 2082 sintfabri,
2727 2025 2782 2071 et
2808 2018 2936 2086 quid
2966 2018 3188 2073 veniant
3209 2017 3408 2084 facere,

1828 2104 1944 2174 ipse
1987 2106 2246 2164 Dominus
2277 2111 2516 2180 exponit,
2560 2126 2696 2181 quos
2740 2127 2846 2166 non
2889 2113 3005 2182 ipse
3029 2113 3292 2182 propheta
3330 2113 3411 2168 vi-

1827 2195 1924 2261 dit,
1957 2197 2050 2252 sed
2079 2198 2128 2254 ei
2159 2197 2419 2256 Dominus
2447 2203 2705 2266 ostendit,
2731 2203 2830 2257 hos
2852 2203 3034 2259 fabros
3058 2203 3409 2272 intelligimus

1827 2285 2046 2355 angelos
2072 2287 2389 2344 obedientes
2418 2301 2689 2362 praecepto
2718 2291 2835 2357 Dei,
2870 2301 2926 2348 et
2955 2293 3022 2348 ad
3053 2294 3157 2348 hoc
3185 2280 3409 2349 venien-

1825 2383 1926 2442 tes,
1958 2386 2018 2432 ut
2059 2380 2202 2448 quod
2245 2389 2435 2451 gentes
2479 2383 2879 2449 destruxerant,
2923 2384 3012 2440 isti
3056 2383 3407 2441 aedificarent.

1823 2466 2013 2537 Angeli
2043 2484 2172 2524 vero
2215 2481 2481 2526 venerunt
2530 2473 2778 2529 deterere
2804 2489 2892 2538 ea,
2921 2474 2974 2529 id
3004 2483 3086 2529 est
3109 2473 3409 2530 obtundere

1823 2576 2023 2616 cornua
2064 2571 2118 2617 et
2144 2563 2426 2630 hebetare;
2455 2581 2522 2619 ne
2547 2575 2756 2635 possunt
2780 2566 3012 2636 amplius
3031 2566 3291 2622 ventilare
3307 2565 3407 2622 Ju-

1821 2651 1967 2708 dam.
2015 2653 2244 2721 Quidam
2287 2657 2502 2713 codices
2538 2659 2764 2725 habent,
2799 2678 2819 2711 ι
2863 2657 3141 2716 deterrere
3175 2673 3260 2724 ea,
3297 2679 3317 2710 ι
3354 2661 3407 2716 id

1821 2753 1905 2800 est
1929 2746 1982 2800 in
2007 2763 2262 2816 pavorem
2295 2750 2508 2805 mittere
2540 2765 2767 2816 cornua,
2793 2759 2874 2816 ut,
2904 2751 3149 2821 deposita
3173 2751 3410 2808 crudeli-

1821 2842 1950 2901 tate,
1975 2834 2193 2893 Christo
2221 2839 2358 2894 colla
2402 2841 2748 2898 submittant.
2785 2842 2854 2896 Et
2874 2843 2978 2898 hoc
3013 2843 3404 2899 attendendum

1821 2928 1964 2996 quod
1989 2929 2330 2999 singulariter
2355 2931 2485 2986 dicit
2535 2951 2553 2983 ι
2596 2925 2935 2988 Levaverunt
2979 2949 3172 3000 cornu,
3208 2953 3228 2988 ι
3275 2949 3399 2990 cum

1819 3026 2054 3086 quatuor
2077 3019 2276 3074 dixerit
2319 3036 2545 3086 cornua,
2575 3023 2700 3091 quia
2723 3023 2850 3078 licet
2881 3037 3040 3091 reges
3059 3033 3294 3096 quatuor
3319 3041 3406 3081 re-

1820 3123 2049 3178 gnorum
2094 3125 2201 3165 non
2254 3112 2410 3166 simul
2463 3115 2828 3181 regnaverint,
2878 3116 2972 3170 sed
3007 3117 3110 3171 sibi
3165 3117 3402 3172 vicissim

1743 3171 1786 3232 Ο
1818 3201 2200 3266 successerint,
2250 3217 2417 3258 unum
2454 3213 2633 3258 tamen
2663 3220 2830 3258 cornu
2862 3204 3181 3260 levaverunt
3208 3216 3399 3262 contra

1814 3293 2068 3364 populum
2097 3295 2211 3350 Dei.
2258 3294 2402 3352 Sane
2442 3299 2585 3368 quod
2631 3312 2796 3368 supra
2836 3296 2972 3352 dixit
2997 3299 3280 3378 propheta,
3325 3298 3403 3353 le-

1813 3403 1972 3443 vasse
1999 3403 2059 3446 se
2078 3389 2264 3448 oculos
2290 3398 2350 3444 ut
2378 3391 2587 3447 videret
2609 3406 2730 3462 quae
2751 3391 2802 3446 ei
2826 3391 3273 3457 ostendebantur,
3310 3391 3396 3446 in-

1815 3476 1958 3532 dicat
1985 3479 2340 3550 Spiritualiter
2387 3497 2507 3552 quae
2547 3482 2798 3538 dicuntur
2829 3481 3199 3552 intelligenda,
3239 3481 3397 3553 juxta

1813 3570 1956 3638 quod
1983 3570 2241 3626 Dominus
2260 3572 2312 3626 in
2331 3572 2638 3644 Evangelia:
2661 3592 2678 3624 ι
2702 3572 2904 3628 Levate
2917 3573 3102 3628 oculos
3119 3583 3348 3638 vestros,
3373 3595 3392 3624 ι

1811 3668 1868 3712 et
1896 3657 2069 3714 videte
2110 3655 2232 3729 quis
2268 3661 2474 3716 creavit
2510 3662 2642 3717 brec.
2671 3659 2887 3717 Cornua
2916 3671 3167 3732 quatuor,
3210 3664 3402 3732 nequi-

1812 3748 1901 3803 tiae
1930 3757 2053 3803 sunt
2083 3749 2410 3820 spirituales,
2461 3758 2518 3806 et
2556 3753 2844 3807 contrariae
2880 3751 3240 3816 fortitudines,
3275 3768 3397 3824 qua:

1809 3847 2000 3893 contra
2058 3840 2355 3895 Ecclesium
2408 3857 2575 3896 cornu
2627 3843 2957 3912 gravissima:
3003 3844 3397 3912 persecutionis

1809 3927 2010 3983 levant.
2035 3929 2110 3985 De
2124 3932 2318 4000 quibus
2338 3931 2646 4001 Apostolus,
2679 3953 2696 3984 ι
2733 3932 2850 3990 Νοη
2880 3943 2962 3988 est
2987 3935 3207 4007 (inquit)
3235 3937 3392 3998 nobis

1807 4020 2116 4090 colluctatio
2185 4023 2444 4098 adversus
2502 4039 2721 4098 carnem
2777 4033 2828 4078 et
2895 4025 3234 4095 sanguinem,
3295 4028 3390 4083 sed

1807 4111 2064 4166 adversus
2106 4097 2375 4182 principes
2421 4121 2478 4168 et
2520 4097 2840 4182 potestates,
2896 4113 3160 4168 adversus
3204 4117 3389 4170 mundi

1805 4210 2044 4257 rectores
2068 4203 2410 4258 tenebrarum
2442 4205 2655 4268 harum,
2691 4224 2710 4257 ι
2745 4214 2853 4260 etc.
2885 4203 3010 4260 Hzec
3030 4220 3235 4260 cornua
3257 4222 3392 4276 qua-

1805 4301 1928 4348 tuor
1959 4293 2058 4348 sub
2099 4293 2396 4350 bestiarum
2436 4295 2744 4352 nomiuibus
2791 4295 3079 4352 Psalmista
3109 4298 3388 4365 describit,

1803 4385 1878 4460 ita
1913 4395 2157 4441 sanctum
2192 4387 2368 4443 virum
2414 4389 2696 4458 alloquens
2725 4405 2741 4443 :
2777 4406 2796 4442 ‹
2842 4389 3018 4461 Super
3057 4392 3297 4462 aspidem
3329 4401 3386 4448 et

1804 4478 2116 4534 basiliscum
2145 4477 2465 4544 ambulabis,
2491 4488 2545 4535 et
2572 4482 2914 4537 conculcabis
2950 4481 3157 4539 leonem
3188 4493 3244 4539 et
3257 4485 3386 4539 dm—

1803 4583 2015 4623 conem.
2057 4588 2074 4621 l
2115 4569 2366 4626 Diabolus
2393 4572 2537 4626 enim
2587 4573 2711 4626 dum
2756 4583 2943 4628 contra
2979 4574 3180 4630 electos
3211 4577 3386 4643 saevit,

1803 4659 1950 4730 aspis
1974 4667 2078 4724 est,
2105 4662 2358 4731 quoniam
2389 4663 2599 4718 occulte
2620 4665 2852 4733 percutit
2879 4685 2892 4720 :
2920 4665 3224 4733 basiliscus,
3251 4683 3386 4738 quo-

1802 4755 1945 4826 niam
1997 4754 2287 4824 aliquando
2337 4766 2524 4826 aperta
2567 4774 2774 4814 venena
2825 4761 3040 4817 invidia:
3084 4761 3379 4821 diffundit:

1802 4843 1906 4908 leo,
1953 4846 2206 4912 quoniam
2237 4849 2580 4918 persequitur
2609 4849 2928 4909 innocentes
2967 4872 2979 4907 :
3013 4855 3201 4920 draco,
3251 4873 3384 4926 quo-

1801 4932 1947 4986 niam
1975 4949 2111 5002 quos
2149 4943 2326 5004 potest
2350 4936 2510 5007 impia
2540 4941 2836 4996 voracitate
2875 4943 3118 5014 deglutit.
3150 4945 3384 5004 Possunt

1800 5037 1896 5092 per
1923 5032 2154 5092 quatuor
2199 5041 2434 5091 cornua,
2483 5038 2715 5098 quatuor
2751 5033 2916 5087 animi
2947 5037 3381 5104 perturbationes

1799 5111 2045 5182 intelligi,
2085 5113 2205 5168 dua:
2233 5117 2302 5169 ab
2330 5117 2565 5185 Opinatis
2591 5119 2767 5185 bonis,
2799 5130 2855 5176 et
2888 5123 3006 5179 dure
3035 5127 3104 5179 ab
3145 5127 3380 5196 opinatis

1799 5203 1974 5269 malis,
2000 5206 2254 5276 gaudium
2285 5206 2492 5262 scilicet
2517 5217 2572 5264 et
2597 5225 2741 5280 spes,
2766 5221 2942 5269 metus
2966 5224 3021 5270 et
3045 5217 3218 5272 dolor.
3243 5217 3378 5274 Con-

1799 5302 1878 5350 tra
1905 5311 2040 5366 quas
2082 5298 2361 5367 passiones
2387 5307 2512 5353 sunt
2549 5311 2784 5374 quatuor
2823 5305 3053 5361 virtutes
3080 5307 3207 5362 boni
3245 5311 3380 5376 arti-1

1797 5386 1946 5450 lices,
1989 5388 2292 5457 prudentia,
2324 5387 2553 5456 iustitia,
2582 5391 2862 5460 fortitudo,
2903 5399 3277 5465 temperantia.
3307 5399 3375 5457 Hi

1791 5475 1930 5532 fabri
1971 5478 2096 5532 boni
2151 5479 2500 5547 remdilicant,
2551 5484 2812 5554 quidquid
2869 5487 2957 5541 illa
3019 5503 3222 5546 cornua
3276 5493 3373 5548 de-

1791 5576 2024 5623 struunt.
2063 5567 2168 5624 Sed
2211 5579 2265 5624 et
2291 5572 2485 5638 sancti,
2527 5574 2620 5644 qui
2660 5575 2757 5630 has
2797 5575 3026 5633 virtutes
3065 5581 3366 5649 possident,

1793 5656 1930 5712 fabri
1976 5659 2286 5728 spirituales
2315 5670 2457 5716 sunt.
2503 5660 2790 5734 Apostolus
2834 5665 2978 5722 enim
3009 5669 3073 5723 de
3104 5684 3163 5725 se
3216 5671 3369 5738 dicit,

1799 5766 1816 5800 ‹
1859 5748 1926 5806 Ut
1959 5751 2173 5820 sapiens
2202 5752 2530 5810 architectus
2586 5754 2992 5815 fundamentum
3023 5760 3198 5832 posui,
3249 5782 3283 5828 ι¹
3315 5771 3371 5819 et
