3950 6434
530 340 645 410 '227

1010 348 1361 405 HAYMONIS
1400 341 1882 400 HALBERSTAT.
1922 340 2133 397 EPlSC.
2176 339 2325 396 ore.
2366 298 2543 394 rans
2582 338 2622 392 t.
2663 366 2730 379 -
2766 334 3119 396 COMMENT.
3155 334 3324 389 BIBL.

3690 337 3793 393 €28

528 473 646 542 ipse
682 476 944 528 Dominus
983 470 1200 519 creator
1246 460 1509 526 omnium,
1561 457 1705 513 filius
1745 454 1884 511 fabri
1935 454 2111 509 dictus
2138 451 2391 516 Alventis
2415 449 2536 542 coeli
2559 448 2789 542 dispersi
2813 435 2929 542 res,
2955 446 3101 542 dicit
3113 444 3388 542 Dentibus.
3418 444 3465 501 0
3490 443 3796 542 ξίοητιυεε

528 570 637 617 es"
1157 621 1387 679 CAPUT
1425 620 1490 676 ιι.

528 753 537 762 '
605 761 626 793 ι
661 742 728 796 Ει
774 739 946 795 levavi
970 737 1159 792 oculos
1186 750 1354 801 meos,
1386 742 1442 788 et
1463 732 1597 799 vidi,
1636 739 1691 786 et
1710 746 1837 787 ecce
1862 731 1947 785 vir
1971 738 2027 785 et
2054 731 2111 786 in

530 850 690 890 manu
729 832 845 902 ejus
873 830 1147 885 funiculus
1191 841 1502 882 meusorum
1533 833 1586 880 et
1611 825 1720 880 dixi
1748 841 1761 877 :
1786 823 1905 890 Quo
1937 831 1991 877 tu
2018 837 2113 877 va-

528 925 646 979 dis?
664 932 718 979 et
739 925 877 978 dixit
898 923 965 978 ad
986 936 1074 978 me
1093 940 1106 977 :
1130 921 1199 975 Ut
1226 921 1417 974 metiar
1439 917 1795 981 Hierusalem,
1824 923 1879 970 et
1900 915 2111 969 videam

527 1023 727 1083 quanta
759 1014 829 1068 sit
855 1012 1082 1067 latitudo
1112 1009 1250 1078 ejus,
1291 1019 1348 1064 et
1375 1018 1578 1079 quanta
1608 1004 1885 1077 longitudo
1913 1004 2050 1075 ejus.
2086 1022 2105 1055 ι

528 1102 755 1174 Semper
794 1100 1072 1171 Scriptura
1116 1099 1427 1170 prophetica
1456 1105 1577 1168 post
1615 1097 1789 1151 tristia
1836 1095 1956 1151 laeta
1986 1095 2114 1149 sub-

521 1193 721 1265 jungit.
752 1192 888 1247 Nam
931 1192 1020 1262 qui
1052 1184 1207 1261 prius
1249 1190 1446 1243 levavit
1469 1188 1655 1243 oculos
1680 1194 1740 1241 ut
1775 1186 1982 1241 videret
2008 1185 2109 1240 tri-

527 1286 631 1339 stia
657 1287 711 1340 in
735 1285 1011 1347 cornibus,
1051 1298 1193 1337 nunc
1219 1282 1413 1335 iterum
1443 1280 1587 1333 levat
1611 1277 1818 1344 oculos,
1848 1287 1908 1331 ut
1931 1275 2109 1332 videat

527 1368 705 1430 virum
751 1375 1063 1429 metientem
1106 1372 1462 1427 Hierusalem.
1496 1370 1595 1425 Hic
1638 1379 1723 1425 est
1754 1368 1842 1424 ille
1888 1369 1995 1434 vir,
2043 1369 2110 1424 de

529 1480 636 1535 quo
665 1466 929 1536 scriptum
961 1473 1080 1519 est:
1112 1482 1131 1514 ι
1176 1463 1315 1518 Ecce
1354 1463 1436 1517 vir
1476 1463 1659 1516 oriens
1688 1474 1878 1516 nomen
1906 1459 2053 1530 ejus;
2085 1479 2102 1511 ι

527 1556 657 1610 etin
686 1554 985 1609 Ezechielis
1016 1553 1155 1607 libro
1190 1551 1537 1607 describitur.
1566 1550 1781 1605 Habeas
1812 1547 2107 1603 funiculum

528 1656 582 1701 et
623 1647 893 1701 calamum
926 1647 979 1700 in
1031 1661 1216 1709 manu,
1262 1653 1320 1698 ut
1371 1645 1655 1697 metiretur
1693 1644 1965 1697 civitatem
2014 1641 2107 1696 Dei

529 1737 887 1802 Hierusalem,
915 1735 1066 1804 cujus
1096 1734 1292 1789 artifex
1319 1744 1374 1790 et
1402 1734 1659 1789 .eonditor
1680 1742 1760 1788 est
1794 1733 1951 1788 Deus.
1984 1733 2107 1786 Haec

2214 557 2336 612 quae
2384 541 2597 597 habitas
2652 540 2795 610 apud
2848 539 3017 593 tiliam
3068 537 3377 608 Babylonis.
3427 557 3447 589 ι
3479 537 3692 608 Assyrii
3746 552 3797 593 et

2212 633 2450 689 Chaldaei
2480 633 2571 703 qui
2612 630 2865 703 populum
2895 630 2991 686 Dei
3038 630 3464 699 captivaverant,
3494 628 3552 683 in
3584 630 3793 698 aquilo-

2212 723 2324 778 nali
2347 722 2562 779 climate
2579 730 2730 788 sunt,
2765 730 2818 776 et
2847 721 3113 776 Jcremias
3137 720 3398 790 propheta
3428 736 3555 774 cum
3588 721 3794 775 descri-

2210 814 2370 871 beret
2387 813 2549 869 ollam
2573 827 2890 869 succensam
2914 827 2946 864 a
2974 810 3113 865 facie
3132 809 3425 880 aquilonis,
3449 809 3641 863 statim
3672 810 3797 866 sub-

2209 904 2391 977 junxit
2407 926 2420 960 :
2436 906 2519 960 Ab
2537 904 2786 971 aquilone
2806 903 3074 973 pandetur
3091 902 3288 957 malum
3309 916 3473 973 super
3485 901 3795 955 universam

2212 1006 2374 1053 terra:
2399 996 2612 1053 faciem.
2642 994 2903 1053 Hortatur
2923 1008 3054 1064 ergo
3080 994 3361 1064 propheta,
3393 1000 3450 1046 et
3471 1006 3580 1047 non
3607 991 3793 1055 semel,

2212 1088 2309 1143 sed
2361 1087 2605 1142 crebrius
2655 1093 2860 1150 monet,
2915 1084 3158 1139 clamans
3188 1093 3245 1138 ut
3282 1082 3493 1154 fugiant
3535 1083 3607 1137 de
3656 1092 3794 1136 terra

2212 1180 2503 1250 aquilonis,
2541 1179 2630 1234 ubi
2671 1193 2735 1230 ex
2774 1191 2967 1247 magna
2998 1185 3151 1247 parte
3188 1175 3365 1230 adhuc
3396 1182 3794 1237 remanserant,

2214 1278 2269 1323 et
2300 1269 2524 1325 redeant
2565 1268 2633 1322 ad
2677 1267 2832 1322 sedes
2877 1267 3143 1336 proprias.
3191 1264 3568 1334 Spiritualiter
3606 1264 3793 1333 prasti-

2215 1362 2364 1430 pitur
2406 1360 2584 1424 nobis,
2623 1367 2685 1414 ut
2719 1359 2813 1429 qui
2839 1358 3201 1414 habitavimus
3243 1357 3296 1411 in
3321 1357 3603 1425 aquilone,
3640 1365 3794 1410 vento

2213 1451 2587 1523 frigidissimo,
2641 1450 2746 1505 hoc
2781 1458 2866 1505 est
2901 1450 2993 1519 qui
3052 1449 3108 1503 in
3160 1457 3402 1517 tempore
3460 1446 3797 1500 inﬁdelitatis

2212 1542 2434 1610 fuimus,
2471 1556 2577 1597 nou
2618 1542 2880 1596 habentes
2918 1540 3188 1596 fervorem
3224 1539 3393 1594 divini
3422 1537 3659 1601 caloris,
3692 1538 3798 1607 qui-

2210 1649 2317 1705 que
2343 1635 2395 1688 in
2425 1633 2738 1690 confusione
2766 1633 3021 1687 vitiormn
3049 1631 3248 1686 versati
3295 1645 3507 1694 sumus,
3535 1638 3603 1683 ut
3630 1627 3797 1699 fugis.

2212 1741 2334 1781 mus
2361 1725 2428 1779 ad
2455 1723 2606 1790 Sion,
2635 1723 2688 1779 id
2708 1732 2793 1778 est
2818 1722 3121 1778 Ecclesiam
3145 1719 3376 1783 Domini,
3407 1728 3465 1774 et
3490 1718 3798 1788 relinquen-

528 1835 611 1882 est
636 1836 820 1883 sancta
852 1827 1090 1881 Ecclesia
1121 1835 1295 1881 mater
1328 1833 1659 1890 sanctorum,
1692 1837 1815 1893 qua:
1854 1822 2109 1878 mditicari
2141 1808 2184 1866 Β
2215 1823 2295 1870 les
2324 1823 2539 1870 terrena
2584 1821 2642 1868 θι
2666 1813 2910 1878 humilia.
2950 1812 3019 1866 ad
3044 1811 3421 1867 celSilUdiltcm
3463 1809 3798 1879 Contempla-

527 1919 690 1987 cnepit
729 1919 783 1973 in
820 1919 1095 1989 passione,
1143 1926 1199 1972 et
1250 1917 1304 1972 in
1352 1916 1752 1972 resurrectione
1792 1916 2025 1981 Domini,
2058 1924 2113 1971 et

526 2008 766 2077 quotidie
793 2009 1092 2063 aedificatur
1127 2019 1189 2063 ut
1223 2017 1436 2063 crescat
1476 2007 1530 2061 in
1571 2015 1917 2077 augmentum
1963 2007 2108 2062 ﬁdei.

526 2102 628 2166 Qui
654 2100 820 2155 habet
846 2100 1142 2156 funiculum
1163 2109 1216 2156 et
1242 2101 1512 2156 calamum
1544 2114 1828 2165 mensurae,
1856 2099 2111 2169 quoniam

529 2192 647 2261 ipse
675 2192 951 2262 dispensat
980 2207 1262 2248 mensuras
1282 2201 1336 2246 et
1360 2192 1553 2246 merita
1572 2191 1926 2261 singulorum.
1954 2189 2115 2244 Videt

527 2284 693 2339 etiam
718 2294 917 2354 quanta
939 2285 1009 2340 sit
1038 2284 1264 2339 latitudo
1285 2284 1568 2339 cbaritatis
1592 2285 1643 2337 in
1668 2283 1912 2353 singulis,
1943 2297 2114 2352 quan-

526 2382 581 2427 ta
612 2374 889 2444 longitudo
912 2375 1026 2446 spei
1048 2383 1104 2430 et
1126 2375 1575 2444 longanimitatis.

600 2481 619 2514 ι
656 2464 725 2518 Ει
751 2479 879 2519 ecce
907 2464 1131 2535 angelus
1154 2464 1247 2534 qui
1275 2464 1599 2534 loquebatur
1624 2464 1677 2517 in
1719 2478 1823 2527 me,
1867 2464 2111 2534 egredie-

523 2556 707 2622 batur,
742 2563 800 2611 et
831 2556 971 2611 alius
1019 2556 1242 2627 angelus
1292 2555 1670 2626 egrediebatur
1725 2555 1783 2610 in
1829 2568 2113 2609 occursum

524 2643 662 2713 ejus,
712 2654 769 2701 et
802 2646 939 2700 dixit
967 2648 1036 2701 ad
1078 2661 1223 2701 eum.
1262 2644 1454 2711 Curre,
1504 2645 1730 2716 loquere
1767 2644 1835 2699 ad
1888 2659 2113 2714 puerum

524 2738 712 2804 istum,
736 2739 923 2793 dicens
955 2755 968 2791 :
1004 2739 1225 2809 Absque
1247 2754 1403 2794 muro
1430 2739 1762 2794 habitabitur
1778 2738 2112 2794 Hierusalem

524 2846 637 2902 pra:
664 2833 1010 2888 multitudine
1037 2834 1316 2888 hominum
1355 2834 1804 2902 etjumentorum
1845 2834 1896 2888 in
1939 2833 2115 2887 medio

521 2919 661 2989 ejus.
701 2940 720 2974 ι
750 2921 1012 2995 Angelum
1040 2915 1134 2993 qui
1165 2923 1488 2994 loquebatur
1511 2925 1565 2979 in
1590 2924 1873 2994 propheta,
1902 2922 2115 2978 Hebraei

525 3015 839 3071 Michaelem
856 3017 923 3071 ad
935 3016 1171 3071 litteram
1187 3015 1514 3087 intelligunt,
1530 3026 1588 3070 ut
1600 3031 1764 3087 supra
1779 3016 1981 3070 dictum
1997 3024 2075 3071 est
2095 3028 2109 3069 :

523 3109 772 3180 angelum
804 3110 896 3178 qui
935 3109 1083 3163 venit
1112 3109 1165 3162 in
1193 3123 1478 3164 occursum
1515 3108 1651 3179 ejus,
1687 3107 1991 3164 Gabrielem
2016 3124 2111 3162 au-

2215 1906 2378 1962 tionis
2403 1905 2856 1968 conscendamus,
2881 1912 2936 1959 et
2975 1903 3031 1957 in
3070 1901 3403 1957 sublimitate
3430 1900 3798 1971 spiritualium

2211 1996 2522 2068 dogmatum
2550 1995 2932 2050 consistamus.
3584 1992 3599 2003 '

2289 2106 2310 2139 ι
2346 2087 2482 2156 Quia
2508 2087 2626 2145 haec
2664 2086 2794 2141 dicit
2832 2084 3093 2139 Dominus
3118 2083 3475 2144 exercituum,
3526 2089 3661 2149 post
3693 2080 3799 2152 glo-

2212 2177 2351 2232 riam
2393 2177 2544 2237 misit
2574 2192 2663 2232 me
2682 2177 2750 2231 ad
2780 2186 2982 2247 gentes,
3013 2190 3133 2243 qua:
3166 2173 3613 2243 exspoliaverunt
3634 2188 3749 2228 vos.
3777 2191 3793 2224 ι

2214 2266 2331 2323 Vox
2375 2266 2589 2322 Domini
2613 2274 2696 2320 est
2722 2264 3027 2329 salvatoris,
3074 2272 3129 2319 et
3170 2263 3301 2318 dicit
3336 2277 3394 2317 se
3433 2278 3465 2315 a
3500 2261 3618 2315 Deo
3648 2261 3801 2315 Patre

2217 2360 2465 2424 tnissum,
2508 2374 2613 2413 non
2642 2374 2740 2428 per
2760 2359 2812 2411 id
2842 2357 2983 2428 quod
3012 2357 3348 2427 omnipotens
3380 2362 3462 2410 est
3492 2364 3545 2408 et
3579 2356 3800 2424 aequalis

2212 2447 2381 2514 Patri,
2411 2448 2506 2502 sed
2536 2462 2634 2516 per
2655 2447 2708 2502 id
2737 2449 2877 2516 quod
2908 2448 3069 2500 homo
3094 2458 3197 2509 eSI,
3224 2445 3401 2501 minor
3430 2443 3621 2498 Patre.
3661 2444 3801 2498 Unde

2213 2547 2270 2599 et
2303 2547 2427 2608 post
2463 2538 2691 2607 gloriam
2718 2553 2778 2595 se
2812 2539 3037 2591 missum
3071 2536 3234 2601 dicit,
3272 2551 3434 2605 quam
3462 2536 3661 2590 habuit
3684 2552 3799 2591 cum

2213 2630 2356 2701 apud
2396 2629 2613 2685 Patrem
2646 2637 2809 2692 esset,
2843 2628 2971 2683 licet
3017 2641 3293 2697 utinquam
3342 2624 3659 2680 deseruerit
3708 2625 3802 2682 Pa-

2211 2719 2661 2790 ircm.Hiucipse
2684 2718 2833 2774 Patri
2854 2719 3001 2773 dicit.
3046 2738 3062 2769 ι
3086 2716 3347 2773 Glorilica
3388 2732 3497 2782 me,
3522 2726 3583 2771 tu
3619 2715 3799 2783 Pater,

2214 2810 2462 2872 claritate
2510 2825 2670 2881 quam
2701 2808 2864 2863 habui
2893 2808 3205 2877 priusquam
3234 2807 3467 2862 mundus
3492 2816 3645 2861 esset
3668 2808 3801 2878 apud

2216 2911 2287 2957 te.
2317 2922 2336 2954 ι
2367 2902 2435 2957 Ει
2459 2901 2766 2973 Apostolus.
2787 2916 2801 2954 :
2821 2901 2922 2969 Qui
2952 2917 3074 2956 cum
3094 2916 3151 2955 ιιι
3176 2900 3351 2955 forma
3371 2898 3465 2954 Dei
3498 2910 3677 2965 esset,
3704 2917 3800 2954 non

2213 2995 2459 3065 rapinam
2497 2995 2789 3050 arbitratus
2820 3003 2905 3051 est
2934 3004 2994 3049 ut
3021 3002 3167 3049 esset
3190 2993 3413 3065 :equalis
3436 2992 3570 3047 Deo.
3609 2993 3804 3048 Missus

2212 3093 2297 3141 est
2343 3099 2471 3156 ergo
2516 3083 2610 3139 Dei
2640 3083 2808 3141 Filius
2837 3095 2961 3155 post
2996 3082 3223 3154 gloriam
3265 3083 3460 3136 divina:
3501 3082 3804 3151 niajestatis

524 3177 754 3266 tumant,
794 3199 886 3270 qui
934 3198 1278 3255 laetabundus
1304 3200 1438 3255 dicit
1464 3177 1559 3265 illi,
1609 3208 1670 3254 ut
1706 3208 1891 3255 currat
1919 3206 1975 3253 et
2025 3199 2108 3251 lo-

2216 3178 2280 3234 ad
2313 3187 2521 3249 gentes,
2551 3192 2671 3248 qua:
2690 3178 3060 3248 spoliaverunt
3083 3177 3339 3248 populum
3364 3177 3480 3243 Dei,
3518 3188 3580 3231 ut
3622 3191 3805 3233 essent

521 3299 719 3360 quatur
738 3291 1038 3360 prophetae,
1079 3301 1337 3360 quantam
1390 3306 1568 3345 rerum
1638 3290 1881 3344 omnium
1939 3291 2109 3344 abun-

521 3383 763 3437 dantiam
796 3382 1045 3437 habitura
1099 3382 1170 3438 sit
1221 3382 1579 3446 Hierusalem,
1617 3397 1739 3453 quae
1784 3388 1914 3435 tunc
1958 3382 2109 3437 vide-

522 3474 685 3529 batur
730 3473 798 3528 ad
834 3473 1045 3530 cineres
1077 3489 1246 3544 usque
1275 3474 1572 3539 destructa,
1621 3474 1874 3544 quodque
1903 3474 2108 3543 absque

520 3580 678 3621 muro
703 3565 881 3622 futura
909 3567 979 3622 sit
999 3582 1110 3638 prae
1138 3567 1483 3622 multitudine
1507 3568 1786 3621 hominum
1812 3575 1867 3621 et
1895 3564 2109 3632 jumen-

521 3666 723 3724 torum,
763 3665 820 3713 et
845 3658 997 3728 pacis
1042 3658 1406 3714 multitudine.
1451 3658 1633 3726 Quare
1685 3665 1863 3712 autem
1905 3658 2108 3724 absque

520 3767 698 3817 muro,
733 3751 893 3822 paulo
917 3760 1039 3821 post
1075 3750 1333 3815 ostendit,
1364 3752 1588 3806 dicens:

598 3862 617 3894 ι
656 3843 725 3897 Ει
751 3858 852 3913 ego
894 3858 991 3899 ero
1026 3845 1126 3909 eis,
1171 3845 1249 3898 ait
1284 3843 1546 3898 Dominus
1575 3884 1590 3909 ,
1630 3859 1819 3898 murus
1877 3843 2014 3915 ignis
2054 3843 2107 3898 in

522 3936 757 3993 circuitu
784 3952 797 4003 ;
825 3944 880 3992 et
903 3937 957 3992 in
1000 3938 1170 4009 gloria
1192 3954 1288 3992 ero
1312 3938 1367 3991 in
1396 3937 1576 3992 medio
1603 3937 1739 4010 ejus.
1772 3957 1791 3991 ι
1821 3936 1946 3993 Haec
1967 3947 2021 3993 et
2043 3940 2108 3995 de

522 4028 764 4083 Ecclesia
807 4027 1169 4099 spiritualiter
1206 4027 1311 4083 dici
1347 4037 1591 4098 possunt,
1631 4043 1752 4100 qua:
1785 4038 1869 4084 est
1918 4029 2108 4085 civitas

520 4120 638 4185 Dei,
674 4120 740 4177 de
767 4135 871 4190 qua
898 4119 1208 4186 Psalmista,
1244 4140 1262 4173 ι
1312 4120 1561 4178 Gloriosa
1601 4122 1743 4178 dicta
1771 4131 1899 4176 sunt
1935 4121 2000 4177 de
2031 4131 2104 4190 te,

519 4215 713 4270 civitas
739 4214 852 4268 Dei.
886 4234 905 4265 ι
944 4213 1071 4268 Haec
1095 4214 1298 4284 absque
1326 4231 1482 4271 muro
1506 4215 1803 4279 habitatur,
1839 4229 1946 4269 non
1970 4214 2109 4270 indi-

519 4321 652 4377 gens
683 4305 899 4361 mortali
924 4304 1198 4375 prmsidio,
1227 4305 1484 4375 quoniam
1512 4305 1774 4360 Dominus
1807 4320 1996 4361 nmrus
2022 4314 2107 4361 est

519 4398 661 4469 ignis
705 4400 757 4453 in
787 4398 1019 4454 circuitu
1050 4390 1190 4469 ejus,
1236 4407 1290 4453 et
1321 4398 1434 4468 ipse
1480 4398 1533 4451 in
1565 4394 1745 4452 medio
1787 4398 1904 4468 ejus
1931 4406 2014 4452 est
2052 4397 2108 4453 in

519 4488 711 4558 gloria.
754 4487 878 4542 Haec
908 4487 1101 4543 civitas
1125 4487 1287 4541 habet
1315 4486 1581 4551 homines,
1618 4486 1786 4541 habet
1815 4495 1870 4541 et
1891 4487 2106 4557 jumen-

523 4588 599 4643 ta,
650 4578 704 4633 id
756 4586 839 4633 est
882 4586 1172 4649 utrumque
1211 4578 1489 4650 populum.
1533 4575 1665 4632 Nam
1714 4594 1813 4648 per
1858 4579 2106 4636 homines

518 4670 673 4740 plebs
706 4669 931 4726 Iudaica
971 4670 1316 4743 designatur,
1348 4671 1440 4742 qui
1478 4671 1532 4726 in
1557 4671 1674 4743 lege
1712 4672 2107 4728 conversaban-

521 4760 627 4827 tur,
656 4771 710 4816 et
752 4763 906 4833 quasi
956 4763 1167 4819 ratione
1207 4765 1500 4819 utebantur
1544 4764 1808 4819 habentes
1855 4765 2105 4821 notitiam

522 4851 635 4906 Dei.
671 4850 912 4907 Gentiles
949 4866 1075 4907 vero
1105 4852 1195 4922 qui
1228 4852 1395 4908 Deum
1428 4853 1769 4923 ignorabant,
1799 4855 2104 4926 meritoju-

521 4951 703 4997 menta
746 4952 1027 4997 vocantur.
1074 4941 1327 4999 Nonnulli
1380 4959 1479 5013 per
1506 4944 1771 5011 homines,
1810 4948 2107 5018 prudentes

522 5048 766 5105 quosque
803 5043 858 5089 et
921 5036 1168 5091 eruditos
1227 5036 1534 5108 intelligunt
1586 5054 1601 5094 :
1651 5038 1892 5109 iumenta
1954 5056 2102 5108 vero,

522 5123 796 5196 simplices
822 5124 913 5195 qui
943 5134 1068 5181 sunt
1108 5125 1163 5179 in
1190 5125 1452 5193 Ecclesia,
1478 5127 1543 5183 de
1571 5128 1766 5198 quibus
1795 5128 2104 5197 Psalmista,

530 5235 551 5268 ι
586 5214 846 5270 Homines
868 5214 1183 5285 etjumenta
1222 5217 1479 5283 salvabis,
1513 5218 1755 5274 Domine.
1795 5238 1814 5273 ι
1848 5220 2107 5287 Dominus

525 5319 656 5376 ergo
708 5321 898 5362 murus
938 5306 1080 5379 ignis
1119 5318 1203 5364 est
1238 5309 1291 5364 in
1329 5310 1558 5366 circuitu
1588 5310 1866 5376 Ecclesim,
1898 5320 1957 5365 ut
1982 5325 2105 5365 eam

526 5398 811 5456 charitatis
839 5400 962 5472 igne
990 5401 1292 5470 calefaciat,
1340 5412 1396 5459 et
1435 5403 1637 5475 Spiritu
1686 5402 1983 5458 ferventem
2023 5401 2107 5457 fa-

526 5490 657 5555 ciat,
682 5499 736 5547 et
757 5492 869 5562 ipse
890 5503 975 5548 est
1003 5493 1055 5548 in
1094 5495 1271 5550 medio
1298 5496 1414 5566 ejus
1444 5495 1634 5566 gloria,
1666 5511 1761 5550 sua
1791 5493 1936 5549 illam
1966 5511 2105 5565 prae-

527 5587 698 5641 sentia
763 5587 1089 5657 glorificans,
1132 5589 1224 5659 qui
1277 5590 1330 5643 in
1378 5590 1605 5644 circuitu
1656 5590 1724 5643 ab
1785 5590 2109 5646 adversariis

526 5678 678 5746 quasi
726 5695 909 5735 murus
953 5680 1096 5751 ignis
1124 5697 1243 5736 eam
1277 5679 1534 5736 defendit.
1596 5699 1614 5732 ι
1651 5681 1717 5747 0,
1763 5697 1795 5736 ο
1831 5682 1996 5753 fugite
2043 5683 2109 5738 de

529 5776 671 5823 terra
703 5770 990 5841 aquilonis,
1024 5773 1156 5827 dicit
1184 5773 1464 5840 Dominus,
1505 5772 1759 5843 quoniam
1793 5776 1846 5831 in
1877 5786 2109 5848 quatuor

2211 3268 2292 3323 eis
2337 3269 2553 3337 praedae,
2583 3282 2614 3321 a
2648 3269 2846 3338 quibus
2894 3276 3021 3322 ante
3061 3268 3278 3322 fuerant
3324 3268 3571 3337 prtL‘duli.
3637 3290 3655 3319 ι
3709 3269 3805 3335 on

2210 3358 2352 3412 enim
2416 3358 2654 3429 tetigerit
2708 3374 2827 3424 vos,
2884 3358 3054 3430 tangit
3078 3358 3338 3428 pupillam
3392 3358 3539 3412 oculi
3590 3363 3728 3415 mei.
3784 3381 3800 3411 ι

2211 3452 2437 3511 Tactum
2466 3468 2569 3523 pro
2600 3452 2887 3508 vexatione
2914 3462 2969 3507 et
2998 3453 3195 3524 injuria
3222 3454 3483 3509 debemus
3524 3458 3803 3527 accipere,

2201 3542 2357 3613 juxta
2384 3544 2534 3600 illud.
2571 3562 2589 3594 ι
2621 3543 2796 3599 Nolite
2841 3553 3063 3615 tangere
3088 3546 3322 3600 christos
3354 3561 3527 3602 meos.
3563 3566 3587 3600 ι
3618 3548 3808 3604 Sancti

2209 3638 2355 3692 enim
2380 3636 2535 3706 quasi
2563 3636 2707 3691 oculi
2736 3646 2862 3691 sunt
2887 3637 3003 3701 Dei,
3031 3638 3227 3706 quibus
3248 3638 3470 3693 dicitur.
3508 3658 3529 3691 ι
3564 3639 3689 3696 Vos
3720 3640 3808 3695 lux

2209 3732 2343 3788 estis
2368 3732 2574 3789 mundi.
2626 3751 2646 3783 ι
2689 3731 2835 3798 Quos
2881 3731 2971 3801 qui
3001 3731 3165 3796 lazdit,
3208 3732 3286 3786 sic
3313 3741 3398 3787 est
3433 3735 3594 3803 quasi
3629 3736 3810 3807 pupil-

2208 3825 2317 3879 lam
2348 3824 2441 3878 Dei
2475 3831 2683 3895 tangat,
2705 3832 2761 3878 et
2790 3824 2935 3878 clara
2973 3823 3091 3878 luce
3116 3823 3243 3879 velit
3270 3825 3416 3879 illum
3454 3827 3706 3895 privare.

2289 3956 2308 3990 ι
2345 3936 2479 4004 Quia
2510 3951 2637 3992 ecce
2670 3951 2770 4006 ego
2796 3935 2914 3992 levo
2940 3952 3161 3993 manum
3200 3953 3371 3992 meam
3403 3953 3570 4009 super
3608 3957 3736 4007 eos,
3761 3951 3811 3996 et

2210 4036 2374 4085 erunt
2420 4028 2616 4099 praeda:
2641 4028 2726 4083 his
2753 4028 2847 4097 qui
2870 4029 3181 4084 serviebant
3212 4030 3336 4096 sibi,
3364 4040 3422 4085 et
3457 4035 3810 4101 cognoscetis

2209 4121 2337 4193 quia
2369 4119 2628 4175 Dominus
2675 4120 3012 4176 exercituum
3065 4120 3214 4176 misit
3251 4136 3357 4175 me.
3424 4141 3443 4174 ι
3483 4122 3554 4176 Et
3607 4123 3811 4180 levavit

2209 4213 2470 4269 Dominus
2500 4229 2721 4268 manum
2769 4228 2923 4269 suam
2949 4222 3098 4280 tunc,
3136 4224 3195 4270 ut
3228 4224 3546 4285 percuteret
3578 4230 3806 4290 gentes,

2209 4314 2265 4361 et
2290 4307 2574 4363 reduceret
2608 4305 2661 4360 in
2698 4304 2828 4361 Sion
2857 4305 3112 4378 populum
3152 4322 3329 4363 suum.
3360 4306 3531 4365 Levat
3559 4313 3812 4380 quotidie

2208 4397 2529 4467 potentiam,
2562 4403 2622 4449 ιιι
2649 4396 2905 4467 populum
2931 4412 3090 4452 suum
3115 4397 3240 4467 (hoc
3266 4406 3352 4452 est
3394 4397 3808 4471 Christianum)

2211 4494 2428 4541 revocet
2475 4500 2572 4555 per
2610 4485 2984 4554 paenitentiam
3039 4487 3112 4549 in,
3142 4486 3467 4555 Ecclesiam,
3524 4494 3814 4561 percussis

2210 4577 2555 4642 adversariis,
2594 4578 2647 4631 id
2678 4586 2762 4632 est
2795 4577 3166 4649 spiritualibus
3199 4580 3465 4647 hostibus,
3522 4585 3625 4653 qui
3662 4586 3813 4641 illum

2211 4671 2531 4741 impugnare
2562 4685 2667 4724 non
2698 4679 2935 4725 cessant.

2290 4780 2308 4813 ι
2338 4761 2523 4817 Lauda
2552 4769 2607 4816 et
2631 4760 2836 4827 lattare,
2870 4760 2978 4816 filia
3020 4762 3170 4826 Sion,
3202 4766 3327 4831 quia
3352 4781 3481 4823 ecce
3510 4782 3619 4841 ego
3654 4774 3816 4826 venio

2212 4861 2268 4909 et
2296 4853 2550 4907 habitabo
2573 4852 2624 4906 in
2658 4852 2836 4907 medio
2868 4854 2964 4920 tui,
2995 4854 3128 4908 dicit
3157 4855 3435 4912 Dominus.
3465 4857 3532 4912 Et
3556 4864 3814 4932 applica-

2212 4944 2422 4998 buntur.
2455 4952 2641 5011 gentes
2686 4944 2869 4998 multae
2911 4943 2978 4997 ad
3025 4943 3313 5000 Dominum
3354 4947 3410 5001 in
3453 4948 3543 5003 die
3592 4949 3729 5017 illa,
3767 4963 3818 5006 et

2212 5043 2371 5090 crunt
2400 5034 2531 5089 mihi
2560 5035 2614 5088 in
2639 5035 2912 5105 populum,
2958 5046 3011 5089 et
3042 5035 3299 5092 habitabo
3329 5039 3382 5092 in
3406 5042 3588 5096 medio
3627 5046 3739 5111 tui,
3766 5054 3818 5098 et

2212 5128 2351 5183 scies
2390 5127 2515 5197 quia
2544 5127 2802 5182 Dominus
2840 5129 3176 5184 exercituum
3208 5130 3358 5186 misit
3391 5148 3479 5188 me
3521 5134 3589 5189 ad
3640 5146 3724 5191 te.
3756 5136 3817 5191 Et

2212 5217 2507 5288 possidebit
2559 5219 2821 5274 Dominus
2869 5217 3060 5275 ludam
3124 5231 3332 5291 partem
3372 5240 3527 5293 suam
3566 5225 3628 5279 in
3669 5237 3815 5283 terra

2212 5310 2570 5377 sanctificata,
2620 5321 2675 5366 et
2711 5312 2876 5383 eliget
2905 5314 3080 5367 adhuc
3132 5313 3486 5371 Hierusalem.
3544 5338 3563 5370 ι
3606 5321 3816 5375 Adhuc

2217 5402 2331 5473 ipse
2359 5404 2619 5459 Dominus
2646 5404 2906 5475 loquitur,
2939 5416 2993 5460 et
3019 5408 3270 5463 hortatur
3306 5410 3561 5480 populum
3615 5414 3695 5469 de
3728 5430 3819 5468 ca-

2213 5494 2461 5565 ptivitate
2486 5494 2794 5560 liberatum,
2813 5506 2869 5551 ut
2889 5498 3120 5569 gaudeat
3141 5509 3194 5555 ct
3214 5500 3465 5557 exsultet.
3491 5500 3598 5557 Sed
3627 5514 3691 5558 et
3710 5504 3817 5559 Ec—

2214 5589 2392 5644 clesia:
2418 5589 2746 5665 praecipitur,
2772 5606 2892 5659 qua:
2919 5601 3005 5658 est
3050 5592 3156 5646 lilia
3191 5592 3341 5658 Sion,
3370 5595 3420 5647 id
3443 5604 3523 5650 est
3552 5611 3819 5666 superna:

2214 5678 2357 5737 illius
2377 5683 2634 5747 civitatis,
2665 5698 2785 5753 quae
2813 5698 2879 5739 ex
2905 5684 3112 5755 angelis
3141 5694 3197 5741 et
3224 5688 3425 5743 sanctis
3454 5699 3682 5747 constat
3711 5691 3816 5746 ho~

2217 5775 2474 5843 minibus,
2509 5784 2568 5830 ut
2606 5774 2817 5833 liberati
2863 5776 2927 5832 de
2969 5779 3230 5834 servitute
3259 5779 3474 5845 diaboli,
3504 5786 3813 5855 gaudeant.
