3950 6446
183 398 287 454 2'29

184 504 416 585 quotum
459 508 719 566 Dominus
769 506 824 561 in
854 506 1033 562 medio
1058 502 1174 575 ejus
1225 506 1455 573 habitet,
1501 513 1557 560 et
1599 503 1780 559 multa:
1807 514 1858 572 Α

183 610 375 677 gentes
402 601 457 655 in
483 616 606 657 eum
643 597 1129 668 crediturae,juxta
1164 597 1308 669 quod
1338 595 1628 652 relicturus
1659 610 1779 650 cor-

183 689 445 764 poraliter
472 688 765 760 apostolos,
794 687 932 742 dixit
962 706 975 742 :
1013 707 1031 741 t
1065 686 1205 742 Ecce
1226 701 1328 757 ego
1359 686 1633 741 vobiscum
1656 700 1775 739 sum

182 768 436 837 omnibus
457 779 650 835 diebus
672 792 842 849 usque
867 777 936 833 ad
964 776 1494 833 consuuuuationem
1516 775 1721 832 saeculi.
1752 793 1772 828 ι

182 868 479 927 Poﬂicetur
503 883 721 940 quoque
752 870 897 939 quod
922 868 1037 939 ipse
1063 867 1337 939 possideat
1376 865 1591 930 Iudam,
1622 866 1673 921 id
1698 873 1782 921 est

180 960 438 1031 populum
479 975 540 1016 se
585 959 960 1024 confitentem,
987 968 1042 1013 et
1079 959 1193 1030 ipse
1224 974 1353 1029 pars
1394 959 1512 1028 ejus
1544 958 1601 1014 in
1635 966 1779 1014 terra

182 1053 544 1120 sanctiﬁcata,
598 1054 703 1109 hoc
752 1061 835 1108 est
877 1052 931 1106 in
986 1052 1250 1117 Ecclesia,
1278 1059 1335 1107 et
1385 1051 1555 1122 eligat
1605 1052 1782 1107 adhuc

181 1144 546 1214 Hierusalem,
598 1161 737 1218 quos
768 1146 1050 1203 videbatur
1086 1146 1142 1201 in
1192 1146 1668 1218 persecutionibus
1693 1144 1782 1200 ab-

174 1228 400 1305 jecisse.

256 1345 278 1378 ι
321 1325 494 1382 Sileat
517 1340 701 1382 omnis
743 1342 873 1382 caro
902 1339 933 1381 a
961 1325 1100 1384 facie
1137 1326 1371 1391 Domini,
1401 1326 1527 1398 quia
1556 1341 1781 1382 consur-

179 1418 325 1475 reth
349 1419 415 1475 de
443 1418 754 1474 habitaculo
777 1426 966 1475 sancto
991 1433 1109 1473 suo.
1153 1436 1171 1469 ι
1205 1418 1345 1489 Ergo
1368 1417 1493 1489 quia
1525 1416 1783 1471 Dominus

177 1523 532 1580 possessurus
579 1517 663 1563 est
707 1508 905 1563 Judam
955 1516 1168 1579 partem
1209 1523 1386 1572 suam,
1429 1517 1483 1562 et
1511 1505 1783 1560 electurus

179 1597 543 1665 Hierusalem,
574 1600 754 1654 omnis
781 1615 934 1665 caro,
986 1599 1038 1654 id
1076 1607 1160 1653 est
1188 1614 1350 1654 oume
1401 1614 1571 1669 genus
1600 1598 1785 1651 huma-

180 1708 310 1748 num
361 1693 542 1759 sileat,
569 1691 845 1759 formidet,
879 1701 935 1748 et
972 1707 1085 1762 pra:
1114 1706 1316 1762 pavore
1364 1692 1628 1765 adventus
1668 1691 1784 1761 ejus

178 1786 538 1853 conticescat,
570 1786 828 1856 quoniam
880 1784 1226 1841 consurrexit
1264 1784 1332 1838 ad
1372 1783 1690 1850 vindictam,
1724 1792 1785 1837 ut

1118 394 1517 451 ENAltitATIO
1555 394 1620 449 IN
1662 394 2066 451 ZACIIAIUAM
2098 354 2543 449 phoeni-run.

3361 395 3466 447 25’.)

1962 523 1980 556 ι
2012 504 2081 559 Et
2108 503 2266 571 dixit,
2297 525 2316 557 ι
2370 504 2628 560 subaudis
2660 503 2920 576 angelus:
2964 523 2981 554 ι
3012 503 3201 559 Ponite
3240 487 3467 559 t‘idal‘itlt

1880 596 1995 652 sive
2018 596 2237 650 mitram
2263 593 2521 650 mundam
2544 611 2709 668 super
2729 603 2891 667 caput
2916 595 3050 667 ejus.
3082 594 3151 651 Et
3171 602 3470 666 posuerunt

1878 684 2104 739 cidarim
2134 684 2392 737 mundam
2420 698 2582 753 super
2607 695 2768 755 caput
2793 685 2932 755 ejus,
2953 698 3008 741 et
3031 685 3319 741 induerunt
3344 700 3467 740 eum

1878 776 2141 830 vestibus.
2167 793 2185 825 ι
2222 774 2325 830 Per
2347 774 2596 841 cidarim,
2620 776 2675 831 id
2695 785 2779 832 est
2803 777 3002 848 pileum
3051 776 3465 841 sacerdotalem,

1880 868 2118 937 dignitas
2156 867 2477 938 intelligitur
2504 869 2826 935 sacerdotii,
2879 878 2960 937 ut,
2983 871 3179 926 ablatis
3219 871 3467 927 sordibus

1880 966 2246 1029 peccatorum,
2279 959 2537 1013 mundum
2569 959 2792 1015 haberet
2820 961 3200 1018 sacerdotium.
3243 962 3467 1034 Mystice

1878 1050 2036 1106 Jesus
2065 1051 2323 1107 sacerdos
2353 1067 2581 1124 magnus
2610 1051 2700 1107 ille
2724 1060 2829 1117 est,
2862 1053 2947 1108 cui
2978 1054 3212 1108 dicitur:
3247 1076 3264 1106 ι
3296 1055 3373 1111 Tu
3406 1071 3466 1112 es

1881 1144 2134 1197 sacerdos
2186 1143 2241 1197 in
2293 1154 2575 1198 aeternum.
2625 1162 2643 1195 ι
2702 1141 2873 1209 Quem
2924 1145 3184 1200 Dominus
3233 1147 3469 1201 ostendit

1881 1233 2173 1303 proplietze,
2210 1232 2465 1303 quoniam
2497 1247 2594 1303 per
2623 1247 2682 1288 se
2709 1232 2880 1287 videri
2911 1248 3017 1287 non
3047 1242 3241 1303 potest.
3279 1233 3470 1290 Stabat

1881 1341 2066 1381 coram
2094 1326 2284 1398 angelo
2313 1327 2549 1394 Domini,
2579 1326 2682 1383 hoc
2710 1335 2795 1382 est
2827 1328 2941 1398 ipse
2987 1327 3083 1382 Dei
3109 1339 3159 1384 et
3187 1330 3467 1385 hominum

1882 1419 2165 1483 mediator,
2195 1418 2338 1474 Deus
2378 1428 2433 1473 et
2475 1420 2638 1475 homo
2666 1418 2935 1475 Christus.
2991 1419 3111 1491 Ipse
3156 1428 3298 1475 astat
3343 1431 3468 1475 ante

1882 1510 2162 1583 angelum,
2195 1521 2249 1566 et
2282 1512 2397 1582 ipse
2425 1513 2604 1566 stabat
2638 1519 2763 1567 ante
2791 1528 2869 1566 se.
2908 1511 2965 1566 In
2996 1511 3212 1567 Christo
3243 1513 3469 1569 diversa:

1883 1610 2009 1657 sunt
2056 1601 2373 1657 substantia:
2424 1600 2517 1655 Dei
2565 1610 2621 1656 et
2665 1601 2900 1656 hominis
2950 1600 3005 1655 in
3053 1615 3159 1656 una
3212 1617 3465 1672 persona.

1882 1692 2104 1748 Indutus
2157 1701 2274 1747 erat
2320 1689 2561 1747 vestibus
2609 1691 2879 1756 sordidis,
2938 1692 3191 1761 quoniam
3248 1699 3467 1761 peccata

1884 1793 2068 1841 nostra
2099 1784 2354 1855 portavit.
2395 1782 2586 1838 Stabat
2613 1783 2846 1838 Satanas
2876 1798 2906 1837 a
2937 1783 3145 1839 dextris
3173 1782 3308 1854 ejus,
3341 1784 3468 1853 quia

177 1875 475 1946 unicuique
500 1890 600 1947 pro
628 1875 741 1931 suis
782 1875 993 1929 meritis
1027 1874 1234 1929 reddat.
1264 1871 1605 1943 Consurgere
1632 1872 1777 1928 enim
1811 1868 1856 1928 Β
1881 1876 2067 1932 volens
2098 1884 2337 1931 tentatus
2376 1884 2462 1931 est
2503 1891 2533 1929 a
2576 1874 2812 1939 diabolo,
2863 1875 2953 1944 qui
2986 1875 3201 1929 volebat
3237 1875 3469 1945 probare

179 1964 383 2035 dicitur
408 1964 571 2032 Deus,
601 1965 821 2036 quando
849 1963 918 2019 ad
950 1963 1243 2018 vindictam
1276 1962 1563 2018 excitatur.
1588 1960 1778 2017 Omnis

180 2065 366 2111 autem
386 2072 537 2123 caro,
562 2056 741 2112 omnis
761 2064 971 2110 tantum
1003 2055 1184 2119 homo,
1217 2069 1323 2108 non
1351 2062 1500 2107 muta
1533 2054 1779 2108 animau-

184 2140 263 2203 tia
286 2147 591 2219 accipienda
630 2157 779 2213 sunt,
823 2147 977 2218 juxta
1033 2145 1165 2201 illud
1198 2145 1319 2201 :Ad
1348 2154 1398 2200 te
1443 2145 1621 2200 omnis
1649 2158 1778 2199 caro

182 2240 387 2308 veniet,
412 2240 466 2295 id
486 2248 572 2294 est
597 2240 781 2295 omnis
808 2239 989 2294 homo.

805 2327 1033 2384 CAPUT
1072 2327 1137 2383 Ill

329 2424 400 2478 Et
434 2422 675 2479 ostendit
724 2423 856 2478 mihi
902 2423 1163 2478 Dominus
1216 2422 1400 2477 Iesum
1434 2422 1776 2479 sacerdotem

187 2529 464 2585 magnum,
497 2523 732 2569 stantem
775 2529 961 2569 coram
993 2513 1185 2584 angelo
1230 2512 1481 2578 Domini,
1513 2522 1567 2569 et
1607 2513 1776 2570 Satan

176 2604 365 2662 stabat
392 2620 423 2658 a
453 2604 663 2660 dextris
692 2605 828 2677 ejus,
872 2613 931 2660 ut
966 2608 1351 2661 adversaretur
1386 2605 1460 2661 ei.
1507 2626 1525 2658 ι
1566 2605 1776 2662 Hebriei

174 2697 327 2767 iuxta
358 2697 601 2753 litteram
651 2698 752 2752 hoc
795 2698 913 2753 loco
938 2696 1123 2753 Iesum
1152 2698 1491 2752 sacerdotem
1518 2713 1775 2769 magnum

176 2789 349 2844 filium
392 2788 659 2846 Iosedech
700 2789 1026 2859 intelligunt.
1058 2789 1139 2842 Ad
1169 2788 1325 2857 cujus
1360 2789 1640 2845 dexteram
1668 2800 1778 2845 sta-

175 2880 270 2936 bat
298 2880 484 2946 Satan,
531 2881 585 2935 id
612 2890 694 2936 est
740 2879 1087 2935 adversarius
1130 2877 1249 2946 ejus
1298 2878 1564 2934 diabolus.
1609 2877 1776 2935 Satan

179 2968 454 3027 Hebraice
480 2971 827 3027 adversarius
852 2970 1067 3025 dicitur.
1097 2968 1285 3023 Stabat
1315 2975 1497 3022 autem
1519 2985 1554 3024 a
1573 2968 1778 3023 dextris

174 3061 295 3133 ejus
330 3070 389 3116 ut
416 3062 801 3117 adversaretur
820 3060 893 3125 ei,
926 3060 978 3113 id
1008 3066 1095 3114 est
1131 3067 1190 3113 ut
1215 3072 1512 3124 accusaret,
1540 3058 1711 3115 illum.
1731 3058 1777 3112 Α

176 3152 393 3208 dextris
422 3166 551 3209 vero
600 3152 803 3217 stabat,
846 3149 1101 3220 quoniam
1140 3149 1348 3220 justam
1378 3148 1775 3203 accusationem

1879 1976 2059 2022 utrum
2090 1977 2233 2022 esset
2261 1966 2355 2022 Dei
2382 1964 2551 2021 Filius
2570 2007 2584 2031 ,
2619 1981 2781 2036 quem
2807 1965 3022 2019 videbat
3052 1973 3175 2034 post
3197 1963 3465 2035 jejunium

1879 2061 2105 2116 esurire.
2132 2060 2284 2127 Quod
2312 2075 2443 2115 vero
2478 2060 2759 2129 sequitur:
2799 2078 2817 2109 ι
2844 2057 3092 2127 Iucrepet
3120 2056 3380 2115 Dominus
3414 2058 3469 2112 in

1878 2160 1953 2216 te,
1990 2151 2180 2217 Satan,
2212 2172 2230 2205 ι
2260 2150 2428 2206 Filius
2452 2151 2715 2205 Dominus
2752 2149 2882 2205 dicit
2918 2150 2984 2204 de
3022 2148 3250 2204 Domino
3284 2148 3466 2214 Patre,

1877 2260 1984 2300 non
2016 2245 2156 2316 quod
2190 2245 2305 2316 ipse
2331 2260 2436 2299 non
2470 2252 2651 2316 posset
2676 2259 2800 2299 eum
2827 2244 3131 2314 increpare,
3163 2243 3255 2313 qui
3284 2242 3469 2297 omnia

1876 2345 2133 2406 operatur
2160 2336 2299 2392 sicut
2336 2345 2391 2391 et
2428 2336 2612 2401 Pater,
2656 2335 2753 2391 sed
2792 2344 3015 2406 pr0pter
3047 2341 3253 2389 natura:
3285 2337 3468 2388 unita-

1879 2440 2021 2493 tem,
2052 2435 2113 2481 ut
2141 2443 2265 2483 cum
2294 2443 2434 2483 unus
2461 2428 2738 2499 increpat,
2771 2424 3101 2495 intelligatur
3129 2424 3268 2478 alius
3298 2424 3470 2479 incre-

1875 2532 2026 2587 pare.
2070 2515 2211 2571 Deus
2238 2517 2383 2571 enim
2414 2514 2578 2570 Pater
2608 2524 2664 2569 et
2693 2514 2864 2569 Filius
2897 2512 3039 2568 idem
3071 2522 3196 2568 sunt
3242 2514 3294 2568 in
3339 2515 3467 2568 sub-

1877 2607 2108 2673 stantia,
2144 2616 2198 2662 et
2231 2616 2411 2662 tamen
2445 2608 2582 2661 alter
2608 2614 2691 2661 est
2724 2606 2908 2671 Pater,
2940 2613 2995 2659 et
3028 2604 3169 2660 alter
3201 2604 3371 2660 Filius
3411 2606 3465 2661 in

1875 2713 2129 2769 persona.
2163 2698 2283 2770 Ipse
2311 2698 2477 2769 elegit
2513 2696 2886 2761 Hierusalem,
2927 2696 2980 2751 id
3016 2706 3099 2751 est
3147 2694 3463 2751 Ecclesium.

1877 2792 2064 2848 Torris
2105 2800 2281 2847 autem
2313 2800 2501 2847 erutus
2535 2792 2602 2847 de
2641 2791 2783 2862 igne,
2812 2790 2927 2861 ipse
2954 2789 3203 2845 Christus
3240 2800 3329 2844 est
3368 2804 3468 2860 per

1876 2884 2290 2949 humanitatem,
2318 2900 2411 2954 qui
2442 2885 2496 2939 in
2520 2884 2793 2956 Babylone
2813 2924 2827 2948 ,
2866 2883 2920 2937 id
2943 2891 3026 2938 est
3051 2884 3104 2939 in
3131 2882 3315 2938 mundi
3342 2897 3471 2937 con-

1878 2972 2091 3028 fusione
2131 2989 2237 3028 non
2280 2982 2365 3028 est
2405 2972 2631 3028 adustus
2678 2970 2894 3027 ﬂamma
2942 2970 3167 3041 alicujus
3215 2971 3465 3043 peccati,

1877 3065 2133 3135 quoniam
2163 3073 2442 3134 peccatum
2476 3078 2581 3119 non
2610 3063 2768 3129 fecit,
2798 3080 2897 3120 nec
2928 3064 3082 3119 dolus
3108 3064 3359 3119 inventus
3385 3047 3470 3118 est

1881 3155 1935 3211 in
1964 3171 2061 3212 ore
2087 3153 2226 3224 ejus,
2257 3155 2399 3210 sicut
2431 3155 2703 3225 quondam
2738 3156 2906 3209 rubus
2941 3154 2995 3207 in
3031 3154 3224 3208 mediis
3254 3153 3469 3223 ignibus

172 3244 432 3309 habebat,
485 3258 551 3298 eo
599 3244 741 3314 quod
796 3243 932 3313 ipse,
973 3241 1113 3296 sicut
1158 3238 1363 3305 caeteri,
1420 3238 1777 3309 alienigenam
1804 3225 1851 3288 C
1882 3262 1989 3302 non
2017 3245 2457 3302 comburebatur.
2499 3244 2631 3299 Erat
2659 3252 2838 3297 autem
2867 3242 3026 3298 Iesus
3057 3243 3277 3297 indutus
3307 3242 3470 3296 vesti-

174 3334 424 3393 duxisset
450 3349 699 3390 uxorem.

255 3443 276 3479 ί
303 3425 372 3481 Et
400 3426 538 3481 dixit
580 3425 841 3481 Dominus
870 3426 937 3479 ad
982 3424 1149 3479 Satan
1187 3442 1200 3479 :
1247 3423 1495 3495 Increpet
1517 3422 1776 3479 Dominus

176 3517 236 3572 in
268 3526 323 3573 te
346 3515 539 3584 Satan,
584 3524 641 3572 et
667 3515 911 3587 increpet
946 3515 1209 3571 Dominus
1244 3515 1300 3570 in
1354 3524 1425 3577 te,
1477 3514 1569 3583 qui
1612 3513 1777 3586 elegit

177 3604 535 3663 Hierusalem.
587 3625 606 3658 ι
638 3605 729 3661 Bis
760 3606 894 3661 dicit
936 3604 1227 3671 Dominus,
1268 3615 1329 3659 ut
1354 3603 1570 3659 Patrem
1601 3612 1656 3657 et
1683 3602 1775 3657 Fi-

178 3697 311 3753 lium
334 3698 591 3765 insinuet,
616 3698 758 3753 sicut
779 3698 939 3752 alibi.
979 3714 999 3749 ι
1034 3697 1179 3751 Pluit
1205 3697 1464 3751 Dominus
1490 3710 1520 3750 a
1546 3695 1777 3752 Domino

178 3790 361 3863 ignem
388 3801 444 3846 et
466 3791 692 3861 sulphur
724 3806 886 3861 super
914 3788 1227 3844 Sodomam.
1263 3808 1282 3841 ι
1314 3808 1332 3839 ι
1365 3788 1617 3858 Nunquid
1656 3805 1763 3844 non

176 3882 286 3938 iste
334 3882 498 3937 torris
555 3889 639 3936 est
669 3891 857 3936 erutus
900 3880 966 3934 de
1017 3880 1159 3951 igne.
1198 3900 1217 3932 ι
1262 3878 1463 3934 Sensus
1507 3888 1610 3944 est,
1648 3895 1773 3936 cum

177 3973 452 4029 Dominus
474 3973 698 4043 elegerit
730 3971 1066 4027 Hierusalem
1108 3973 1176 4027 de
1200 3970 1408 4026 cunctis
1434 3971 1659 4027 urbibus
1681 3969 1776 4026 Ju-

169 4064 273 4125 da,
305 4076 414 4115 non
451 4061 501 4115 ei
534 4062 763 4129 imputet
804 4070 1025 4131 peccata
1054 4075 1174 4129 quae
1203 4060 1354 4126 fecit,
1387 4077 1484 4115 cur
1508 4068 1562 4115 tu
1590 4060 1774 4116 Iesum

172 4149 402 4208 conaris
424 4150 730 4205 accusando
753 4151 1009 4213 obruere,
1038 4150 1129 4217 qui
1159 4149 1226 4203 de
1246 4149 1575 4219 Babylonica
1599 4150 1774 4219 capti-

173 4246 349 4301 vitate
396 4242 553 4313 quasi
610 4241 774 4296 torris
825 4240 1121 4294 semiustus
1159 4240 1352 4293 evasit.
1389 4239 1575 4294 Torris
1597 4252 1776 4294 autem

174 4334 510 4392 semiustum
539 4343 623 4388 est
666 4330 888 4403 lignum,
920 4344 1083 4400 quem
1118 4328 1276 4400 vulgo
1307 4329 1550 4383 titionem
1570 4330 1775 4385 dicunt.

259 4445 278 4479 ι
318 4426 384 4481 Ει
407 4425 570 4481 Jcsus
613 4436 733 4480 erat
762 4424 987 4479 indutus
1019 4424 1259 4478 vestibus
1300 4423 1554 4489 sordidis,
1585 4431 1640 4479 et
1668 4432 1777 4480 sta-

175 4530 277 4584 bat
304 4535 427 4580 ante
455 4525 652 4580 faciem
682 4522 882 4594 angeli.
934 4541 952 4573 ι
986 4520 1279 4591 Triplicem
1324 4521 1394 4575 ob
1419 4536 1637 4575 causam
1659 4535 1774 4575 sor-

176 4619 323 4677 didis
346 4617 589 4674 vestibus
616 4618 833 4671 indutus
856 4614 1024 4670 fuisse
1045 4613 1264 4679 dicitur,
1295 4611 1409 4668 sive
1434 4612 1562 4683 quia
1590 4612 1775 4667 alieni-

177 4725 378 4784 genam
402 4725 628 4765 uxorem
652 4710 903 4772 duxerat,
928 4707 1043 4761 sive
1070 4713 1291 4783 prgpter
1309 4704 1487 4775 populi
1522 4714 1769 4775 peccata,

177 4806 269 4861 cui
309 4802 564 4859 sacerdos
588 4810 837 4873 prmerat,
869 4816 965 4855 seu
1000 4807 1221 4869 propter
1257 4799 1563 4869 squalorem
1595 4798 1768 4867 capti-

177 4898 387 4953 vitatis.

260 5010 277 5041 ι
320 4989 451 5056 Quae
478 4986 757 5059 respondit
782 4974 937 5040 et‘ait
985 4981 1054 5037 ad
1079 4997 1174 5037 eos
1199 4982 1291 5051 qui
1340 4981 1558 5036 stabant
1583 4994 1766 5034 coram

177 5100 263 5139 se.
294 5102 312 5134 ι
336 5082 571 5153 Angelus
597 5088 722 5135 ante
758 5090 919 5148 quem
941 5074 1121 5130 stabat
1146 5071 1323 5138 Jesus,
1345 5071 1587 5144 praecipit
1611 5078 1769 5125 ciete-

179 5181 261 5235 ris
296 5179 502 5250 angelis
529 5192 593 5232 ex
642 5189 871 5247 persona
915 5170 1156 5237 Domini,
1200 5168 1388 5225 dicens
1420 5186 1434 5223 :
1472 5186 1491 5220 ι
1544 5167 1767 5227 Auferte

176 5272 506 5328 vestimenta
533 5268 749 5325 sordida
777 5266 847 5320 ab
875 5279 959 5320 eo.
999 5282 1018 5316 ι
1046 5261 1289 5330 Cumque
1319 5259 1395 5313 illi
1423 5256 1566 5327 quod
1597 5257 1768 5328 impe-

175 5372 361 5423 ratum
392 5358 589 5428 fuerat,
618 5375 780 5431 opere
822 5356 1199 5428 complessent,
1239 5373 1257 5405 ι
1289 5364 1346 5409 et
1389 5351 1611 5424 angelus
1631 5349 1768 5405 dixit

177 5455 251 5512 ad
276 5471 437 5511 eum:
469 5453 608 5508 Ecce
632 5448 828 5505 abstuli
857 5464 889 5504 a
942 5459 994 5503 te
1036 5444 1371 5518 iniquitatem
1406 5451 1572 5497 tuam.
1610 5460 1630 5492 ι
1668 5438 1766 5496 Hic

176 5548 419 5606 ostendit
444 5560 564 5617 quae
592 5543 808 5598 fuerunt
838 5540 1164 5595 vestimenta
1211 5536 1451 5601 sordida,
1483 5554 1501 5587 ι
1540 5542 1596 5590 et
1615 5532 1763 5588 indui

178 5650 237 5697 te
283 5637 618 5702 mutatoriis,
656 5655 674 5687 ι
709 5634 761 5688 id
799 5640 883 5687 est
906 5629 1208 5686 lsraelitam
1245 5628 1339 5683 tibi
1371 5641 1596 5682 uxorem
1638 5640 1767 5681 con-

169 5728 353 5799 junxi.
394 5725 747 5800 Septuaginta
796 5738 894 5795 pro
925 5720 1252 5786 mutatoriis,
1289 5739 1308 5773 t
1345 5719 1622 5793 poderem,
1658 5737 1678 5772 ι
1711 5716 1766 5773 id

174 5832 264 5880 est
295 5821 521 5879 talarem
548 5819 784 5877 tunicam
815 5814 1227 5873 transtulerunt.

1878 3337 1980 3394 bus
2005 3336 2258 3404 sordidis,
2288 3336 2415 3406 quia
2440 3335 2532 3407 qui
2560 3343 2843 3406 peccatum
2872 3348 2977 3388 non
3010 3332 3160 3398 fecit,
3189 3347 3289 3402 pro
3316 3331 3470 3387 nobis

1877 3439 2161 3504 peccatum
2185 3431 2361 3485 factus
2387 3437 2503 3495 est,
2534 3428 2605 3483 .id
2630 3434 2715 3482 est
2740 3425 3069 3482 sacrificium
3099 3439 3198 3494 pro
3225 3429 3466 3493 peccato,

1878 3531 1935 3580 et
1961 3524 2077 3593 ipse
2104 3519 2448 3578 inﬁrmitates
2479 3527 2691 3576 nostras
2726 3517 2865 3572 tulit.
2908 3516 3033 3571 Ila-c
3062 3514 3278 3570 sordida
3303 3513 3469 3569 vesti-

1878 3626 2062 3671 menta
2089 3613 2267 3669 ablata
2295 3620 2420 3667 sunt
2442 3612 2510 3666 ab
2535 3626 2621 3676 eo,
2644 3625 2766 3665 cum
2794 3616 2977 3663 nostra
3000 3614 3223 3677 peccata
3247 3603 3465 3660 delevit.

1877 3704 2083 3760 Idcirco
2112 3703 2256 3758 enim
2300 3700 2535 3757 sordidis
2578 3700 2799 3755 indutus
2839 3706 2922 3753 est
2950 3696 3224 3762 vestibus,
3268 3702 3328 3751 ut
3370 3709 3470 3750 nos

1878 3799 2236 3856 holosericam
2274 3797 2532 3853 mundam
2570 3795 2627 3851 in
2666 3794 2938 3865 baptismo
2975 3791 3375 3863 reciperemus,
3414 3793 3470 3843 et

1878 3892 2093 3947 dicatur
2136 3889 2294 3947 nobis
2336 3887 2452 3959 jam
2501 3888 2812 3944 mundatis:
2861 3885 3023 3942 Omni
3066 3893 3310 3953 tempore
3358 3880 3469 3937 sint

1876 3982 2201 4037 vestimenta
2234 3989 2324 4035 tua
2356 3977 2604 4034 candida.
2645 3976 2857 4032 Cidaris
2887 3974 3085 4030 munda
3115 3990 3277 4045 super
3302 3979 3468 4043 caput

1876 4072 2017 4143 ejus,
2063 4071 2407 4143 splendorem
2452 4069 2699 4141 designat
2742 4068 2939 4122 divina:
2984 4064 3283 4135 majestatis
3327 4061 3465 4131 ejus.

1884 4182 1902 4215 ‹
1931 4160 2108 4232 Caput
2139 4162 2283 4216 enim
2315 4158 2518 4216 Christi
2548 4159 2709 4215 Deus.
2746 4177 2763 4208 ι
2818 4157 2937 4227 Ipse
2966 4156 3111 4211 enim
3144 4155 3312 4221 Deus,
3351 4153 3467 4223 ipse

1878 4260 1963 4307 est
1987 4260 2041 4306 et
2069 4251 2249 4314 homo,
2283 4258 2342 4304 ut
2371 4250 2423 4305 in
2454 4256 2605 4305 veste
2634 4248 2964 4314 humanitas,
2992 4246 3047 4302 in
3074 4245 3244 4302 cidari
3272 4244 3467 4300 divina:

1879 4342 2179 4414 majestatis
2208 4339 2541 4410 intelligatur
2567 4338 2807 4395 claritas.
2851 4356 2869 4390 ι
2899 4338 2967 4392 Et
2996 4338 3221 4409 angelus
3252 4334 3467 4393 Domini

1879 4434 2089 4501 stabat,
2116 4442 2172 4488 et
2200 4432 2611 4488 contestabatur
2636 4429 2861 4502 angelus
2886 4428 3101 4485 Domini
3130 4427 3345 4494 Iesum,
3383 4425 3467 4482 di-

1877 4540 2043 4582 cens:
2094 4524 2221 4580 Ηίεε
2265 4524 2398 4580 dicit
2448 4522 2709 4579 Dominus
2752 4521 3127 4576 exercituum:
3174 4518 3233 4574 Si
3270 4518 3325 4573 in
3362 4516 3466 4573 viis

1874 4617 2012 4671 meis
2052 4616 2450 4681 ambulaveris,
2493 4622 2548 4670 et
2575 4612 2880 4670 custodiam
2910 4627 3087 4667 meam
3113 4609 3462 4676 custodieris,

1874 4716 1930 4762 tu
1956 4723 2171 4778 quoque
2190 4706 2461 4776 judicabis
2486 4706 2705 4762 domum
2731 4718 2929 4769 meam,
2952 4712 3008 4758 et
3029 4703 3303 4758 custodies
3325 4702 3464 4757 atria

1875 4812 2015 4851 mea.
2050 4816 2069 4849 ι
2125 4794 2286 4849 Juxta
2316 4793 2662 4850 traditionem
2691 4791 3042 4849 Hebraeorum
3080 4789 3149 4847 ad
3189 4791 3459 4858 litteram,

1882 4886 2095 4956 angelus
2117 4895 2242 4940 ante
2267 4900 2427 4954 quem
2457 4886 2635 4940 stabat
2657 4883 2837 4949 Iesus,
2862 4884 2951 4953 qui
2979 4882 3219 4953 loquitur
3244 4881 3312 4937 ad
3338 4897 3459 4937 eum

1870 4986 2157 5048 postquam
2182 4985 2377 5031 exutus
2403 4984 2487 5031 est
2512 4975 2744 5032 sordidis
2769 4975 3024 5038 vestibus,
3049 4984 3105 5029 et
3131 4975 3348 5030 indutus
3375 4984 3462 5029 est

1876 5068 2206 5123 mutatoriis.
2241 5068 2373 5135 Quae
2401 5082 2498 5139 per
2524 5083 2583 5122 se
2611 5067 2746 5122 satis
2772 5075 2959 5137 aperta
2988 5064 3131 5130 sunt,
3167 5081 3267 5121 nec
3299 5072 3461 5134 egent

1873 5160 2232 5230 expositione.
2262 5156 2426 5214 Juxta
2456 5156 2792 5228 spiritualem
2822 5171 2954 5211 vero
2983 5172 3199 5212 sensum
3231 5155 3461 5211 difficilis

1872 5271 1957 5317 est
1980 5260 2389 5333 interpraatatio,
2410 5260 2453 5316 si
2480 5260 2584 5315 hoc
2605 5259 2749 5330 quod
2770 5256 2969 5313 dicitur
2994 5257 3059 5312 ad
3082 5255 3262 5311 Iesum
3289 5253 3458 5310 lilium

1871 5352 2134 5409 Iosedech
2154 5392 2169 5419 ,
2207 5371 2226 5403 ι
2257 5342 2316 5408 Si
2347 5351 2402 5407 in
2429 5350 2533 5407 viis
2562 5350 2697 5406 meis
2725 5347 3166 5416 ambulaveritis,
3197 5354 3253 5401 et
3279 5353 3459 5401 custo-

1873 5442 2018 5499 diam
2056 5458 2230 5499 meam
2264 5443 2651 5509 custodieritis,
2683 5462 2701 5495 ι
2738 5450 2842 5498 etc.
2900 5439 3097 5496 Notum
3145 5447 3229 5496 est
3274 5448 3456 5495 autem

1874 5536 2131 5609 quoniam
2158 5534 2406 5591 Christus
2434 5544 2491 5591 et
2511 5534 2750 5591 Ecclesia
2776 5541 2903 5589 sunt
2927 5541 3089 5600 caput
3112 5542 3167 5588 et
3188 5532 3451 5588 membra.

1873 5629 2015 5701 Ergo
2053 5629 2383 5699 accipiamus
2421 5630 2525 5685 hoc
2570 5643 2634 5684 ex
2684 5634 2837 5697 parte
2872 5627 3280 5692 membrorum,
3328 5640 3455 5680 nam

1872 5720 2016 5793 quod
2046 5719 2121 5774 illi
2146 5719 2363 5786 dicitur,
2388 5718 2648 5776 membris
2669 5717 2784 5788 ejus
2808 5718 2997 5788 utique
3021 5716 3237 5773 dicitur.
3268 5714 3456 5787 Itaque

1874 5811 2137 5869 membris
2162 5811 2279 5882 ejus
2306 5811 2659 5882 promittitur,
2694 5811 2837 5883 quod
2873 5810 2919 5868 si
2959 5809 3236 5866 ambulant
3268 5809 3322 5864 in
3349 5807 3454 5862 viis
