3950 6438
486 342 584 396 251

951 333 1302 392 ΙΙΑῊΙΟΝΙΞ
1337 331 1814 389 HALBERSTAT.
1862 329 2075 386 EPlSC.
2117 326 2264 384 OPP.
2309 324 2488 382 PARS
2521 325 2563 382 l.
2605 355 2671 364 —
2705 321 3057 381 COMMENT.
3107 320 3278 376 BlBL.

3642 318 3751 374 232.

487 435 740 518 Domini,
782 461 837 506 et
873 448 1184 507 custodiunt
1225 445 1531 510 custodias,
1575 445 1629 500 id
1675 451 1760 499 cst
1796 451 2064 514 prmeepta
2092 445 2352 504 Aautem
2377 437 2580 494 electus
2607 445 2662 492 et
2689 410 3100 492 lionoriticatus.
3147 432 3321 504 Super
3345 432 3490 489 hunc
3516 430 3750 504 lapidem

489 550 626 619 ejus,
649 546 891 615 judicent
920 544 1134 597 domum
1163 539 1279 607 ejus
1307 556 1426 610 quae
1456 547 1537 594 est
1566 537 1832 603 Ecclesia,
1864 536 1930 592 de
1960 551 2066 606 qua

487 637 797 709 Apostolus,
829 633 1078 689 Christus
1107 639 1285 688 autem
1318 630 1459 685 filius
1489 631 1630 685 sicut
1667 629 1721 683 in
1761 629 1920 683 domo
1949 641 2064 691 sua,

487 748 609 802 quae
632 733 819 786 domus
843 743 1028 783 sumus
1051 742 1168 780 nos.
1203 726 1348 779 Idem
1370 738 1584 794 quoque
1611 723 1678 776 ad
1700 721 2064 784 Timotheum,

488 823 561 879 Ut
589 823 728 878 scias
756 820 1026 890 quomodo
1057 818 1255 872 debeas
1294 816 1347 870 in
1387 816 1546 871 domo
1587 814 1683 869 Dei
1721 812 2067 879 conversari,

487 932 606 985 quae
633 922 716 970 est
755 912 997 967 Ecclesia
1045 910 1140 964 Dei
1187 909 1439 973 viventis,
1493 907 1740 962 columna
1783 913 1839 961 et
1886 905 2068 960 firma-

487 1015 727 1063 mentum
751 1003 1014 1060 veritatis.
1046 1000 1259 1056 Iudicat
1282 1014 1410 1070 ergo
1433 999 1590 1054 Jcsus
1613 999 1827 1053 domum
1853 996 1946 1050 Dei
1971 1010 2070 1065 pro

487 1098 698 1153 meritis
724 1107 778 1152 et
805 1095 986 1150 verbis
1016 1092 1351 1164 singulorum
1370 1132 1384 1155 ,
1423 1090 1590 1145 alium
1620 1089 1954 1145 constituens
1981 1103 2070 1142 su-

485 1205 584 1259 per
616 1188 804 1243 decem
837 1186 1116 1249 civitates,
1161 1183 1323 1238 alium
1364 1198 1526 1252 super
1554 1182 1826 1252 quinque,
1870 1180 2070 1235 faciens

487 1283 624 1336 alios
654 1281 928 1344 doctores,
957 1278 1090 1332 alios
1119 1285 1364 1346 pastores
1389 1293 1402 1329 :
1438 1275 1558 1328 aliis
1585 1275 1720 1329 dans
1748 1281 2068 1344 potestatem

487 1372 861 1427 faciendorum
891 1370 1195 1440 signorum,
1234 1368 1369 1422 alios
1395 1365 1603 1421 faciens
1632 1366 1686 1420 in
1716 1379 1943 1436 corpore
1973 1380 2070 1420 suo

487 1461 696 1526 oculos,
725 1460 859 1515 alios
889 1475 1101 1523 manus,
1135 1458 1271 1514 alios
1301 1459 1487 1528 pedes.
1524 1478 1540 1509 ι
1568 1457 1636 1511 Ει
1660 1458 1799 1512 dabo
1830 1458 1924 1511 tibi
1957 1473 2073 1512 am-

489 1552 740 1607 bulantes
773 1552 838 1606 de
869 1551 953 1605 bis
983 1550 1073 1620 qui
1105 1564 1249 1604 nunc
1283 1549 1372 1603 hic
1401 1549 1678 1603 assistunt.
1713 1567 1732 1599 ι
1785 1547 1942 1602 Dedit
1969 1548 2073 1601 Do-

491 1643 670 1696 minus
695 1642 802 1695 Deo
825 1639 963 1694 Filio
985 1655 1084 1695 suo
1102 1639 1168 1694 de
1189 1638 1505 1708 angelorum
1529 1652 1753 1693 numero
1774 1637 2068 1700 ministros,

486 1733 745 1803 quoniam
767 1742 984 1787 sanctos
1005 1747 1131 1785 suos
1153 1731 1330 1786 adhuc
1355 1731 1408 1785 in
1433 1745 1596 1786 carne
1620 1731 1844 1800 positos,
1869 1729 2074 1785 similes

2168 537 2374 600 septem
2403 529 2544 584 oculi
2574 536 2731 593 sunt,
2767 526 3024 598 quoniam
3054 540 3215 597 super
3239 523 3514 580 Christum
3540 533 3752 595 septem

2169 623 2307 678 dona
2346 621 2577 693 Spiritus
2616 621 2790 678 sancti
2829 623 3212 692 requiescunt,
3259 633 3379 689 qua:
3423 633 3754 673 enumerans

2169 714 2430 784 propheta
2460 711 2626 768 Isaias
2655 712 2788 768 dicit
2813 731 2825 766 :
2861 731 2879 763 ι
2913 709 3225 781 Requiescit
3249 724 3410 778 super
3433 724 3557 763 eum
3586 707 3750 780 spiri-

2170 812 2256 858 tus
2272 805 2505 869 Domini,
2537 805 2760 874 spiritus
2786 805 3082 875 sapientiaa,
3113 811 3169 858 et
3196 802 3499 857 intellectus
3527 800 3756 870 spiritus

2170 895 2382 950 consilii
2421 903 2476 949 et
2508 893 2864 959 fortitudinis,
2905 893 3128 964 spiritus
3156 892 3396 947 scientiae
3425 900 3482 945 et
3510 892 3752 961 pietatis,

2170 995 2226 1042 et
2263 986 2493 1056 replevit
2535 973 2659 1040 eum
2702 985 2925 1055 spiritus
2975 983 3182 1038 timoris
3228 981 3461 1036 Domini.
3494 1001 3512 1034 ι
3562 1001 3580 1033 ε
3616 981 3755 1036 Ecce

2169 1093 2270 1148 ego
2317 1076 2521 1132 czclabo
2557 1075 2887 1145 sculpturam
2923 1072 3038 1142 ejus
3062 1113 3078 1137 ,
3125 1073 3201 1126 ait
3242 1072 3503 1126 Dominus
3541 1072 3753 1126 exerci-

2174 1177 2358 1234 tuum,
2406 1178 2461 1224 et
2510 1167 2752 1223 auferam
2799 1166 3139 1236 iniquitatem
3181 1175 3341 1219 terra:
3381 1164 3524 1219 illius
3572 1165 3627 1217 in
3672 1165 3756 1220 die

2169 1277 2296 1316 una.
2322 1281 2342 1314 ›
2381 1259 2516 1327 Quia
2546 1275 2709 1331 supra
2737 1259 2948 1314 dixerat
2976 1257 3234 1328 lapidem,
3266 1265 3449 1311 servat
3473 1257 3757 1325 metapho-

2173 1368 2290 1406 ram
2322 1361 2376 1407 et
2403 1352 2536 1406 dicit
2567 1369 2580 1404 :
2617 1369 2634 1401 ι
2665 1349 2805 1404 Ecce
2835 1365 2933 1420 ego
2960 1348 3162 1404 cmlabo
3192 1347 3519 1418 sculpturam
3557 1348 3701 1417 ejus,
3733 1367 3751 1398 ι

2173 1444 2225 1498 id
2255 1452 2339 1498 est
2367 1443 2577 1512 lapidis.
2634 1441 2976 1496 Manifestum
3005 1451 3089 1495 est
3118 1441 3263 1495 enim
3292 1441 3359 1495 de
3388 1441 3602 1494 Domini
3631 1455 3756 1509 pas-

2172 1534 2324 1589 sione
2353 1532 2682 1604 prophetari.
2728 1532 3070 1602 Sculpturam
3109 1530 3304 1601 lapidis
3331 1531 3556 1586 vulnera
3594 1532 3758 1596 dicit,

2173 1640 2292 1694 qua:
2316 1625 2524 1694 accepit
2549 1625 2605 1678 in
2638 1639 2818 1678 cruce.
2868 1641 2886 1673 ι
2917 1623 3149 1687 Crelabo,
3187 1621 3379 1688 inquit,
3421 1621 3759 1691 sculpturam

2173 1715 2314 1785 ejus,
2336 1735 2354 1766 ι
2393 1715 2443 1769 id
2470 1723 2554 1769 est
2576 1713 2770 1768 faciam
2800 1713 2946 1767 illum
2968 1713 3239 1768 vulnerari
3262 1712 3431 1768 clavis
3462 1723 3519 1769 et
3550 1713 3760 1770 Ianua.

489 1801 617 1878 fecit
648 1824 890 1894 angelis;
943 1822 1085 1878 unde
1119 1821 1410 1892 Apostolus
1440 1822 1679 1877 dicebat:
1719 1821 2072 1891 Municipatus

2179 1806 2292 1861 Hoc
2327 1808 2472 1861 enim
2502 1806 2645 1860 Deus
2672 1804 2834 1859 Pater
2864 1804 3022 1870 fecit,
3065 1804 3154 1874 qui
3194 1820 3292 1875 pro
3323 1804 3479 1858 nobis
3508 1807 3764 1860 omnibus

485 1923 673 1969 noster
701 1915 752 1967 iu
784 1913 922 1968 coelo
951 1921 1056 1968 est.
1092 1911 1230 1966 Nam
1257 1913 1554 1982 virginibus
1585 1912 1816 1967 societas
1845 1913 2074 1982 promit-

485 2005 619 2059 titur
643 2005 988 2074 angelorum,
1018 2004 1248 2058 Domino
1274 2004 1518 2058 dicente:
1557 2024 1575 2055 ‹
1607 2003 1723 2058 Non
1754 2003 1955 2058 nubent
1983 2019 2075 2058 ne.

484 2112 589 2166 que
618 2096 908 2161 nubentur,
949 2098 1041 2152 sed
1077 2106 1238 2152 erunt
1268 2097 1412 2152 sicut
1440 2096 1612 2166 angeli
1647 2097 1739 2151 Dei
1772 2096 1824 2150 in
1857 2097 2013 2151 ccelo.
2050 2117 2068 2148 ι

487 2184 568 2240 De
595 2187 971 2240 assistentibus
990 2201 1119 2256 ergo
1137 2187 1267 2241 dicit
1286 2202 1344 2241 se
1363 2187 1411 2240 ei
1427 2186 1699 2251 daturum,
1716 2187 1968 2256 quoniam
1998 2186 2073 2242 illi

487 2276 580 2344 qui
612 2292 718 2330 non
749 2275 1044 2341 fluctuant,
1074 2277 1168 2332 sed
1195 2275 1418 2331 stabiles
1446 2285 1500 2330 et
1526 2286 1834 2332 constantes
1864 2286 1992 2332 sunt
2021 2279 2066 2334 in

486 2365 728 2421 Ecclesia
758 2365 872 2430 Dei,
906 2365 1092 2434 quales
1117 2373 1272 2421 erant
1298 2366 1547 2436 apostoli,
1578 2367 1669 2437 qui
1697 2381 1818 2420 cum
1846 2367 2075 2422 Domino

487 2462 665 2508 stante
705 2455 1158 2525 perseverabant,
1203 2464 1484 2510 merentur
1513 2455 1769 2527 angelicae
1798 2456 2076 2527 dignitatis

485 2547 620 2602 socii
650 2547 788 2602 fieri.

563 2658 582 2690 ‹
616 2640 786 2704 Audi,
831 2638 987 2694 Jesus
1021 2639 1280 2695 sacerdos
1311 2655 1503 2710 magne
1525 2680 1540 2705 ,
1582 2647 1637 2693 tu
1674 2646 1730 2693 et
1765 2638 1921 2692 amici
1965 2639 2072 2705 tui,

487 2732 580 2802 qui
609 2733 860 2802 habitant
890 2746 1073 2786 coram
1104 2739 1186 2796 te,
1228 2731 1354 2801 quia
1384 2731 1486 2785 viri
1515 2730 1901 2801 portendentes
1929 2738 2072 2784 sunt.

486 2824 628 2878 Ecce
657 2823 800 2878 enim
831 2838 930 2893 ego
959 2821 1223 2876 adducam
1263 2837 1479 2876 servum
1520 2836 1698 2876 meum
1730 2820 2020 2874 orientem.
2051 2839 2068 2870 ι

487 2913 601 2968 Hoc
631 2914 748 2968 loco
776 2911 962 2968 Jesum
991 2929 1115 2968 eum
1148 2922 1357 2967 tantum
1391 2911 1548 2980 juxta
1591 2911 1827 2966 litteram
1871 2911 2073 2982 accipi-

488 3024 643 3072 mus,
696 3007 786 3078 qui
830 3006 970 3060 filius
1003 3005 1104 3060 fuit
1131 3005 1431 3073 Iosedech,
1478 3005 1564 3061 cui
1613 3003 1948 3075 promittitur
1980 3003 2074 3057 ad-

486 3108 679 3153 ventus
726 3097 845 3153 Filii
891 3098 1006 3152 Dei.
1067 3097 1200 3152 Cum
1243 3097 1386 3151 enim
1432 3097 1678 3166 superius
1719 3096 1863 3149 hunc
1891 3093 2075 3149 Jesum

489 3190 826 3245 sacerdotem
863 3199 1047 3260 typum
1081 3188 1283 3244 Christi
1324 3188 1618 3244 dixerimus
1655 3187 1890 3251 habere,
1932 3201 2075 3241 nunc

490 3291 705 3335 tantum
755 3297 878 3336 eum
925 3281 1080 3351 juxta
1129 3281 1367 3334 litteram
1419 3281 1750 3349 accipimus,
1796 3280 2078 3352 videamus

492 3387 636 3426 nunc
661 3373 788 3440 quid
815 3371 1039 3441 angelus
1066 3372 1118 3424 in
1145 3386 1375 3441 persona
1406 3372 1499 3426 Dei
1527 3371 1774 3440 loquens,
1802 3371 1926 3425 huic
1950 3369 2077 3425 Jesu

493 3462 676 3516 dicat:
713 3479 731 3512 ‹
763 3461 936 3526 Audi,
981 3460 1110 3516 Jesu
1157 3462 1423 3516 sacerdos
1454 3477 1681 3532 magne,
1729 3469 1784 3515 tu
1825 3469 1879 3516 et
1916 3461 2079 3516 amici

490 3553 590 3617 tui,
616 3573 634 3604 ι
666 3552 716 3607 id
740 3561 825 3607 est
861 3553 1139 3621 prophetae
1164 3551 1368 3606 caeteri.
1405 3551 1538 3606 Nam
1562 3560 1615 3608 et
1634 3551 1790 3608 Jesus
1813 3555 2076 3624 propheta

490 3651 641 3707 erat,
674 3643 800 3712 quia
827 3643 1103 3697 Christum
1135 3658 1241 3697 non
1273 3642 1481 3708 verbis,
1516 3643 1608 3698 sed
1640 3644 1859 3699 nomine
1887 3645 2076 3714 praesi-

491 3734 693 3804 gnabat
739 3743 796 3789 et
844 3725 1120 3803 operibus.
1174 3732 1444 3808 Propheta
1492 3734 1635 3788 enim
1687 3735 1918 3800 dicitur,
1969 3751 2075 3789 non

491 3824 665 3879 solum
697 3827 788 3896 qui
829 3825 895 3880 de
926 3822 1504 3899 Christorvaticinatur
1531 3825 1743 3888 verbis,
1789 3826 1882 3880 sed
1913 3826 2076 3880 etiam

492 3913 584 3969 ille
612 3915 703 3984 qui
736 3930 858 3970 eum
909 3914 1098 3986 ﬁguris
1146 3923 1200 3969 et
1249 3899 1802 3986 symbolisldesignat.
1853 3914 2079 3971 Jubetur

490 4021 622 4078 ergo
643 4005 800 4062 Jesus
821 4007 1032 4072 audire,
1056 4003 1318 4074 jubentur
1338 4007 1502 4060 etiam
1533 4007 1721 4061 audire
1750 4005 1908 4061 amici
1937 4008 2075 4078 ejus,

488 4099 543 4154 id
565 4110 649 4155 est
666 4101 844 4156 caeteri
872 4099 1166 4170 prophetae,
1186 4099 1328 4170 quod
1355 4099 1578 4154 dicitur:
1608 4117 1626 4150 ι
1650 4099 1788 4155 Ecce
1810 4099 1955 4154 enim
1977 4115 2078 4171 ego

492 4193 758 4246 adducam
788 4205 1003 4246 servum
1032 4205 1213 4245 meum
1241 4192 1526 4246 orientem.
1559 4211 1578 4242 ι

567 4300 585 4331 ι
618 4280 756 4346 Quia
785 4294 914 4335 ecce
945 4281 1116 4350 lapis,
1163 4296 1321 4350 quem
1354 4283 1476 4336 dedi
1507 4297 1690 4336 coram
1721 4281 1881 4348 Jesu,
1915 4299 2079 4355 super

489 4370 722 4441 lapidem
768 4385 936 4423 unum
977 4379 1183 4440 septem
1223 4370 1362 4425 oculi
1409 4379 1554 4426 sunt.
1587 4392 1604 4423 ι
1657 4373 1783 4428 Ηειξο
1818 4372 2080 4442 jubentur

491 4463 699 4528 audire,
731 4462 987 4531 quoniam
1013 4463 1115 4516 viri
1142 4463 1529 4533 portendentes
1557 4473 1711 4530 sunt,
1745 4465 1848 4520 hoc
1878 4475 1991 4535 est,
2024 4469 2077 4523 in

2179 1897 2397 1952 tradidit
2427 1895 2574 1952 illum
2609 1895 2675 1950 ad
2713 1903 2960 1950 mortem.
3001 1895 3151 1950 Tunc
3177 1894 3481 1950 dimittetur
3504 1895 3765 1966 iniquitas

2179 2001 2339 2043 terra:
2367 1988 2528 2043 illius.
2578 1988 2634 2042 ln
2663 1988 2916 2056 passione
2940 1987 3084 2041 enim
3111 1986 3336 2041 dimissa
3369 1995 3452 2040 est
3479 1985 3764 2055 iniquitas,

2177 2088 2232 2136 et
2267 2080 2523 2134 redonata
2557 2078 2768 2149 justitia
2807 2077 2860 2132 in
2899 2077 2986 2132 die
3023 2092 3162 2144 una,
3206 2077 3272 2132 de
3302 2092 3408 2147 qua
3438 2076 3757 2131 Psalmista:

2182 2191 2201 2224 ‹
2231 2171 2357 2226 Rrec
2382 2180 2464 2226 est
2490 2171 2604 2225 dies
2629 2184 2791 2238 quam
2819 2165 2947 2222 fecit
2972 2167 3250 2223 Dominus.
3282 2187 3302 2220 ι

2255 2284 2274 2316 ι
2302 2263 2358 2317 lu
2392 2263 2481 2318 die
2516 2260 2636 2325 illa,
2675 2261 2808 2315 dicit
2844 2259 3104 2336 Dominus
3140 2260 3508 2323 exercituum,
3545 2261 3767 2316 vocabit

2175 2355 2260 2408 vir
2288 2353 2520 2408 amicum
2556 2366 2713 2406 suum
2749 2350 2935 2405 subter
2967 2351 3178 2404 vineam
3213 2358 3266 2406 et
3302 2350 3492 2405 subter
3521 2353 3710 2406 ficum.
3744 2372 3762 2404 ι

2175 2447 2218 2501 A
2255 2456 2494 2515 tempore
2523 2443 2667 2499 enim
2708 2442 2976 2510 passionis
3012 2441 3212 2497 Christi
3248 2443 3416 2513 coepit
3449 2443 3765 2496 annuntiari

2178 2540 2548 2611 Evangelium,
2566 2539 2649 2593 vir
2666 2536 2992 2608 apostolicus
3010 2545 3066 2591 et
3087 2535 3378 2606 perfectus,
3399 2545 3454 2592 et
3475 2537 3567 2606 qui
3595 2546 3768 2606 potest

2171 2632 2283 2702 jam
2314 2633 2379 2686 ad
2410 2631 2602 2684 altiora
2628 2613 3013 2691 conscendere,
3040 2635 3198 2682 vocat
3225 2628 3458 2682 amicum
3490 2644 3652 2682 suum
3671 2671 3687 2692 ,
3714 2629 3768 2684 id

2177 2731 2262 2778 est
2317 2721 2630 2785 credentes,
2663 2719 2748 2774 vel
2795 2725 2942 2773 certe
2988 2718 3238 2788 gentilem
3270 2719 3527 2789 populum
3581 2722 3770 2776 subter

2177 2817 2408 2876 vineam,
2440 2813 2493 2868 id
2521 2823 2604 2866 est
2633 2811 2906 2866 Christum
2937 2811 3027 2881 qui
3064 2811 3302 2880 loquitur
3330 2811 3383 2865 iu
3417 2811 3720 2881 Evangelia
3748 2833 3763 2867 :

2177 2906 2288 2976 Ego
2317 2921 2435 2960 smn
2466 2904 2592 2958 vitis
2622 2919 2749 2958 vera
2770 2944 2783 2967 ,
2827 2904 2980 2972 cujus
3020 2903 3229 2960 fructus
3258 2905 3500 2960 laetificat
3538 2920 3636 2960 cor
3670 2906 3765 2961 bo-

2178 2996 2358 3050 minis.
2395 2993 2462 3048 Et
2492 2995 2682 3049 subter
2711 2994 2908 3062 ficum,
2950 2995 3004 3050 id
3032 3003 3117 3050 est
3165 2995 3229 3050 ad
3262 2995 3492 3066 gloriam
3532 2995 3769 3067 Spiritus

2179 3088 2394 3153 sancti,
2446 3086 2598 3155 cujus
2641 3095 2766 3142 sunt
2814 3102 2972 3156 poma
3020 3087 3366 3155 dulcissima,
3415 3099 3477 3144 ut
3521 3091 3629 3146 sub
3675 3092 3768 3146 tali

2181 3177 2496 3234 umbraculo
2542 3186 2744 3233 eterna
2789 3192 2923 3248 pace
2970 3178 3269 3248 quiescant.
3328 3178 3441 3235 Hoc
3488 3181 3670 3250 ipsum
3719 3193 3774 3237 et

2177 3271 2431 3327 Michzcas
2471 3270 2735 3341 propheta
2776 3286 2914 3341 pene
2951 3271 3084 3340 ipsis
3121 3272 3305 3327 verbis
3333 3273 3623 3342 praedixit:
3661 3293 3679 3322 ι
3715 3274 3769 3328 in

2179 3368 2265 3422 die
2315 3367 2403 3422 illa
2439 3366 2736 3438 (inquiens)
2779 3367 2994 3422 vocabit
3041 3368 3410 3437 unusquisque
3453 3369 3770 3437 proximum

2178 3472 2334 3513 suum
2364 3466 2418 3512 et
2443 3456 2668 3512 fratrem
2699 3456 2884 3513 subter
2912 3454 3072 3514 ﬁcum
3103 3467 3158 3513 et
3183 3458 3421 3524 vineam,
3443 3466 3502 3514 et
3531 3475 3644 3516 non
3669 3461 3776 3514 erit

2177 3547 2270 3618 qui
2296 3556 2586 3604 exterreat.
2615 3567 2635 3600 ι

2790 3689 3020 3748 CAPUT
3059 3691 3147 3746 ιν.

2254 3841 2274 3874 ‹
2304 3822 2372 3878 Ει
2414 3837 2664 3878 reversus
2704 3831 2788 3878 est
2830 3822 3054 3893 angelus
3083 3821 3173 3893 qui
3211 3821 3537 3893 loquebatur
3561 3824 3621 3880 in
3656 3842 3773 3890 me,

2179 3925 2234 3971 et
2257 3904 2538 3971 suscitavit
2562 3930 2647 3970 me
2674 3915 2825 3986 quasi
2850 3916 3022 3970 virum
3049 3917 3139 3985 qui
3167 3917 3459 3972 suscitatur
3484 3919 3553 3973 de
3581 3935 3776 3975 somno

2180 4021 2296 4062 suo.
2321 4027 2338 4059 ι
2374 4006 2512 4074 Quid
2535 4015 2619 4062 est
2645 4006 2786 4076 quod
2815 4007 2974 4062 dicit:
3005 4025 3023 4056 ι
3054 4005 3322 4062 Reversus
3347 4016 3430 4062 est
3457 4009 3771 4079 angelus?»

2180 4096 2298 4164 Quo
2325 4086 2470 4151 enim
2492 4086 2708 4151 abierat
2740 4097 2835 4168 qui
2875 4097 2928 4152 in
2959 4099 3218 4168 propheta
3248 4097 3574 4167 loquebatur
3597 4102 3625 4155 ?
3674 4102 3780 4157 Sed

2181 4190 2459 4245 sciendum
2499 4189 2642 4259 quod
2680 4189 2897 4259 quando
2939 4191 3174 4244 humana
3214 4189 3482 4261 fragilitas
3525 4207 3648 4247 sua:
3691 4209 3778 4247 re-

2181 4279 2446 4349 linquitur
2473 4278 2863 4346 imbecillitati,
2909 4280 3050 4336 Deus
3091 4281 3407 4352 angelorum
3439 4283 3656 4340 auxilio
3687 4286 3781 4340 ab-

2181 4377 2266 4424 est
2313 4369 2380 4424 ab
2432 4368 2671 4424 homine.
2730 4369 2999 4440 Pmpheta
3053 4371 3234 4441 itaque
3284 4387 3497 4443 magna:
3545 4374 3781 4430 visionis

2184 4474 2405 4532 stupore
2433 4461 2714 4524 attonitus,
2750 4461 3022 4530 torpebat,
3064 4470 3121 4517 et
3148 4463 3292 4516 velut
3326 4472 3510 4519 mente
3539 4470 3777 4537 sopitus,

489 4553 704 4623 signum
741 4553 975 4621 positum
1013 4551 1337 4606 futurorum.
1390 4553 1784 4612 Portendentes
1819 4559 1961 4612 enim
1993 4559 2076 4612 di-
2104 4526 2155 4586 D
2181 4568 2367 4606 verum
2402 4552 2584 4608 lumen
2616 4553 2802 4608 videre
2833 4569 2939 4608 non
2970 4563 3198 4624 poterat.
3238 4553 3582 4625 Quapropter
3609 4526 3782 4630 ange-

490 4651 706 4708 cuntur,
738 4643 831 4711 qui
858 4641 1036 4696 futura
1066 4643 1426 4711 portendunt,
1468 4644 1571 4699 hoc
1619 4655 1704 4701 est
1756 4646 1913 4719 longe
1954 4657 2078 4705 ante

489 4733 869 4803 pronuntiant.
926 4733 1065 4788 Ecce
1111 4732 1351 4805 (inquit)
1403 4750 1502 4806 ego
1549 4737 1814 4792 adducam
1860 4754 2075 4793 servum

491 4839 674 4880 meum
697 4825 1015 4889 orientem,»
1051 4824 1102 4879 id
1128 4833 1211 4879 est
1239 4824 1389 4879 illum
1417 4826 1482 4882 de
1510 4843 1617 4898 quo
1637 4828 1867 4883 dicitur:
1899 4851 1916 4880 ι
1938 4829 2078 4886 Ecce

491 4914 579 4969 vir
599 4915 784 4970 oriens
806 4931 1000 4972 nomen
1029 4915 1177 4985 ejus;
1203 4936 1220 4968 ι
1255 4925 1306 4971 et
1329 4917 1454 4972 alibi
1483 4936 1494 4973 :
1528 4937 1546 4969 ‹
1571 4919 1735 4974 Vobis
1762 4921 2076 4976 timentibus

491 5021 692 5062 nomen
737 5022 916 5060 meum
961 5007 1169 5062 orietur
1213 5007 1294 5063 sol
1332 5007 1580 5077 justitiaz.
1616 5031 1634 5062 ι
1692 5011 1749 5066 ln
1779 5012 2071 5082 Evangelio

491 5113 744 5170 quoque:
795 5120 811 5150 ι
844 5097 1096 5154 Visitavit
1142 5114 1240 5154 nos
1279 5101 1462 5155 oriens
1505 5117 1570 5156 ex
1616 5102 1726 5156 alto
1768 5101 2072 5159 illuminare

493 5193 581 5248 his
625 5189 718 5260 qui
768 5191 822 5244 in
873 5189 1110 5244 tenebris
1153 5197 1209 5244 et
1255 5191 1308 5243 in
1351 5192 1542 5245 umbra
1580 5191 1769 5246 mortis
1804 5192 2012 5248 sedent.
2046 5212 2065 5246 ι

492 5282 720 5340 Servum
766 5293 948 5337 autem
995 5297 1171 5336 meum
1215 5280 1346 5335 dicit
1395 5281 1692 5350 propheta,
1741 5292 2071 5354 assumptam

489 5377 632 5433 servi
657 5375 909 5440 formam,
933 5382 992 5428 ut
1016 5374 1176 5429 illud:
1200 5373 1339 5427 Ecce
1362 5386 1550 5427 servus
1577 5388 1750 5438 meus,
1781 5375 2072 5444 suscipiam

489 5483 636 5522 eum.
666 5467 782 5538 lpse
810 5475 866 5522 et
890 5466 1029 5536 lapis
1053 5466 1213 5520 datus
1241 5479 1424 5518 coram
1454 5463 1602 5527 Jesu,
1630 5464 1682 5519 id
1728 5473 1812 5519 est
1837 5480 2072 5536 pronun-

491 5558 657 5614 tiatus
683 5565 738 5612 et
765 5558 1068 5628 promissus
1097 5555 1398 5626 prophetis.
1453 5554 1555 5610 Hic
1595 5541 1677 5610 est
1714 5555 1851 5627 lapis
1895 5572 2068 5628 angu-

490 5650 654 5715 laris,
691 5650 781 5719 qui
816 5649 951 5704 duos
989 5648 1042 5702 in
1079 5662 1138 5702 se
1171 5647 1450 5717 conjunxit
1479 5649 1714 5718 parietes
1752 5665 1818 5705 ex
1854 5650 2068 5708 diverso

489 5740 790 5803 venientes,
827 5739 896 5794 ab
923 5737 1230 5795 hominibus
1260 5738 1474 5810 quidem
1511 5741 1846 5813 reprobatus,
1887 5758 1918 5799 a
1956 5743 2066 5802 Deo

2178 4643 2262 4698 lus
2287 4645 2385 4718 qui
2422 4660 2546 4699 eum
2579 4660 2869 4715 parumper
2897 4645 3000 4700 sibi
3028 4644 3342 4711 dimiserat,
3392 4654 3447 4701 et
3491 4651 3663 4717 quasi
3712 4652 3781 4705 ab

2176 4754 2243 4795 eo
2275 4745 2613 4802 recesserat,
2663 4731 2915 4791 revefsus
2954 4737 3233 4792 suscitavit
3269 4753 3423 4804 eum,
3465 4750 3528 4794 ut
3559 4742 3780 4798 videret

2179 4832 2322 4902 quod
2358 4841 2515 4885 antea
2546 4831 2744 4887 clausis
2772 4833 2952 4887 cordis
2980 4832 3151 4888 oculis
3177 4833 3361 4889 videre
3391 4850 3498 4890 non
3533 4847 3775 4908 poterat.

2179 4923 2472 4978 Possumus
2495 4939 2709 4993 quoque
2733 4926 3000 4980 somnium
3025 4926 3301 4995 prophetae
3332 4927 3384 4981 in
3414 4927 3622 4983 bonam
3651 4947 3780 5000 par-

2174 5024 2282 5070 tem
2316 5015 2602 5085 accipere,
2648 5014 2806 5085 juxta
2852 5018 2994 5085 quod
3047 5016 3301 5072 Salomon
3349 5018 3465 5072 ait:
3525 5019 3584 5074 Si
3643 5027 3778 5076 dor-

2173 5105 2380 5170 mieris,
2405 5121 2512 5160 non
2543 5106 2757 5161 timebis
2781 5123 2794 5160 :
2827 5107 3094 5176 quiesces,
3117 5116 3173 5162 et
3201 5109 3382 5163 suavis
3407 5109 3514 5164 erit
3539 5125 3776 5168 somnus

2176 5205 2321 5251 tuus.
2374 5196 2475 5263 Qui
2518 5211 2646 5266 ergo
2686 5211 2716 5250 a
2755 5197 2939 5251 sazculi
2968 5198 3114 5253 curis
3162 5207 3216 5253 et
3260 5200 3776 5269 perturbationibus

2176 5287 2406 5351 dormit,
2456 5296 2512 5342 et
2553 5295 2735 5358 potest
2781 5288 2962 5344 dicere
2986 5305 3108 5345 cum
3149 5306 3387 5360 sponso:
3425 5310 3443 5344 ‹
3478 5293 3593 5366 Ego
3643 5297 3777 5351 dor-

2177 5379 2318 5445 mio,
2359 5377 2426 5433 ’ct
2477 5395 2575 5434 cor
2615 5393 2794 5433 meum
2836 5381 3058 5451 vigilat,
3093 5402 3111 5434 ι
3165 5392 3409 5440 meretur
3452 5387 3524 5441 ab
3570 5389 3778 5459 angelo

2175 5471 2470 5536 suscitari,
2533 5480 2588 5526 et
2643 5471 2890 5542 angelica
2944 5471 3153 5528 visione
3210 5483 3372 5544 atque
3431 5475 3777 5534 allocutione

2170 5561 2396 5632 perfrui.

2205 5642 2208 5646 ί
2247 5673 2266 5706 r
2297 5654 2364 5710 Et
2388 5654 2525 5710 dixit
2563 5655 2627 5710 ad
2663 5671 2781 5711 me:
2811 5655 2951 5724 Quid
2980 5665 3034 5712 tu
3060 5657 3253 5714 vides?
3276 5666 3331 5714 et
3355 5659 3465 5715 dixi
3488 5677 3505 5716 :
3531 5660 3683 5726 Vidi,
3715 5670 3773 5715 et

2170 5760 2296 5804 ecce
2323 5746 2706 5805 candelabrum
2741 5761 2965 5804 aureum
2996 5755 3188 5816 totum,
3218 5758 3270 5807 et
3301 5749 3506 5822 lampas
3526 5749 3652 5821 ejus
3676 5768 3772 5809 su-
