3950 6456
471 395 576 452 235

950 382 1301 442 llAYMONlS
1338 369 1816 433 HALBERSTAT.
1854 364 2067 422 EPISC.
2102 361 2254 418 OPP.
2296 352 2552 414 PARS].
2590 383 2636 396 —
2695 346 3053 406 COMMENT.
3094 342 3264 398 BIBL.

3635 339 3757 401 236

472 515 550 569 ita
577 516 632 566 et
659 503 917 562 Dominus
939 499 1185 554 Salvator
1205 535 1220 558 ,
1244 492 1308 546 de
1333 504 1439 560 quo
1463 484 1727 558 propheta
1764 480 1892 536 dicit
1911 519 1925 544 ,
1957 477 2056 532 Se-
2081 482 2133 542 Α
2158 474 2360 527 latores
2387 483 2486 540 pro
2513 464 2783 521 volumine
2819 481 2836 514 ι
2873 460 3065 515 falcem
3096 477 3114 508 ι
3149 457 3422 519 dixerunt,
3453 450 3753 508 habentem

2191 563 2202 569 ‘
2295 563 2307 569 -
2727 555 2742 569 ι
2857 553 2888 569 θ-
2921 551 3112 569 κυημ-
3149 555 3192 569 η.
3226 544 3564 569 I-..:....i:......_
3619 543 3753 569 βλι-

475 604 625 659 debit
651 595 888 654 conﬂatis
918 599 974 644 et
1000 584 1298 642 emundans
1335 587 1618 650 argentum
1647 576 1910 629 bonorum
1932 583 2057 638 ope-

477 710 621 758 rum,
651 695 930 760 argentum
954 688 1009 736 et
1038 690 1230 732 aurum
1271 673 1338 728 ab
1381 684 1489 726 tere
1526 666 1853 737 plumboque
1898 661 2060 715 vitio-

477 804 597 845 rum
627 779 892 841 secernit,
919 782 980 828 ιιι
1012 783 1208 843 purum
1238 779 1429 821 aurum
1461 767 1850 831 argentumque
1884 765 2062 808 rema-

481 884 668 1016 ηθῗῐὲί
717 953 996 1026 respondi,
1041 958 1097 1004 et
1144 946 1254 1002 dixi
1301 943 1371 998 ad
1414 956 1539 995 eum
1566 957 1579 992 :
1610 935 1752 1004 Quid
1786 941 1912 988 sunt
1945 931 2064 985 dlﬂB

477 1060 633 1115 oliva:
670 1055 786 1109 ista:
813 1024 894 1104 ad
937 1045 1215 1100 dexteram
1256 1033 1565 1092 candelabri
1596 1038 1652 1084 et
1689 1027 1758 1082 ad
1791 1024 2066 1080 sinistram

479 1149 643 1223 ejus?
687 1154 743 1200 et
791 1135 1043 1210 respondi
1082 1131 1350 1195 secundo,
1389 1135 1445 1182 et
1489 1122 1598 1179 dixi
1627 1120 1694 1174 ad
1723 1132 1850 1174 eum
1884 1111 2067 1181 :Quid

481 1210 608 1300 sunt
632 1241 752 1295 dum
781 1235 941 1304 spica:
966 1229 1248 1289 olivarum,
1276 1235 1398 1291 qua:
1427 1223 1548 1272 sunt
1575 1213 1729 1283 juxta
1760 1210 1865 1264 duo
1890 1211 2069 1261 rostra

484 1348 648 1390 aurea
675 1371 691 1395 ,
719 1329 776 1383 in
808 1323 1002 1394 quibus
1033 1325 1158 1374 sunt
1181 1309 1489 1369 sullossoria
1516 1321 1582 1360 ex
1608 1301 1779 1357 auro?
1807 1307 1863 1354 et
1897 1297 1974 1351 ait
1999 1293 2069 1350 ad

485 1387 574 1486 me
602 1387 788 1483 dicens
815 1387 1104 1485 {Nunquid
1131 1406 1307 1464 nescis
1335 1402 1464 1473 quid
1489 1405 1615 1455 sunt
1641 1393 1800 1450 haec?
1842 1399 1898 1445 et
1926 1387 2066 1451 dixi,

486 1480 872 1584 licindomine
913 1480 1012 1563 mi:
1049 1503 1116 1558 Et
1156 1499 1292 1556 dixit
1317 1516 1336 1550 ι
1363 1493 1430 1550 ad
1461 1506 1586 1548 me:
1621 1508 1638 1540 ι
1667 1487 1760 1542 isti
1813 1493 1941 1539 sunt
1965 1480 2072 1536 duo

489 1570 740 1672 lilii-olei,
770 1623 788 1655 ι
815 1593 1137 1672 splendoris,
1161 1607 1180 1642 ‹
1206 1587 1297 1659 qui
1319 1584 1582 1640 assistunt
1603 1573 1924 1634 dominatori
1952 1570 2073 1626 uni-

691 1663 867 1752 terrae:
899 1710 918 1743 ι
961 1688 1264 1752 lnterrogat
1291 1677 1554 1750 propheta
1595 1669 1726 1741 quid
1770 1663 2075 1738 significent

457 1775 611 1847 'duae
640 1750 815 1842 veli—vae
859 1781 927 1835 ad
971 1750 1247 1832 dexteram
1302 1779 1358 1822 et
1419 1764 1697 1820 sinistram
1741 1750 2071 1813 candelabri.

492 1880 602 1936 Sed
633 1875 854 1948 angelus
889 1868 982 1941 qui
1014 1867 1069 1920 in
1098 1875 1332 1934 persona
1363 1854 1574 1913 Domini
1600 1849 1942 1922 loquebatur,
1973 1857 2072 1899 noc,

492 1973 595 2028 luit
619 1971 670 2026 ei
700 1936 1048 2038 respondere,
1093 1958 1207 2012 sive
1255 1951 1510 2023 quoniam
1559 1948 1624 2003 de
1672 1944 1880 2000 duabus
1923 1936 2082 1994 olivis

495 2077 658 2134 supra
704 2057 964 2115 audierat,
1008 2051 1128 2105 ideo
1168 2059 1314 2100 nunc
1353 2056 1461 2096 non
1493 2044 1731 2093 meretur
1764 2031 1952 2087 audire
1997 2041 2082 2083 re-

496 2121 756 2228 sponsum
784 2147 982 2220 angeli,
1013 2145 1139 2215 quia
1170 2139 1321 2212 prius
1347 2135 1530 2190 audita
1561 2145 1670 2186 non
1711 2126 1938 2188 retinet,
1967 2121 2082 2177 sive

499 2213 668 2306 etiam
692 2245 819 2317 quia
849 2213 1051 2308 majora
1078 2250 1136 2290 se
1164 2233 1304 2288 scire
1323 2227 1558 2289 volebat,
1587 2218 1892 2278 confutatur
1921 2213 2084 2270 silen-

501 2304 582 2396 tio
626 2304 821 2405 angeli,
865 2304 950 2387 vel
985 2337 1045 2383 ut
1077 2323 1288 2380 Hebraei
1330 2320 1546 2383 dicunt,
1577 2329 1684 2368 non
1710 2304 2082 2379 responditei,

500 2433 626 2504 quia
653 2444 755 2485 non
782 2428 921 2481 bene
948 2419 1415 2488 interrogaverat,
1463 2423 1563 2463 nec
1607 2415 1779 2460 totum
1816 2397 2083 2470 quaesivit,

499 2487 647 2596 quod
674 2520 812 2577 scire
836 2512 1064 2570 debebat
1092 2527 1110 2564 °.
1141 2487 1265 2562 nam
1291 2505 1358 2559 de
1385 2501 1542 2558 olivis
1563 2499 1921 2564 interrogans,
1954 2487 2086 2543 nihil

503 2578 571 2670 de
600 2611 763 2683 spicis
786 2607 1070 2667 olivarum,
1113 2599 1186 2653 nil
1219 2597 1286 2651 de
1323 2591 1516 2648 rostris
1547 2585 1746 2650 aureis,
1777 2590 1869 2636 aut
1901 2579 1969 2634 de
2010 2578 2089 2632 in-

503 2670 725 2760 fusoriis
749 2697 1056 2771 quaesierat.
1108 2690 1297 2760 Spicas
1325 2693 1502 2740 autem
1525 2681 1812 2739 olivarum,
1844 2674 1988 2743 ipsas
2010 2670 2090 2726 di-

506 2797 584 2852 cit
605 2759 848 2856 arbores,
876 2785 1138 2844 translato
1153 2759 1437 2849 sermone,
1473 2771 1616 2842 quod
1651 2771 1705 2823 in
1737 2765 1955 2820 modum
1980 2759 2091 2830 spi-

505 2900 700 2947 carum
739 2851 900 2936 recta:
936 2877 1064 2939 sint,
1104 2881 1158 2927 et
1200 2870 1339 2924 sicut
1384 2865 1544 2935 spicae
1583 2859 1850 2914 vallantur
1888 2851 2088 2916 aristis,

507 2979 591 3034 sic
613 2976 732 3029 ista:
757 2969 911 3041 quasi
935 2962 1166 3036 quodam
1191 2957 1331 3012 vallo
1353 2965 1624 3009 ramorum
1647 2956 1702 3004 et
1729 2946 1977 3000 foliorum
2001 2955 2087 2996 re-

511 3079 603 3126 cte
629 3069 684 3122 in
716 3036 884 3118 altum
909 3065 1152 3126 surgant.
1190 3047 1416 3118 Quidam
1444 3047 1579 3099 duas
1605 3040 1782 3110 spicas
1808 3036 2088 3095 olivarum,

513 3162 620 3216 duo
642 3157 988 3229 Testamenta
1016 3143 1340 3212 intelligunt,
1367 3133 1715 3206 Evangelium
1745 3137 1802 3184 et
1823 3128 2013 3197 legem,
2040 3129 2095 3177 et

513 3255 616 3310 hos
640 3262 762 3306 esse
796 3212 940 3301 filios
952 3230 1262 3310 splendoris
1283 3273 1299 3299 ,
1344 3229 1437 3302 qui
1479 3226 1739 3281 assistunt
1773 3212 2096 3275 dominatori

513 3344 784 3398 universa:
814 3333 1020 3396 carnis,
1045 3329 1135 3383 alii
1161 3321 1523 3381 sacerdotium
1547 3325 1605 3372 et
1628 3315 1820 3384 legem,
1857 3303 2098 3362 nonnulli

517 3395 691 3492 ﬁliam
720 3439 776 3487 et
807 3395 1013 3489 Enoch,
1046 3432 1274 3490 quorum
1308 3413 1445 3470 alter
1471 3410 1527 3466 in
1553 3403 1834 3479 praeputio,
1875 3399 2012 3454 alter
2044 3395 2098 3450 in

509 3521 934 3584 circumcisione
963 3510 1166 3587 placuit
1194 3508 1326 3562 Deo.

1172 3672 1415 3736 CAPUT
1430 3670 1494 3726 ν.

595 3838 619 3869 ς
651 3815 722 3870 Et
751 3815 1044 3865 conversus
1086 3811 1230 3861 sum,
1282 3800 1336 3847 et
1380 3785 1552 3844 levavi
1603 3779 1788 3838 oculos
1830 3787 2000 3838 meos,
2051 3779 2108 3826 et

521 3865 632 3968 vidi
787 3914 915 3957 ecce
949 3893 1202 3957 volumen
1238 3884 1444 3940 volans.
1499 3879 1568 3933 Et
1592 3874 1728 3932 dixit
1753 3870 1819 3925 ad
1849 3883 1954 3932 me,
1980 3865 2110 3936 quid

526 4011 584 4058 tu
614 3957 806 4054 vides?
850 3989 918 4044 Et
943 3983 1054 4040 dixi
1085 3999 1097 4034 :
1124 3979 1263 4034 Ecce
1296 3989 1396 4046 ego
1424 3971 1578 4026 video
1602 3965 1852 4020 volumen
1898 3957 2105 4013 volans.

859 4078 977 4149 ejus
1024 4068 1216 4142 viginti
1255 4045 1580 4123 cubitorum,
1621 4063 1677 4111 et
1724 4047 1954 4106 latitudo
1975 4045 2110 4159 IejJus

529 4134 716 4242 deceom
737 4134 1064 4234 cubitorum.
1097 4165 1164 4219 Et
1188 4160 1326 4217 dixit
1358 4158 1427 4212 ad
1456 4167 1542 4208 me
1571 4167 1584 4204 :
1612 4147 1739 4204 Haec
1771 4151 1855 4198 est
1884 4134 2109 4195 maledi-

530 4276 660 4337 etio,
689 4282 809 4340 qua:
823 4261 1096 4334 egreditur
1120 4266 1279 4323 super
1306 4248 1499 4302 faciem
1523 4239 1699 4296 omnis
1729 4243 1888 4288 terra;
1923 4248 1944 4280 ›
1972 4227 2114 4283 Con-

533 4323 724 4417 versus
760 4323 1132 4422 estprOpbeu
1175 4341 1243 4396 ab
1274 4338 1380 4392 alia
1409 4334 1616 4389 visione
1644 4326 1712 4380 ad
1750 4323 1932 4384 aliam,
1981 4325 2036 4372 et
2082 4329 2112 4368 a

535 4452 674 4508 laetis
719 4455 775 4504 et
801 4406 1076 4515 prosperis
1101 4434 1170 4488 ad
1219 4427 1393 4484 tristia
1430 4420 1625 4478 mentis
1672 4414 1858 4470 oculos
1903 4406 2111 4465 extulit.

539 4542 620 4597 Ne
656 4497 1128 4592 enimrelevaretur
1163 4535 1256 4576 cor
1284 4518 1421 4587 ejus,
1450 4508 1704 4581 quoniam
1731 4501 1911 4558 omnia
1942 4497 2115 4553 felicia

2157 563 2398 631 ejusdem
2429 571 2698 614 mensurae
2727 551 3117 624 longitudinem
3143 555 3200 602 et
3225 544 3588 599 latitudinem.
3617 543 3759 599 Falx

2159 657 2264 710 ista
2293 652 2460 707 divini
2501 648 2691 720 judicii
2719 645 3066 702 severitatem
3097 639 3378 709 designat:
3431 637 3578 691 sicut
3603 637 3759 691 emi

2161 742 2270 802 falx
2291 753 2487 800 cuncta
2511 757 2610 797 suo
2633 738 2863 795 circuitu
2888 733 3059 789 ambit
3085 729 3328 786 exterius
3344 768 3359 793 ,
3391 727 3626 780 interius
3669 726 3762 778 in-

2163 837 2313 900 cidit,
2347 836 2420 889 ita
2451 833 2647 888 divina:
2700 824 3184 884 animadversionis
3231 821 3469 892 potentia
3499 821 3764 874 universa

2163 926 2466 982 forinsecus
2500 920 2880 989 complectitur
2904 957 2919 981 ,
2952 915 3281 970 intrinsecus
3333 911 3541 965 dirimit
3581 919 3638 963 et
3673 909 3764 963 di-

2165 1017 2390 1080 scernit,
2413 1013 2709 1084 dijudicans
2737 1025 2898 1081 opera
2929 1017 2984 1062 et
3008 1003 3385 1076 cogitationes.
3421 1019 3442 1052 (
3477 1001 3618 1067 Quia
3647 1015 3770 1053 om-

2167 1112 2252 1168 nis
2275 1111 2361 1166 fur
2393 1110 2535 1164 sicut
2559 1105 2634 1160 ibi
2681 1105 2942 1174 scriptum
2995 1107 3079 1154 est
3101 1096 3453 1169 judicabitur,
3496 1102 3552 1147 et
3583 1092 3768 1146 omnis

2162 1201 2354 1271 jurans
2379 1214 2448 1254 ex
2497 1197 2601 1252 hoc
2643 1192 2894 1249 similiter
2919 1188 3274 1262 judicabitur.
3325 1185 3566 1238 Edueam
3609 1181 3768 1244 illud,

2169 1289 2572 1348 dicitDominus
2594 1284 2950 1347 exercituum,
2979 1289 3034 1336 et
3063 1279 3244 1334 veniet
3265 1276 3334 1330 ad
3353 1275 3578 1330 domum
3608 1272 3768 1336 furis,

2169 1389 2227 1439 et
2249 1379 2314 1436 ad
2342 1381 2558 1435 domum
2578 1373 2814 1445 jurantis
2839 1373 2894 1427 in
2922 1371 3143 1425 nomine
3169 1383 3289 1424 meo
3315 1365 3685 1427 mendaciter,
3717 1371 3774 1416 et

2171 1469 2590 1530 commorabitur
2625 1466 2681 1520 in
2727 1463 2905 1519 medio
2956 1462 3150 1516 domus
3195 1456 3328 1525 ejus,
3379 1464 3434 1511 et
3481 1463 3775 1509 consumet

2173 1580 2292 1622 eam
2317 1571 2374 1619 et
2413 1562 2556 1632 ligna
2583 1557 2701 1627 ejus
2746 1565 2801 1610 et
2827 1553 3031 1624 lapides
3076 1551 3213 1622 ejus.
3250 1567 3270 1602 ι
3311 1546 3463 1601 Multi
3493 1553 3627 1600 sunt
3678 1543 3776 1613 qui

2175 1653 2377 1710 furtum
2398 1662 2454 1707 et
2475 1649 2771 1721 perjurium
2802 1655 2895 1700 aut
2917 1657 3084 1714 parva
3116 1650 3212 1694 aut
3245 1638 3391 1693 nulla
3427 1644 3628 1694 nutant
3652 1648 3780 1689 esse

2179 1744 2432 1807 crimina,
2461 1756 2562 1796 nec
2580 1738 2870 1794 attendunt
2903 1735 3046 1804 quod
3074 1729 3382 1787 maledictio
3422 1726 3589 1794 hujus
3617 1725 3779 1780 volu-

2100 1833 2150 1895 B
2177 1835 2339 1890 minis
2371 1831 2557 1888 venire
2581 1828 2794 1885 dicatur
2831 1827 2897 1880 ad
2925 1826 3143 1880 domum
3172 1820 3308 1876 furis
3352 1828 3409 1872 et
3435 1815 3785 1871 mendaciter

2178 1925 2411 2000 jurantis
2437 1923 2490 1978 in
2519 1921 2737 1976 nomine
2762 1916 2994 1980 Domini,
3023 1922 3079 1969 et
3107 1923 3425 1967 consumere
3456 1918 3514 1962 et
3541 1907 3696 1976 ligna
3727 1912 3782 1960 et

2183 1996 2388 2086 lapides
2437 2010 2576 2081 ejus,
2625 2009 2681 2064 id
2707 2015 2792 2063 est
2837 2006 2971 2060 dura
3016 2013 3072 2058 et
3109 2002 3294 2072 gravia
3325 2006 3553 2070 peccata
3607 1996 3778 2049 illius.

2185 2107 2324 2175 Quid
2353 2105 2419 2160 de
2444 2099 2779 2175 gravioribus
2806 2112 2936 2168 ergo
2964 2094 3204 2166 peccatis
3240 2092 3365 2155 erit,
3412 2089 3602 2160 qualia
3652 2096 3785 2142 sunt

2185 2195 2495 2258 homicidia,
2522 2189 2808 2254 adulteria,
2837 2195 3144 2253 caateraque
3164 2182 3345 2238 carnis
3369 2195 3561 2249 opera,
3595 2178 3644 2232 si
3666 2177 3787 2231 fur-

2186 2301 2298 2348 tum
2337 2295 2394 2340 et
2419 2282 2708 2356 perjurium
2741 2278 2833 2333 tali
2863 2291 3018 2348 paena
3050 2273 3397 2345 plectuntur?

2261 2399 2282 2432 ι
2315 2379 2382 2433 Et
2419 2387 2669 2448 egressus
2695 2379 2780 2427 est
2811 2367 3033 2438 angelus
3083 2365 3176 2434 qui
3225 2363 3552 2432 loquebatur
3583 2359 3642 2414 in
3670 2374 3786 2422 me,

2187 2481 2243 2527 et
2269 2469 2403 2524 dixit
2431 2467 2500 2522 ad
2525 2479 2610 2520 me
2639 2481 2651 2515 :
2691 2461 2833 2516 Leva
2876 2458 3062 2515 oculos
3089 2466 3230 2520 tuos,
3279 2464 3336 2510 et
3360 2453 3507 2518 vide,
3539 2451 3676 2521 quid
3699 2461 3786 2505 est

2190 2565 2293 2618 hoc
2326 2556 2470 2630 quod
2496 2553 2773 2626 egreditur
2794 2551 2818 2604 ἲ
2837 2551 2901 2604 Ει
2926 2549 3036 2603 dixi
3064 2565 3076 2601 :
3112 2547 3381 2614 Quidnam
3405 2544 3531 2598 est?
3568 2543 3640 2595 Et
3669 2542 3781 2594 ait:

2190 2654 2316 2709 Haec
2346 2660 2429 2708 est
2456 2648 2714 2718 amphora
2742 2643 3066 2714 egrediens;
3099 2647 3154 2693 et
3179 2637 3332 2692 dixit.
3369 2654 3388 2687 ο
3421 2632 3669 2704 Angelus
3689 2633 3786 2701 qui

2191 2748 2509 2818 loquebatur
2554 2743 2607 2796 in
2635 2741 2919 2811 propheta,
2948 2749 3200 2805 egressus
3228 2733 3348 2786 ideo
3379 2740 3483 2791 e5t,
3528 2737 3594 2782 ut
3620 2727 3786 2781 aliam

2191 2841 2451 2896 visionem
2482 2836 2533 2890 ei
2558 2832 2888 2889 ostenderet.
2929 2826 3196 2896 Praecepit
3229 2839 3358 2893 ergo
3383 2831 3441 2876 ut
3483 2821 3630 2875 levet
3656 2833 3790 2872 ocu-

2193 2931 2274 2986 los
2316 2929 2382 2984 ad
2429 2939 2624 2996 magna
2665 2918 3100 2988 contemplanda,
3141 2923 3196 2970 et
3229 2914 3279 2968 vi
3304 2918 3411 2966 teat
3435 2911 3787 2980 amphoram,

2195 3024 2248 3079 id
2280 3031 2365 3077 est
2394 3030 2702 3074 mensuram
2741 3020 3086 3083 peccatorum
3123 3005 3302 3076 populi
3333 3002 3500 3057 lsrael
3530 3015 3791 3056 consum—

2195 3122 2395 3168 matam
2430 3117 2590 3177 atque
2617 3105 2850 3176 plenam.
2881 3099 3154 3168 Amphora
3179 3095 3344 3158 enim,
3373 3107 3494 3161 qua:
3523 3089 3795 3144 llebraice

2124 3214 2170 3277 ο
2201 3205 2397 3260 dicitur
2419 3201 2549 3270 epha
2580 3196 2667 3251 vel
2710 3195 2847 3265 cpiti,
2881 3190 3270 3262 plenitudinem
3299 3185 3548 3253 designat
3595 3196 3795 3251 pecca-

2201 3306 2396 3351 torum.
2444 3291 2548 3361 lpsi
2577 3301 2790 3358 quoque
2835 3284 3110 3352 amphorae
3136 3293 3330 3333 nomen
3359 3274 3594 3344 imponit
3627 3289 3798 3341 ange-

2199 3387 2284 3442 lus
2311 3385 2494 3440 dicens
2525 3399 2537 3433 :
2598 3399 2616 3430 ι
2651 3377 2748 3432 ilic
2777 3373 2939 3448 [haec]
2979 3381 3064 3428 est
3089 3369 3280 3427 oculus
3309 3380 3500 3421 eorum
3553 3365 3614 3417 in
3674 3364 3800 3416 ιιιιὶ-

2201 3491 2356 3531 versa
2386 3483 2547 3535 terra,
2587 3489 2605 3521 ι
2640 3469 2692 3522 id
2736 3475 2821 3522 est
2870 3463 3106 3520 ostensio
3144 3458 3386 3516 omnium
3411 3465 3798 3525 peccatorum.

2201 3566 2421 3636 lmpleta
2449 3563 2593 3617 enim
2640 3567 2989 3628 peccatorum
3020 3565 3294 3614 mensura,
3318 3548 3478 3618 juxta
3516 3545 3671 3614 quod
3702 3544 3804 3597 Do-

2204 3658 2382 3715 minus
2411 3654 2477 3708 ad
2513 3651 2726 3706 .Iudteos
2756 3646 2888 3701 dicit
2917 3663 2930 3698 :
2968 3642 3190 3711 lmplete
3214 3652 3523 3693 mensuram
3579 3644 3805 3704 patrum

2207 3756 2531 3808 vestrorum,
2582 3750 2637 3797 et
2683 3741 2735 3795 in
2787 3736 2986 3794 Genesi
3020 3733 3305 3788 :Nondum
3351 3729 3627 3799 completa
3682 3736 3810 3781 sunt

2207 3845 2429 3910 peccata
2467 3833 2926 3893 Amorrhzeorum,
2977 3833 3150 3880 restat
3175 3832 3234 3876 ut
3259 3823 3329 3876 sit
3365 3819 3574 3880 oculus,
3639 3818 3698 3871 id
3726 3824 3808 3871 est

2209 3933 2446 3991 ostensio
2470 3939 2524 3986 et
2549 3929 2786 3984 vindicta
2809 3922 3225 3994 superveniente
3248 3918 3393 3988 jusla
3419 3919 3502 3970 ira
3531 3915 3663 3970 Dei.
3719 3915 3811 3970 Sic

2211 4036 2268 4082 et
2289 4027 2482 4082 delicta
2517 4021 2659 4076 illius
2707 4017 2886 4089 populi
2925 4015 3214 4086 latuerant,
3246 4026 3367 4066 cum
3417 4009 3671 4063 nondum
3706 4009 3812 4061 im-

2212 4119 2353 4190 pleta
2379 4122 2579 4170 essent.
2629 4110 2746 4165 iam
2777 4124 2906 4163 vero
2955 4105 3240 4175 adimpleta
3278 4102 3672 4172 pandebantur
3699 4115 3812 4155 om-

2214 4209 2372 4264 nibus
2427 4213 2483 4260 et
2535 4200 2977 4258 monstrabantur
3023 4197 3232 4254 cunctis
3284 4193 3553 4266 gentibus,
3618 4191 3815 4261 quales

2217 4299 2442 4354 fuissent
2470 4297 2524 4351 in
2555 4304 2696 4350 terra
2721 4309 2840 4348 sua.

2295 4419 2311 4452 ι
2349 4399 2418 4455 Et
2459 4411 2584 4452 ecce
2628 4394 2887 4449 talentum
2922 4388 3123 4459 plumbi
3172 4384 3519 4456 portabatur,
3569 4387 3636 4433 et
3691 4395 3817 4434 ecce

2219 4489 2414 4548 mulier
2465 4503 2570 4542 una
2625 4485 2820 4540 sedens
2856 4482 2912 4535 in
2961 4477 3136 4533 medio
3187 4475 3477 4544 amphorae.
3506 4471 3572 4524 Et
3629 4471 3816 4524 dixit:

541 4560 620 4597 ne
656 4560 802 4592 Bllllu
823 4560 1118 4586 υιῠναιυιυι
1164 4560 1245 4576 uv-
1285 4560 1314 4572 ν
1340 4560 1421 4578 ..-,
1453 4560 1610 4581 er---"

541 4637 598 4686 et
626 4627 780 4698 plena
809 4615 990 4690 gaudii
1019 4560 1332 4670 nuntiabat,J
1364 4601 1513 4657 videt
1539 4605 1594 4652 et
1627 4609 1692 4650 ea
1718 4606 1839 4661 qua:
1880 4595 2004 4643 sunt
2027 4585 2121 4639 tri-
2145 4596 2198 4656 ι)
2223 4582 2350 4638 Haec
2385 4586 2471 4634 est
2517 4575 2784 4645 impietas.
2841 4571 2907 4624 Et
2944 4566 3171 4638 projecit
3211 4579 3330 4619 eam
3381 4562 3433 4615 in
3461 4560 3656 4614 medio
3702 4575 3820 4612 am-

1397 4690 1411 4698 .
1586 4685 1597 4697 .
1745 4696 1785 4698 ,_
1839 4677 1881 4698 ρ.
1898 4685 1972 4698 -.-
2008 4689 2089 4698 λη.
2220 4674 2402 4698 -.ιηηι
2457 4677 2504 4698 ,ιο
2552 4666 2692 4698 mm.
2727 4677 2956 4698 .man
2985 4659 3287 4698 ntnmlmnm
3322 4655 3372 4698 in
3405 4668 3466 4698 ns
3500 4650 3649 4698 eius-
3693 4671 3714 4698 ι
3754 4649 3820 4698 ὶζι

515 4677 878 4777 -ξιὶἕῗῆἱάῖξι
905 4717 1032 4774 ergo
1056 4698 1303 4754 volumen
1326 4690 1535 4753 volans,
1584 4685 1639 4740 in
1686 4696 1794 4752 quo
1837 4677 1978 4732 facta
2005 4689 2120 4730 om-

543 4774 696 4868 nium
726 4799 994 4868 descripta
1027 4796 1204 4854 erant,
1238 4787 1340 4841 hoc
1365 4781 1613 4837 volumen
1651 4774 1932 4840 utriusque
1961 4775 2121 4822 testa-

546 4859 990 4960 naturam
1018 4883 1281 4952 designat.
1311 4878 1418 4933 Per
1438 4870 1625 4942 viginti
1650 4866 1862 4923 cubitos
1888 4859 2121 4930 longitu-

742 4950 1119 5053 vaangelium
1143 4950 1168 5028 ﬁ:
1214 4986 1311 5043 per
1357 4969 1541 5024 decem
1593 4969 1774 5016 autem
1804 4950 2123 5014 latitudinis,

547 5045 838 5152 decalogus
883 5045 1014 5144 legis
1041 5057 1323 5136 accipitur.
1365 5055 1568 5128 Viginti
1595 5059 1772 5108 autem
1819 5047 1888 5152 a‘d
1916 5045 2123 5145 decem,

553 5134 1020 5246 dupla-5min
1048 5134 1316 5226 simplum,
1351 5147 1604 5220 quoniam
1633 5143 1687 5196 in
1713 5134 1980 5204 decalogis
2006 5146 2129 5234 pec-

555 5222 677 5324 catra
713 5222 938 5333 operum
971 5222 1348 5325 prohibentur,
1379 5241 1434 5296 in
1463 5233 1752 5306 Evangelio
1779 5237 1958 5285 autem
1981 5222 2130 5292 cogi-

851 5316 1073 5419 peccata
1089 5342 1425 5395 resecantur.
1458 5326 1619 5383 Verbi
1650 5321 1824 5393 gratia
1850 5334 1864 5370 :
1889 5316 1972 5370 lex
2005 5327 2131 5382 pro-

559 5443 709 5502 hibet
759 5403 1143 5495 homicidium,
1190 5419 1536 5490 Evangelium
1582 5415 1759 5476 iram;
1807 5403 2133 5462 adulterium

563 5498 850 5592 damnatur
877 5529 930 5583 in
956 5527 1094 5593 lege,
1121 5522 1180 5574 in
1203 5511 1493 5582 Evangelia
1523 5502 1956 5574 concupiscentia
1985 5498 2140 5569 puni-

566 5639 672 5692 tur,
711 5623 834 5693 quia
870 5617 959 5688 qui
991 5590 1185 5667 vitlerit
1229 5605 1508 5662 mulierem
1553 5598 1620 5653 ad
1651 5590 2138 5663 concupiscendum

565 5679 708 5779 eam,
729 5679 864 5770 lete.
890 5679 966 5762 'ln
1020 5706 1139 5775 lege
1166 5712 1318 5754 reum
1351 5693 1479 5752 facit
1505 5689 1713 5758 rapina,
1751 5686 1806 5738 in
1853 5679 2143 5751 Evangelio

569 5777 800 5869 ﬂammis
828 5802 1038 5871 gehenn
1052 5812 1084 5850 ι.
1103 5791 1284 5850 subdit
1317 5785 1544 5843 tenacia.
1577 5777 1928 5850 Septuaginta
1971 5783 2143 5829 trans-

2220 4674 2423 4745 phorae,
2455 4677 2509 4725 et
2552 4666 2696 4722 misit
2726 4677 2957 4718 massam
2985 4659 3289 4730 plumbeam
3321 4655 3374 4708 in
3405 4668 3466 4707 os
3500 4650 3649 4718 ejus.
3693 4671 3714 4702 ι
3754 4649 3821 4704 Et

2219 4739 2400 4820 autem
2433 4761 2545 4830 ipse
2572 4755 2790 4827 angelus
2816 4751 3068 4822 exponit,
3120 4748 3413 4803 vocabatur
3441 4742 3737 4810 impietas,
3771 4739 3821 4792 id

2221 4865 2308 4912 est
2333 4849 2632 4908 idololatria
2658 4857 2712 4902 et
2743 4843 2956 4913 negatio
2980 4840 3092 4894 Dei.
3128 4837 3410 4892 Talentum
3437 4831 3652 4901 plumbi
3682 4846 3824 4884 mas-

2223 4961 2340 5001 sam
2389 4942 2536 4998 dicit.
2589 4937 2911 4994 Portabatur
2961 4941 3138 4987 autem
3188 4928 3272 4983 vel
3309 4941 3404 4981 suo
3452 4925 3670 4993 impetu
3730 4937 3825 4992 per

2234 5048 2431 5095 aerem,
2462 5029 2546 5083 vel
2573 5026 2816 5094 jussione
2866 5024 2982 5076 Dei.
3010 5020 3294 5075 Talentum
3330 5015 3478 5070 illud
3499 5012 3585 5067 vel
3639 5026 3824 5066 massa

2234 5122 2434 5194 plumbi
2464 5121 2642 5188 signat
2661 5115 3039 5187 gravissimum
3064 5111 3271 5180 pondus
3312 5112 3692 5176 peccatorum,
3721 5120 3827 5172 quo

2235 5213 2463 5286 populus
2494 5211 2578 5266 ille
2603 5209 2964 5278 premebatur.
2997 5201 3230 5271 Angelus
3255 5212 3384 5267 ergo
3416 5194 3638 5248 Domini
3668 5209 3825 5246 arre-

2239 5315 2382 5378 ptam
2413 5303 2688 5359 mulierem
2721 5297 2946 5368 projecit
2967 5295 3022 5349 in
3060 5292 3292 5347 medium
3323 5287 3622 5356 amphorae,
3659 5295 3728 5340 ut
3779 5285 3829 5338 in

2238 5373 2569 5469 plenitudine
2627 5397 2970 5460 peccatorum
3023 5387 3330 5452 portaretur
3377 5376 3429 5430 in
3457 5373 3829 5442 Babylonem,

2241 5461 2354 5552 ubi,
2385 5485 2522 5540 sicut
2553 5483 2606 5536 in
2639 5477 2989 5550 sequentibus
3017 5471 3232 5541 legitur,
3259 5464 3593 5538 portabatur,
3642 5461 3834 5530 ibique

2243 5575 2572 5649 captivitatis
2597 5571 2834 5644 pondere
2863 5571 3199 5636 premeretur
3225 5577 3238 5625 ;
3264 5572 3318 5613 et
3355 5567 3611 5626 quoniam
3647 5553 3708 5606 in
3740 5567 3837 5604 suo

2245 5631 2446 5726 scelere
2466 5631 2815 5736 gloriabatur,
2840 5631 3097 5711 talentum
3123 5650 3207 5704 vel
3230 5660 3459 5702 massam
3486 5641 3707 5713 plumbi
3739 5631 3833 5694 mi-

2247 5760 2318 5817 sit
2346 5732 2566 5829 angelus
2593 5756 2645 5809 in
2690 5767 2750 5808 os
2777 5745 2910 5815 ejus,
2962 5743 3015 5799 id
3038 5750 3121 5798 est
3163 5739 3454 5809 amphorae,
3486 5742 3547 5788 ut
3573 5732 3839 5803 impieta-
