  <div class='ocr_page' id='page_1' title='image "/cluster/home/n/w/nwhite01/storage/ocr_20150623/117/hvd.32044015466899/124.png"; bbox 0 0 3950 6452; ppageno 0'>
   <div class='ocr_carea' id='block_1_1' title="bbox 262 416 370 477">
    <p class='ocr_par' dir='ltr' id='par_1_1' title="bbox 262 416 370 477">
     <span class='ocr_line' id='line_1_1' title="bbox 262 416 370 477; baseline 0 -1"><span class='ocrx_word' id='word_1_1' title='bbox 262 416 370 477; x_wconf 65' lang='grc' dir='ltr'><strong>ιδ’]</strong></span> 
     </span>
    </p>
   </div>
   <div class='ocr_carea' id='block_1_2' title="bbox 1158 415 2582 479">
    <p class='ocr_par' dir='ltr' id='par_1_2' title="bbox 1158 415 2582 479">
     <span class='ocr_line' id='line_1_2' title="bbox 1158 415 2582 479; baseline -0.007 0"><span class='ocrx_word' id='word_1_2' title='bbox 1158 419 1563 479; x_wconf 67' lang='grc' dir='ltr'><strong>ΒΝΆΒΒΔἸῚΟ</strong></span> <span class='ocrx_word' id='word_1_3' title='bbox 1599 418 1664 477; x_wconf 76' lang='grc' dir='ltr'><strong>ιΝ</strong></span> <span class='ocrx_word' id='word_1_4' title='bbox 1704 415 2108 472; x_wconf 74' lang='lat' dir='ltr'><strong>ZACHARIAM</strong></span> <span class='ocrx_word' id='word_1_5' title='bbox 2145 415 2582 475; x_wconf 75' lang='lat' dir='ltr'><strong>PROPHETAM.</strong></span> 
     </span>
    </p>
   </div>
   <div class='ocr_carea' id='block_1_3' title="bbox 3411 416 3515 472">
    <p class='ocr_par' dir='ltr' id='par_1_3' title="bbox 3411 416 3515 472">
     <span class='ocr_line' id='line_1_3' title="bbox 3411 416 3515 472; baseline -0.01 0"><span class='ocrx_word' id='word_1_6' title='bbox 3411 416 3515 472; x_wconf 58' lang='lat'><strong>238</strong></span> 
     </span>
    </p>
   </div>
   <div class='ocr_carea' id='block_1_4' title="bbox 258 522 3519 613">
    <p class='ocr_par' dir='ltr' id='par_1_4' title="bbox 258 522 3519 613">
     <span class='ocr_line' id='line_1_4' title="bbox 258 522 3519 613; baseline -0 -20"><span class='ocrx_word' id='word_1_7' title='bbox 258 545 376 593; x_wconf 75' lang='lat' dir='ltr'><strong>tem</strong></span> <span class='ocrx_word' id='word_1_8' title='bbox 402 522 696 598; x_wconf 77' lang='lat' dir='ltr'><strong>clauderet,</strong></span> <span class='ocrx_word' id='word_1_9' title='bbox 720 539 781 587; x_wconf 85' lang='lat' dir='ltr'><strong>et</strong></span> <span class='ocrx_word' id='word_1_10' title='bbox 802 527 1054 588; x_wconf 74' lang='lat' dir='ltr'><strong>obturem</strong></span> <span class='ocrx_word' id='word_1_11' title='bbox 1078 546 1179 589; x_wconf 84' lang='lat' dir='ltr'><strong>ore</strong></span> <span class='ocrx_word' id='word_1_12' title='bbox 1211 538 1550 603; x_wconf 75' lang='lat' dir='ltr'><strong>nequaquam</strong></span> <span class='ocrx_word' id='word_1_13' title='bbox 1591 546 1651 586; x_wconf 85' lang='lat' dir='ltr'><strong>se</strong></span> <span class='ocrx_word' id='word_1_14' title='bbox 1697 530 1837 585; x_wconf 84' lang='lat' dir='ltr'><strong>ultra</strong></span> <span class='ocrx_word' id='word_1_15' title='bbox 1866 534 1911 605; x_wconf 62' lang='grc' dir='ltr'>Α</span> <span class='ocrx_word' id='word_1_16' title='bbox 1940 528 2030 598; x_wconf 86' lang='lat' dir='ltr'><strong>qui</strong></span> <span class='ocrx_word' id='word_1_17' title='bbox 2059 528 2377 598; x_wconf 68' lang='lat' dir='ltr'><strong>loquebatur</strong></span> <span class='ocrx_word' id='word_1_18' title='bbox 2398 532 2450 587; x_wconf 90' lang='lat' dir='ltr'><strong>in</strong></span> <span class='ocrx_word' id='word_1_19' title='bbox 2490 547 2575 587; x_wconf 90' lang='lat' dir='ltr'><strong>me</strong></span> <span class='ocrx_word' id='word_1_20' title='bbox 2604 550 2616 584; x_wconf 84' lang='lat'><strong>:</strong></span> <span class='ocrx_word' id='word_1_21' title='bbox 2645 532 2782 600; x_wconf 80' lang='lat' dir='ltr'><strong>Quid</strong></span> <span class='ocrx_word' id='word_1_22' title='bbox 2804 540 2930 613; x_wconf 75' lang='lat' dir='ltr'><strong>sunt</strong></span> <span class='ocrx_word' id='word_1_23' title='bbox 2970 532 3102 599; x_wconf 75' lang='lat' dir='ltr'><strong>inec,</strong></span> <span class='ocrx_word' id='word_1_24' title='bbox 3143 531 3357 591; x_wconf 78' lang='lat' dir='ltr'><strong>domine</strong></span> <span class='ocrx_word' id='word_1_25' title='bbox 3400 534 3519 592; x_wconf 79' lang='lat' dir='ltr'><strong>mi?</strong></span> 
     </span>
    </p>
   </div>
   <div class='ocr_carea' id='block_1_5' title="bbox 256 620 1842 697">
    <p class='ocr_par' dir='ltr' id='par_1_5' title="bbox 256 620 1842 697">
     <span class='ocr_line' id='line_1_5' title="bbox 256 620 1842 697; baseline -0.004 -18"><span class='ocrx_word' id='word_1_26' title='bbox 256 623 491 697; x_wconf 75' lang='lat' dir='ltr'><strong>iactaret</strong></span> <span class='ocrx_word' id='word_1_27' title='bbox 519 622 574 677; x_wconf 89' lang='lat' dir='ltr'><strong>in</strong></span> <span class='ocrx_word' id='word_1_28' title='bbox 611 636 710 678; x_wconf 87' lang='lat' dir='ltr'><strong>suo</strong></span> <span class='ocrx_word' id='word_1_29' title='bbox 756 621 993 688; x_wconf 87' lang='lat' dir='ltr'><strong>scelere,</strong></span> <span class='ocrx_word' id='word_1_30' title='bbox 1034 622 1130 677; x_wconf 83' lang='lat' dir='ltr'><strong>sed</strong></span> <span class='ocrx_word' id='word_1_31' title='bbox 1175 632 1378 678; x_wconf 83' lang='lat' dir='ltr'><strong>aeterno</strong></span> <span class='ocrx_word' id='word_1_32' title='bbox 1405 620 1622 679; x_wconf 83' lang='lat' dir='ltr'><strong>silentio</strong></span> <span class='ocrx_word' id='word_1_33' title='bbox 1667 620 1842 676; x_wconf 88' lang='lat' dir='ltr'><strong>conti-</strong></span> 
     </span>
    </p>
   </div>
   <div class='ocr_carea' id='block_1_6' title="bbox 258 720 1735 773">
    <p class='ocr_par' dir='ltr' id='par_1_6' title="bbox 258 720 1735 773">
     <span class='ocr_line' id='line_1_6' title="bbox 258 720 1735 773; baseline 0.001 -2"><span class='ocrx_word' id='word_1_34' title='bbox 258 720 523 771; x_wconf 83' lang='lat' dir='ltr'><strong>cesceret.</strong></span> <span class='ocrx_word' id='word_1_35' title='bbox 1730 770 1735 773; x_wconf 77' lang='lat'><strong>.</strong></span> 
     </span>
    </p>
   </div>
   <div class='ocr_carea' id='block_1_7' title="bbox 336 801 1839 870">
    <p class='ocr_par' dir='ltr' id='par_1_7' title="bbox 336 801 1839 870">
     <span class='ocr_line' id='line_1_7' title="bbox 336 801 1839 870; baseline 0.003 -13"><span class='ocrx_word' id='word_1_36' title='bbox 336 825 359 857; x_wconf 68' lang='grc' dir='ltr'><strong><em>ε</em></strong></span> <span class='ocrx_word' id='word_1_37' title='bbox 407 805 473 860; x_wconf 87' lang='lat' dir='ltr'><strong>Et</strong></span> <span class='ocrx_word' id='word_1_38' title='bbox 501 801 671 859; x_wconf 80' lang='lat' dir='ltr'><strong>levavi</strong></span> <span class='ocrx_word' id='word_1_39' title='bbox 696 804 884 860; x_wconf 87' lang='lat' dir='ltr'><strong>oculos</strong></span> <span class='ocrx_word' id='word_1_40' title='bbox 909 820 1059 860; x_wconf 83' lang='lat' dir='ltr'><strong>meos</strong></span> <span class='ocrx_word' id='word_1_41' title='bbox 1101 814 1151 860; x_wconf 87' lang='lat' dir='ltr'><strong>et</strong></span> <span class='ocrx_word' id='word_1_42' title='bbox 1181 805 1310 870; x_wconf 90' lang='lat' dir='ltr'><strong>vidi,</strong></span> <span class='ocrx_word' id='word_1_43' title='bbox 1341 811 1397 860; x_wconf 89' lang='lat' dir='ltr'><strong>et</strong></span> <span class='ocrx_word' id='word_1_44' title='bbox 1417 818 1544 860; x_wconf 86' lang='lat' dir='ltr'><strong>ecce</strong></span> <span class='ocrx_word' id='word_1_45' title='bbox 1572 804 1693 861; x_wconf 68' lang='lat' dir='ltr'><strong>duae</strong></span> <span class='ocrx_word' id='word_1_46' title='bbox 1720 821 1839 861; x_wconf 80' lang='lat' dir='ltr'><strong>mu-</strong></span> 
     </span>
    </p>
   </div>
   <div class='ocr_carea' id='block_1_8' title="bbox 250 895 1840 967">
    <p class='ocr_par' dir='ltr' id='par_1_8' title="bbox 250 895 1840 967">
     <span class='ocr_line' id='line_1_8' title="bbox 250 895 1840 967; baseline 0.003 -17"><span class='ocrx_word' id='word_1_47' title='bbox 250 896 423 951; x_wconf 74' lang='lat' dir='ltr'><strong>ﬁeres</strong></span> <span class='ocrx_word' id='word_1_48' title='bbox 443 897 802 967; x_wconf 67' lang='lat' dir='ltr'><strong>egredientes,</strong></span> <span class='ocrx_word' id='word_1_49' title='bbox 830 903 886 950; x_wconf 89' lang='lat' dir='ltr'><strong>et</strong></span> <span class='ocrx_word' id='word_1_50' title='bbox 932 896 1153 964; x_wconf 74' lang='lat' dir='ltr'><strong>spiritus</strong></span> <span class='ocrx_word' id='word_1_51' title='bbox 1194 896 1250 949; x_wconf 84' lang='lat' dir='ltr'><strong>in</strong></span> <span class='ocrx_word' id='word_1_52' title='bbox 1277 895 1374 951; x_wconf 82' lang='lat' dir='ltr'><strong>alis</strong></span> <span class='ocrx_word' id='word_1_53' title='bbox 1405 910 1610 951; x_wconf 84' lang='lat' dir='ltr'><strong>earum.</strong></span> <span class='ocrx_word' id='word_1_54' title='bbox 1641 916 1662 949; x_wconf 73' lang='grc' dir='ltr'><strong><em>ι</em></strong></span> <span class='ocrx_word' id='word_1_55' title='bbox 1711 896 1840 955; x_wconf 65' lang='lat' dir='ltr'><strong>Dum</strong></span> 
     </span>
    </p>
   </div>
   <div class='ocr_carea' id='block_1_9' title="bbox 256 982 1841 1057">
    <p class='ocr_par' dir='ltr' id='par_1_9' title="bbox 256 982 1841 1057">
     <span class='ocr_line' id='line_1_9' title="bbox 256 982 1841 1057; baseline 0.001 -16"><span class='ocrx_word' id='word_1_56' title='bbox 256 987 517 1041; x_wconf 79' lang='lat' dir='ltr'><strong>mulieres</strong></span> <span class='ocrx_word' id='word_1_57' title='bbox 546 995 670 1041; x_wconf 87' lang='lat' dir='ltr'><strong>sunt</strong></span> <span class='ocrx_word' id='word_1_58' title='bbox 690 982 877 1041; x_wconf 86' lang='lat' dir='ltr'><strong>decem</strong></span> <span class='ocrx_word' id='word_1_59' title='bbox 910 986 1101 1051; x_wconf 88' lang='lat' dir='ltr'><strong>tribus,</strong></span> <span class='ocrx_word' id='word_1_60' title='bbox 1132 1002 1253 1057; x_wconf 69' lang='lat' dir='ltr'><strong>qua:</strong></span> <span class='ocrx_word' id='word_1_61' title='bbox 1277 987 1531 1043; x_wconf 85' lang='lat' dir='ltr'><strong>dicuntur</strong></span> <span class='ocrx_word' id='word_1_62' title='bbox 1553 988 1735 1053; x_wconf 86' lang='lat' dir='ltr'><strong>Israel,</strong></span> <span class='ocrx_word' id='word_1_63' title='bbox 1785 997 1841 1042; x_wconf 91' lang='lat' dir='ltr'><strong>et</strong></span> 
     </span>
    </p>
   </div>
   <div class='ocr_carea' id='block_1_10' title="bbox 260 1077 1840 1149">
    <p class='ocr_par' dir='ltr' id='par_1_10' title="bbox 260 1077 1840 1149">
     <span class='ocr_line' id='line_1_10' title="bbox 260 1077 1840 1149; baseline 0.002 -15"><span class='ocrx_word' id='word_1_64' title='bbox 260 1082 380 1134; x_wconf 71' lang='lat' dir='ltr'><strong>time</strong></span> <span class='ocrx_word' id='word_1_65' title='bbox 405 1094 523 1149; x_wconf 68' lang='lat' dir='ltr'><strong>quas</strong></span> <span class='ocrx_word' id='word_1_66' title='bbox 551 1086 815 1133; x_wconf 82' lang='lat' dir='ltr'><strong>vocantur</strong></span> <span class='ocrx_word' id='word_1_67' title='bbox 829 1077 987 1132; x_wconf 79' lang='lat' dir='ltr'><strong>Juda.</strong></span> <span class='ocrx_word' id='word_1_68' title='bbox 1015 1078 1205 1132; x_wconf 80' lang='lat' dir='ltr'><strong>Decem</strong></span> <span class='ocrx_word' id='word_1_69' title='bbox 1239 1078 1410 1132; x_wconf 87' lang='lat' dir='ltr'><strong>tribus</strong></span> <span class='ocrx_word' id='word_1_70' title='bbox 1436 1088 1607 1149; x_wconf 66' lang='lat' dir='ltr'><strong>capta:</strong></span> <span class='ocrx_word' id='word_1_71' title='bbox 1629 1090 1751 1134; x_wconf 87' lang='lat' dir='ltr'><strong>sunt</strong></span> <span class='ocrx_word' id='word_1_72' title='bbox 1771 1081 1840 1137; x_wconf 83' lang='lat' dir='ltr'><strong>ab</strong></span> 
     </span>
    </p>
   </div>
   <div class='ocr_carea' id='block_1_11' title="bbox 157 1168 1833 1242">
    <p class='ocr_par' dir='ltr' id='par_1_11' title="bbox 157 1168 1833 1242">
     <span class='ocr_line' id='line_1_11' title="bbox 157 1168 1833 1242; baseline 0 -18"><span class='ocrx_word' id='word_1_73' title='bbox 157 1224 165 1230; x_wconf 89' lang='lat'><strong>_</strong></span> <span class='ocrx_word' id='word_1_74' title='bbox 259 1171 519 1242; x_wconf 81' lang='lat' dir='ltr'><strong>Assyriis,</strong></span> <span class='ocrx_word' id='word_1_75' title='bbox 566 1177 622 1224; x_wconf 91' lang='lat' dir='ltr'><strong>et</strong></span> <span class='ocrx_word' id='word_1_76' title='bbox 655 1170 772 1222; x_wconf 63' lang='lat' dir='ltr'><strong>duce</strong></span> <span class='ocrx_word' id='word_1_77' title='bbox 793 1184 824 1221; x_wconf 88' lang='lat' dir='ltr'><strong>a</strong></span> <span class='ocrx_word' id='word_1_78' title='bbox 851 1168 1130 1223; x_wconf 72' lang='lat' dir='ltr'><strong>Chaldrcis.</strong></span> <span class='ocrx_word' id='word_1_79' title='bbox 1162 1169 1398 1237; x_wconf 78' lang='lat' dir='ltr'><strong>Spiritus</strong></span> <span class='ocrx_word' id='word_1_80' title='bbox 1427 1170 1479 1224; x_wconf 89' lang='lat' dir='ltr'><strong>in</strong></span> <span class='ocrx_word' id='word_1_81' title='bbox 1503 1172 1607 1225; x_wconf 88' lang='lat' dir='ltr'><strong>alis</strong></span> <span class='ocrx_word' id='word_1_82' title='bbox 1626 1185 1833 1239; x_wconf 86' lang='lat' dir='ltr'><strong>earum,</strong></span> 
     </span>
    </p>
   </div>
   <div class='ocr_carea' id='block_1_12' title="bbox 258 1256 1837 1330">
    <p class='ocr_par' dir='ltr' id='par_1_12' title="bbox 258 1256 1837 1330">
     <span class='ocr_line' id='line_1_12' title="bbox 258 1256 1837 1330; baseline 0.003 -19"><span class='ocrx_word' id='word_1_83' title='bbox 258 1266 559 1329; x_wconf 82' lang='lat' dir='ltr'><strong>potestates</strong></span> <span class='ocrx_word' id='word_1_84' title='bbox 583 1256 803 1321; x_wconf 89' lang='lat' dir='ltr'><strong>diaboli,</strong></span> <span class='ocrx_word' id='word_1_85' title='bbox 834 1257 926 1325; x_wconf 88' lang='lat' dir='ltr'><strong>qui</strong></span> <span class='ocrx_word' id='word_1_86' title='bbox 954 1266 1176 1311; x_wconf 79' lang='lat' dir='ltr'><strong>vocatur</strong></span> <span class='ocrx_word' id='word_1_87' title='bbox 1204 1259 1256 1311; x_wconf 90' lang='lat' dir='ltr'><strong>in</strong></span> <span class='ocrx_word' id='word_1_88' title='bbox 1287 1258 1577 1330; x_wconf 86' lang='lat' dir='ltr'><strong>Evangelio</strong></span> <span class='ocrx_word' id='word_1_89' title='bbox 1606 1261 1837 1316; x_wconf 80' lang='lat' dir='ltr'><strong>immun-</strong></span> 
     </span>
    </p>
   </div>
   <div class='ocr_carea' id='block_1_13' title="bbox 255 1348 1836 1421">
    <p class='ocr_par' dir='ltr' id='par_1_13' title="bbox 255 1348 1836 1421">
     <span class='ocr_line' id='line_1_13' title="bbox 255 1348 1836 1421; baseline 0.001 -16"><span class='ocrx_word' id='word_1_90' title='bbox 255 1352 359 1405; x_wconf 86' lang='lat' dir='ltr'><strong>dus</strong></span> <span class='ocrx_word' id='word_1_91' title='bbox 379 1350 617 1419; x_wconf 75' lang='lat' dir='ltr'><strong>spiritus,</strong></span> <span class='ocrx_word' id='word_1_92' title='bbox 653 1357 711 1403; x_wconf 91' lang='lat' dir='ltr'><strong>et</strong></span> <span class='ocrx_word' id='word_1_93' title='bbox 741 1348 807 1403; x_wconf 87' lang='lat' dir='ltr'><strong>de</strong></span> <span class='ocrx_word' id='word_1_94' title='bbox 831 1363 937 1418; x_wconf 91' lang='lat' dir='ltr'><strong>quo</strong></span> <span class='ocrx_word' id='word_1_95' title='bbox 964 1349 1218 1405; x_wconf 84' lang='lat' dir='ltr'><strong>Salomon</strong></span> <span class='ocrx_word' id='word_1_96' title='bbox 1241 1369 1268 1409; x_wconf 73' lang='grc' dir='ltr'>ε,</span> <span class='ocrx_word' id='word_1_97' title='bbox 1286 1349 1346 1405; x_wconf 86' lang='lat' dir='ltr'><strong>Si</strong></span> <span class='ocrx_word' id='word_1_98' title='bbox 1361 1351 1582 1420; x_wconf 83' lang='lat' dir='ltr'><strong>spiritus</strong></span> <span class='ocrx_word' id='word_1_99' title='bbox 1603 1361 1836 1421; x_wconf 85' lang='lat' dir='ltr'><strong>potesta-</strong></span> 
     </span>
    </p>
   </div>
   <div class='ocr_carea' id='block_1_14' title="bbox 258 1438 1837 1509">
    <p class='ocr_par' dir='ltr' id='par_1_14' title="bbox 258 1438 1837 1509">
     <span class='ocr_line' id='line_1_14' title="bbox 258 1438 1837 1509; baseline 0.001 -15"><span class='ocrx_word' id='word_1_100' title='bbox 258 1448 367 1494; x_wconf 83' lang='lat' dir='ltr'><strong>tem</strong></span> <span class='ocrx_word' id='word_1_101' title='bbox 402 1438 649 1493; x_wconf 76' lang='lat' dir='ltr'><strong>habentis</strong></span> <span class='ocrx_word' id='word_1_102' title='bbox 675 1439 978 1494; x_wconf 88' lang='lat' dir='ltr'><strong>ascenderit</strong></span> <span class='ocrx_word' id='word_1_103' title='bbox 998 1454 1159 1509; x_wconf 88' lang='lat' dir='ltr'><strong>super</strong></span> <span class='ocrx_word' id='word_1_104' title='bbox 1182 1447 1253 1505; x_wconf 86' lang='lat' dir='ltr'><strong>te,</strong></span> <span class='ocrx_word' id='word_1_105' title='bbox 1282 1440 1458 1496; x_wconf 76' lang='lat' dir='ltr'><strong>laeum</strong></span> <span class='ocrx_word' id='word_1_106' title='bbox 1487 1450 1634 1495; x_wconf 87' lang='lat' dir='ltr'><strong>tuum</strong></span> <span class='ocrx_word' id='word_1_107' title='bbox 1659 1456 1728 1496; x_wconf 86' lang='lat' dir='ltr'><strong>ue</strong></span> <span class='ocrx_word' id='word_1_108' title='bbox 1754 1440 1837 1496; x_wconf 84' lang='lat' dir='ltr'><strong>di—</strong></span> 
     </span>
    </p>
   </div>
   <div class='ocr_carea' id='block_1_15' title="bbox 258 1528 1835 1602">
    <p class='ocr_par' dir='ltr' id='par_1_15' title="bbox 258 1528 1835 1602">
     <span class='ocr_line' id='line_1_15' title="bbox 258 1528 1835 1602; baseline 0.001 -18"><span class='ocrx_word' id='word_1_109' title='bbox 258 1528 492 1584; x_wconf 84' lang='lat' dir='ltr'><strong>miseris.</strong></span> <span class='ocrx_word' id='word_1_110' title='bbox 525 1528 637 1584; x_wconf 82' lang='lat' dir='ltr'><strong>lloc</strong></span> <span class='ocrx_word' id='word_1_111' title='bbox 662 1544 792 1599; x_wconf 87' lang='lat' dir='ltr'><strong>ergo</strong></span> <span class='ocrx_word' id='word_1_112' title='bbox 836 1529 1047 1599; x_wconf 75' lang='lat' dir='ltr'><strong>spiritu,</strong></span> <span class='ocrx_word' id='word_1_113' title='bbox 1093 1533 1247 1600; x_wconf 83' lang='lat' dir='ltr'><strong>quasi</strong></span> <span class='ocrx_word' id='word_1_114' title='bbox 1273 1533 1402 1587; x_wconf 78' lang='lat' dir='ltr'><strong>flatu</strong></span> <span class='ocrx_word' id='word_1_115' title='bbox 1436 1532 1583 1586; x_wconf 84' lang='lat' dir='ltr'><strong>venti</strong></span> <span class='ocrx_word' id='word_1_116' title='bbox 1611 1540 1835 1602; x_wconf 55' lang='lat' dir='ltr'><strong>raptata</strong></span> 
     </span>
    </p>
   </div>
   <div class='ocr_carea' id='block_1_16' title="bbox 238 1620 1831 1684">
    <p class='ocr_par' dir='ltr' id='par_1_16' title="bbox 238 1620 1831 1684">
     <span class='ocr_line' id='line_1_16' title="bbox 238 1620 1831 1684; baseline 0.001 -8"><span class='ocrx_word' id='word_1_117' title='bbox 238 1621 376 1676; x_wconf 52' lang='lat' dir='ltr'><strong>ista:</strong></span> <span class='ocrx_word' id='word_1_118' title='bbox 406 1620 681 1684; x_wconf 85' lang='lat' dir='ltr'><strong>mulieres,</strong></span> <span class='ocrx_word' id='word_1_119' title='bbox 707 1621 889 1677; x_wconf 79' lang='lat' dir='ltr'><strong>volatu</strong></span> <span class='ocrx_word' id='word_1_120' title='bbox 920 1620 1082 1677; x_wconf 88' lang='lat' dir='ltr'><strong>celeri</strong></span> <span class='ocrx_word' id='word_1_121' title='bbox 1104 1622 1173 1678; x_wconf 87' lang='lat' dir='ltr'><strong>ad</strong></span> <span class='ocrx_word' id='word_1_122' title='bbox 1193 1636 1355 1677; x_wconf 83' lang='lat' dir='ltr'><strong>omne</strong></span> <span class='ocrx_word' id='word_1_123' title='bbox 1392 1622 1545 1679; x_wconf 82' lang='lat' dir='ltr'><strong>nefas</strong></span> <span class='ocrx_word' id='word_1_124' title='bbox 1581 1621 1831 1679; x_wconf 59' lang='lat' dir='ltr'><strong>ferebat)-</strong></span> 
     </span>
    </p>
   </div>
   <div class='ocr_carea' id='block_1_17' title="bbox 240 1715 1835 1788">
    <p class='ocr_par' dir='ltr' id='par_1_17' title="bbox 240 1715 1835 1788">
     <span class='ocr_line' id='line_1_17' title="bbox 240 1715 1835 1788; baseline 0.007 -22"><span class='ocrx_word' id='word_1_125' title='bbox 240 1721 363 1767; x_wconf 67' lang='lat' dir='ltr'><strong>‘tur.</strong></span> <span class='ocrx_word' id='word_1_126' title='bbox 410 1734 429 1767; x_wconf 86' lang='grc'>‹</span> <span class='ocrx_word' id='word_1_127' title='bbox 460 1715 526 1771; x_wconf 84' lang='lat' dir='ltr'><strong>Et</strong></span> <span class='ocrx_word' id='word_1_128' title='bbox 552 1716 823 1771; x_wconf 85' lang='lat' dir='ltr'><strong>habebant</strong></span> <span class='ocrx_word' id='word_1_129' title='bbox 865 1718 980 1771; x_wconf 86' lang='lat' dir='ltr'><strong>alas</strong></span> <span class='ocrx_word' id='word_1_130' title='bbox 1004 1719 1156 1788; x_wconf 82' lang='lat' dir='ltr'><strong>quasi</strong></span> <span class='ocrx_word' id='word_1_131' title='bbox 1186 1719 1302 1773; x_wconf 85' lang='lat' dir='ltr'><strong>alas</strong></span> <span class='ocrx_word' id='word_1_132' title='bbox 1330 1718 1498 1783; x_wconf 84' lang='lat' dir='ltr'><strong>milvi,</strong></span> <span class='ocrx_word' id='word_1_133' title='bbox 1534 1737 1555 1770; x_wconf 75' lang='grc' dir='ltr'><strong>ι</strong></span> <span class='ocrx_word' id='word_1_134' title='bbox 1589 1734 1709 1788; x_wconf 71' lang='lat' dir='ltr'><strong>qum</strong></span> <span class='ocrx_word' id='word_1_135' title='bbox 1749 1727 1835 1777; x_wconf 85' lang='lat' dir='ltr'><strong>est</strong></span> 
     </span>
    </p>
   </div>
   <div class='ocr_carea' id='block_1_18' title="bbox 254 1805 1830 1880">
    <p class='ocr_par' dir='ltr' id='par_1_18' title="bbox 254 1805 1830 1880">
     <span class='ocr_line' id='line_1_18' title="bbox 254 1805 1830 1880; baseline 0.004 -21"><span class='ocrx_word' id='word_1_136' title='bbox 254 1805 373 1861; x_wconf 79' lang='lat' dir='ltr'><strong>avis</strong></span> <span class='ocrx_word' id='word_1_137' title='bbox 422 1806 795 1877; x_wconf 81' lang='lat' dir='ltr'><strong>rapacissima,</strong></span> <span class='ocrx_word' id='word_1_138' title='bbox 830 1816 885 1861; x_wconf 89' lang='lat' dir='ltr'><strong>et</strong></span> <span class='ocrx_word' id='word_1_139' title='bbox 912 1808 1221 1864; x_wconf 84' lang='lat' dir='ltr'><strong>domesticis</strong></span> <span class='ocrx_word' id='word_1_140' title='bbox 1269 1809 1458 1864; x_wconf 77' lang='lat' dir='ltr'><strong>avibus</strong></span> <span class='ocrx_word' id='word_1_141' title='bbox 1486 1824 1701 1880; x_wconf 85' lang='lat' dir='ltr'><strong>semper</strong></span> <span class='ocrx_word' id='word_1_142' title='bbox 1743 1811 1830 1866; x_wconf 87' lang='lat' dir='ltr'><strong>in-</strong></span> 
     </span>
    </p>
   </div>
   <div class='ocr_carea' id='block_1_19' title="bbox 1934 612 3519 697">
    <p class='ocr_par' dir='ltr' id='par_1_19' title="bbox 1934 612 3519 697">
     <span class='ocr_line' id='line_1_19' title="bbox 1934 612 3519 697; baseline 0.004 -22"><span class='ocrx_word' id='word_1_143' title='bbox 1934 612 2009 676; x_wconf 83' lang='grc' dir='ltr'><strong>Ει</strong></span> <span class='ocrx_word' id='word_1_144' title='bbox 2057 620 2330 689; x_wconf 80' lang='lat' dir='ltr'><strong>respondit</strong></span> <span class='ocrx_word' id='word_1_145' title='bbox 2366 621 2587 691; x_wconf 87' lang='lat' dir='ltr'><strong>angelus</strong></span> <span class='ocrx_word' id='word_1_146' title='bbox 2611 662 2626 688; x_wconf 95' lang='lat'><strong>,</strong></span> <span class='ocrx_word' id='word_1_147' title='bbox 2665 631 2720 676; x_wconf 90' lang='lat' dir='ltr'><strong>et</strong></span> <span class='ocrx_word' id='word_1_148' title='bbox 2745 612 2821 676; x_wconf 84' lang='lat' dir='ltr'><strong>ait</strong></span> <span class='ocrx_word' id='word_1_149' title='bbox 2857 622 2923 678; x_wconf 88' lang='lat' dir='ltr'><strong>ad</strong></span> <span class='ocrx_word' id='word_1_150' title='bbox 2953 637 3054 677; x_wconf 84' lang='lat' dir='ltr'><strong>me.</strong></span> <span class='ocrx_word' id='word_1_151' title='bbox 3090 643 3107 676; x_wconf 87' lang='grc'><strong>›</strong></span> <span class='ocrx_word' id='word_1_152' title='bbox 3140 622 3359 681; x_wconf 81' lang='lat' dir='ltr'><strong>Transit</strong></span> <span class='ocrx_word' id='word_1_153' title='bbox 3393 638 3519 697; x_wconf 81' lang='lat' dir='ltr'><strong>pro-</strong></span> 
     </span>
    </p>
   </div>
   <div class='ocr_carea' id='block_1_20' title="bbox 1938 703 3519 788">
    <p class='ocr_par' dir='ltr' id='par_1_20' title="bbox 1938 703 3519 788">
     <span class='ocr_line' id='line_1_20' title="bbox 1938 703 3519 788; baseline 0.003 -22"><span class='ocrx_word' id='word_1_154' title='bbox 1938 711 2101 781; x_wconf 88' lang='lat' dir='ltr'><strong>pheta</strong></span> <span class='ocrx_word' id='word_1_155' title='bbox 2129 712 2196 778; x_wconf 84' lang='lat' dir='ltr'><strong>ad</strong></span> <span class='ocrx_word' id='word_1_156' title='bbox 2219 708 2378 765; x_wconf 89' lang='lat' dir='ltr'><strong>aliam</strong></span> <span class='ocrx_word' id='word_1_157' title='bbox 2407 711 2691 778; x_wconf 85' lang='lat' dir='ltr'><strong>visionem,</strong></span> <span class='ocrx_word' id='word_1_158' title='bbox 2717 722 2770 768; x_wconf 89' lang='lat' dir='ltr'><strong>et</strong></span> <span class='ocrx_word' id='word_1_159' title='bbox 2798 714 2982 770; x_wconf 86' lang='lat' dir='ltr'><strong>oculos</strong></span> <span class='ocrx_word' id='word_1_160' title='bbox 3008 715 3186 770; x_wconf 84' lang='lat' dir='ltr'><strong>cordis</strong></span> <span class='ocrx_word' id='word_1_161' title='bbox 3214 715 3373 771; x_wconf 77' lang='lat' dir='ltr'><strong>altius</strong></span> <span class='ocrx_word' id='word_1_162' title='bbox 3397 703 3519 788; x_wconf 73' lang='lat' dir='ltr'><strong>por-</strong></span> 
     </span>
    </p>
   </div>
   <div class='ocr_carea' id='block_1_21' title="bbox 1939 798 3521 878">
    <p class='ocr_par' dir='ltr' id='par_1_21' title="bbox 1939 798 3521 878">
     <span class='ocr_line' id='line_1_21' title="bbox 1939 798 3521 878; baseline 0.006 -23"><span class='ocrx_word' id='word_1_163' title='bbox 1939 801 2066 872; x_wconf 88' lang='lat' dir='ltr'><strong>rigit</strong></span> <span class='ocrx_word' id='word_1_164' title='bbox 2094 816 2159 855; x_wconf 85' lang='lat' dir='ltr'><strong>ac</strong></span> <span class='ocrx_word' id='word_1_165' title='bbox 2184 803 2327 857; x_wconf 84' lang='lat' dir='ltr'><strong>videt</strong></span> <span class='ocrx_word' id='word_1_166' title='bbox 2353 810 2581 871; x_wconf 87' lang='lat' dir='ltr'><strong>quatuor</strong></span> <span class='ocrx_word' id='word_1_167' title='bbox 2610 803 2896 878; x_wconf 74' lang='lat' dir='ltr'><strong>quadrigas</strong></span> <span class='ocrx_word' id='word_1_168' title='bbox 2934 806 3270 877; x_wconf 86' lang='lat' dir='ltr'><strong>egredientes</strong></span> <span class='ocrx_word' id='word_1_169' title='bbox 3312 806 3379 862; x_wconf 90' lang='lat' dir='ltr'><strong>de</strong></span> <span class='ocrx_word' id='word_1_170' title='bbox 3405 798 3521 864; x_wconf 83' lang='lat' dir='ltr'><strong>me-</strong></span> 
     </span>
    </p>
   </div>
   <div class='ocr_carea' id='block_1_22' title="bbox 1936 892 3517 967">
    <p class='ocr_par' dir='ltr' id='par_1_22' title="bbox 1936 892 3517 967">
     <span class='ocr_line' id='line_1_22' title="bbox 1936 892 3517 967; baseline 0.005 -22"><span class='ocrx_word' id='word_1_171' title='bbox 1936 892 2029 947; x_wconf 89' lang='lat' dir='ltr'><strong>dio</strong></span> <span class='ocrx_word' id='word_1_172' title='bbox 2056 893 2283 948; x_wconf 88' lang='lat' dir='ltr'><strong>duorum</strong></span> <span class='ocrx_word' id='word_1_173' title='bbox 2312 893 2574 948; x_wconf 90' lang='lat' dir='ltr'><strong>montium</strong></span> <span class='ocrx_word' id='word_1_174' title='bbox 2593 934 2607 958; x_wconf 95' lang='lat'><strong>,</strong></span> <span class='ocrx_word' id='word_1_175' title='bbox 2652 895 2742 962; x_wconf 88' lang='lat' dir='ltr'><strong>qui</strong></span> <span class='ocrx_word' id='word_1_176' title='bbox 2791 903 2946 949; x_wconf 88' lang='lat' dir='ltr'><strong>erant</strong></span> <span class='ocrx_word' id='word_1_177' title='bbox 2972 897 3097 955; x_wconf 80' lang='lat' dir='ltr'><strong>aerei</strong></span> <span class='ocrx_word' id='word_1_178' title='bbox 3128 904 3183 952; x_wconf 91' lang='lat' dir='ltr'><strong>et</strong></span> <span class='ocrx_word' id='word_1_179' title='bbox 3212 896 3517 967; x_wconf 83' lang='lat' dir='ltr'><strong>fortissimi.</strong></span> 
     </span>
    </p>
   </div>
   <div class='ocr_carea' id='block_1_23' title="bbox 1938 984 3514 1062">
    <p class='ocr_par' dir='ltr' id='par_1_23' title="bbox 1938 984 3514 1062">
     <span class='ocr_line' id='line_1_23' title="bbox 1938 984 3514 1062; baseline 0.004 -23"><span class='ocrx_word' id='word_1_180' title='bbox 1938 992 1993 1039; x_wconf 91' lang='lat' dir='ltr'><strong>et</strong></span> <span class='ocrx_word' id='word_1_181' title='bbox 2016 985 2107 1053; x_wconf 91' lang='lat' dir='ltr'><strong>qui</strong></span> <span class='ocrx_word' id='word_1_182' title='bbox 2138 984 2279 1039; x_wconf 89' lang='lat' dir='ltr'><strong>nulla</strong></span> <span class='ocrx_word' id='word_1_183' title='bbox 2307 995 2531 1055; x_wconf 89' lang='lat' dir='ltr'><strong>possunt</strong></span> <span class='ocrx_word' id='word_1_184' title='bbox 2552 994 2815 1040; x_wconf 77' lang='lat' dir='ltr'><strong>vetustate</strong></span> <span class='ocrx_word' id='word_1_185' title='bbox 2834 989 3098 1042; x_wconf 89' lang='lat' dir='ltr'><strong>consumi.</strong></span> <span class='ocrx_word' id='word_1_186' title='bbox 3126 1009 3144 1040; x_wconf 71' lang='grc' dir='ltr'>ι</span> <span class='ocrx_word' id='word_1_187' title='bbox 3173 989 3230 1043; x_wconf 84' lang='grc' dir='ltr'><strong>1η</strong></span> <span class='ocrx_word' id='word_1_188' title='bbox 3257 990 3514 1062; x_wconf 79' lang='lat' dir='ltr'><strong>quadriga</strong></span> 
     </span>
    </p>
   </div>
   <div class='ocr_carea' id='block_1_24' title="bbox 1929 1075 3514 1147">
    <p class='ocr_par' dir='ltr' id='par_1_24' title="bbox 1929 1075 3514 1147">
     <span class='ocr_line' id='line_1_24' title="bbox 1929 1075 3514 1147; baseline 0.003 -17"><span class='ocrx_word' id='word_1_189' title='bbox 1929 1075 2171 1131; x_wconf 78' lang='lat' dir='ltr'><strong>secunda</strong></span> <span class='ocrx_word' id='word_1_190' title='bbox 2218 1076 2342 1146; x_wconf 88' lang='lat' dir='ltr'><strong>equi</strong></span> <span class='ocrx_word' id='word_1_191' title='bbox 2370 1076 2531 1146; x_wconf 89' lang='lat' dir='ltr'><strong>nigri,</strong></span> <span class='ocrx_word' id='word_1_192' title='bbox 2561 1096 2580 1127; x_wconf 85' lang='grc'><strong>›</strong></span> <span class='ocrx_word' id='word_1_193' title='bbox 2611 1091 2766 1147; x_wconf 87' lang='lat' dir='ltr'><strong>reges</strong></span> <span class='ocrx_word' id='word_1_194' title='bbox 2812 1075 3101 1133; x_wconf 85' lang='lat' dir='ltr'><strong>Persarum</strong></span> <span class='ocrx_word' id='word_1_195' title='bbox 3136 1080 3191 1133; x_wconf 90' lang='lat' dir='ltr'><strong>et</strong></span> <span class='ocrx_word' id='word_1_196' title='bbox 3238 1080 3514 1136; x_wconf 80' lang='lat' dir='ltr'><strong>Medorum</strong></span> 
     </span>
    </p>
   </div>
   <div class='ocr_carea' id='block_1_25' title="bbox 1934 1166 3520 1244">
    <p class='ocr_par' dir='ltr' id='par_1_25' title="bbox 1934 1166 3520 1244">
     <span class='ocr_line' id='line_1_25' title="bbox 1934 1166 3520 1244; baseline 0.004 -23"><span class='ocrx_word' id='word_1_197' title='bbox 1934 1166 2201 1223; x_wconf 86' lang='lat' dir='ltr'><strong>mortiferi</strong></span> <span class='ocrx_word' id='word_1_198' title='bbox 2225 1176 2444 1238; x_wconf 88' lang='lat' dir='ltr'><strong>prepter</strong></span> <span class='ocrx_word' id='word_1_199' title='bbox 2467 1167 2782 1235; x_wconf 84' lang='lat' dir='ltr'><strong>Assuerum,</strong></span> <span class='ocrx_word' id='word_1_200' title='bbox 2815 1184 2921 1238; x_wconf 90' lang='lat' dir='ltr'><strong>quo</strong></span> <span class='ocrx_word' id='word_1_201' title='bbox 2969 1180 3249 1238; x_wconf 81' lang='lat' dir='ltr'><strong>regnante,</strong></span> <span class='ocrx_word' id='word_1_202' title='bbox 3298 1171 3363 1227; x_wconf 75' lang='lat' dir='ltr'><strong>ad</strong></span> <span class='ocrx_word' id='word_1_203' title='bbox 3384 1175 3520 1244; x_wconf 79' lang='lat' dir='ltr'><strong>peti-</strong></span> 
     </span>
    </p>
   </div>
   <div class='ocr_carea' id='block_1_26' title="bbox 1934 1246 3514 1341">
    <p class='ocr_par' dir='ltr' id='par_1_26' title="bbox 1934 1246 3514 1341">
     <span class='ocr_line' id='line_1_26' title="bbox 1934 1246 3514 1341; baseline 0.007 -32"><span class='ocrx_word' id='word_1_204' title='bbox 1934 1255 2139 1313; x_wconf 84' lang='lat' dir='ltr'><strong>tionem</strong></span> <span class='ocrx_word' id='word_1_205' title='bbox 2183 1257 2361 1313; x_wconf 82' lang='lat' dir='ltr'><strong>Aman</strong></span> <span class='ocrx_word' id='word_1_206' title='bbox 2405 1258 2576 1315; x_wconf 91' lang='lat' dir='ltr'><strong>hostis</strong></span> <span class='ocrx_word' id='word_1_207' title='bbox 2604 1246 2933 1326; x_wconf 65' lang='lat' dir='ltr'><strong>Iudaeorum,</strong></span> <span class='ocrx_word' id='word_1_208' title='bbox 2979 1260 3117 1315; x_wconf 89' lang='lat' dir='ltr'><strong>idem</strong></span> <span class='ocrx_word' id='word_1_209' title='bbox 3163 1276 3257 1321; x_wconf 79' lang='lat' dir='ltr'><strong>rex</strong></span> <span class='ocrx_word' id='word_1_210' title='bbox 3298 1278 3514 1341; x_wconf 87' lang='lat' dir='ltr'><strong>omnem</strong></span> 
     </span>
    </p>
   </div>
   <div class='ocr_carea' id='block_1_27' title="bbox 1932 1349 3513 1426">
    <p class='ocr_par' dir='ltr' id='par_1_27' title="bbox 1932 1349 3513 1426">
     <span class='ocr_line' id='line_1_27' title="bbox 1932 1349 3513 1426; baseline 0.008 -23"><span class='ocrx_word' id='word_1_211' title='bbox 1932 1357 2150 1418; x_wconf 80' lang='lat' dir='ltr'><strong>gentem</strong></span> <span class='ocrx_word' id='word_1_212' title='bbox 2169 1349 2475 1408; x_wconf 64' lang='lat' dir='ltr'><strong>Iudaeorum</strong></span> <span class='ocrx_word' id='word_1_213' title='bbox 2506 1353 2682 1409; x_wconf 90' lang='lat' dir='ltr'><strong>edicto</strong></span> <span class='ocrx_word' id='word_1_214' title='bbox 2718 1354 2933 1423; x_wconf 89' lang='lat' dir='ltr'><strong>publico</strong></span> <span class='ocrx_word' id='word_1_215' title='bbox 2957 1356 3118 1410; x_wconf 88' lang='lat' dir='ltr'><strong>morti</strong></span> <span class='ocrx_word' id='word_1_216' title='bbox 3170 1354 3513 1426; x_wconf 85' lang='lat' dir='ltr'><strong>adjudicavit.</strong></span> 
     </span>
    </p>
   </div>
   <div class='ocr_carea' id='block_1_28' title="bbox 1938 1436 3515 1522">
    <p class='ocr_par' dir='ltr' id='par_1_28' title="bbox 1938 1436 3515 1522">
     <span class='ocr_line' id='line_1_28' title="bbox 1938 1436 3515 1522; baseline 0.01 -31"><span class='ocrx_word' id='word_1_217' title='bbox 1938 1456 1960 1489; x_wconf 86' lang='grc'><em>‹</em></span> <span class='ocrx_word' id='word_1_218' title='bbox 1980 1436 2036 1493; x_wconf 92' lang='lat' dir='ltr'><strong>lu</strong></span> <span class='ocrx_word' id='word_1_219' title='bbox 2053 1441 2313 1513; x_wconf 77' lang='lat' dir='ltr'><strong>quadriga</strong></span> <span class='ocrx_word' id='word_1_220' title='bbox 2330 1444 2487 1499; x_wconf 85' lang='lat' dir='ltr'><strong>tertia</strong></span> <span class='ocrx_word' id='word_1_221' title='bbox 2500 1444 2623 1516; x_wconf 87' lang='lat' dir='ltr'><strong>equi</strong></span> <span class='ocrx_word' id='word_1_222' title='bbox 2639 1445 2765 1500; x_wconf 86' lang='lat' dir='ltr'><strong>albi.</strong></span> <span class='ocrx_word' id='word_1_223' title='bbox 2781 1465 2800 1498; x_wconf 74' lang='grc' dir='ltr'><strong>ι</strong></span> <span class='ocrx_word' id='word_1_224' title='bbox 2821 1442 3155 1511; x_wconf 82' lang='lat' dir='ltr'><strong>Macedones,</strong></span> <span class='ocrx_word' id='word_1_225' title='bbox 3171 1449 3270 1503; x_wconf 88' lang='lat' dir='ltr'><strong>sub</strong></span> <span class='ocrx_word' id='word_1_226' title='bbox 3285 1464 3515 1522; x_wconf 86' lang='lat' dir='ltr'><strong>quorum</strong></span> 
     </span>
    </p>
   </div>
   <div class='ocr_carea' id='block_1_29' title="bbox 1934 1528 3513 1601">
    <p class='ocr_par' dir='ltr' id='par_1_29' title="bbox 1934 1528 3513 1601">
     <span class='ocr_line' id='line_1_29' title="bbox 1934 1528 3513 1601; baseline 0.008 -17"><span class='ocrx_word' id='word_1_227' title='bbox 1934 1543 2061 1601; x_wconf 85' lang='lat' dir='ltr'><strong>rege</strong></span> <span class='ocrx_word' id='word_1_228' title='bbox 2106 1530 2373 1589; x_wconf 78' lang='lat' dir='ltr'><strong>Antiocho</strong></span> <span class='ocrx_word' id='word_1_229' title='bbox 2426 1535 2751 1592; x_wconf 79' lang='lat' dir='ltr'><strong>describitur</strong></span> <span class='ocrx_word' id='word_1_230' title='bbox 2795 1528 3227 1594; x_wconf 71' lang='lat' dir='ltr'><strong>Machabmbrum</strong></span> <span class='ocrx_word' id='word_1_231' title='bbox 3264 1540 3513 1597; x_wconf 75' lang='lat' dir='ltr'><strong>victoria.</strong></span> 
     </span>
    </p>
   </div>
   <div class='ocr_carea' id='block_1_30' title="bbox 1926 1622 3514 1705">
    <p class='ocr_par' dir='ltr' id='par_1_30' title="bbox 1926 1622 3514 1705">
     <span class='ocr_line' id='line_1_30' title="bbox 1926 1622 3514 1705; baseline 0.01 -32"><span class='ocrx_word' id='word_1_232' title='bbox 1926 1638 1960 1673; x_wconf 72' lang='grc' dir='ltr'><strong>,ι</strong></span> <span class='ocrx_word' id='word_1_233' title='bbox 1981 1622 2039 1677; x_wconf 90' lang='lat' dir='ltr'><strong>lu</strong></span> <span class='ocrx_word' id='word_1_234' title='bbox 2061 1626 2320 1696; x_wconf 78' lang='lat' dir='ltr'><strong>quadriga</strong></span> <span class='ocrx_word' id='word_1_235' title='bbox 2337 1637 2530 1698; x_wconf 89' lang='lat' dir='ltr'><strong>quarta</strong></span> <span class='ocrx_word' id='word_1_236' title='bbox 2543 1629 2667 1699; x_wconf 89' lang='lat' dir='ltr'><strong>equi</strong></span> <span class='ocrx_word' id='word_1_237' title='bbox 2682 1629 2817 1684; x_wconf 86' lang='lat' dir='ltr'><strong>varii</strong></span> <span class='ocrx_word' id='word_1_238' title='bbox 2842 1630 3025 1686; x_wconf 80' lang='lat' dir='ltr'><strong>fortes.</strong></span> <span class='ocrx_word' id='word_1_239' title='bbox 3041 1651 3057 1682; x_wconf 72' lang='grc' dir='ltr'><strong><em>ι</em></strong></span> <span class='ocrx_word' id='word_1_240' title='bbox 3075 1631 3197 1687; x_wconf 90' lang='lat' dir='ltr'><strong>ldeo</strong></span> <span class='ocrx_word' id='word_1_241' title='bbox 3215 1632 3371 1700; x_wconf 86' lang='lat' dir='ltr'><strong>varii,</strong></span> <span class='ocrx_word' id='word_1_242' title='bbox 3388 1635 3514 1705; x_wconf 86' lang='lat' dir='ltr'><strong>quia</strong></span> 
     </span>
    </p>
   </div>
   <div class='ocr_carea' id='block_1_31' title="bbox 1934 1712 3510 1795">
    <p class='ocr_par' dir='ltr' id='par_1_31' title="bbox 1934 1712 3510 1795">
     <span class='ocr_line' id='line_1_31' title="bbox 1934 1712 3510 1795; baseline 0.009 -29"><span class='ocrx_word' id='word_1_243' title='bbox 1934 1712 2298 1772; x_wconf 71' lang='lat' dir='ltr'><strong>Romanorum</strong></span> <span class='ocrx_word' id='word_1_244' title='bbox 2322 1732 2474 1790; x_wconf 84' lang='lat' dir='ltr'><strong>reges</strong></span> <span class='ocrx_word' id='word_1_245' title='bbox 2488 1719 2578 1774; x_wconf 88' lang='lat' dir='ltr'><strong>alii</strong></span> <span class='ocrx_word' id='word_1_246' title='bbox 2593 1719 2885 1777; x_wconf 82' lang='lat' dir='ltr'><strong>clementes</strong></span> <span class='ocrx_word' id='word_1_247' title='bbox 2900 1721 3115 1779; x_wconf 85' lang='lat' dir='ltr'><strong>fuerunt</strong></span> <span class='ocrx_word' id='word_1_248' title='bbox 3128 1740 3255 1795; x_wconf 85' lang='lat' dir='ltr'><strong>erga</strong></span> <span class='ocrx_word' id='word_1_249' title='bbox 3277 1723 3510 1793; x_wconf 75' lang='lat' dir='ltr'><strong>Judaeos,</strong></span> 
     </span>
    </p>
   </div>
   <div class='ocr_carea' id='block_1_32' title="bbox 1932 1800 3509 1885">
    <p class='ocr_par' dir='ltr' id='par_1_32' title="bbox 1932 1800 3509 1885">
     <span class='ocr_line' id='line_1_32' title="bbox 1932 1800 3509 1885; baseline 0.01 -25"><span class='ocrx_word' id='word_1_250' title='bbox 1932 1816 1994 1861; x_wconf 87' lang='lat' dir='ltr'><strong>ut</strong></span> <span class='ocrx_word' id='word_1_251' title='bbox 2031 1807 2092 1862; x_wconf 89' lang='lat' dir='ltr'><strong>C.</strong></span> <span class='ocrx_word' id='word_1_252' title='bbox 2124 1808 2397 1876; x_wconf 88' lang='lat' dir='ltr'><strong>Claudius,</strong></span> <span class='ocrx_word' id='word_1_253' title='bbox 2424 1800 2519 1867; x_wconf 85' lang='lat' dir='ltr'><strong>alii</strong></span> <span class='ocrx_word' id='word_1_254' title='bbox 2546 1824 2921 1884; x_wconf 85' lang='lat' dir='ltr'><strong>persecutores</strong></span> <span class='ocrx_word' id='word_1_255' title='bbox 2940 1833 3125 1873; x_wconf 85' lang='lat' dir='ltr'><strong>eorum</strong></span> <span class='ocrx_word' id='word_1_256' title='bbox 3168 1820 3509 1885; x_wconf 79' lang='lat' dir='ltr'><strong>exstiterunt,</strong></span> 
     </span>
    </p>
   </div>
   <div class='ocr_carea' id='block_1_33' title="bbox 252 1890 3512 1978">
    <p class='ocr_par' dir='ltr' id='par_1_33' title="bbox 252 1890 3512 1978">
     <span class='ocr_line' id='line_1_33' title="bbox 252 1890 3512 1978; baseline 0.008 -38"><span class='ocrx_word' id='word_1_257' title='bbox 252 1899 480 1953; x_wconf 62' lang='lat' dir='ltr'><strong>sidiam,</strong></span> <span class='ocrx_word' id='word_1_258' title='bbox 504 1899 650 1953; x_wconf 64' lang='lat' dir='ltr'><strong>Bene</strong></span> <span class='ocrx_word' id='word_1_259' title='bbox 671 1906 798 1968; x_wconf 61' lang='lat' dir='ltr'><strong>ergo</strong></span> <span class='ocrx_word' id='word_1_260' title='bbox 827 1900 941 1955; x_wconf 48' lang='lat' dir='ltr'><strong>hac</strong></span> <span class='ocrx_word' id='word_1_261' title='bbox 970 1902 1085 1955; x_wconf 69' lang='lat' dir='ltr'><strong>avis</strong></span> <span class='ocrx_word' id='word_1_262' title='bbox 1106 1900 1356 1957; x_wconf 61' lang='lat' dir='ltr'><strong>convenit</strong></span> <span class='ocrx_word' id='word_1_263' title='bbox 1382 1902 1500 1957; x_wconf 62' lang='lat' dir='ltr'><strong>istis</strong></span> <span class='ocrx_word' id='word_1_264' title='bbox 1522 1901 1834 1957; x_wconf 59' lang='lat' dir='ltr'><strong>mulieribus</strong></span> <span class='ocrx_word' id='word_1_265' title='bbox 1862 1890 1909 1949; x_wconf 86' lang='lat' dir='ltr'><strong>B</strong></span> <span class='ocrx_word' id='word_1_266' title='bbox 1938 1905 1996 1950; x_wconf 91' lang='lat' dir='ltr'><strong>ut</strong></span> <span class='ocrx_word' id='word_1_267' title='bbox 2022 1897 2082 1953; x_wconf 89' lang='lat' dir='ltr'><strong>C.</strong></span> <span class='ocrx_word' id='word_1_268' title='bbox 2128 1899 2386 1971; x_wconf 80' lang='lat' dir='ltr'><strong>Caligula,</strong></span> <span class='ocrx_word' id='word_1_269' title='bbox 2421 1903 2563 1958; x_wconf 85' lang='lat' dir='ltr'><strong>Nero</strong></span> <span class='ocrx_word' id='word_1_270' title='bbox 2598 1913 2654 1960; x_wconf 90' lang='lat' dir='ltr'><strong>et</strong></span> <span class='ocrx_word' id='word_1_271' title='bbox 2682 1904 3060 1977; x_wconf 76' lang='lat' dir='ltr'><strong>Vespasianus.</strong></span> <span class='ocrx_word' id='word_1_272' title='bbox 3104 1911 3387 1978; x_wconf 62' lang='lat' dir='ltr'><strong>Quaerente</strong></span> <span class='ocrx_word' id='word_1_273' title='bbox 3417 1914 3512 1969; x_wconf 87' lang='lat' dir='ltr'><strong>ita-</strong></span> 
     </span>
    </p>
   </div>
   <div class='ocr_carea' id='block_1_34' title="bbox 240 1986 1834 2061">
    <p class='ocr_par' dir='ltr' id='par_1_34' title="bbox 240 1986 1834 2061">
     <span class='ocr_line' id='line_1_34' title="bbox 240 1986 1834 2061; baseline 0.005 -20"><span class='ocrx_word' id='word_1_274' title='bbox 240 1986 410 2042; x_wconf 57' lang='lat' dir='ltr'><strong>&#39;Jud:e</strong></span> <span class='ocrx_word' id='word_1_275' title='bbox 433 1996 487 2042; x_wconf 91' lang='lat' dir='ltr'><strong>et</strong></span> <span class='ocrx_word' id='word_1_276' title='bbox 509 1988 691 2042; x_wconf 86' lang='lat' dir='ltr'><strong>lsraeli</strong></span> <span class='ocrx_word' id='word_1_277' title='bbox 711 2029 727 2053; x_wconf 94' lang='lat'><strong>,</strong></span> <span class='ocrx_word' id='word_1_278' title='bbox 759 2004 878 2059; x_wconf 64' lang='lat' dir='ltr'><strong>quae</strong></span> <span class='ocrx_word' id='word_1_279' title='bbox 908 1999 1128 2059; x_wconf 86' lang='lat' dir='ltr'><strong>propter</strong></span> <span class='ocrx_word' id='word_1_280' title='bbox 1172 1991 1341 2044; x_wconf 87' lang='lat' dir='ltr'><strong>nimia</strong></span> <span class='ocrx_word' id='word_1_281' title='bbox 1366 2002 1587 2061; x_wconf 82' lang='lat' dir='ltr'><strong>peccata</strong></span> <span class='ocrx_word' id='word_1_282' title='bbox 1622 1992 1834 2049; x_wconf 62' lang='lat' dir='ltr'><strong>tradite</strong></span> 
     </span>
    </p>
   </div>
   <div class='ocr_carea' id='block_1_35' title="bbox 258 2079 1833 2152">
    <p class='ocr_par' dir='ltr' id='par_1_35' title="bbox 258 2079 1833 2152">
     <span class='ocr_line' id='line_1_35' title="bbox 258 2079 1833 2152; baseline 0.004 -19"><span class='ocrx_word' id='word_1_283' title='bbox 258 2086 389 2133; x_wconf 85' lang='lat' dir='ltr'><strong>sunt</strong></span> <span class='ocrx_word' id='word_1_284' title='bbox 426 2079 670 2148; x_wconf 84' lang='lat' dir='ltr'><strong>potestati</strong></span> <span class='ocrx_word' id='word_1_285' title='bbox 717 2080 1041 2146; x_wconf 63' lang='lat' dir='ltr'><strong>daemonum,</strong></span> <span class='ocrx_word' id='word_1_286' title='bbox 1068 2089 1124 2136; x_wconf 90' lang='lat' dir='ltr'><strong>et</strong></span> <span class='ocrx_word' id='word_1_287' title='bbox 1166 2082 1240 2136; x_wconf 75' lang='lat' dir='ltr'><strong>ab</strong></span> <span class='ocrx_word' id='word_1_288' title='bbox 1265 2084 1346 2136; x_wconf 90' lang='lat' dir='ltr'><strong>cis</strong></span> <span class='ocrx_word' id='word_1_289' title='bbox 1372 2084 1431 2137; x_wconf 84' lang='lat' dir='ltr'><strong>in</strong></span> <span class='ocrx_word' id='word_1_290' title='bbox 1467 2082 1833 2152; x_wconf 81' lang='lat' dir='ltr'><strong>captivitatem</strong></span> 
     </span>
    </p>
   </div>
   <div class='ocr_carea' id='block_1_36' title="bbox 255 2169 1833 2246">
    <p class='ocr_par' dir='ltr' id='par_1_36' title="bbox 255 2169 1833 2246">
     <span class='ocr_line' id='line_1_36' title="bbox 255 2169 1833 2246; baseline 0.006 -23"><span class='ocrx_word' id='word_1_291' title='bbox 255 2169 453 2224; x_wconf 75' lang='lat' dir='ltr'><strong>ducite.</strong></span> <span class='ocrx_word' id='word_1_292' title='bbox 508 2189 526 2221; x_wconf 76' lang='grc' dir='ltr'><strong><em>ι</em></strong></span> <span class='ocrx_word' id='word_1_293' title='bbox 558 2171 625 2225; x_wconf 85' lang='lat' dir='ltr'><strong>Et</strong></span> <span class='ocrx_word' id='word_1_294' title='bbox 663 2171 978 2227; x_wconf 88' lang='lat' dir='ltr'><strong>levaverunt</strong></span> <span class='ocrx_word' id='word_1_295' title='bbox 1022 2175 1337 2244; x_wconf 84' lang='lat' dir='ltr'><strong>amphoram</strong></span> <span class='ocrx_word' id='word_1_296' title='bbox 1360 2217 1374 2241; x_wconf 90' lang='lat'><strong>,</strong></span> <span class='ocrx_word' id='word_1_297' title='bbox 1411 2194 1430 2227; x_wconf 76' lang='grc' dir='ltr'>ι</span> <span class='ocrx_word' id='word_1_298' title='bbox 1477 2176 1532 2230; x_wconf 90' lang='lat' dir='ltr'><strong>in</strong></span> <span class='ocrx_word' id='word_1_299' title='bbox 1574 2191 1680 2246; x_wconf 91' lang='lat' dir='ltr'><strong>qua</strong></span> <span class='ocrx_word' id='word_1_300' title='bbox 1712 2185 1833 2232; x_wconf 84' lang='lat' dir='ltr'><strong>erat</strong></span> 
     </span>
    </p>
   </div>
   <div class='ocr_carea' id='block_1_37' title="bbox 255 2261 1829 2334">
    <p class='ocr_par' dir='ltr' id='par_1_37' title="bbox 255 2261 1829 2334">
     <span class='ocr_line' id='line_1_37' title="bbox 255 2261 1829 2334; baseline 0.006 -20"><span class='ocrx_word' id='word_1_301' title='bbox 255 2261 538 2331; x_wconf 80' lang='lat' dir='ltr'><strong>impietas,</strong></span> <span class='ocrx_word' id='word_1_302' title='bbox 589 2271 645 2316; x_wconf 88' lang='lat' dir='ltr'><strong>et</strong></span> <span class='ocrx_word' id='word_1_303' title='bbox 678 2277 854 2318; x_wconf 87' lang='lat' dir='ltr'><strong>massa</strong></span> <span class='ocrx_word' id='word_1_304' title='bbox 888 2263 1091 2334; x_wconf 87' lang='lat' dir='ltr'><strong>plumbi</strong></span> <span class='ocrx_word' id='word_1_305' title='bbox 1140 2265 1368 2321; x_wconf 88' lang='lat' dir='ltr'><strong>inclusa.</strong></span> <span class='ocrx_word' id='word_1_306' title='bbox 1411 2285 1431 2317; x_wconf 73' lang='grc' dir='ltr'><strong><em>ι</em></strong></span> <span class='ocrx_word' id='word_1_307' title='bbox 1459 2267 1604 2321; x_wconf 83' lang='lat' dir='ltr'><strong>Inter</strong></span> <span class='ocrx_word' id='word_1_308' title='bbox 1627 2277 1829 2324; x_wconf 86' lang='lat' dir='ltr'><strong>terram</strong></span> 
     </span>
    </p>
   </div>
   <div class='ocr_carea' id='block_1_38' title="bbox 232 2354 1829 2428">
    <p class='ocr_par' dir='ltr' id='par_1_38' title="bbox 232 2354 1829 2428">
     <span class='ocr_line' id='line_1_38' title="bbox 232 2354 1829 2428; baseline 0.005 -21"><span class='ocrx_word' id='word_1_309' title='bbox 232 2354 554 2421; x_wconf 56' lang='lat' dir='ltr'><strong>&#39;ctctelum,</strong></span> <span class='ocrx_word' id='word_1_310' title='bbox 610 2364 667 2410; x_wconf 91' lang='lat' dir='ltr'><strong>et</strong></span> <span class='ocrx_word' id='word_1_311' title='bbox 702 2356 813 2409; x_wconf 77' lang='lat' dir='ltr'><strong>dixi</strong></span> <span class='ocrx_word' id='word_1_312' title='bbox 851 2358 920 2411; x_wconf 87' lang='lat' dir='ltr'><strong>ad</strong></span> <span class='ocrx_word' id='word_1_313' title='bbox 968 2356 1216 2428; x_wconf 75' lang='lat' dir='ltr'><strong>angelum</strong></span> <span class='ocrx_word' id='word_1_314' title='bbox 1268 2359 1359 2428; x_wconf 86' lang='lat' dir='ltr'><strong>qui</strong></span> <span class='ocrx_word' id='word_1_315' title='bbox 1408 2358 1725 2428; x_wconf 82' lang='lat' dir='ltr'><strong>loquebatur</strong></span> <span class='ocrx_word' id='word_1_316' title='bbox 1773 2361 1829 2416; x_wconf 89' lang='lat' dir='ltr'><strong>in</strong></span> 
     </span>
    </p>
   </div>
   <div class='ocr_carea' id='block_1_39' title="bbox 252 2447 1831 2522">
    <p class='ocr_par' dir='ltr' id='par_1_39' title="bbox 252 2447 1831 2522">
     <span class='ocr_line' id='line_1_39' title="bbox 252 2447 1831 2522; baseline 0.004 -20"><span class='ocrx_word' id='word_1_317' title='bbox 252 2463 358 2503; x_wconf 91' lang='lat' dir='ltr'><strong>me.</strong></span> <span class='ocrx_word' id='word_1_318' title='bbox 398 2447 711 2519; x_wconf 70' lang='lat' dir='ltr'><strong>i-Propheta</strong></span> <span class='ocrx_word' id='word_1_319' title='bbox 740 2456 870 2504; x_wconf 80' lang='lat' dir='ltr'><strong>vero</strong></span> <span class='ocrx_word' id='word_1_320' title='bbox 889 2448 1001 2517; x_wconf 88' lang='lat' dir='ltr'><strong>jam</strong></span> <span class='ocrx_word' id='word_1_321' title='bbox 1043 2465 1149 2504; x_wconf 90' lang='lat' dir='ltr'><strong>non</strong></span> <span class='ocrx_word' id='word_1_322' title='bbox 1180 2450 1476 2522; x_wconf 79' lang='lat' dir='ltr'><strong>interrogat</strong></span> <span class='ocrx_word' id='word_1_323' title='bbox 1502 2467 1621 2522; x_wconf 63' lang='lat' dir='ltr'><strong>quae</strong></span> <span class='ocrx_word' id='word_1_324' title='bbox 1644 2461 1831 2509; x_wconf 85' lang='lat' dir='ltr'><strong>essent</strong></span> 
     </span>
    </p>
   </div>
   <div class='ocr_carea' id='block_1_40' title="bbox 253 2539 1824 2616">
    <p class='ocr_par' dir='ltr' id='par_1_40' title="bbox 253 2539 1824 2616">
     <span class='ocr_line' id='line_1_40' title="bbox 253 2539 1824 2616; baseline 0.006 -23"><span class='ocrx_word' id='word_1_325' title='bbox 253 2539 508 2595; x_wconf 85' lang='lat' dir='ltr'><strong>mulieres</strong></span> <span class='ocrx_word' id='word_1_326' title='bbox 532 2556 549 2595; x_wconf 89' lang='lat'><strong>:</strong></span> <span class='ocrx_word' id='word_1_327' title='bbox 581 2542 782 2597; x_wconf 84' lang='lat' dir='ltr'><strong>sciebat</strong></span> <span class='ocrx_word' id='word_1_328' title='bbox 807 2542 951 2596; x_wconf 91' lang='lat' dir='ltr'><strong>enim</strong></span> <span class='ocrx_word' id='word_1_329' title='bbox 978 2542 1293 2612; x_wconf 86' lang='lat' dir='ltr'><strong>prophetico</strong></span> <span class='ocrx_word' id='word_1_330' title='bbox 1318 2546 1533 2615; x_wconf 88' lang='lat' dir='ltr'><strong>spiritu,</strong></span> <span class='ocrx_word' id='word_1_331' title='bbox 1550 2605 1557 2613; x_wconf 47' lang='lat'><strong>,</strong></span> <span class='ocrx_word' id='word_1_332' title='bbox 1577 2560 1676 2600; x_wconf 89' lang='lat' dir='ltr'><strong>nec</strong></span> <span class='ocrx_word' id='word_1_333' title='bbox 1698 2548 1824 2616; x_wconf 88' lang='lat' dir='ltr'><strong>quid</strong></span> 
     </span>
    </p>
   </div>
   <div class='ocr_carea' id='block_1_41' title="bbox 248 2632 1827 2708">
    <p class='ocr_par' dir='ltr' id='par_1_41' title="bbox 248 2632 1827 2708">
     <span class='ocr_line' id='line_1_41' title="bbox 248 2632 1827 2708; baseline 0.008 -26"><span class='ocrx_word' id='word_1_334' title='bbox 248 2638 499 2700; x_wconf 84' lang='lat' dir='ltr'><strong>portent,</strong></span> <span class='ocrx_word' id='word_1_335' title='bbox 555 2632 679 2701; x_wconf 89' lang='lat' dir='ltr'><strong>quia</strong></span> <span class='ocrx_word' id='word_1_336' title='bbox 709 2632 898 2703; x_wconf 78' lang='lat' dir='ltr'><strong>angelo</strong></span> <span class='ocrx_word' id='word_1_337' title='bbox 925 2633 1149 2688; x_wconf 87' lang='lat' dir='ltr'><strong>docente</strong></span> <span class='ocrx_word' id='word_1_338' title='bbox 1177 2645 1540 2706; x_wconf 86' lang='lat' dir='ltr'><strong>cognoverat,</strong></span> <span class='ocrx_word' id='word_1_339' title='bbox 1590 2639 1685 2694; x_wconf 81' lang='lat' dir='ltr'><strong>sed</strong></span> <span class='ocrx_word' id='word_1_340' title='bbox 1719 2652 1827 2708; x_wconf 90' lang='lat' dir='ltr'><strong>quo</strong></span> 
     </span>
    </p>
   </div>
   <div class='ocr_carea' id='block_1_42' title="bbox 248 2722 1826 2799">
    <p class='ocr_par' dir='ltr' id='par_1_42' title="bbox 248 2722 1826 2799">
     <span class='ocr_line' id='line_1_42' title="bbox 248 2722 1826 2799; baseline 0.006 -25"><span class='ocrx_word' id='word_1_341' title='bbox 248 2731 488 2790; x_wconf 67' lang='lat' dir='ltr'><strong>portent,</strong></span> <span class='ocrx_word' id='word_1_342' title='bbox 522 2724 769 2793; x_wconf 87' lang='lat' dir='ltr'><strong>inquiens</strong></span> <span class='ocrx_word' id='word_1_343' title='bbox 794 2740 806 2777; x_wconf 84' lang='lat'><strong>:</strong></span> <span class='ocrx_word' id='word_1_344' title='bbox 856 2743 874 2774; x_wconf 73' lang='grc' dir='ltr'>ι</span> <span class='ocrx_word' id='word_1_345' title='bbox 903 2722 1023 2791; x_wconf 77' lang='lat' dir='ltr'><strong>Quo</strong></span> <span class='ocrx_word' id='word_1_346' title='bbox 1048 2725 1164 2781; x_wconf 72' lang='lat' dir='ltr'><strong>ista:</strong></span> <span class='ocrx_word' id='word_1_347' title='bbox 1190 2727 1440 2783; x_wconf 88' lang='lat' dir='ltr'><strong>deferunt</strong></span> <span class='ocrx_word' id='word_1_348' title='bbox 1464 2730 1826 2799; x_wconf 79' lang='lat' dir='ltr'><strong>amphoram?</strong></span> 
     </span>
    </p>
   </div>
   <div class='ocr_carea' id='block_1_43' title="bbox 218 2814 1825 2891">
    <p class='ocr_par' dir='ltr' id='par_1_43' title="bbox 218 2814 1825 2891">
     <span class='ocr_line' id='line_1_43' title="bbox 218 2814 1825 2891; baseline 0.007 -25"><span class='ocrx_word' id='word_1_349' title='bbox 218 2822 303 2867; x_wconf 74' lang='lat' dir='ltr'><strong>-et</strong></span> <span class='ocrx_word' id='word_1_350' title='bbox 328 2814 463 2869; x_wconf 76' lang='lat' dir='ltr'><strong>dixit</strong></span> <span class='ocrx_word' id='word_1_351' title='bbox 490 2817 557 2869; x_wconf 84' lang='lat' dir='ltr'><strong>ad</strong></span> <span class='ocrx_word' id='word_1_352' title='bbox 587 2833 692 2872; x_wconf 91' lang='lat' dir='ltr'><strong>me.</strong></span> <span class='ocrx_word' id='word_1_353' title='bbox 736 2837 755 2870; x_wconf 76' lang='grc' dir='ltr'><strong><em>ι</em></strong></span> <span class='ocrx_word' id='word_1_354' title='bbox 800 2816 1097 2890; x_wconf 78' lang='lat' dir='ltr'><strong>Respondit</strong></span> <span class='ocrx_word' id='word_1_355' title='bbox 1132 2821 1394 2891; x_wconf 85' lang='lat' dir='ltr'><strong>angelus:</strong></span> <span class='ocrx_word' id='word_1_356' title='bbox 1424 2838 1443 2872; x_wconf 73' lang='grc' dir='ltr'>ι</span> <span class='ocrx_word' id='word_1_357' title='bbox 1487 2820 1559 2877; x_wconf 84' lang='lat' dir='ltr'><strong>Ut</strong></span> <span class='ocrx_word' id='word_1_358' title='bbox 1593 2821 1825 2878; x_wconf 69' lang='lat' dir='ltr'><strong>aediﬁce-</strong></span> 
     </span>
    </p>
   </div>
   <div class='ocr_carea' id='block_1_44' title="bbox 250 2908 1821 2984">
    <p class='ocr_par' dir='ltr' id='par_1_44' title="bbox 250 2908 1821 2984">
     <span class='ocr_line' id='line_1_44' title="bbox 250 2908 1821 2984; baseline 0.006 -24"><span class='ocrx_word' id='word_1_359' title='bbox 250 2916 340 2961; x_wconf 89' lang='lat' dir='ltr'><strong>tur</strong></span> <span class='ocrx_word' id='word_1_360' title='bbox 359 2908 409 2962; x_wconf 91' lang='lat' dir='ltr'><strong>ei</strong></span> <span class='ocrx_word' id='word_1_361' title='bbox 431 2909 621 2965; x_wconf 90' lang='lat' dir='ltr'><strong>domus</strong></span> <span class='ocrx_word' id='word_1_362' title='bbox 656 2910 708 2966; x_wconf 90' lang='lat' dir='ltr'><strong>in</strong></span> <span class='ocrx_word' id='word_1_363' title='bbox 737 2921 880 2968; x_wconf 89' lang='lat' dir='ltr'><strong>terra</strong></span> <span class='ocrx_word' id='word_1_364' title='bbox 906 2912 1173 2981; x_wconf 87' lang='lat' dir='ltr'><strong>Sennaar,</strong></span> <span class='ocrx_word' id='word_1_365' title='bbox 1204 2922 1258 2970; x_wconf 88' lang='lat' dir='ltr'><strong>et</strong></span> <span class='ocrx_word' id='word_1_366' title='bbox 1285 2914 1608 2979; x_wconf 88' lang='lat' dir='ltr'><strong>stabiliatur,</strong></span> <span class='ocrx_word' id='word_1_367' title='bbox 1648 2924 1821 2984; x_wconf 81' lang='lat' dir='ltr'><strong>etpo-</strong></span> 
     </span>
    </p>
   </div>
   <div class='ocr_carea' id='block_1_45' title="bbox 248 3001 1828 3074">
    <p class='ocr_par' dir='ltr' id='par_1_45' title="bbox 248 3001 1828 3074">
     <span class='ocr_line' id='line_1_45' title="bbox 248 3001 1828 3074; baseline 0.008 -23"><span class='ocrx_word' id='word_1_368' title='bbox 248 3008 412 3053; x_wconf 86' lang='lat' dir='ltr'><strong>natur</strong></span> <span class='ocrx_word' id='word_1_369' title='bbox 437 3001 507 3055; x_wconf 90' lang='lat' dir='ltr'><strong>ibi</strong></span> <span class='ocrx_word' id='word_1_370' title='bbox 535 3018 698 3074; x_wconf 89' lang='lat' dir='ltr'><strong>super</strong></span> <span class='ocrx_word' id='word_1_371' title='bbox 720 3002 890 3057; x_wconf 86' lang='lat' dir='ltr'><strong>basim</strong></span> <span class='ocrx_word' id='word_1_372' title='bbox 935 3020 1109 3059; x_wconf 87' lang='lat' dir='ltr'><strong>suam.</strong></span> <span class='ocrx_word' id='word_1_373' title='bbox 1149 3023 1169 3055; x_wconf 76' lang='grc' dir='ltr'><strong><em>ι</em></strong></span> <span class='ocrx_word' id='word_1_374' title='bbox 1223 3002 1469 3059; x_wconf 82' lang='lat' dir='ltr'><strong>Sennaar</strong></span> <span class='ocrx_word' id='word_1_375' title='bbox 1492 3019 1717 3074; x_wconf 87' lang='lat' dir='ltr'><strong>campus</strong></span> <span class='ocrx_word' id='word_1_376' title='bbox 1743 3014 1828 3062; x_wconf 77' lang='lat' dir='ltr'><strong>est</strong></span> 
     </span>
    </p>
   </div>
   <div class='ocr_carea' id='block_1_46' title="bbox 244 3087 1825 3163">
    <p class='ocr_par' dir='ltr' id='par_1_46' title="bbox 244 3087 1825 3163">
     <span class='ocr_line' id='line_1_46' title="bbox 244 3087 1825 3163; baseline 0.004 -21"><span class='ocrx_word' id='word_1_377' title='bbox 244 3087 644 3156; x_wconf 75' lang='lat' dir='ltr'><strong>Chaldzeorum,</strong></span> <span class='ocrx_word' id='word_1_378' title='bbox 675 3092 728 3146; x_wconf 93' lang='lat' dir='ltr'><strong>in</strong></span> <span class='ocrx_word' id='word_1_379' title='bbox 756 3109 864 3162; x_wconf 90' lang='lat' dir='ltr'><strong>quo</strong></span> <span class='ocrx_word' id='word_1_380' title='bbox 887 3102 1009 3163; x_wconf 89' lang='lat' dir='ltr'><strong>post</strong></span> <span class='ocrx_word' id='word_1_381' title='bbox 1033 3093 1289 3149; x_wconf 78' lang='lat' dir='ltr'><strong>diluvium</strong></span> <span class='ocrx_word' id='word_1_382' title='bbox 1318 3094 1410 3148; x_wconf 86' lang='lat' dir='ltr'><strong>ﬁlii</strong></span> <span class='ocrx_word' id='word_1_383' title='bbox 1441 3094 1611 3148; x_wconf 88' lang='lat' dir='ltr'><strong>Adam</strong></span> <span class='ocrx_word' id='word_1_384' title='bbox 1635 3095 1825 3149; x_wconf 87' lang='lat' dir='ltr'><strong>turrim</strong></span> 
     </span>
    </p>
   </div>
   <div class='ocr_carea' id='block_1_47' title="bbox 246 3180 1822 3249">
    <p class='ocr_par' dir='ltr' id='par_1_47' title="bbox 246 3180 1822 3249">
     <span class='ocr_line' id='line_1_47' title="bbox 246 3180 1822 3249; baseline 0.004 -15"><span class='ocrx_word' id='word_1_385' title='bbox 246 3181 511 3248; x_wconf 70' lang='lat' dir='ltr'><strong>superbire</strong></span> <span class='ocrx_word' id='word_1_386' title='bbox 556 3180 822 3237; x_wconf 62' lang='lat' dir='ltr'><strong>aedificare</strong></span> <span class='ocrx_word' id='word_1_387' title='bbox 851 3184 1027 3238; x_wconf 89' lang='lat' dir='ltr'><strong>conati</strong></span> <span class='ocrx_word' id='word_1_388' title='bbox 1076 3192 1219 3249; x_wconf 88' lang='lat' dir='ltr'><strong>sunt,</strong></span> <span class='ocrx_word' id='word_1_389' title='bbox 1259 3187 1353 3241; x_wconf 88' lang='lat' dir='ltr'><strong>sed</strong></span> <span class='ocrx_word' id='word_1_390' title='bbox 1382 3200 1412 3239; x_wconf 90' lang='lat' dir='ltr'><strong>a</strong></span> <span class='ocrx_word' id='word_1_391' title='bbox 1439 3185 1664 3241; x_wconf 86' lang='lat' dir='ltr'><strong>Domino</strong></span> <span class='ocrx_word' id='word_1_392' title='bbox 1693 3201 1822 3241; x_wconf 89' lang='lat' dir='ltr'><strong>con-</strong></span> 
     </span>
    </p>
   </div>
   <div class='ocr_carea' id='block_1_48' title="bbox 1929 1992 3514 2077">
    <p class='ocr_par' dir='ltr' id='par_1_48' title="bbox 1929 1992 3514 2077">
     <span class='ocr_line' id='line_1_48' title="bbox 1929 1992 3514 2077; baseline 0.011 -35"><span class='ocrx_word' id='word_1_393' title='bbox 1929 2003 2041 2077; x_wconf 20' lang='lat' dir='ltr'><strong>ique</strong></span> <span class='ocrx_word' id='word_1_394' title='bbox 2062 1992 2340 2059; x_wconf 86' lang='lat' dir='ltr'><strong>propheta,</strong></span> <span class='ocrx_word' id='word_1_395' title='bbox 2368 1994 2495 2062; x_wconf 92' lang='lat' dir='ltr'><strong>quid</strong></span> <span class='ocrx_word' id='word_1_396' title='bbox 2524 1995 2886 2064; x_wconf 86' lang='lat' dir='ltr'><strong>significarent</strong></span> <span class='ocrx_word' id='word_1_397' title='bbox 2913 2014 3033 2069; x_wconf 76' lang='lat' dir='ltr'><strong>qua:</strong></span> <span class='ocrx_word' id='word_1_398' title='bbox 3054 2003 3330 2070; x_wconf 86' lang='lat' dir='ltr'><strong>cernebat,</strong></span> <span class='ocrx_word' id='word_1_399' title='bbox 3354 2020 3514 2077; x_wconf 84' lang='lat' dir='ltr'><strong>ange-</strong></span> 
     </span>
    </p>
   </div>
   <div class='ocr_carea' id='block_1_49' title="bbox 1928 2074 3513 2162">
    <p class='ocr_par' dir='ltr' id='par_1_49' title="bbox 1928 2074 3513 2162">
     <span class='ocr_line' id='line_1_49' title="bbox 1928 2074 3513 2162; baseline 0.013 -32"><span class='ocrx_word' id='word_1_400' title='bbox 1928 2074 2018 2133; x_wconf 84' lang='lat' dir='ltr'><strong>lus</strong></span> <span class='ocrx_word' id='word_1_401' title='bbox 2046 2082 2367 2149; x_wconf 88' lang='lat' dir='ltr'><strong>respondit:</strong></span> <span class='ocrx_word' id='word_1_402' title='bbox 2410 2101 2429 2134; x_wconf 84' lang='grc'><em>‹</em></span> <span class='ocrx_word' id='word_1_403' title='bbox 2465 2084 2556 2138; x_wconf 87' lang='lat' dir='ltr'><strong>lsti</strong></span> <span class='ocrx_word' id='word_1_404' title='bbox 2589 2095 2715 2140; x_wconf 87' lang='lat' dir='ltr'><strong>sunt</strong></span> <span class='ocrx_word' id='word_1_405' title='bbox 2757 2094 2988 2156; x_wconf 87' lang='lat' dir='ltr'><strong>quatuor</strong></span> <span class='ocrx_word' id='word_1_406' title='bbox 3017 2093 3161 2146; x_wconf 84' lang='lat' dir='ltr'><strong>venti</strong></span> <span class='ocrx_word' id='word_1_407' title='bbox 3206 2094 3352 2162; x_wconf 78' lang='lat' dir='ltr'><strong>cteli,</strong></span> <span class='ocrx_word' id='word_1_408' title='bbox 3387 2074 3513 2152; x_wconf 40' lang='lat' dir='ltr'><strong>r‘id</strong></span> 
     </span>
    </p>
   </div>
   <div class='ocr_carea' id='block_1_50' title="bbox 1932 2170 3511 2252">
    <p class='ocr_par' dir='ltr' id='par_1_50' title="bbox 1932 2170 3511 2252">
     <span class='ocr_line' id='line_1_50' title="bbox 1932 2170 3511 2252; baseline 0.013 -28"><span class='ocrx_word' id='word_1_409' title='bbox 1932 2177 2017 2224; x_wconf 90' lang='lat' dir='ltr'><strong>est</strong></span> <span class='ocrx_word' id='word_1_410' title='bbox 2069 2170 2282 2227; x_wconf 87' lang='lat' dir='ltr'><strong>climata</strong></span> <span class='ocrx_word' id='word_1_411' title='bbox 2328 2173 2443 2229; x_wconf 89' lang='lat' dir='ltr'><strong>sive</strong></span> <span class='ocrx_word' id='word_1_412' title='bbox 2471 2175 2658 2245; x_wconf 73' lang='lat' dir='ltr'><strong>plagae,</strong></span> <span class='ocrx_word' id='word_1_413' title='bbox 2720 2195 2739 2251; x_wconf 67' lang='grc' dir='ltr'><em>ᾳ</em></span> <span class='ocrx_word' id='word_1_414' title='bbox 2771 2180 2861 2249; x_wconf 86' lang='lat' dir='ltr'><strong>qui</strong></span> <span class='ocrx_word' id='word_1_415' title='bbox 2889 2183 3240 2252; x_wconf 83' lang='lat' dir='ltr'><strong>egrediuntur</strong></span> <span class='ocrx_word' id='word_1_416' title='bbox 3268 2194 3330 2242; x_wconf 87' lang='lat' dir='ltr'><strong>ut</strong></span> <span class='ocrx_word' id='word_1_417' title='bbox 3364 2196 3511 2244; x_wconf 84' lang='lat' dir='ltr'><strong>stent</strong></span> 
     </span>
    </p>
   </div>
   <div class='ocr_carea' id='block_1_51' title="bbox 1932 2263 3509 2351">
    <p class='ocr_par' dir='ltr' id='par_1_51' title="bbox 1932 2263 3509 2351">
     <span class='ocr_line' id='line_1_51' title="bbox 1932 2263 3509 2351; baseline 0.016 -38"><span class='ocrx_word' id='word_1_418' title='bbox 1932 2274 2114 2315; x_wconf 87' lang='lat' dir='ltr'><strong>coram</strong></span> <span class='ocrx_word' id='word_1_419' title='bbox 2152 2263 2486 2321; x_wconf 81' lang='lat' dir='ltr'><strong>dominatore</strong></span> <span class='ocrx_word' id='word_1_420' title='bbox 2532 2269 2709 2325; x_wconf 90' lang='lat' dir='ltr'><strong>omnis</strong></span> <span class='ocrx_word' id='word_1_421' title='bbox 2742 2279 2921 2329; x_wconf 75' lang='lat' dir='ltr'><strong>teme.</strong></span> <span class='ocrx_word' id='word_1_422' title='bbox 2957 2293 2975 2326; x_wconf 83' lang='grc'>›</span> <span class='ocrx_word' id='word_1_423' title='bbox 3013 2275 3099 2330; x_wconf 67' lang='lat' dir='ltr'><strong>Nil</strong></span> <span class='ocrx_word' id='word_1_424' title='bbox 3148 2278 3291 2334; x_wconf 90' lang='lat' dir='ltr'><strong>enim</strong></span> <span class='ocrx_word' id='word_1_425' title='bbox 3343 2290 3509 2351; x_wconf 77' lang='lat' dir='ltr'><strong>regna</strong></span> 
     </span>
    </p>
   </div>
   <div class='ocr_carea' id='block_1_52' title="bbox 1930 2351 3502 2442">
    <p class='ocr_par' dir='ltr' id='par_1_52' title="bbox 1930 2351 3502 2442">
     <span class='ocr_line' id='line_1_52' title="bbox 1930 2351 3502 2442; baseline 0.017 -40"><span class='ocrx_word' id='word_1_426' title='bbox 1930 2356 2088 2405; x_wconf 72' lang='lat' dir='ltr'><strong>terra:</strong></span> <span class='ocrx_word' id='word_1_427' title='bbox 2118 2351 2317 2423; x_wconf 88' lang='lat' dir='ltr'><strong>absque</strong></span> <span class='ocrx_word' id='word_1_428' title='bbox 2347 2356 2439 2410; x_wconf 85' lang='lat' dir='ltr'><strong>Dei</strong></span> <span class='ocrx_word' id='word_1_429' title='bbox 2465 2359 2732 2427; x_wconf 88' lang='lat' dir='ltr'><strong>permissu</strong></span> <span class='ocrx_word' id='word_1_430' title='bbox 2768 2369 2823 2416; x_wconf 90' lang='lat' dir='ltr'><strong>et</strong></span> <span class='ocrx_word' id='word_1_431' title='bbox 2849 2359 3124 2421; x_wconf 64' lang='lat' dir='ltr'><strong>voluntate</strong></span> <span class='ocrx_word' id='word_1_432' title='bbox 3170 2367 3354 2425; x_wconf 85' lang='lat' dir='ltr'><strong>facere</strong></span> <span class='ocrx_word' id='word_1_433' title='bbox 3375 2387 3502 2442; x_wconf 78' lang='lat' dir='ltr'><strong>pos-</strong></span> 
     </span>
    </p>
   </div>
   <div class='ocr_carea' id='block_1_53' title="bbox 1927 2448 2071 2496">
    <p class='ocr_par' dir='ltr' id='par_1_53' title="bbox 1927 2448 2071 2496">
     <span class='ocr_line' id='line_1_53' title="bbox 1927 2448 2071 2496; baseline 0 0"><span class='ocrx_word' id='word_1_434' title='bbox 1927 2448 2071 2496; x_wconf 88' lang='lat' dir='ltr'><strong>sunt.</strong></span> 
     </span>
    </p>
   </div>
   <div class='ocr_carea' id='block_1_54' title="bbox 2004 2532 3507 2628">
    <p class='ocr_par' dir='ltr' id='par_1_54' title="bbox 2004 2532 3507 2628">
     <span class='ocr_line' id='line_1_54' title="bbox 2004 2532 3507 2628; baseline 0.021 -43"><span class='ocrx_word' id='word_1_435' title='bbox 2004 2551 2022 2584; x_wconf 85' lang='grc'><strong><em>‹</em></strong></span> <span class='ocrx_word' id='word_1_436' title='bbox 2057 2532 2114 2588; x_wconf 83' lang='grc' dir='ltr'><strong>1η</strong></span> <span class='ocrx_word' id='word_1_437' title='bbox 2142 2550 2247 2628; x_wconf 82' lang='lat' dir='ltr'><strong>qua</strong></span> <span class='ocrx_word' id='word_1_438' title='bbox 2284 2556 2303 2588; x_wconf 74' lang='grc' dir='ltr'><strong><em>ι</em></strong></span> <span class='ocrx_word' id='word_1_439' title='bbox 2334 2540 2592 2613; x_wconf 86' lang='lat' dir='ltr'><strong>quadriga</strong></span> <span class='ocrx_word' id='word_1_440' title='bbox 2645 2563 2665 2595; x_wconf 81' lang='grc'><strong><em>‹</em></strong></span> <span class='ocrx_word' id='word_1_441' title='bbox 2698 2556 2852 2601; x_wconf 89' lang='lat' dir='ltr'><strong>erant</strong></span> <span class='ocrx_word' id='word_1_442' title='bbox 2900 2535 3031 2619; x_wconf 82' lang='lat' dir='ltr'><strong>equi</strong></span> <span class='ocrx_word' id='word_1_443' title='bbox 3078 2553 3236 2626; x_wconf 81' lang='lat' dir='ltr'><strong>nigri,</strong></span> <span class='ocrx_word' id='word_1_444' title='bbox 3266 2558 3507 2628; x_wconf 78' lang='lat' dir='ltr'><strong>egredie-</strong></span> 
     </span>
    </p>
   </div>
   <div class='ocr_carea' id='block_1_55' title="bbox 1912 2617 3508 2718">
    <p class='ocr_par' dir='ltr' id='par_1_55' title="bbox 1912 2617 3508 2718">
     <span class='ocr_line' id='line_1_55' title="bbox 1912 2617 3508 2718; baseline 0.021 -45"><span class='ocrx_word' id='word_1_445' title='bbox 1912 2617 2125 2701; x_wconf 79' lang='lat' dir='ltr'><strong>bantur</strong></span> <span class='ocrx_word' id='word_1_446' title='bbox 2145 2623 2198 2678; x_wconf 89' lang='lat' dir='ltr'><strong>iu</strong></span> <span class='ocrx_word' id='word_1_447' title='bbox 2227 2632 2429 2683; x_wconf 89' lang='lat' dir='ltr'><strong>terram</strong></span> <span class='ocrx_word' id='word_1_448' title='bbox 2458 2631 2745 2700; x_wconf 88' lang='lat' dir='ltr'><strong>aquilonis,</strong></span> <span class='ocrx_word' id='word_1_449' title='bbox 2774 2644 2831 2691; x_wconf 91' lang='lat' dir='ltr'><strong>et</strong></span> <span class='ocrx_word' id='word_1_450' title='bbox 2867 2617 2973 2694; x_wconf 80' lang='lat' dir='ltr'><strong>albi</strong></span> <span class='ocrx_word' id='word_1_451' title='bbox 2999 2617 3203 2713; x_wconf 70' lang='lat' dir='ltr'><strong>egressi</strong></span> <span class='ocrx_word' id='word_1_452' title='bbox 3225 2617 3357 2702; x_wconf 68' lang='lat' dir='ltr'><strong>sunt</strong></span> <span class='ocrx_word' id='word_1_453' title='bbox 3384 2661 3508 2718; x_wconf 82' lang='lat' dir='ltr'><strong>post</strong></span> 
     </span>
    </p>
   </div>
   <div class='ocr_carea' id='block_1_56' title="bbox 1924 2714 3506 2803">
    <p class='ocr_par' dir='ltr' id='par_1_56' title="bbox 1924 2714 3506 2803">
     <span class='ocr_line' id='line_1_56' title="bbox 1924 2714 3506 2803; baseline 0.021 -42"><span class='ocrx_word' id='word_1_454' title='bbox 1924 2722 2018 2764; x_wconf 90' lang='lat' dir='ltr'><strong>eos</strong></span> <span class='ocrx_word' id='word_1_455' title='bbox 2038 2749 2051 2775; x_wconf 91' lang='lat'><strong>,</strong></span> <span class='ocrx_word' id='word_1_456' title='bbox 2076 2719 2130 2766; x_wconf 92' lang='lat' dir='ltr'><strong>et</strong></span> <span class='ocrx_word' id='word_1_457' title='bbox 2158 2714 2293 2768; x_wconf 88' lang='lat' dir='ltr'><strong>varii</strong></span> <span class='ocrx_word' id='word_1_458' title='bbox 2321 2720 2527 2789; x_wconf 85' lang='lat' dir='ltr'><strong>egressi</strong></span> <span class='ocrx_word' id='word_1_459' title='bbox 2556 2730 2683 2777; x_wconf 88' lang='lat' dir='ltr'><strong>sunt</strong></span> <span class='ocrx_word' id='word_1_460' title='bbox 2712 2725 2778 2778; x_wconf 92' lang='lat' dir='ltr'><strong>ad</strong></span> <span class='ocrx_word' id='word_1_461' title='bbox 2819 2733 3019 2783; x_wconf 87' lang='lat' dir='ltr'><strong>terram</strong></span> <span class='ocrx_word' id='word_1_462' title='bbox 3050 2735 3239 2788; x_wconf 84' lang='lat' dir='ltr'><strong>austri.</strong></span> <span class='ocrx_word' id='word_1_463' title='bbox 3278 2714 3506 2803; x_wconf 27' lang='lat' dir='ltr'><strong>Quifau-</strong></span> 
     </span>
    </p>
   </div>
   <div class='ocr_carea' id='block_1_57' title="bbox 1925 2807 3506 2890">
    <p class='ocr_par' dir='ltr' id='par_1_57' title="bbox 1925 2807 3506 2890">
     <span class='ocr_line' id='line_1_57' title="bbox 1925 2807 3506 2890; baseline 0.02 -37"><span class='ocrx_word' id='word_1_464' title='bbox 1925 2808 2033 2855; x_wconf 87' lang='lat' dir='ltr'><strong>tem</strong></span> <span class='ocrx_word' id='word_1_465' title='bbox 2057 2814 2216 2859; x_wconf 86' lang='lat' dir='ltr'><strong>erant</strong></span> <span class='ocrx_word' id='word_1_466' title='bbox 2234 2807 2593 2867; x_wconf 88' lang='lat' dir='ltr'><strong>robustissimi</strong></span> <span class='ocrx_word' id='word_1_467' title='bbox 2612 2853 2627 2880; x_wconf 85' lang='lat'><strong>,</strong></span> <span class='ocrx_word' id='word_1_468' title='bbox 2653 2815 2901 2871; x_wconf 89' lang='lat' dir='ltr'><strong>exierunt</strong></span> <span class='ocrx_word' id='word_1_469' title='bbox 2928 2827 2985 2874; x_wconf 90' lang='lat' dir='ltr'><strong>et</strong></span> <span class='ocrx_word' id='word_1_470' title='bbox 3007 2824 3323 2890; x_wconf 66' lang='lat' dir='ltr'><strong>quaerebant</strong></span> <span class='ocrx_word' id='word_1_471' title='bbox 3342 2827 3427 2884; x_wconf 83' lang='lat' dir='ltr'><strong>ire</strong></span> <span class='ocrx_word' id='word_1_472' title='bbox 3449 2839 3506 2884; x_wconf 82' lang='lat' dir='ltr'><strong>et</strong></span> 
     </span>
    </p>
   </div>
   <div class='ocr_carea' id='block_1_58' title="bbox 1925 2890 3499 2990">
    <p class='ocr_par' dir='ltr' id='par_1_58' title="bbox 1925 2890 3499 2990">
     <span class='ocr_line' id='line_1_58' title="bbox 1925 2890 3499 2990; baseline 0.02 -44"><span class='ocrx_word' id='word_1_473' title='bbox 1925 2890 2230 2990; x_wconf 69' lang='lat' dir='ltr'><strong>discurrere</strong></span> <span class='ocrx_word' id='word_1_474' title='bbox 2250 2914 2349 2969; x_wconf 88' lang='lat' dir='ltr'><strong>per</strong></span> <span class='ocrx_word' id='word_1_475' title='bbox 2374 2916 2588 2959; x_wconf 88' lang='lat' dir='ltr'><strong>omnem</strong></span> <span class='ocrx_word' id='word_1_476' title='bbox 2624 2914 2842 2963; x_wconf 86' lang='lat' dir='ltr'><strong>terram.</strong></span> <span class='ocrx_word' id='word_1_477' title='bbox 2888 2911 2953 2965; x_wconf 89' lang='lat' dir='ltr'><strong>Et</strong></span> <span class='ocrx_word' id='word_1_478' title='bbox 2980 2914 3152 2970; x_wconf 81' lang='lat' dir='ltr'><strong>dixit:</strong></span> <span class='ocrx_word' id='word_1_479' title='bbox 3182 2917 3258 2972; x_wconf 90' lang='lat' dir='ltr'><strong>Ite</strong></span> <span class='ocrx_word' id='word_1_480' title='bbox 3286 2930 3343 2974; x_wconf 82' lang='lat' dir='ltr'><strong>et</strong></span> <span class='ocrx_word' id='word_1_481' title='bbox 3371 2934 3499 2990; x_wconf 88' lang='lat' dir='ltr'><strong>per-</strong></span> 
     </span>
    </p>
   </div>
   <div class='ocr_carea' id='block_1_59' title="bbox 1924 2982 3503 3069">
    <p class='ocr_par' dir='ltr' id='par_1_59' title="bbox 1924 2982 3503 3069">
     <span class='ocr_line' id='line_1_59' title="bbox 1924 2982 3503 3069; baseline 0.021 -36"><span class='ocrx_word' id='word_1_482' title='bbox 1924 2982 2198 3039; x_wconf 85' lang='lat' dir='ltr'><strong>ambulate</strong></span> <span class='ocrx_word' id='word_1_483' title='bbox 2236 2996 2455 3069; x_wconf 83' lang='lat' dir='ltr'><strong>terram.</strong></span> <span class='ocrx_word' id='word_1_484' title='bbox 2522 2992 2589 3047; x_wconf 86' lang='lat' dir='ltr'><strong>Et</strong></span> <span class='ocrx_word' id='word_1_485' title='bbox 2612 2998 3125 3064; x_wconf 85' lang='lat' dir='ltr'><strong>perambulaverunt</strong></span> <span class='ocrx_word' id='word_1_486' title='bbox 3157 2982 3387 3065; x_wconf 57' lang='lat' dir='ltr'><strong>terram:</strong></span> <span class='ocrx_word' id='word_1_487' title='bbox 3432 3011 3503 3065; x_wconf 79' lang='lat' dir='ltr'><strong>Et</strong></span> 
     </span>
    </p>
   </div>
   <div class='ocr_carea' id='block_1_60' title="bbox 1908 3070 3504 3160">
    <p class='ocr_par' dir='ltr' id='par_1_60' title="bbox 1908 3070 3504 3160">
     <span class='ocr_line' id='line_1_60' title="bbox 1908 3070 3504 3160; baseline 0.023 -36"><span class='ocrx_word' id='word_1_488' title='bbox 1908 3070 2139 3128; x_wconf 79' lang='lat' dir='ltr'><strong>&#39;voeavit</strong></span> <span class='ocrx_word' id='word_1_489' title='bbox 2162 3092 2269 3143; x_wconf 91' lang='lat' dir='ltr'><strong>me,</strong></span> <span class='ocrx_word' id='word_1_490' title='bbox 2313 3088 2370 3134; x_wconf 91' lang='lat' dir='ltr'><strong>et</strong></span> <span class='ocrx_word' id='word_1_491' title='bbox 2398 3080 2608 3139; x_wconf 81' lang='lat' dir='ltr'><strong>locutus</strong></span> <span class='ocrx_word' id='word_1_492' title='bbox 2630 3088 2803 3142; x_wconf 87' lang='lat' dir='ltr'><strong>estad</strong></span> <span class='ocrx_word' id='word_1_493' title='bbox 2846 3106 2933 3145; x_wconf 90' lang='lat' dir='ltr'><strong>me</strong></span> <span class='ocrx_word' id='word_1_494' title='bbox 2959 3094 3165 3151; x_wconf 87' lang='lat' dir='ltr'><strong>dicens.</strong></span> <span class='ocrx_word' id='word_1_495' title='bbox 3200 3116 3219 3149; x_wconf 72' lang='grc' dir='ltr'><strong>ο</strong></span> <span class='ocrx_word' id='word_1_496' title='bbox 3270 3099 3504 3160; x_wconf 75' lang='lat' dir='ltr'><strong>Proinde</strong></span> 
     </span>
    </p>
   </div>
   <div class='ocr_carea' id='block_1_61' title="bbox 1912 3161 3496 3263">
    <p class='ocr_par' dir='ltr' id='par_1_61' title="bbox 1912 3161 3496 3263">
     <span class='ocr_line' id='line_1_61' title="bbox 1912 3161 3496 3263; baseline 0.021 -47"><span class='ocrx_word' id='word_1_497' title='bbox 1912 3161 2285 3263; x_wconf 70' lang='lat' dir='ltr'><strong>praetermittit</strong></span> <span class='ocrx_word' id='word_1_498' title='bbox 2327 3175 2586 3263; x_wconf 81' lang='lat' dir='ltr'><strong>prOpheta</strong></span> <span class='ocrx_word' id='word_1_499' title='bbox 2629 3179 2694 3232; x_wconf 89' lang='lat' dir='ltr'><strong>de</strong></span> <span class='ocrx_word' id='word_1_500' title='bbox 2730 3182 2990 3252; x_wconf 87' lang='lat' dir='ltr'><strong>quadriga</strong></span> <span class='ocrx_word' id='word_1_501' title='bbox 3038 3186 3232 3255; x_wconf 90' lang='lat' dir='ltr'><strong>prima,</strong></span> <span class='ocrx_word' id='word_1_502' title='bbox 3280 3193 3335 3246; x_wconf 90' lang='lat' dir='ltr'><strong>in</strong></span> <span class='ocrx_word' id='word_1_503' title='bbox 3390 3208 3496 3263; x_wconf 83' lang='lat' dir='ltr'><strong>qua</strong></span> 
     </span>
    </p>
   </div>
   <div class='ocr_carea' id='block_1_62' title="bbox 192 3245 3500 3354">
    <p class='ocr_par' dir='ltr' id='par_1_62' title="bbox 192 3245 3500 3354">
     <span class='ocr_line' id='line_1_62' title="bbox 192 3245 3500 3354; baseline 0.005 -32"><span class='ocrx_word' id='word_1_504' title='bbox 192 3286 205 3301; x_wconf 75' lang='grc' dir='ltr'><strong><em>ο</em></strong></span> <span class='ocrx_word' id='word_1_505' title='bbox 244 3245 364 3324; x_wconf 75' lang='lat' dir='ltr'><strong>fusa</strong></span> <span class='ocrx_word' id='word_1_506' title='bbox 394 3282 475 3326; x_wconf 89' lang='lat' dir='ltr'><strong>est</strong></span> <span class='ocrx_word' id='word_1_507' title='bbox 502 3264 829 3343; x_wconf 28' lang='lat' dir='ltr'><strong>lingua-qua:</strong></span> <span class='ocrx_word' id='word_1_508' title='bbox 858 3274 1108 3331; x_wconf 88' lang='lat' dir='ltr'><strong>omnibus</strong></span> <span class='ocrx_word' id='word_1_509' title='bbox 1136 3245 1241 3330; x_wconf 83' lang='lat' dir='ltr'><strong>una</strong></span> <span class='ocrx_word' id='word_1_510' title='bbox 1272 3284 1407 3331; x_wconf 90' lang='lat' dir='ltr'><strong>erat.</strong></span> <span class='ocrx_word' id='word_1_511' title='bbox 1440 3276 1591 3332; x_wconf 87' lang='lat' dir='ltr'><strong>Unde</strong></span> <span class='ocrx_word' id='word_1_512' title='bbox 1618 3286 1675 3333; x_wconf 87' lang='lat' dir='ltr'><strong>et</strong></span> <span class='ocrx_word' id='word_1_513' title='bbox 1702 3276 1817 3346; x_wconf 87' lang='lat' dir='ltr'><strong>ipsa</strong></span> <span class='ocrx_word' id='word_1_514' title='bbox 1847 3245 1891 3306; x_wconf 77' lang='lat' dir='ltr'><strong>C</strong></span> <span class='ocrx_word' id='word_1_515' title='bbox 1921 3264 2084 3354; x_wconf 43' lang='grc' dir='ltr'><strong>ξνίξηί-</strong></span> <span class='ocrx_word' id='word_1_516' title='bbox 2111 3259 2235 3354; x_wconf 38' lang='lat' dir='ltr'><strong>ei“</strong></span> <span class='ocrx_word' id='word_1_517' title='bbox 2281 3262 2404 3328; x_wconf 62' lang='lat' dir='ltr'><strong>&quot;mi</strong></span> <span class='ocrx_word' id='word_1_518' title='bbox 2447 3264 2559 3334; x_wconf 62' lang='lat' dir='ltr'><strong>iam</strong></span> <span class='ocrx_word' id='word_1_519' title='bbox 2586 3267 2728 3322; x_wconf 68' lang='lat' dir='ltr'><strong>enim</strong></span> <span class='ocrx_word' id='word_1_520' title='bbox 2778 3270 3050 3328; x_wconf 56' lang='lat' dir='ltr'><strong>defecerat</strong></span> <span class='ocrx_word' id='word_1_521' title='bbox 3090 3292 3250 3334; x_wconf 83' lang='lat' dir='ltr'><strong>omne</strong></span> <span class='ocrx_word' id='word_1_522' title='bbox 3277 3245 3500 3354; x_wconf 67' lang='lat' dir='ltr'><strong>regnbm</strong></span> 
     </span>
    </p>
   </div>
   <div class='ocr_carea' id='block_1_63' title="bbox 244 3360 1819 3436">
    <p class='ocr_par' dir='ltr' id='par_1_63' title="bbox 244 3360 1819 3436">
     <span class='ocr_line' id='line_1_63' title="bbox 244 3360 1819 3436; baseline 0.006 -22"><span class='ocrx_word' id='word_1_523' title='bbox 244 3361 436 3416; x_wconf 83' lang='lat' dir='ltr'><strong>civitas</strong></span> <span class='ocrx_word' id='word_1_524' title='bbox 462 3360 695 3432; x_wconf 86' lang='lat' dir='ltr'><strong>Babylon</strong></span> <span class='ocrx_word' id='word_1_525' title='bbox 717 3404 732 3428; x_wconf 94' lang='lat'><strong>,</strong></span> <span class='ocrx_word' id='word_1_526' title='bbox 764 3363 816 3418; x_wconf 93' lang='lat' dir='ltr'><strong>id</strong></span> <span class='ocrx_word' id='word_1_527' title='bbox 844 3372 928 3419; x_wconf 91' lang='lat' dir='ltr'><strong>est</strong></span> <span class='ocrx_word' id='word_1_528' title='bbox 955 3364 1221 3431; x_wconf 79' lang='lat' dir='ltr'><strong>confusio,</strong></span> <span class='ocrx_word' id='word_1_529' title='bbox 1251 3365 1393 3421; x_wconf 87' lang='lat' dir='ltr'><strong>dicta</strong></span> <span class='ocrx_word' id='word_1_530' title='bbox 1416 3375 1518 3422; x_wconf 88' lang='lat' dir='ltr'><strong>est.</strong></span> <span class='ocrx_word' id='word_1_531' title='bbox 1548 3367 1819 3436; x_wconf 83' lang='lat' dir='ltr'><strong>Amphora</strong></span> 
     </span>
    </p>
   </div>
   <div class='ocr_carea' id='block_1_64' title="bbox 142 3437 1821 3530">
    <p class='ocr_par' dir='ltr' id='par_1_64' title="bbox 142 3437 1821 3530">
     <span class='ocr_line' id='line_1_64' title="bbox 142 3437 1821 3530; baseline 0.005 -24"><span class='ocrx_word' id='word_1_532' title='bbox 142 3437 154 3446; x_wconf 71' lang='grc'><strong>’</strong></span> <span class='ocrx_word' id='word_1_533' title='bbox 242 3467 372 3521; x_wconf 86' lang='lat' dir='ltr'><strong>ergo</strong></span> <span class='ocrx_word' id='word_1_534' title='bbox 423 3467 542 3507; x_wconf 88' lang='lat' dir='ltr'><strong>cum</strong></span> <span class='ocrx_word' id='word_1_535' title='bbox 596 3454 871 3524; x_wconf 88' lang='lat' dir='ltr'><strong>impietate</strong></span> <span class='ocrx_word' id='word_1_536' title='bbox 900 3455 1242 3512; x_wconf 85' lang='lat' dir='ltr'><strong>deferebatur</strong></span> <span class='ocrx_word' id='word_1_537' title='bbox 1269 3457 1324 3512; x_wconf 90' lang='lat' dir='ltr'><strong>in</strong></span> <span class='ocrx_word' id='word_1_538' title='bbox 1374 3457 1719 3530; x_wconf 85' lang='lat' dir='ltr'><strong>Babylonem,</strong></span> <span class='ocrx_word' id='word_1_539' title='bbox 1762 3467 1821 3514; x_wconf 87' lang='lat' dir='ltr'><strong>ut</strong></span> 
     </span>
    </p>
   </div>
   <div class='ocr_carea' id='block_1_65' title="bbox 212 3532 1819 3623">
    <p class='ocr_par' dir='ltr' id='par_1_65' title="bbox 212 3532 1819 3623">
     <span class='ocr_line' id='line_1_65' title="bbox 212 3532 1819 3623; baseline 0.005 -27"><span class='ocrx_word' id='word_1_540' title='bbox 212 3532 317 3597; x_wconf 32' lang='lat' dir='ltr'><strong>‘ibi</strong></span> <span class='ocrx_word' id='word_1_541' title='bbox 350 3558 511 3613; x_wconf 88' lang='lat' dir='ltr'><strong>super</strong></span> <span class='ocrx_word' id='word_1_542' title='bbox 540 3542 734 3609; x_wconf 84' lang='lat' dir='ltr'><strong>basim,</strong></span> <span class='ocrx_word' id='word_1_543' title='bbox 766 3546 819 3600; x_wconf 88' lang='lat' dir='ltr'><strong>id</strong></span> <span class='ocrx_word' id='word_1_544' title='bbox 848 3555 932 3601; x_wconf 89' lang='lat' dir='ltr'><strong>est</strong></span> <span class='ocrx_word' id='word_1_545' title='bbox 953 3562 1113 3617; x_wconf 85' lang='lat' dir='ltr'><strong>super</strong></span> <span class='ocrx_word' id='word_1_546' title='bbox 1142 3548 1325 3603; x_wconf 84' lang='lat' dir='ltr'><strong>sedem</strong></span> <span class='ocrx_word' id='word_1_547' title='bbox 1353 3548 1599 3603; x_wconf 87' lang='lat' dir='ltr'><strong>stabilem</strong></span> <span class='ocrx_word' id='word_1_548' title='bbox 1648 3563 1819 3623; x_wconf 28' lang='lat' dir='ltr'><strong>pone-ﬁ</strong></span> 
     </span>
    </p>
   </div>
   <div class='ocr_carea' id='block_1_66' title="bbox 242 3633 1820 3707">
    <p class='ocr_par' dir='ltr' id='par_1_66' title="bbox 242 3633 1820 3707">
     <span class='ocr_line' id='line_1_66' title="bbox 242 3633 1820 3707; baseline 0.006 -21"><span class='ocrx_word' id='word_1_549' title='bbox 242 3642 350 3697; x_wconf 89' lang='lat' dir='ltr'><strong>tur,</strong></span> <span class='ocrx_word' id='word_1_550' title='bbox 380 3633 562 3704; x_wconf 87' lang='lat' dir='ltr'><strong>ibique</strong></span> <span class='ocrx_word' id='word_1_551' title='bbox 583 3643 785 3689; x_wconf 83' lang='lat' dir='ltr'><strong>aeterna</strong></span> <span class='ocrx_word' id='word_1_552' title='bbox 809 3637 1042 3692; x_wconf 88' lang='lat' dir='ltr'><strong>statione</strong></span> <span class='ocrx_word' id='word_1_553' title='bbox 1073 3647 1323 3707; x_wconf 86' lang='lat' dir='ltr'><strong>ponatur.</strong></span> <span class='ocrx_word' id='word_1_554' title='bbox 1359 3636 1603 3693; x_wconf 83' lang='lat' dir='ltr'><strong>Senuaar</strong></span> <span class='ocrx_word' id='word_1_555' title='bbox 1652 3639 1820 3694; x_wconf 89' lang='lat' dir='ltr'><strong>inter-</strong></span> 
     </span>
    </p>
   </div>
   <div class='ocr_carea' id='block_1_67' title="bbox 240 3725 1818 3793">
    <p class='ocr_par' dir='ltr' id='par_1_67' title="bbox 240 3725 1818 3793">
     <span class='ocr_line' id='line_1_67' title="bbox 240 3725 1818 3793; baseline 0.006 -17"><span class='ocrx_word' id='word_1_556' title='bbox 240 3732 486 3792; x_wconf 84' lang='lat' dir='ltr'><strong>pretatur</strong></span> <span class='ocrx_word' id='word_1_557' title='bbox 531 3725 773 3779; x_wconf 90' lang='lat' dir='ltr'><strong>dentium</strong></span> <span class='ocrx_word' id='word_1_558' title='bbox 819 3727 1091 3793; x_wconf 79' lang='lat' dir='ltr'><strong>excussio,</strong></span> <span class='ocrx_word' id='word_1_559' title='bbox 1141 3727 1225 3783; x_wconf 87' lang='lat' dir='ltr'><strong>vel</strong></span> <span class='ocrx_word' id='word_1_560' title='bbox 1261 3726 1402 3784; x_wconf 82' lang='lat' dir='ltr'><strong>fetor</strong></span> <span class='ocrx_word' id='word_1_561' title='bbox 1439 3742 1650 3784; x_wconf 89' lang='lat' dir='ltr'><strong>eorum.</strong></span> <span class='ocrx_word' id='word_1_562' title='bbox 1687 3732 1818 3785; x_wconf 82' lang='lat' dir='ltr'><strong>Am—</strong></span> 
     </span>
    </p>
   </div>
   <div class='ocr_carea' id='block_1_68' title="bbox 237 3812 1816 3885">
    <p class='ocr_par' dir='ltr' id='par_1_68' title="bbox 237 3812 1816 3885">
     <span class='ocr_line' id='line_1_68' title="bbox 237 3812 1816 3885; baseline 0.007 -20"><span class='ocrx_word' id='word_1_563' title='bbox 237 3812 409 3880; x_wconf 87' lang='lat' dir='ltr'><strong>phora</strong></span> <span class='ocrx_word' id='word_1_564' title='bbox 456 3813 635 3881; x_wconf 83' lang='lat' dir='ltr'><strong>itaque</strong></span> <span class='ocrx_word' id='word_1_565' title='bbox 674 3828 797 3869; x_wconf 90' lang='lat' dir='ltr'><strong>cum</strong></span> <span class='ocrx_word' id='word_1_566' title='bbox 822 3814 1098 3885; x_wconf 86' lang='lat' dir='ltr'><strong>impietate</strong></span> <span class='ocrx_word' id='word_1_567' title='bbox 1121 3818 1187 3872; x_wconf 89' lang='lat' dir='ltr'><strong>ad</strong></span> <span class='ocrx_word' id='word_1_568' title='bbox 1223 3828 1423 3873; x_wconf 79' lang='lat' dir='ltr'><strong>terram</strong></span> <span class='ocrx_word' id='word_1_569' title='bbox 1450 3817 1696 3876; x_wconf 81' lang='lat' dir='ltr'><strong>Sennaar</strong></span> <span class='ocrx_word' id='word_1_570' title='bbox 1725 3822 1816 3875; x_wconf 88' lang='lat' dir='ltr'><strong>de-</strong></span> 
     </span>
    </p>
   </div>
   <div class='ocr_carea' id='block_1_69' title="bbox 236 3902 1815 3981">
    <p class='ocr_par' dir='ltr' id='par_1_69' title="bbox 236 3902 1815 3981">
     <span class='ocr_line' id='line_1_69' title="bbox 236 3902 1815 3981; baseline 0.009 -26"><span class='ocrx_word' id='word_1_571' title='bbox 236 3902 429 3967; x_wconf 78' lang='lat' dir='ltr'><strong>fertur,</strong></span> <span class='ocrx_word' id='word_1_572' title='bbox 461 3911 517 3957; x_wconf 88' lang='lat' dir='ltr'><strong>et</strong></span> <span class='ocrx_word' id='word_1_573' title='bbox 543 3904 615 3958; x_wconf 92' lang='lat' dir='ltr'><strong>ibi</strong></span> <span class='ocrx_word' id='word_1_574' title='bbox 642 3904 690 3958; x_wconf 90' lang='lat' dir='ltr'><strong>ei</strong></span> <span class='ocrx_word' id='word_1_575' title='bbox 722 3906 871 3960; x_wconf 89' lang='lat' dir='ltr'><strong>locus</strong></span> <span class='ocrx_word' id='word_1_576' title='bbox 909 3908 1158 3962; x_wconf 85' lang='lat' dir='ltr'><strong>stationis</strong></span> <span class='ocrx_word' id='word_1_577' title='bbox 1183 3906 1427 3979; x_wconf 82' lang='lat' dir='ltr'><strong>paratur,</strong></span> <span class='ocrx_word' id='word_1_578' title='bbox 1475 3911 1603 3981; x_wconf 86' lang='lat' dir='ltr'><strong>quia</strong></span> <span class='ocrx_word' id='word_1_579' title='bbox 1629 3910 1815 3969; x_wconf 87' lang='lat' dir='ltr'><strong>diabo-</strong></span> 
     </span>
    </p>
   </div>
   <div class='ocr_carea' id='block_1_70' title="bbox 236 3991 1813 4072">
    <p class='ocr_par' dir='ltr' id='par_1_70' title="bbox 236 3991 1813 4072">
     <span class='ocr_line' id='line_1_70' title="bbox 236 3991 1813 4072; baseline 0.007 -26"><span class='ocrx_word' id='word_1_580' title='bbox 236 3991 324 4046; x_wconf 91' lang='lat' dir='ltr'><strong>lus</strong></span> <span class='ocrx_word' id='word_1_581' title='bbox 346 4001 536 4047; x_wconf 82' lang='lat' dir='ltr'><strong>auctor</strong></span> <span class='ocrx_word' id='word_1_582' title='bbox 573 3993 862 4063; x_wconf 80' lang='lat' dir='ltr'><strong>impietatis</strong></span> <span class='ocrx_word' id='word_1_583' title='bbox 885 3996 937 4049; x_wconf 91' lang='lat' dir='ltr'><strong>in</strong></span> <span class='ocrx_word' id='word_1_584' title='bbox 960 3998 1212 4054; x_wconf 88' lang='lat' dir='ltr'><strong>cordibus</strong></span> <span class='ocrx_word' id='word_1_585' title='bbox 1250 3998 1624 4069; x_wconf 87' lang='lat' dir='ltr'><strong>reproborum,</strong></span> <span class='ocrx_word' id='word_1_586' title='bbox 1676 4018 1813 4072; x_wconf 89' lang='lat' dir='ltr'><strong>quos</strong></span> 
     </span>
    </p>
   </div>
   <div class='ocr_carea' id='block_1_71' title="bbox 204 4068 1812 4163">
    <p class='ocr_par' dir='ltr' id='par_1_71' title="bbox 204 4068 1812 4163">
     <span class='ocr_line' id='line_1_71' title="bbox 204 4068 1812 4163; baseline 0.007 -25"><span class='ocrx_word' id='word_1_587' title='bbox 204 4068 210 4073; x_wconf 51' lang='grc'><em>’</em></span> <span class='ocrx_word' id='word_1_588' title='bbox 236 4086 488 4154; x_wconf 85' lang='lat' dir='ltr'><strong>impietas</strong></span> <span class='ocrx_word' id='word_1_589' title='bbox 508 4085 592 4140; x_wconf 83' lang='lat' dir='ltr'><strong>vel</strong></span> <span class='ocrx_word' id='word_1_590' title='bbox 618 4084 759 4141; x_wconf 84' lang='lat' dir='ltr'><strong>fetor</strong></span> <span class='ocrx_word' id='word_1_591' title='bbox 775 4087 1014 4144; x_wconf 83' lang='lat' dir='ltr'><strong>libidinis</strong></span> <span class='ocrx_word' id='word_1_592' title='bbox 1033 4092 1290 4159; x_wconf 85' lang='lat' dir='ltr'><strong>possidet,</strong></span> <span class='ocrx_word' id='word_1_593' title='bbox 1312 4068 1633 4163; x_wconf 70' lang='lat' dir='ltr'><strong>requiescit.</strong></span> <span class='ocrx_word' id='word_1_594' title='bbox 1658 4068 1812 4161; x_wconf 71' lang='lat' dir='ltr'><strong>Quod</strong></span> 
     </span>
    </p>
   </div>
   <div class='ocr_carea' id='block_1_72' title="bbox 236 4175 1811 4253">
    <p class='ocr_par' dir='ltr' id='par_1_72' title="bbox 236 4175 1811 4253">
     <span class='ocr_line' id='line_1_72' title="bbox 236 4175 1811 4253; baseline 0.008 -25"><span class='ocrx_word' id='word_1_595' title='bbox 236 4190 368 4230; x_wconf 87' lang='lat' dir='ltr'><strong>vero</strong></span> <span class='ocrx_word' id='word_1_596' title='bbox 408 4175 652 4230; x_wconf 87' lang='lat' dir='ltr'><strong>Sennaar</strong></span> <span class='ocrx_word' id='word_1_597' title='bbox 688 4178 936 4232; x_wconf 74' lang='lat' dir='ltr'><strong>excussio</strong></span> <span class='ocrx_word' id='word_1_598' title='bbox 964 4180 1203 4235; x_wconf 88' lang='lat' dir='ltr'><strong>dentium</strong></span> <span class='ocrx_word' id='word_1_599' title='bbox 1257 4183 1489 4250; x_wconf 89' lang='lat' dir='ltr'><strong>dicitur,</strong></span> <span class='ocrx_word' id='word_1_600' title='bbox 1542 4185 1811 4253; x_wconf 73' lang='lat' dir='ltr'><strong>significat</strong></span> 
     </span>
    </p>
   </div>
   <div class='ocr_carea' id='block_1_73' title="bbox 231 4266 1806 4342">
    <p class='ocr_par' dir='ltr' id='par_1_73' title="bbox 231 4266 1806 4342">
     <span class='ocr_line' id='line_1_73' title="bbox 231 4266 1806 4342; baseline 0.007 -22"><span class='ocrx_word' id='word_1_601' title='bbox 231 4267 361 4337; x_wconf 87' lang='lat' dir='ltr'><strong>quia</strong></span> <span class='ocrx_word' id='word_1_602' title='bbox 409 4266 621 4339; x_wconf 85' lang='lat' dir='ltr'><strong>reprobi</strong></span> <span class='ocrx_word' id='word_1_603' title='bbox 674 4283 929 4324; x_wconf 83' lang='lat' dir='ltr'><strong>excussos</strong></span> <span class='ocrx_word' id='word_1_604' title='bbox 975 4279 1029 4324; x_wconf 90' lang='lat' dir='ltr'><strong>et</strong></span> <span class='ocrx_word' id='word_1_605' title='bbox 1071 4272 1308 4341; x_wconf 91' lang='lat' dir='ltr'><strong>perditos</strong></span> <span class='ocrx_word' id='word_1_606' title='bbox 1350 4272 1553 4328; x_wconf 86' lang='lat' dir='ltr'><strong>habent</strong></span> <span class='ocrx_word' id='word_1_607' title='bbox 1596 4276 1806 4342; x_wconf 81' lang='lat' dir='ltr'><strong>dentes,</strong></span> 
     </span>
    </p>
   </div>
   <div class='ocr_carea' id='block_1_74' title="bbox 229 4358 1809 4430">
    <p class='ocr_par' dir='ltr' id='par_1_74' title="bbox 229 4358 1809 4430">
     <span class='ocr_line' id='line_1_74' title="bbox 229 4358 1809 4430; baseline 0.008 -21"><span class='ocrx_word' id='word_1_608' title='bbox 229 4359 429 4430; x_wconf 86' lang='lat' dir='ltr'><strong>quibus</strong></span> <span class='ocrx_word' id='word_1_609' title='bbox 452 4358 613 4413; x_wconf 86' lang='lat' dir='ltr'><strong>verba</strong></span> <span class='ocrx_word' id='word_1_610' title='bbox 649 4359 744 4415; x_wconf 86' lang='lat' dir='ltr'><strong>Dei</strong></span> <span class='ocrx_word' id='word_1_611' title='bbox 773 4360 993 4426; x_wconf 87' lang='lat' dir='ltr'><strong>molere,</strong></span> <span class='ocrx_word' id='word_1_612' title='bbox 1042 4362 1146 4417; x_wconf 88' lang='lat' dir='ltr'><strong>hoc</strong></span> <span class='ocrx_word' id='word_1_613' title='bbox 1180 4370 1280 4429; x_wconf 87' lang='lat' dir='ltr'><strong>est,</strong></span> <span class='ocrx_word' id='word_1_614' title='bbox 1324 4364 1570 4419; x_wconf 87' lang='lat' dir='ltr'><strong>meditari</strong></span> <span class='ocrx_word' id='word_1_615' title='bbox 1612 4366 1809 4421; x_wconf 86' lang='lat' dir='ltr'><strong>debue-</strong></span> 
     </span>
    </p>
   </div>
   <div class='ocr_carea' id='block_1_75' title="bbox 188 4440 1804 4528">
    <p class='ocr_par' dir='ltr' id='par_1_75' title="bbox 188 4440 1804 4528">
     <span class='ocr_line' id='line_1_75' title="bbox 188 4440 1804 4528; baseline 0.006 -25"><span class='ocrx_word' id='word_1_616' title='bbox 188 4440 199 4451; x_wconf 88' lang='grc'><em>’</em></span> <span class='ocrx_word' id='word_1_617' title='bbox 230 4460 371 4512; x_wconf 89' lang='lat' dir='ltr'><strong>rant,</strong></span> <span class='ocrx_word' id='word_1_618' title='bbox 416 4461 471 4506; x_wconf 88' lang='lat' dir='ltr'><strong>et</strong></span> <span class='ocrx_word' id='word_1_619' title='bbox 500 4451 903 4522; x_wconf 79' lang='lat' dir='ltr'><strong>ideopereunt,</strong></span> <span class='ocrx_word' id='word_1_620' title='bbox 936 4454 1061 4524; x_wconf 87' lang='lat' dir='ltr'><strong>quia</strong></span> <span class='ocrx_word' id='word_1_621' title='bbox 1093 4456 1270 4509; x_wconf 90' lang='lat' dir='ltr'><strong>cibum</strong></span> <span class='ocrx_word' id='word_1_622' title='bbox 1310 4456 1477 4510; x_wconf 84' lang='lat' dir='ltr'><strong>divini</strong></span> <span class='ocrx_word' id='word_1_623' title='bbox 1514 4456 1712 4528; x_wconf 88' lang='lat' dir='ltr'><strong>eloquii</strong></span> <span class='ocrx_word' id='word_1_624' title='bbox 1751 4457 1804 4513; x_wconf 93' lang='lat' dir='ltr'><strong>in</strong></span> 
     </span>
    </p>
   </div>
   <div class='ocr_carea' id='block_1_76' title="bbox 226 4543 1804 4615">
    <p class='ocr_par' dir='ltr' id='par_1_76' title="bbox 226 4543 1804 4615">
     <span class='ocr_line' id='line_1_76' title="bbox 226 4543 1804 4615; baseline 0.004 -21"><span class='ocrx_word' id='word_1_625' title='bbox 226 4550 472 4596; x_wconf 82' lang='lat' dir='ltr'><strong>ventrem</strong></span> <span class='ocrx_word' id='word_1_626' title='bbox 510 4543 782 4598; x_wconf 66' lang='lat' dir='ltr'><strong>memoria:</strong></span> <span class='ocrx_word' id='word_1_627' title='bbox 808 4559 912 4599; x_wconf 90' lang='lat' dir='ltr'><strong>non</strong></span> <span class='ocrx_word' id='word_1_628' title='bbox 945 4545 1331 4599; x_wconf 84' lang='lat' dir='ltr'><strong>transmittunt.</strong></span> <span class='ocrx_word' id='word_1_629' title='bbox 1362 4543 1520 4599; x_wconf 79' lang='lat' dir='ltr'><strong>Juxta</strong></span> <span class='ocrx_word' id='word_1_630' title='bbox 1550 4547 1804 4615; x_wconf 60' lang='lat' dir='ltr'><strong>spiritua.</strong></span> 
     </span>
    </p>
   </div>
   <div class='ocr_carea' id='block_1_77' title="bbox 190 4635 1801 4703">
    <p class='ocr_par' dir='ltr' id='par_1_77' title="bbox 190 4635 1801 4703">
     <span class='ocr_line' id='line_1_77' title="bbox 190 4635 1801 4703; baseline 0.002 -12"><span class='ocrx_word' id='word_1_631' title='bbox 190 4636 201 4647; x_wconf 37' lang='grc' dir='ltr'><strong>τ</strong></span> <span class='ocrx_word' id='word_1_632' title='bbox 225 4638 333 4693; x_wconf 88' lang='lat' dir='ltr'><strong>lem</strong></span> <span class='ocrx_word' id='word_1_633' title='bbox 364 4652 602 4703; x_wconf 91' lang='lat' dir='ltr'><strong>sensum,</strong></span> <span class='ocrx_word' id='word_1_634' title='bbox 647 4636 731 4691; x_wconf 82' lang='lat' dir='ltr'><strong>hae</strong></span> <span class='ocrx_word' id='word_1_635' title='bbox 760 4636 877 4691; x_wconf 75' lang='lat' dir='ltr'><strong>dua:</strong></span> <span class='ocrx_word' id='word_1_636' title='bbox 905 4635 1160 4691; x_wconf 88' lang='lat' dir='ltr'><strong>mulieres</strong></span> <span class='ocrx_word' id='word_1_637' title='bbox 1184 4636 1466 4692; x_wconf 83' lang='lat' dir='ltr'><strong>haereticos</strong></span> <span class='ocrx_word' id='word_1_638' title='bbox 1504 4646 1563 4693; x_wconf 89' lang='lat' dir='ltr'><strong>et</strong></span> <span class='ocrx_word' id='word_1_639' title='bbox 1586 4637 1801 4694; x_wconf 80' lang='lat' dir='ltr'><strong>Judaeus</strong></span> 
     </span>
    </p>
   </div>
   <div class='ocr_carea' id='block_1_78' title="bbox 196 4720 1801 4802">
    <p class='ocr_par' dir='ltr' id='par_1_78' title="bbox 196 4720 1801 4802">
     <span class='ocr_line' id='line_1_78' title="bbox 196 4720 1801 4802; baseline -0.001 -16"><span class='ocrx_word' id='word_1_640' title='bbox 196 4720 531 4802; x_wconf 47' lang='lat' dir='ltr'><strong>&#39;dcsignant,</strong></span> <span class='ocrx_word' id='word_1_641' title='bbox 574 4730 664 4799; x_wconf 87' lang='lat' dir='ltr'><strong>qui</strong></span> <span class='ocrx_word' id='word_1_642' title='bbox 703 4728 1051 4799; x_wconf 87' lang='lat' dir='ltr'><strong>egrediuntur</strong></span> <span class='ocrx_word' id='word_1_643' title='bbox 1086 4743 1115 4781; x_wconf 88' lang='lat' dir='ltr'><strong>a</strong></span> <span class='ocrx_word' id='word_1_644' title='bbox 1156 4726 1293 4782; x_wconf 89' lang='lat' dir='ltr'><strong>facie</strong></span> <span class='ocrx_word' id='word_1_645' title='bbox 1328 4726 1577 4793; x_wconf 88' lang='lat' dir='ltr'><strong>Domini,</strong></span> <span class='ocrx_word' id='word_1_646' title='bbox 1625 4737 1680 4785; x_wconf 87' lang='lat' dir='ltr'><strong>et</strong></span> <span class='ocrx_word' id='word_1_647' title='bbox 1723 4729 1801 4784; x_wconf 90' lang='lat' dir='ltr'><strong>fe-</strong></span> 
     </span>
    </p>
   </div>
   <div class='ocr_carea' id='block_1_79' title="bbox 226 4818 1801 4890">
    <p class='ocr_par' dir='ltr' id='par_1_79' title="bbox 226 4818 1801 4890">
     <span class='ocr_line' id='line_1_79' title="bbox 226 4818 1801 4890; baseline -0.001 -11"><span class='ocrx_word' id='word_1_648' title='bbox 226 4833 424 4880; x_wconf 88' lang='lat' dir='ltr'><strong>runtur</strong></span> <span class='ocrx_word' id='word_1_649' title='bbox 457 4823 662 4876; x_wconf 88' lang='lat' dir='ltr'><strong>incerto</strong></span> <span class='ocrx_word' id='word_1_650' title='bbox 687 4820 890 4875; x_wconf 89' lang='lat' dir='ltr'><strong>erroris</strong></span> <span class='ocrx_word' id='word_1_651' title='bbox 921 4819 1133 4889; x_wconf 86' lang='lat' dir='ltr'><strong>spiritu,</strong></span> <span class='ocrx_word' id='word_1_652' title='bbox 1174 4818 1715 4890; x_wconf 82' lang='lat' dir='ltr'><strong>delectanturjurgiis</strong></span> <span class='ocrx_word' id='word_1_653' title='bbox 1743 4830 1801 4877; x_wconf 86' lang='lat' dir='ltr'><strong>et</strong></span> 
     </span>
    </p>
   </div>
   <div class='ocr_carea' id='block_1_80' title="bbox 184 4904 1799 4980">
    <p class='ocr_par' dir='ltr' id='par_1_80' title="bbox 184 4904 1799 4980">
     <span class='ocr_line' id='line_1_80' title="bbox 184 4904 1799 4980; baseline -0.003 -9"><span class='ocrx_word' id='word_1_654' title='bbox 184 4904 199 4909; x_wconf 54' lang='grc'><strong><em>’</em></strong></span> <span class='ocrx_word' id='word_1_655' title='bbox 221 4913 678 4971; x_wconf 77' lang='lat' dir='ltr'><strong>contentionibus.</strong></span> <span class='ocrx_word' id='word_1_656' title='bbox 706 4910 771 4966; x_wconf 78' lang='lat' dir='ltr'><strong>Hi</strong></span> <span class='ocrx_word' id='word_1_657' title='bbox 794 4912 954 4966; x_wconf 86' lang='lat' dir='ltr'><strong>etiam</strong></span> <span class='ocrx_word' id='word_1_658' title='bbox 979 4926 1141 4980; x_wconf 89' lang='lat' dir='ltr'><strong>super</strong></span> <span class='ocrx_word' id='word_1_659' title='bbox 1160 4910 1218 4965; x_wconf 86' lang='lat' dir='ltr'><strong>se</strong></span> <span class='ocrx_word' id='word_1_660' title='bbox 1246 4912 1426 4965; x_wconf 85' lang='lat' dir='ltr'><strong>levant</strong></span> <span class='ocrx_word' id='word_1_661' title='bbox 1455 4913 1661 4980; x_wconf 88' lang='lat' dir='ltr'><strong>pondus</strong></span> <span class='ocrx_word' id='word_1_662' title='bbox 1698 4913 1799 4966; x_wconf 89' lang='lat' dir='ltr'><strong>im-</strong></span> 
     </span>
    </p>
   </div>
   <div class='ocr_carea' id='block_1_81' title="bbox 182 4981 1796 5076">
    <p class='ocr_par' dir='ltr' id='par_1_81' title="bbox 182 4981 1796 5076">
     <span class='ocr_line' id='line_1_81' title="bbox 182 4981 1796 5076; baseline -0.003 -16"><span class='ocrx_word' id='word_1_663' title='bbox 182 4981 193 4987; x_wconf 33' lang='lat'><strong>-</strong></span> <span class='ocrx_word' id='word_1_664' title='bbox 224 5005 460 5076; x_wconf 82' lang='lat' dir='ltr'><strong>pietatis,</strong></span> <span class='ocrx_word' id='word_1_665' title='bbox 489 5004 621 5059; x_wconf 88' lang='lat' dir='ltr'><strong>etin</strong></span> <span class='ocrx_word' id='word_1_666' title='bbox 646 5001 912 5068; x_wconf 84' lang='lat' dir='ltr'><strong>Babylone</strong></span> <span class='ocrx_word' id='word_1_667' title='bbox 936 5002 1011 5069; x_wconf 91' lang='lat' dir='ltr'><strong>(id</strong></span> <span class='ocrx_word' id='word_1_668' title='bbox 1048 5007 1128 5055; x_wconf 89' lang='lat' dir='ltr'><strong>est</strong></span> <span class='ocrx_word' id='word_1_669' title='bbox 1178 5000 1231 5054; x_wconf 94' lang='lat' dir='ltr'><strong>in</strong></span> <span class='ocrx_word' id='word_1_670' title='bbox 1271 5000 1604 5072; x_wconf 88' lang='lat' dir='ltr'><strong>confusione)</strong></span> <span class='ocrx_word' id='word_1_671' title='bbox 1629 4999 1796 5056; x_wconf 67' lang='lat' dir='ltr'><strong>aadill-</strong></span> 
     </span>
    </p>
   </div>
   <div class='ocr_carea' id='block_1_82' title="bbox 222 5094 739 5152">
    <p class='ocr_par' dir='ltr' id='par_1_82' title="bbox 222 5094 739 5152">
     <span class='ocr_line' id='line_1_82' title="bbox 222 5094 739 5152; baseline -0.01 -1"><span class='ocrx_word' id='word_1_672' title='bbox 222 5107 353 5151; x_wconf 85' lang='lat' dir='ltr'><strong>cant</strong></span> <span class='ocrx_word' id='word_1_673' title='bbox 375 5097 476 5152; x_wconf 87' lang='lat' dir='ltr'><strong>sibi</strong></span> <span class='ocrx_word' id='word_1_674' title='bbox 505 5094 739 5151; x_wconf 91' lang='lat' dir='ltr'><strong>domum.</strong></span> 
     </span>
    </p>
   </div>
   <div class='ocr_carea' id='block_1_83' title="bbox 832 5224 1178 5284">
    <p class='ocr_par' dir='ltr' id='par_1_83' title="bbox 832 5224 1178 5284">
     <span class='ocr_line' id='line_1_83' title="bbox 832 5224 1178 5284; baseline -0.017 0"><span class='ocrx_word' id='word_1_675' title='bbox 832 5227 1059 5284; x_wconf 81' lang='lat' dir='ltr'><strong>CAPUT</strong></span> <span class='ocrx_word' id='word_1_676' title='bbox 1093 5224 1178 5281; x_wconf 87' lang='lat' dir='ltr'><strong>Vl.</strong></span> 
     </span>
    </p>
   </div>
   <div class='ocr_carea' id='block_1_84' title="bbox 297 5352 1790 5426">
    <p class='ocr_par' dir='ltr' id='par_1_84' title="bbox 297 5352 1790 5426">
     <span class='ocr_line' id='line_1_84' title="bbox 297 5352 1790 5426; baseline -0.009 -5"><span class='ocrx_word' id='word_1_677' title='bbox 297 5383 322 5421; x_wconf 73' lang='grc' dir='ltr'>ι</span> <span class='ocrx_word' id='word_1_678' title='bbox 340 5365 409 5422; x_wconf 88' lang='lat' dir='ltr'><strong>Et</strong></span> <span class='ocrx_word' id='word_1_679' title='bbox 428 5378 721 5421; x_wconf 84' lang='lat' dir='ltr'><strong>conversus</strong></span> <span class='ocrx_word' id='word_1_680' title='bbox 747 5378 888 5426; x_wconf 90' lang='lat' dir='ltr'><strong>sum,</strong></span> <span class='ocrx_word' id='word_1_681' title='bbox 915 5371 969 5417; x_wconf 89' lang='lat' dir='ltr'><strong>et</strong></span> <span class='ocrx_word' id='word_1_682' title='bbox 993 5359 1166 5415; x_wconf 84' lang='lat' dir='ltr'><strong>levavi</strong></span> <span class='ocrx_word' id='word_1_683' title='bbox 1193 5356 1378 5413; x_wconf 84' lang='lat' dir='ltr'><strong>oculos</strong></span> <span class='ocrx_word' id='word_1_684' title='bbox 1396 5368 1571 5421; x_wconf 87' lang='lat' dir='ltr'><strong>meos,</strong></span> <span class='ocrx_word' id='word_1_685' title='bbox 1585 5361 1642 5410; x_wconf 89' lang='lat' dir='ltr'><strong>et</strong></span> <span class='ocrx_word' id='word_1_686' title='bbox 1662 5352 1790 5419; x_wconf 81' lang='lat' dir='ltr'><strong>vidi,</strong></span> 
     </span>
    </p>
   </div>
   <div class='ocr_carea' id='block_1_85' title="bbox 178 5437 1792 5529">
    <p class='ocr_par' dir='ltr' id='par_1_85' title="bbox 178 5437 1792 5529">
     <span class='ocr_line' id='line_1_85' title="bbox 178 5437 1792 5529; baseline -0.008 -14"><span class='ocrx_word' id='word_1_687' title='bbox 178 5437 185 5446; x_wconf 53' lang='grc'><em>’</em></span> <span class='ocrx_word' id='word_1_688' title='bbox 218 5469 277 5515; x_wconf 87' lang='lat' dir='ltr'><strong>et</strong></span> <span class='ocrx_word' id='word_1_689' title='bbox 313 5474 440 5515; x_wconf 87' lang='lat' dir='ltr'><strong>ecce</strong></span> <span class='ocrx_word' id='word_1_690' title='bbox 466 5465 696 5529; x_wconf 89' lang='lat' dir='ltr'><strong>quatuor</strong></span> <span class='ocrx_word' id='word_1_691' title='bbox 717 5455 989 5526; x_wconf 70' lang='lat' dir='ltr'><strong>quadriga:</strong></span> <span class='ocrx_word' id='word_1_692' title='bbox 1009 5452 1345 5523; x_wconf 85' lang='lat' dir='ltr'><strong>egredientes</strong></span> <span class='ocrx_word' id='word_1_693' title='bbox 1373 5449 1438 5503; x_wconf 87' lang='lat' dir='ltr'><strong>de</strong></span> <span class='ocrx_word' id='word_1_694' title='bbox 1459 5447 1636 5502; x_wconf 82' lang='lat' dir='ltr'><strong>medio</strong></span> <span class='ocrx_word' id='word_1_695' title='bbox 1660 5446 1792 5502; x_wconf 78' lang='lat' dir='ltr'><strong>due-</strong></span> 
     </span>
    </p>
   </div>
   <div class='ocr_carea' id='block_1_86' title="bbox 219 5538 1792 5614">
    <p class='ocr_par' dir='ltr' id='par_1_86' title="bbox 219 5538 1792 5614">
     <span class='ocr_line' id='line_1_86' title="bbox 219 5538 1792 5614; baseline -0.01 -7"><span class='ocrx_word' id='word_1_696' title='bbox 219 5569 342 5607; x_wconf 89' lang='lat' dir='ltr'><strong>rum</strong></span> <span class='ocrx_word' id='word_1_697' title='bbox 367 5552 651 5614; x_wconf 88' lang='lat' dir='ltr'><strong>montium,</strong></span> <span class='ocrx_word' id='word_1_698' title='bbox 679 5557 734 5602; x_wconf 90' lang='lat' dir='ltr'><strong>et</strong></span> <span class='ocrx_word' id='word_1_699' title='bbox 760 5555 985 5609; x_wconf 89' lang='lat' dir='ltr'><strong>montes,</strong></span> <span class='ocrx_word' id='word_1_700' title='bbox 1014 5552 1221 5600; x_wconf 88' lang='lat' dir='ltr'><strong>montes</strong></span> <span class='ocrx_word' id='word_1_701' title='bbox 1240 5541 1385 5596; x_wconf 77' lang='lat' dir='ltr'><strong>terei.</strong></span> <span class='ocrx_word' id='word_1_702' title='bbox 1434 5541 1495 5594; x_wconf 80' lang='lat' dir='ltr'><strong>lu</strong></span> <span class='ocrx_word' id='word_1_703' title='bbox 1529 5538 1792 5609; x_wconf 80' lang='lat' dir='ltr'><strong>quadriga</strong></span> 
     </span>
    </p>
   </div>
   <div class='ocr_carea' id='block_1_87' title="bbox 154 5626 1787 5720">
    <p class='ocr_par' dir='ltr' id='par_1_87' title="bbox 154 5626 1787 5720">
     <span class='ocr_line' id='line_1_87' title="bbox 154 5626 1787 5720; baseline -0.011 -15"><span class='ocrx_word' id='word_1_704' title='bbox 215 5650 392 5720; x_wconf 88' lang='lat' dir='ltr'><strong>prima</strong></span> <span class='ocrx_word' id='word_1_705' title='bbox 415 5664 537 5719; x_wconf 80' lang='lat' dir='ltr'><strong>equi</strong></span> <span class='ocrx_word' id='word_1_706' title='bbox 564 5640 665 5701; x_wconf 86' lang='lat' dir='ltr'><strong>rufi</strong></span> <span class='ocrx_word' id='word_1_707' title='bbox 693 5685 708 5710; x_wconf 93' lang='lat'><strong>,</strong></span> <span class='ocrx_word' id='word_1_708' title='bbox 734 5638 785 5700; x_wconf 87' lang='lat' dir='ltr'><strong>et</strong></span> <span class='ocrx_word' id='word_1_709' title='bbox 815 5628 867 5698; x_wconf 81' lang='lat' dir='ltr'><strong>in</strong></span> <span class='ocrx_word' id='word_1_710' title='bbox 920 5641 1173 5713; x_wconf 84' lang='lat' dir='ltr'><strong>quadriga</strong></span> <span class='ocrx_word' id='word_1_711' title='bbox 1210 5638 1444 5695; x_wconf 85' lang='lat' dir='ltr'><strong>secunda</strong></span> <span class='ocrx_word' id='word_1_712' title='bbox 1471 5636 1601 5706; x_wconf 88' lang='lat' dir='ltr'><strong>equi</strong></span> <span class='ocrx_word' id='word_1_713' title='bbox 1629 5636 1787 5706; x_wconf 83' lang='lat' dir='ltr'><strong>nigri,</strong></span> 
     </span>
    </p>
   </div>
   <div class='ocr_carea' id='block_1_88' title="bbox 1834 4599 1882 4660">
    <p class='ocr_par' dir='ltr' id='par_1_88' title="bbox 1834 4599 1882 4660">
     <span class='ocr_line' id='line_1_88' title="bbox 1834 4599 1882 4660; baseline 0 0"><span class='ocrx_word' id='word_1_714' title='bbox 1834 4599 1882 4660; x_wconf 89' lang='lat' dir='ltr'><strong>D</strong></span> 
     </span>
    </p>
   </div>
   <div class='ocr_carea' id='block_1_89' title="bbox 1922 3346 3498 3432">
    <p class='ocr_par' dir='ltr' id='par_1_89' title="bbox 1922 3346 3498 3432">
     <span class='ocr_line' id='line_1_89' title="bbox 1922 3346 3498 3432; baseline 0.02 -32"><span class='ocrx_word' id='word_1_715' title='bbox 1922 3346 2356 3421; x_wconf 82' lang='lat' dir='ltr'><strong>Babyloniorum,</strong></span> <span class='ocrx_word' id='word_1_716' title='bbox 2397 3364 2452 3411; x_wconf 91' lang='lat' dir='ltr'><strong>et</strong></span> <span class='ocrx_word' id='word_1_717' title='bbox 2492 3356 2630 3414; x_wconf 86' lang='lat' dir='ltr'><strong>Medi</strong></span> <span class='ocrx_word' id='word_1_718' title='bbox 2655 3375 2717 3416; x_wconf 85' lang='lat' dir='ltr'><strong>ac</strong></span> <span class='ocrx_word' id='word_1_719' title='bbox 2741 3360 2920 3419; x_wconf 76' lang='lat' dir='ltr'><strong>Persae</strong></span> <span class='ocrx_word' id='word_1_720' title='bbox 2957 3380 3172 3424; x_wconf 85' lang='lat' dir='ltr'><strong>omnem</strong></span> <span class='ocrx_word' id='word_1_721' title='bbox 3200 3346 3383 3429; x_wconf 77' lang='lat' dir='ltr'><strong>Asiam</strong></span> <span class='ocrx_word' id='word_1_722' title='bbox 3414 3381 3498 3432; x_wconf 62' lang='lat' dir='ltr'><strong>te.</strong></span> 
     </span>
    </p>
   </div>
   <div class='ocr_carea' id='block_1_90' title="bbox 1922 3442 3501 3523">
    <p class='ocr_par' dir='ltr' id='par_1_90' title="bbox 1922 3442 3501 3523">
     <span class='ocr_line' id='line_1_90' title="bbox 1922 3442 3501 3523; baseline 0.019 -29"><span class='ocrx_word' id='word_1_723' title='bbox 1922 3442 2143 3509; x_wconf 88' lang='lat' dir='ltr'><strong>nebant,</strong></span> <span class='ocrx_word' id='word_1_724' title='bbox 2185 3446 2284 3500; x_wconf 89' lang='lat' dir='ltr'><strong>sub</strong></span> <span class='ocrx_word' id='word_1_725' title='bbox 2321 3461 2551 3517; x_wconf 86' lang='lat' dir='ltr'><strong>quorum</strong></span> <span class='ocrx_word' id='word_1_726' title='bbox 2586 3467 2712 3523; x_wconf 87' lang='lat' dir='ltr'><strong>rege</strong></span> <span class='ocrx_word' id='word_1_727' title='bbox 2734 3451 2896 3511; x_wconf 81' lang='lat' dir='ltr'><strong>Dario</strong></span> <span class='ocrx_word' id='word_1_728' title='bbox 2935 3457 3050 3515; x_wconf 62' lang='lat' dir='ltr'><strong>haec</strong></span> <span class='ocrx_word' id='word_1_729' title='bbox 3073 3463 3253 3518; x_wconf 88' lang='lat' dir='ltr'><strong>omnia</strong></span> <span class='ocrx_word' id='word_1_730' title='bbox 3293 3466 3501 3523; x_wconf 78' lang='lat' dir='ltr'><strong>Zacha-</strong></span> 
     </span>
    </p>
   </div>
   <div class='ocr_carea' id='block_1_91' title="bbox 1912 3528 3501 3624">
    <p class='ocr_par' dir='ltr' id='par_1_91' title="bbox 1912 3528 3501 3624">
     <span class='ocr_line' id='line_1_91' title="bbox 1912 3528 3501 3624; baseline 0.021 -42"><span class='ocrx_word' id='word_1_731' title='bbox 1912 3528 2039 3624; x_wconf 66' lang='lat' dir='ltr'><strong>&#39;rias</strong></span> <span class='ocrx_word' id='word_1_732' title='bbox 2061 3535 2451 3624; x_wconf 84' lang='lat' dir='ltr'><strong>contemplatus</strong></span> <span class='ocrx_word' id='word_1_733' title='bbox 2474 3548 2575 3595; x_wconf 88' lang='lat' dir='ltr'><strong>est.</strong></span> <span class='ocrx_word' id='word_1_734' title='bbox 2609 3538 2876 3617; x_wconf 76' lang='lat' dir='ltr'><strong>Quadi-iga</strong></span> <span class='ocrx_word' id='word_1_735' title='bbox 2907 3547 3107 3621; x_wconf 84' lang='lat' dir='ltr'><strong>itaque,</strong></span> <span class='ocrx_word' id='word_1_736' title='bbox 3136 3552 3189 3607; x_wconf 87' lang='lat' dir='ltr'><strong>in</strong></span> <span class='ocrx_word' id='word_1_737' title='bbox 3213 3569 3317 3624; x_wconf 81' lang='lat' dir='ltr'><strong>qua</strong></span> <span class='ocrx_word' id='word_1_738' title='bbox 3340 3568 3501 3615; x_wconf 84' lang='lat' dir='ltr'><strong>erant</strong></span> 
     </span>
    </p>
   </div>
   <div class='ocr_carea' id='block_1_92' title="bbox 1920 3619 3497 3721">
    <p class='ocr_par' dir='ltr' id='par_1_92' title="bbox 1920 3619 3497 3721">
     <span class='ocr_line' id='line_1_92' title="bbox 1920 3619 3497 3721; baseline 0.022 -50"><span class='ocrx_word' id='word_1_739' title='bbox 1920 3619 2043 3721; x_wconf 75' lang='lat' dir='ltr'><strong>equi</strong></span> <span class='ocrx_word' id='word_1_740' title='bbox 2074 3622 2236 3721; x_wconf 59' lang='lat' dir='ltr'><strong>nigri,</strong></span> <span class='ocrx_word' id='word_1_741' title='bbox 2273 3628 2692 3695; x_wconf 88' lang='lat' dir='ltr'><strong>egrediebantur</strong></span> <span class='ocrx_word' id='word_1_742' title='bbox 2721 3635 2787 3688; x_wconf 88' lang='lat' dir='ltr'><strong>ad</strong></span> <span class='ocrx_word' id='word_1_743' title='bbox 2825 3619 3163 3708; x_wconf 79' lang='lat' dir='ltr'><strong>aquilonem,</strong></span> <span class='ocrx_word' id='word_1_744' title='bbox 3209 3619 3269 3700; x_wconf 76' lang='lat' dir='ltr'><strong>ut</strong></span> <span class='ocrx_word' id='word_1_745' title='bbox 3303 3645 3377 3702; x_wconf 85' lang='lat' dir='ltr'><strong>ibi</strong></span> <span class='ocrx_word' id='word_1_746' title='bbox 3408 3650 3497 3721; x_wconf 80' lang='lat' dir='ltr'><strong>ju-</strong></span> 
     </span>
    </p>
   </div>
   <div class='ocr_carea' id='block_1_93' title="bbox 1917 3708 3491 3808">
    <p class='ocr_par' dir='ltr' id='par_1_93' title="bbox 1917 3708 3491 3808">
     <span class='ocr_line' id='line_1_93' title="bbox 1917 3708 3491 3808; baseline 0.022 -46"><span class='ocrx_word' id='word_1_747' title='bbox 1917 3708 2079 3765; x_wconf 87' lang='lat' dir='ltr'><strong>bente</strong></span> <span class='ocrx_word' id='word_1_748' title='bbox 2109 3710 2338 3770; x_wconf 91' lang='lat' dir='ltr'><strong>Domino</strong></span> <span class='ocrx_word' id='word_1_749' title='bbox 2374 3716 2745 3800; x_wconf 68' lang='lat' dir='ltr'><strong>Chaldaeorum</strong></span> <span class='ocrx_word' id='word_1_750' title='bbox 2793 3728 3160 3788; x_wconf 86' lang='lat' dir='ltr'><strong>destrueretur</strong></span> <span class='ocrx_word' id='word_1_751' title='bbox 3186 3708 3491 3808; x_wconf 66' lang='lat' dir='ltr'><strong>imperium.</strong></span> 
     </span>
    </p>
   </div>
   <div class='ocr_carea' id='block_1_94' title="bbox 1915 3803 3495 3891">
    <p class='ocr_par' dir='ltr' id='par_1_94' title="bbox 1915 3803 3495 3891">
     <span class='ocr_line' id='line_1_94' title="bbox 1915 3803 3495 3891; baseline 0.022 -34"><span class='ocrx_word' id='word_1_752' title='bbox 1915 3803 2034 3858; x_wconf 86' lang='lat' dir='ltr'><strong>Albi</strong></span> <span class='ocrx_word' id='word_1_753' title='bbox 2067 3820 2280 3876; x_wconf 87' lang='lat' dir='ltr'><strong>quoque</strong></span> <span class='ocrx_word' id='word_1_754' title='bbox 2312 3820 2433 3878; x_wconf 86' lang='lat' dir='ltr'><strong>post</strong></span> <span class='ocrx_word' id='word_1_755' title='bbox 2466 3827 2561 3868; x_wconf 89' lang='lat' dir='ltr'><strong>eos</strong></span> <span class='ocrx_word' id='word_1_756' title='bbox 2587 3818 2793 3885; x_wconf 89' lang='lat' dir='ltr'><strong>egressi</strong></span> <span class='ocrx_word' id='word_1_757' title='bbox 2822 3830 2966 3886; x_wconf 90' lang='lat' dir='ltr'><strong>sunt,</strong></span> <span class='ocrx_word' id='word_1_758' title='bbox 3013 3825 3066 3880; x_wconf 90' lang='lat' dir='ltr'><strong>id</strong></span> <span class='ocrx_word' id='word_1_759' title='bbox 3093 3836 3196 3891; x_wconf 90' lang='lat' dir='ltr'><strong>est,</strong></span> <span class='ocrx_word' id='word_1_760' title='bbox 3242 3803 3495 3890; x_wconf 59' lang='lat' dir='ltr'><strong>Macedo-</strong></span> 
     </span>
    </p>
   </div>
   <div class='ocr_carea' id='block_1_95' title="bbox 1916 3900 3492 3986">
    <p class='ocr_par' dir='ltr' id='par_1_95' title="bbox 1916 3900 3492 3986">
     <span class='ocr_line' id='line_1_95' title="bbox 1916 3900 3492 3986; baseline 0.02 -36"><span class='ocrx_word' id='word_1_761' title='bbox 1916 3912 2013 3951; x_wconf 88' lang='lat' dir='ltr'><strong>nes</strong></span> <span class='ocrx_word' id='word_1_762' title='bbox 2040 3900 2207 3954; x_wconf 89' lang='lat' dir='ltr'><strong>secuti</strong></span> <span class='ocrx_word' id='word_1_763' title='bbox 2240 3900 2512 3959; x_wconf 74' lang='lat' dir='ltr'><strong>Medorum</strong></span> <span class='ocrx_word' id='word_1_764' title='bbox 2541 3909 2764 3979; x_wconf 84' lang='lat' dir='ltr'><strong>vestigia</strong></span> <span class='ocrx_word' id='word_1_765' title='bbox 2785 3951 2799 3976; x_wconf 92' lang='lat'><strong>,</strong></span> <span class='ocrx_word' id='word_1_766' title='bbox 2831 3921 2888 3967; x_wconf 87' lang='lat' dir='ltr'><strong>ut</strong></span> <span class='ocrx_word' id='word_1_767' title='bbox 2918 3930 3081 3986; x_wconf 82' lang='lat' dir='ltr'><strong>regna</strong></span> <span class='ocrx_word' id='word_1_768' title='bbox 3123 3918 3492 3983; x_wconf 75' lang='lat' dir='ltr'><strong>Chaldaeorum</strong></span> 
     </span>
    </p>
   </div>
   <div class='ocr_carea' id='block_1_96' title="bbox 1914 3991 3492 4074">
    <p class='ocr_par' dir='ltr' id='par_1_96' title="bbox 1914 3991 3492 4074">
     <span class='ocr_line' id='line_1_96' title="bbox 1914 3991 3492 4074; baseline 0.02 -31"><span class='ocrx_word' id='word_1_769' title='bbox 1914 4004 2012 4044; x_wconf 90' lang='lat' dir='ltr'><strong>suo</strong></span> <span class='ocrx_word' id='word_1_770' title='bbox 2044 3991 2333 4047; x_wconf 84' lang='lat' dir='ltr'><strong>subderent</strong></span> <span class='ocrx_word' id='word_1_771' title='bbox 2364 3994 2605 4064; x_wconf 80' lang='lat' dir='ltr'><strong>imperio.</strong></span> <span class='ocrx_word' id='word_1_772' title='bbox 2637 3998 2843 4067; x_wconf 86' lang='lat' dir='ltr'><strong>Quarti,</strong></span> <span class='ocrx_word' id='word_1_773' title='bbox 2876 4004 2928 4057; x_wconf 91' lang='lat' dir='ltr'><strong>id</strong></span> <span class='ocrx_word' id='word_1_774' title='bbox 2956 4014 3040 4059; x_wconf 84' lang='lat' dir='ltr'><strong>est</strong></span> <span class='ocrx_word' id='word_1_775' title='bbox 3072 4011 3210 4064; x_wconf 88' lang='lat' dir='ltr'><strong>varii</strong></span> <span class='ocrx_word' id='word_1_776' title='bbox 3245 4020 3299 4067; x_wconf 88' lang='lat' dir='ltr'><strong>et</strong></span> <span class='ocrx_word' id='word_1_777' title='bbox 3325 4013 3492 4074; x_wconf 83' lang='lat' dir='ltr'><strong>fortes</strong></span> 
     </span>
    </p>
   </div>
   <div class='ocr_carea' id='block_1_97' title="bbox 1913 4080 3490 4165">
    <p class='ocr_par' dir='ltr' id='par_1_97' title="bbox 1913 4080 3490 4165">
     <span class='ocr_line' id='line_1_97' title="bbox 1913 4080 3490 4165; baseline 0.017 -30"><span class='ocrx_word' id='word_1_778' title='bbox 1913 4080 2163 4146; x_wconf 81' lang='lat' dir='ltr'><strong>Romani,</strong></span> <span class='ocrx_word' id='word_1_779' title='bbox 2204 4083 2427 4138; x_wconf 82' lang='lat' dir='ltr'><strong>exibant</strong></span> <span class='ocrx_word' id='word_1_780' title='bbox 2470 4086 2536 4139; x_wconf 85' lang='lat' dir='ltr'><strong>ad</strong></span> <span class='ocrx_word' id='word_1_781' title='bbox 2568 4095 2776 4143; x_wconf 77' lang='lat' dir='ltr'><strong>terram</strong></span> <span class='ocrx_word' id='word_1_782' title='bbox 2813 4093 3002 4159; x_wconf 83' lang='lat' dir='ltr'><strong>austri,</strong></span> <span class='ocrx_word' id='word_1_783' title='bbox 3037 4105 3092 4149; x_wconf 91' lang='lat' dir='ltr'><strong>et</strong></span> <span class='ocrx_word' id='word_1_784' title='bbox 3106 4095 3366 4165; x_wconf 73' lang='lat' dir='ltr'><strong>iubentur</strong></span> <span class='ocrx_word' id='word_1_785' title='bbox 3403 4104 3490 4162; x_wconf 82' lang='lat' dir='ltr'><strong>ire</strong></span> 
     </span>
    </p>
   </div>
   <div class='ocr_carea' id='block_1_98' title="bbox 1910 4173 3490 4255">
    <p class='ocr_par' dir='ltr' id='par_1_98' title="bbox 1910 4173 3490 4255">
     <span class='ocr_line' id='line_1_98' title="bbox 1910 4173 3490 4255; baseline 0.019 -34"><span class='ocrx_word' id='word_1_786' title='bbox 1910 4179 1966 4227; x_wconf 84' lang='lat' dir='ltr'><strong>et</strong></span> <span class='ocrx_word' id='word_1_787' title='bbox 2005 4173 2378 4241; x_wconf 81' lang='lat' dir='ltr'><strong>perambulare</strong></span> <span class='ocrx_word' id='word_1_788' title='bbox 2415 4188 2629 4231; x_wconf 83' lang='lat' dir='ltr'><strong>omnem</strong></span> <span class='ocrx_word' id='word_1_789' title='bbox 2662 4187 2881 4235; x_wconf 83' lang='lat' dir='ltr'><strong>terram.</strong></span> <span class='ocrx_word' id='word_1_790' title='bbox 2938 4183 3303 4246; x_wconf 84' lang='lat' dir='ltr'><strong>Romanorum</strong></span> <span class='ocrx_word' id='word_1_791' title='bbox 3345 4195 3490 4255; x_wconf 91' lang='lat' dir='ltr'><strong>enim</strong></span> 
     </span>
    </p>
   </div>
   <div class='ocr_carea' id='block_1_99' title="bbox 1909 4261 3491 4343">
    <p class='ocr_par' dir='ltr' id='par_1_99' title="bbox 1909 4261 3491 4343">
     <span class='ocr_line' id='line_1_99' title="bbox 1909 4261 3491 4343; baseline 0.02 -31"><span class='ocrx_word' id='word_1_792' title='bbox 1909 4261 2149 4331; x_wconf 87' lang='lat' dir='ltr'><strong>potentia</strong></span> <span class='ocrx_word' id='word_1_793' title='bbox 2192 4263 2246 4317; x_wconf 90' lang='lat' dir='ltr'><strong>in</strong></span> <span class='ocrx_word' id='word_1_794' title='bbox 2271 4272 2501 4332; x_wconf 83' lang='lat' dir='ltr'><strong>quatuor</strong></span> <span class='ocrx_word' id='word_1_795' title='bbox 2528 4269 2714 4325; x_wconf 91' lang='lat' dir='ltr'><strong>mundi</strong></span> <span class='ocrx_word' id='word_1_796' title='bbox 2749 4272 2994 4340; x_wconf 85' lang='lat' dir='ltr'><strong>partibus</strong></span> <span class='ocrx_word' id='word_1_797' title='bbox 3039 4291 3194 4337; x_wconf 88' lang='lat' dir='ltr'><strong>suum</strong></span> <span class='ocrx_word' id='word_1_798' title='bbox 3246 4281 3491 4343; x_wconf 83' lang='lat' dir='ltr'><strong>dilatavit</strong></span> 
     </span>
    </p>
   </div>
   <div class='ocr_carea' id='block_1_100' title="bbox 1910 4352 3482 4444">
    <p class='ocr_par' dir='ltr' id='par_1_100' title="bbox 1910 4352 3482 4444">
     <span class='ocr_line' id='line_1_100' title="bbox 1910 4352 3482 4444; baseline 0.016 -39"><span class='ocrx_word' id='word_1_799' title='bbox 1910 4352 2213 4444; x_wconf 86' lang='lat' dir='ltr'><strong>imperium.</strong></span> <span class='ocrx_word' id='word_1_800' title='bbox 2244 4353 2446 4410; x_wconf 87' lang='lat' dir='ltr'><strong>Deinde</strong></span> <span class='ocrx_word' id='word_1_801' title='bbox 2482 4357 2549 4412; x_wconf 88' lang='lat' dir='ltr'><strong>ad</strong></span> <span class='ocrx_word' id='word_1_802' title='bbox 2569 4360 2887 4429; x_wconf 88' lang='lat' dir='ltr'><strong>prophetam</strong></span> <span class='ocrx_word' id='word_1_803' title='bbox 2922 4379 3214 4425; x_wconf 87' lang='lat' dir='ltr'><strong>conversus</strong></span> <span class='ocrx_word' id='word_1_804' title='bbox 3237 4374 3482 4444; x_wconf 85' lang='lat' dir='ltr'><strong>angelus,</strong></span> 
     </span>
    </p>
   </div>
   <div class='ocr_carea' id='block_1_101' title="bbox 1906 4443 3482 4534">
    <p class='ocr_par' dir='ltr' id='par_1_101' title="bbox 1906 4443 3482 4534">
     <span class='ocr_line' id='line_1_101' title="bbox 1906 4443 3482 4534; baseline 0.016 -36"><span class='ocrx_word' id='word_1_805' title='bbox 1906 4443 2041 4500; x_wconf 77' lang='lat' dir='ltr'><strong>dixit</strong></span> <span class='ocrx_word' id='word_1_806' title='bbox 2071 4458 2086 4496; x_wconf 90' lang='lat'><strong>:</strong></span> <span class='ocrx_word' id='word_1_807' title='bbox 2133 4462 2153 4495; x_wconf 73' lang='grc' dir='ltr'>ι</span> <span class='ocrx_word' id='word_1_808' title='bbox 2188 4446 2329 4502; x_wconf 86' lang='lat' dir='ltr'><strong>Ecce</strong></span> <span class='ocrx_word' id='word_1_809' title='bbox 2371 4448 2460 4517; x_wconf 90' lang='lat' dir='ltr'><strong>qui</strong></span> <span class='ocrx_word' id='word_1_810' title='bbox 2489 4451 2836 4520; x_wconf 82' lang='lat' dir='ltr'><strong>egrediuntur</strong></span> <span class='ocrx_word' id='word_1_811' title='bbox 2879 4456 2934 4512; x_wconf 90' lang='lat' dir='ltr'><strong>iu</strong></span> <span class='ocrx_word' id='word_1_812' title='bbox 2965 4466 3162 4515; x_wconf 89' lang='lat' dir='ltr'><strong>terram</strong></span> <span class='ocrx_word' id='word_1_813' title='bbox 3191 4443 3482 4534; x_wconf 88' lang='lat' dir='ltr'><strong>aquilonis,</strong></span> 
     </span>
    </p>
   </div>
   <div class='ocr_carea' id='block_1_102' title="bbox 1905 4535 3482 4628">
    <p class='ocr_par' dir='ltr' id='par_1_102' title="bbox 1905 4535 3482 4628">
     <span class='ocr_line' id='line_1_102' title="bbox 1905 4535 3482 4628; baseline 0.02 -42"><span class='ocrx_word' id='word_1_814' title='bbox 1905 4535 2245 4604; x_wconf 83' lang='lat' dir='ltr'><strong>requiescere</strong></span> <span class='ocrx_word' id='word_1_815' title='bbox 2272 4537 2518 4595; x_wconf 86' lang='lat' dir='ltr'><strong>fecerunt</strong></span> <span class='ocrx_word' id='word_1_816' title='bbox 2537 4543 2782 4612; x_wconf 89' lang='lat' dir='ltr'><strong>spiritum</strong></span> <span class='ocrx_word' id='word_1_817' title='bbox 2804 4562 2980 4605; x_wconf 87' lang='lat' dir='ltr'><strong>meum</strong></span> <span class='ocrx_word' id='word_1_818' title='bbox 3008 4551 3061 4606; x_wconf 86' lang='lat' dir='ltr'><strong>in</strong></span> <span class='ocrx_word' id='word_1_819' title='bbox 3101 4559 3242 4609; x_wconf 78' lang='lat' dir='ltr'><strong>terra</strong></span> <span class='ocrx_word' id='word_1_820' title='bbox 3269 4560 3482 4628; x_wconf 88' lang='lat' dir='ltr'><strong>aquilo-</strong></span> 
     </span>
    </p>
   </div>
   <div class='ocr_carea' id='block_1_103' title="bbox 1908 4628 3480 4723">
    <p class='ocr_par' dir='ltr' id='par_1_103' title="bbox 1908 4628 3480 4723">
     <span class='ocr_line' id='line_1_103' title="bbox 1908 4628 3480 4723; baseline 0.015 -40"><span class='ocrx_word' id='word_1_821' title='bbox 1908 4628 2011 4683; x_wconf 85' lang='lat' dir='ltr'><strong>nis.</strong></span> <span class='ocrx_word' id='word_1_822' title='bbox 2044 4647 2063 4681; x_wconf 79' lang='grc'><strong><em>›</em></strong></span> <span class='ocrx_word' id='word_1_823' title='bbox 2116 4628 2194 4684; x_wconf 88' lang='lat' dir='ltr'><strong>De</strong></span> <span class='ocrx_word' id='word_1_824' title='bbox 2224 4631 2379 4685; x_wconf 78' lang='lat' dir='ltr'><strong>tertia</strong></span> <span class='ocrx_word' id='word_1_825' title='bbox 2420 4635 2679 4705; x_wconf 84' lang='lat' dir='ltr'><strong>quadriga</strong></span> <span class='ocrx_word' id='word_1_826' title='bbox 2720 4637 2881 4705; x_wconf 89' lang='lat' dir='ltr'><strong>dicit,</strong></span> <span class='ocrx_word' id='word_1_827' title='bbox 2931 4641 2986 4696; x_wconf 90' lang='lat' dir='ltr'><strong>in</strong></span> <span class='ocrx_word' id='word_1_828' title='bbox 3036 4658 3141 4712; x_wconf 89' lang='lat' dir='ltr'><strong>qua</strong></span> <span class='ocrx_word' id='word_1_829' title='bbox 3172 4659 3328 4703; x_wconf 88' lang='lat' dir='ltr'><strong>erant</strong></span> <span class='ocrx_word' id='word_1_830' title='bbox 3355 4654 3480 4723; x_wconf 90' lang='lat' dir='ltr'><strong>equi</strong></span> 
     </span>
    </p>
   </div>
   <div class='ocr_carea' id='block_1_104' title="bbox 1906 4718 3478 4813">
    <p class='ocr_par' dir='ltr' id='par_1_104' title="bbox 1906 4718 3478 4813">
     <span class='ocr_line' id='line_1_104' title="bbox 1906 4718 3478 4813; baseline 0.018 -42"><span class='ocrx_word' id='word_1_831' title='bbox 1906 4718 2045 4784; x_wconf 86' lang='lat' dir='ltr'><strong>albi,</strong></span> <span class='ocrx_word' id='word_1_832' title='bbox 2085 4735 2183 4790; x_wconf 88' lang='lat' dir='ltr'><strong>per</strong></span> <span class='ocrx_word' id='word_1_833' title='bbox 2218 4736 2355 4789; x_wconf 87' lang='lat' dir='ltr'><strong>quos</strong></span> <span class='ocrx_word' id='word_1_834' title='bbox 2384 4721 2752 4792; x_wconf 81' lang='lat' dir='ltr'><strong>figurabantur</strong></span> <span class='ocrx_word' id='word_1_835' title='bbox 2778 4728 3113 4805; x_wconf 72' lang='lat' dir='ltr'><strong>Macedones,</strong></span> <span class='ocrx_word' id='word_1_836' title='bbox 3142 4737 3233 4806; x_wconf 88' lang='lat' dir='ltr'><strong>qui</strong></span> <span class='ocrx_word' id='word_1_837' title='bbox 3286 4728 3357 4795; x_wconf 82' lang='lat' dir='ltr'><strong>et</strong></span> <span class='ocrx_word' id='word_1_838' title='bbox 3380 4718 3478 4813; x_wconf 76' lang='lat' dir='ltr'><strong>ipsi</strong></span> 
     </span>
    </p>
   </div>
   <div class='ocr_carea' id='block_1_105' title="bbox 1902 4813 3477 4895">
    <p class='ocr_par' dir='ltr' id='par_1_105' title="bbox 1902 4813 3477 4895">
     <span class='ocr_line' id='line_1_105' title="bbox 1902 4813 3477 4895; baseline 0.017 -30"><span class='ocrx_word' id='word_1_839' title='bbox 1902 4819 2026 4880; x_wconf 89' lang='lat' dir='ltr'><strong>post</strong></span> <span class='ocrx_word' id='word_1_840' title='bbox 2068 4813 2250 4881; x_wconf 87' lang='lat' dir='ltr'><strong>nigros</strong></span> <span class='ocrx_word' id='word_1_841' title='bbox 2277 4815 2345 4869; x_wconf 84' lang='lat' dir='ltr'><strong>ad</strong></span> <span class='ocrx_word' id='word_1_842' title='bbox 2389 4824 2583 4870; x_wconf 84' lang='lat' dir='ltr'><strong>terram</strong></span> <span class='ocrx_word' id='word_1_843' title='bbox 2630 4820 2898 4888; x_wconf 87' lang='lat' dir='ltr'><strong>aquilonis</strong></span> <span class='ocrx_word' id='word_1_844' title='bbox 2941 4827 3375 4895; x_wconf 87' lang='lat' dir='ltr'><strong>egrediebantur.</strong></span> <span class='ocrx_word' id='word_1_845' title='bbox 3412 4834 3477 4891; x_wconf 81' lang='lat' dir='ltr'><strong>lli</strong></span> 
     </span>
    </p>
   </div>
   <div class='ocr_carea' id='block_1_106' title="bbox 1902 4904 3476 4981">
    <p class='ocr_par' dir='ltr' id='par_1_106' title="bbox 1902 4904 3476 4981">
     <span class='ocr_line' id='line_1_106' title="bbox 1902 4904 3476 4981; baseline 0.015 -26"><span class='ocrx_word' id='word_1_846' title='bbox 1902 4915 2033 4971; x_wconf 88' lang='lat' dir='ltr'><strong>ergo</strong></span> <span class='ocrx_word' id='word_1_847' title='bbox 2059 4904 2400 4971; x_wconf 88' lang='lat' dir='ltr'><strong>requiescere</strong></span> <span class='ocrx_word' id='word_1_848' title='bbox 2438 4905 2683 4963; x_wconf 88' lang='lat' dir='ltr'><strong>fecerunt</strong></span> <span class='ocrx_word' id='word_1_849' title='bbox 2725 4912 2973 4981; x_wconf 89' lang='lat' dir='ltr'><strong>spiritum</strong></span> <span class='ocrx_word' id='word_1_850' title='bbox 3004 4915 3214 4974; x_wconf 90' lang='lat' dir='ltr'><strong>Domini</strong></span> <span class='ocrx_word' id='word_1_851' title='bbox 3248 4922 3301 4975; x_wconf 91' lang='lat' dir='ltr'><strong>iu</strong></span> <span class='ocrx_word' id='word_1_852' title='bbox 3335 4932 3476 4979; x_wconf 85' lang='lat' dir='ltr'><strong>terra</strong></span> 
     </span>
    </p>
   </div>
   <div class='ocr_carea' id='block_1_107' title="bbox 1900 4990 3477 5072">
    <p class='ocr_par' dir='ltr' id='par_1_107' title="bbox 1900 4990 3477 5072">
     <span class='ocr_line' id='line_1_107' title="bbox 1900 4990 3477 5072; baseline 0.016 -29"><span class='ocrx_word' id='word_1_853' title='bbox 1900 4990 2195 5058; x_wconf 79' lang='lat' dir='ltr'><strong>aquilonis,</strong></span> <span class='ocrx_word' id='word_1_854' title='bbox 2224 4993 2349 5061; x_wconf 88' lang='lat' dir='ltr'><strong>quia</strong></span> <span class='ocrx_word' id='word_1_855' title='bbox 2379 4993 2685 5071; x_wconf 12' lang='lat' dir='ltr'><strong>vindictam;</strong></span> <span class='ocrx_word' id='word_1_856' title='bbox 2705 4997 2801 5054; x_wconf 88' lang='lat' dir='ltr'><strong>Dei</strong></span> <span class='ocrx_word' id='word_1_857' title='bbox 2832 5000 3190 5072; x_wconf 87' lang='lat' dir='ltr'><strong>impleverunt</strong></span> <span class='ocrx_word' id='word_1_858' title='bbox 3217 5010 3477 5068; x_wconf 82' lang='lat' dir='ltr'><strong>subverso</strong></span> 
     </span>
    </p>
   </div>
   <div class='ocr_carea' id='block_1_108' title="bbox 1902 5080 3471 5167">
    <p class='ocr_par' dir='ltr' id='par_1_108' title="bbox 1902 5080 3471 5167">
     <span class='ocr_line' id='line_1_108' title="bbox 1902 5080 3471 5167; baseline 0.015 -33"><span class='ocrx_word' id='word_1_859' title='bbox 1902 5080 2180 5136; x_wconf 74' lang='lat' dir='ltr'><strong>Medorum</strong></span> <span class='ocrx_word' id='word_1_860' title='bbox 2210 5083 2455 5152; x_wconf 87' lang='lat' dir='ltr'><strong>imperio.</strong></span> <span class='ocrx_word' id='word_1_861' title='bbox 2476 5084 2606 5141; x_wconf 85' lang='lat' dir='ltr'><strong>Nam</strong></span> <span class='ocrx_word' id='word_1_862' title='bbox 2625 5088 2946 5160; x_wconf 78' lang='lat' dir='ltr'><strong>Alexander,</strong></span> <span class='ocrx_word' id='word_1_863' title='bbox 2976 5110 3066 5149; x_wconf 83' lang='lat' dir='ltr'><strong>rex</strong></span> <span class='ocrx_word' id='word_1_864' title='bbox 3096 5095 3471 5167; x_wconf 83' lang='lat' dir='ltr'><strong>Macedonum,</strong></span> 
     </span>
    </p>
   </div>
   <div class='ocr_carea' id='block_1_109' title="bbox 1901 5174 3475 5257">
    <p class='ocr_par' dir='ltr' id='par_1_109' title="bbox 1901 5174 3475 5257">
     <span class='ocr_line' id='line_1_109' title="bbox 1901 5174 3475 5257; baseline 0.012 -26"><span class='ocrx_word' id='word_1_865' title='bbox 1901 5176 2122 5232; x_wconf 85' lang='lat' dir='ltr'><strong>Darium</strong></span> <span class='ocrx_word' id='word_1_866' title='bbox 2150 5174 2443 5231; x_wconf 79' lang='lat' dir='ltr'><strong>Persarum</strong></span> <span class='ocrx_word' id='word_1_867' title='bbox 2464 5187 2522 5232; x_wconf 86' lang='lat' dir='ltr'><strong>et</strong></span> <span class='ocrx_word' id='word_1_868' title='bbox 2566 5178 2842 5236; x_wconf 74' lang='lat' dir='ltr'><strong>Medorum</strong></span> <span class='ocrx_word' id='word_1_869' title='bbox 2871 5199 3053 5257; x_wconf 87' lang='lat' dir='ltr'><strong>regem</strong></span> <span class='ocrx_word' id='word_1_870' title='bbox 3098 5189 3393 5257; x_wconf 79' lang='lat' dir='ltr'><strong>interfecit,</strong></span> <span class='ocrx_word' id='word_1_871' title='bbox 3420 5203 3475 5250; x_wconf 89' lang='lat' dir='ltr'><strong>et</strong></span> 
     </span>
    </p>
   </div>
   <div class='ocr_carea' id='block_1_110' title="bbox 1897 5264 3472 5349">
    <p class='ocr_par' dir='ltr' id='par_1_110' title="bbox 1897 5264 3472 5349">
     <span class='ocr_line' id='line_1_110' title="bbox 1897 5264 3472 5349; baseline 0.01 -28"><span class='ocrx_word' id='word_1_872' title='bbox 1897 5265 2013 5334; x_wconf 86' lang='lat' dir='ltr'><strong>ejus</strong></span> <span class='ocrx_word' id='word_1_873' title='bbox 2034 5278 2256 5336; x_wconf 80' lang='lat' dir='ltr'><strong>regnum</strong></span> <span class='ocrx_word' id='word_1_874' title='bbox 2281 5265 2334 5319; x_wconf 92' lang='lat' dir='ltr'><strong>in</strong></span> <span class='ocrx_word' id='word_1_875' title='bbox 2356 5264 2676 5322; x_wconf 79' lang='lat' dir='ltr'><strong>Macedones</strong></span> <span class='ocrx_word' id='word_1_876' title='bbox 2696 5273 2987 5327; x_wconf 83' lang='lat' dir='ltr'><strong>transtulit.</strong></span> <span class='ocrx_word' id='word_1_877' title='bbox 3018 5274 3082 5329; x_wconf 84' lang='lat' dir='ltr'><strong>lli</strong></span> <span class='ocrx_word' id='word_1_878' title='bbox 3112 5290 3241 5347; x_wconf 83' lang='lat' dir='ltr'><strong>ergo</strong></span> <span class='ocrx_word' id='word_1_879' title='bbox 3270 5281 3472 5349; x_wconf 85' lang='lat' dir='ltr'><strong>requie-</strong></span> 
     </span>
    </p>
   </div>
   <div class='ocr_carea' id='block_1_111' title="bbox 1876 5356 3467 5435">
    <p class='ocr_par' dir='ltr' id='par_1_111' title="bbox 1876 5356 3467 5435">
     <span class='ocr_line' id='line_1_111' title="bbox 1876 5356 3467 5435; baseline 0.009 -25"><span class='ocrx_word' id='word_1_880' title='bbox 1876 5370 2051 5411; x_wconf 80' lang='lat' dir='ltr'><strong>scere</strong></span> <span class='ocrx_word' id='word_1_881' title='bbox 2074 5357 2316 5417; x_wconf 83' lang='lat' dir='ltr'><strong>feeerunt</strong></span> <span class='ocrx_word' id='word_1_882' title='bbox 2335 5356 2583 5425; x_wconf 89' lang='lat' dir='ltr'><strong>spiritum</strong></span> <span class='ocrx_word' id='word_1_883' title='bbox 2609 5359 3000 5433; x_wconf 82' lang='lat' dir='ltr'><strong>prophetalem,</strong></span> <span class='ocrx_word' id='word_1_884' title='bbox 3018 5362 3113 5418; x_wconf 91' lang='lat' dir='ltr'><strong>Dei</strong></span> <span class='ocrx_word' id='word_1_885' title='bbox 3137 5366 3383 5435; x_wconf 85' lang='lat' dir='ltr'><strong>spiritum</strong></span> <span class='ocrx_word' id='word_1_886' title='bbox 3411 5370 3467 5427; x_wconf 89' lang='lat' dir='ltr'><strong>iu</strong></span> 
     </span>
    </p>
   </div>
   <div class='ocr_carea' id='block_1_112' title="bbox 1876 5446 3465 5529">
    <p class='ocr_par' dir='ltr' id='par_1_112' title="bbox 1876 5446 3465 5529">
     <span class='ocr_line' id='line_1_112' title="bbox 1876 5446 3465 5529; baseline 0.009 -27"><span class='ocrx_word' id='word_1_887' title='bbox 1876 5455 2040 5503; x_wconf 70' lang='lat' dir='ltr'><strong>terra</strong></span> <span class='ocrx_word' id='word_1_888' title='bbox 2069 5446 2365 5517; x_wconf 79' lang='lat' dir='ltr'><strong>aquilonis,</strong></span> <span class='ocrx_word' id='word_1_889' title='bbox 2396 5448 2521 5517; x_wconf 85' lang='lat' dir='ltr'><strong>quia</strong></span> <span class='ocrx_word' id='word_1_890' title='bbox 2566 5449 2859 5506; x_wconf 85' lang='lat' dir='ltr'><strong>vindictam</strong></span> <span class='ocrx_word' id='word_1_891' title='bbox 2895 5467 3255 5511; x_wconf 80' lang='lat' dir='ltr'><strong>exercuerunt</strong></span> <span class='ocrx_word' id='word_1_892' title='bbox 3283 5462 3465 5529; x_wconf 87' lang='lat' dir='ltr'><strong>populi</strong></span> 
     </span>
    </p>
   </div>
   <div class='ocr_carea' id='block_1_113' title="bbox 1864 5538 3466 5620">
    <p class='ocr_par' dir='ltr' id='par_1_113' title="bbox 1864 5538 3466 5620">
     <span class='ocr_line' id='line_1_113' title="bbox 1864 5538 3466 5620; baseline 0.017 -41"><span class='ocrx_word' id='word_1_893' title='bbox 1864 5540 2012 5605; x_wconf 49' lang='grc' dir='ltr'><strong>,θοῇ</strong></span> <span class='ocrx_word' id='word_1_894' title='bbox 2042 5546 2097 5596; x_wconf 75' lang='lat' dir='ltr'><strong>et</strong></span> <span class='ocrx_word' id='word_1_895' title='bbox 2123 5539 2453 5595; x_wconf 85' lang='lat' dir='ltr'><strong>voluntatem</strong></span> <span class='ocrx_word' id='word_1_896' title='bbox 2488 5538 2609 5613; x_wconf 72' lang='lat' dir='ltr'><strong>eius</strong></span> <span class='ocrx_word' id='word_1_897' title='bbox 2633 5541 2685 5611; x_wconf 85' lang='lat' dir='ltr'><strong>in</strong></span> <span class='ocrx_word' id='word_1_898' title='bbox 2730 5540 2942 5599; x_wconf 88' lang='lat' dir='ltr'><strong>illorum</strong></span> <span class='ocrx_word' id='word_1_899' title='bbox 2980 5543 3203 5604; x_wconf 87' lang='lat' dir='ltr'><strong>interitu</strong></span> <span class='ocrx_word' id='word_1_900' title='bbox 3228 5550 3466 5620; x_wconf 62' lang='lat' dir='ltr'><strong>compleo</strong></span> 
     </span>
    </p>
   </div>
   <div class='ocr_carea' id='block_1_114' title="bbox 1891 5630 3465 5713">
    <p class='ocr_par' dir='ltr' id='par_1_114' title="bbox 1891 5630 3465 5713">
     <span class='ocr_line' id='line_1_114' title="bbox 1891 5630 3465 5713; baseline 0.004 -27"><span class='ocrx_word' id='word_1_901' title='bbox 1891 5640 2107 5687; x_wconf 82' lang='lat' dir='ltr'><strong>verunt.</strong></span> <span class='ocrx_word' id='word_1_902' title='bbox 2130 5630 2384 5689; x_wconf 67' lang='lat' dir='ltr'><strong>&#39;Graudis</strong></span> <span class='ocrx_word' id='word_1_903' title='bbox 2403 5631 2550 5687; x_wconf 82' lang='lat' dir='ltr'><strong>enim</strong></span> <span class='ocrx_word' id='word_1_904' title='bbox 2579 5641 2664 5687; x_wconf 90' lang='lat' dir='ltr'><strong>est</strong></span> <span class='ocrx_word' id='word_1_905' title='bbox 2702 5633 2999 5705; x_wconf 81' lang='lat' dir='ltr'><strong>consolatio</strong></span> <span class='ocrx_word' id='word_1_906' title='bbox 3035 5651 3221 5713; x_wconf 76' lang='lat' dir='ltr'><strong>eorum</strong></span> <span class='ocrx_word' id='word_1_907' title='bbox 3250 5640 3342 5709; x_wconf 89' lang='lat' dir='ltr'><strong>qui</strong></span> <span class='ocrx_word' id='word_1_908' title='bbox 3364 5656 3465 5713; x_wconf 72' lang='lat' dir='ltr'><strong>op-</strong></span> 
     </span>
    </p>
   </div>
   <div class='ocr_carea' id='block_1_115' title="bbox 215 5724 3458 5815">
    <p class='ocr_par' dir='ltr' id='par_1_115' title="bbox 215 5724 3458 5815">
     <span class='ocr_line' id='line_1_115' title="bbox 215 5724 3458 5815; baseline -0.004 -19"><span class='ocrx_word' id='word_1_909' title='bbox 215 5750 273 5796; x_wconf 91' lang='lat' dir='ltr'><strong>et</strong></span> <span class='ocrx_word' id='word_1_910' title='bbox 293 5741 347 5795; x_wconf 93' lang='lat' dir='ltr'><strong>in</strong></span> <span class='ocrx_word' id='word_1_911' title='bbox 362 5740 635 5812; x_wconf 80' lang='lat' dir='ltr'><strong>quadriga</strong></span> <span class='ocrx_word' id='word_1_912' title='bbox 662 5738 815 5793; x_wconf 88' lang='lat' dir='ltr'><strong>tertia</strong></span> <span class='ocrx_word' id='word_1_913' title='bbox 852 5736 975 5806; x_wconf 87' lang='lat' dir='ltr'><strong>equi</strong></span> <span class='ocrx_word' id='word_1_914' title='bbox 1009 5735 1136 5800; x_wconf 87' lang='lat' dir='ltr'><strong>albi,</strong></span> <span class='ocrx_word' id='word_1_915' title='bbox 1166 5744 1214 5789; x_wconf 87' lang='lat' dir='ltr'><strong>et</strong></span> <span class='ocrx_word' id='word_1_916' title='bbox 1240 5734 1292 5787; x_wconf 87' lang='lat' dir='ltr'><strong>in</strong></span> <span class='ocrx_word' id='word_1_917' title='bbox 1318 5730 1573 5803; x_wconf 83' lang='lat' dir='ltr'><strong>quadriga</strong></span> <span class='ocrx_word' id='word_1_918' title='bbox 1601 5736 1789 5799; x_wconf 86' lang='lat' dir='ltr'><strong>quarta</strong></span> <span class='ocrx_word' id='word_1_919' title='bbox 1886 5726 2217 5795; x_wconf 81' lang='lat' dir='ltr'><strong>primuntur,</strong></span> <span class='ocrx_word' id='word_1_920' title='bbox 2238 5725 2285 5780; x_wconf 88' lang='lat' dir='ltr'><strong>si</strong></span> <span class='ocrx_word' id='word_1_921' title='bbox 2312 5725 2493 5785; x_wconf 63' lang='lat' dir='ltr'><strong>hostes</strong></span> <span class='ocrx_word' id='word_1_922' title='bbox 2520 5738 2649 5780; x_wconf 86' lang='lat' dir='ltr'><strong>suos</strong></span> <span class='ocrx_word' id='word_1_923' title='bbox 2670 5724 2779 5780; x_wconf 88' lang='lat' dir='ltr'><strong>cito</strong></span> <span class='ocrx_word' id='word_1_924' title='bbox 2797 5728 3148 5803; x_wconf 80' lang='lat' dir='ltr'><strong>cognoverint</strong></span> <span class='ocrx_word' id='word_1_925' title='bbox 3168 5724 3458 5815; x_wconf 78' lang='lat' dir='ltr'><strong>perituros.</strong></span> 
     </span>
    </p>
   </div>
   <div class='ocr_carea' id='block_1_116' title="bbox 178 5816 3462 5913">
    <p class='ocr_par' dir='ltr' id='par_1_116' title="bbox 178 5816 3462 5913">
     <span class='ocr_line' id='line_1_116' title="bbox 178 5816 3462 5913; baseline 0.003 -27"><span class='ocrx_word' id='word_1_926' title='bbox 178 5826 191 5833; x_wconf 74' lang='grc'><em>’</em></span> <span class='ocrx_word' id='word_1_927' title='bbox 214 5833 342 5902; x_wconf 87' lang='lat' dir='ltr'><strong>equi</strong></span> <span class='ocrx_word' id='word_1_928' title='bbox 383 5833 538 5897; x_wconf 82' lang='lat' dir='ltr'><strong>varii,</strong></span> <span class='ocrx_word' id='word_1_929' title='bbox 568 5830 752 5888; x_wconf 90' lang='lat' dir='ltr'><strong>fortes.</strong></span> <span class='ocrx_word' id='word_1_930' title='bbox 798 5828 864 5882; x_wconf 83' lang='lat' dir='ltr'><strong>Et</strong></span> <span class='ocrx_word' id='word_1_931' title='bbox 895 5825 1159 5899; x_wconf 63' lang='lat' dir='ltr'><strong>respondi,</strong></span> <span class='ocrx_word' id='word_1_932' title='bbox 1191 5833 1245 5883; x_wconf 90' lang='lat' dir='ltr'><strong>et</strong></span> <span class='ocrx_word' id='word_1_933' title='bbox 1269 5824 1379 5880; x_wconf 81' lang='lat' dir='ltr'><strong>dixi</strong></span> <span class='ocrx_word' id='word_1_934' title='bbox 1406 5824 1472 5879; x_wconf 81' lang='lat' dir='ltr'><strong>ad</strong></span> <span class='ocrx_word' id='word_1_935' title='bbox 1498 5816 1786 5894; x_wconf 72' lang='lat' dir='ltr'><strong>angelum,</strong></span> <span class='ocrx_word' id='word_1_936' title='bbox 1862 5858 1865 5863; x_wconf 69' lang='grc'><strong>›</strong></span> <span class='ocrx_word' id='word_1_937' title='bbox 1890 5819 2118 5885; x_wconf 71' lang='lat' dir='ltr'><strong>Quidam</strong></span> <span class='ocrx_word' id='word_1_938' title='bbox 2145 5817 2499 5887; x_wconf 65' lang='lat' dir='ltr'><strong>spiritualilel&#39;</strong></span> <span class='ocrx_word' id='word_1_939' title='bbox 2522 5831 2623 5886; x_wconf 64' lang='grc' dir='ltr'><strong>ρει*</strong></span> <span class='ocrx_word' id='word_1_940' title='bbox 2646 5826 2877 5897; x_wconf 53' lang='grc' dir='ltr'><strong>Ψιαιυοΐ</strong></span> <span class='ocrx_word' id='word_1_941' title='bbox 2903 5819 3195 5892; x_wconf 68' lang='grc' dir='ltr'><strong>(ιιιαάτὶεεε</strong></span> <span class='ocrx_word' id='word_1_942' title='bbox 3232 5831 3462 5913; x_wconf 68' lang='grc' dir='ltr'><strong>ιιυίιιιεφι·</strong></span> 
     </span>
    </p>
   </div>
  </div>
