3950 6466
217 465 312 525 είς

1133 459 1530 519 ENARRATIO
1567 458 1636 515 ΙΝ
1672 451 2076 515 ΖΑΟΗΑΒΙᾹΜ
2111 453 2533 515 PROPHETAM

3385 459 3493 527 241

225 606 244 639 ι
273 577 630 639 Etconsilium
643 577 795 650 pacis
816 575 921 635 erit
936 576 1221 633 interduos
1236 576 1376 642 illos,
1396 596 1415 629 ι
1434 582 1611 631 utnec
1623 571 1803 645 regale
1830 574 1878 634 Α
1906 568 2145 625 rusalem
2174 568 2531 636 habitaretur,
2562 578 2619 625 et
2645 576 2826 625 essent
2855 567 3127 640 opulenta,
3177 576 3231 624 et
3276 568 3391 640 ipsa
3438 582 3495 627 et

221 676 489 747 fastigium
516 670 905 730 sacerdotalem
935 670 1201 741 deprimat
1237 670 1692 740 dignitatem,nec
1719 678 1809 722 sa-

216 765 442 826 cerdotii
492 762 727 833 dignitas
780 761 961 833 regale
1000 759 1274 830 fastigium
1301 799 1317 823 ,
1357 759 1452 814 sed
1507 757 1809 814 consentiat

217 872 504 930 utrumque
542 858 595 912 in
633 857 793 912 unius
831 854 1043 913 Domini
1080 852 1206 909 Jesu
1247 852 1493 925 gloriam.

816 1009 1045 1068 CAPUT
1086 1008 1201 1065 Vl].

215 1159 221 1191 ι
287 1155 308 1188 1
336 1135 405 1190 Et
428 1133 632 1189 factum
661 1139 746 1187 est
770 1132 825 1187 in
852 1146 994 1186 anno
1018 1129 1382 1199 quarto'Darii
1413 1128 1576 1201 regis,
1603 1127 1806 1184 factum

212 1235 298 1284 est
342 1225 563 1281 verbum
609 1223 822 1279 Domini
868 1223 936 1278 ad
976 1222 1294 1277 Zachariam
1342 1221 1399 1275 in
1446 1228 1639 1290 quarta
1679 1218 1805 1275 noni

216 1318 441 1383 mensis,
472 1317 563 1387 qui
594 1324 678 1371 est
705 1314 920 1370 Casleu.
960 1314 1027 1368 Et
1055 1313 1317 1370 miserunt
1355 1313 1423 1367 ad
1451 1312 1672 1367 domum
1710 1311 1804 1367 Dei

216 1407 447 1465 Sarasar
479 1419 534 1463 et
576 1405 1015 1477 Rogommelecb,
1057 1412 1113 1459 et.
1148 1403 1251 1459 viri
1281 1404 1375 1475 qui
1404 1413 1563 1459 erant
1588 1419 1709 1459 cum
1740 1418 1806 1459 eo

213 1500 281 1555 ad
303 1499 700 1569 deprecandam
726 1495 917 1550 faciem
945 1494 1181 1561 Domini,
1207 1502 1264 1549 ut
1282 1494 1524 1549 dicerent
1551 1495 1807 1550 sacerdo-

216 1592 360 1649 tibus
386 1593 577 1646 domus
599 1589 814 1644 Domini
834 1588 1173 1644 exercituum
1199 1595 1254 1643 et
1277 1587 1559 1657 prophetis
1583 1586 1807 1657 loquen-

216 1691 315 1739 tes.
345 1701 365 1736 ι
424 1678 624 1736 Mensis
649 1695 824 1735 nonus
843 1720 858 1747 ,
890 1679 983 1750 qui
1018 1680 1161 1749 apud
1187 1677 1444 1734 Hebrzeos
1469 1679 1669 1735 dicitur
1707 1678 1809 1734 Ca-

215 1774 360 1838 sleu,
392 1772 533 1844 apud
559 1787 660 1827 nos
702 1780 929 1827 vocatur
955 1771 1268 1827 December.
1308 1769 1366 1825 lu
1407 1784 1563 1841 cuius
1603 1771 1808 1827 mensis

214 1872 405 1936 quarta
437 1864 525 1920 die
552 1863 819 1918 miserunt
843 1872 909 1918 ad
938 1863 1194 1934 templum
1222 1863 1468 1929 Domini,
1521 1864 1663 1934 quod
1692 1861 1806 1932 iam

1907 662 2070 718 urbes
2105 662 2156 715 in
2187 661 2416 717 circuitu
2452 659 2589 729 ejus,
2622 670 2677 717 et
2717 662 2783 718 ad
2818 669 3063 718 austrum
3103 668 3156 717 et
3192 662 3247 718 in
3283 676 3496 735 campe-

1906 756 2109 813 stribus
2148 756 2486 811 habitaretur
2518 756 2545 810 '!
2573 774 2593 809 ι
2659 756 2793 812 Cum
2840 755 3059 829 (inquit)
3106 757 3282 814 adhuc
3326 765 3499 815 staret

1908 846 2268 912 Hierusalem,
2295 855 2353 901 et
2382 845 2539 901 bonis
2576 846 2827 901 omnibus
2857 847 3058 918 ubique
3094 850 3411 915 abundaret,
3441 854 3499 907 et

1907 954 2116 995 summa
2142 953 2275 1008 pace
2304 937 2594 1004 frueretur,
2628 937 2743 992 haec
2772 938 2887 1008 ipsa
2911 954 3030 1008 qute
3058 954 3158 1009 ego
3183 957 3327 997 nunc
3354 943 3497 1008 dico,

1908 1030 2267 1100 loquebantur
2301 1027 2369 1083 ad
2410 1042 2506 1083 vos
2537 1028 2748 1098 priores
2786 1030 3082 1099 prophetae.
3141 1030 3271 1098 Qua:
3310 1042 3500 1090 autem

1907 1130 2092 1180 essent
2118 1122 2233 1188 illa,
2263 1122 2319 1176 in
2350 1121 2701 1192 sequentibus
2728 1120 3130 1178 manifestatur.
3353 1128 3367 1143 '

1984 1235 2004 1269 ι
2030 1216 2099 1272 Et
2126 1214 2327 1272 factum
2359 1225 2443 1272 est
2468 1216 2694 1272 verbum
2730 1214 3042 1273 Dominiad
3074 1218 3390 1277 Zachariam
3425 1222 3522 1294 di;

1908 1325 2057 1377 cens,
2106 1309 2236 1366 Hmc
2278 1311 2354 1365 ait
2395 1310 2656 1365 Dominus
2693 1310 3051 1378 exercituum,
3089 1311 3276 1370 dicens
3305 1328 3320 1368 :
3345 1313 3499 1371 Judi-

1908 1402 2052 1457 cium
2083 1415 2270 1456 verum
2291 1398 2551 1469 iudicate,
2584 1408 2637 1455 et
2659 1400 3090 1458 misericordiam
3120 1410 3175 1458 et
3201 1403 3505 1461 miseratio-

1909 1507 2007 1547 nes
2038 1489 2221 1552 facite,
2258 1490 2628 1561 unusquisque
2672 1505 2797 1545 cum
2833 1488 3001 1546 fratre
3028 1506 3147 1546 suo.
3198 1492 3424 1549 Viduam
3447 1503 3505 1550 et

1907 1583 2169 1655 pupillum
2195 1591 2251 1638 et
2274 1583 2535 1638 advenam
2561 1593 2615 1638 et
2638 1597 2929 1654 pauperem
2958 1582 3123 1639 nolite
3150 1584 3503 1653 calumniari,

1909 1682 1966 1731 et
1993 1674 2195 1729 malum
2231 1674 2317 1729 vir
2344 1671 2497 1729 fratri
2527 1689 2625 1730 suo
2649 1690 2757 1729 non
2783 1675 2983 1747 cogitet
3012 1674 3066 1731 in
3093 1677 3258 1733 corde
3285 1693 3403 1733 suo.
3435 1677 3505 1735 Et

1909 1766 2196 1823 noluerunt
2218 1766 2520 1832 attendere,
2541 1774 2595 1821 et
2617 1774 2931 1821 averterunt
2953 1765 3223 1838 scapulam
3245 1768 3503 1825 receden-

1910 1868 2015 1927 tes,
2044 1867 2099 1915 et
2132 1872 2294 1914 aures
2324 1874 2450 1914 suas
2485 1865 2912 1929 aggravaverunt
2945 1872 3013 1914 ne
3040 1859 3307 1926 audirent,
3335 1871 3390 1917 et
3411 1875 3508 1917 cor

214 1956 571 2011 instauratum
598 1963 746 2020 erat,
778 1954 846 2009 ad
879 1954 1179 2010 Zorobabel
1199 1962 1255 2010 et
1279 1953 1462 2010 Iesum
1490 1952 1720 2010 Sarasar
1744 1963 1799 2011 et
1828 1956 1873 2015 Β
1901 1967 2056 2009 suum
2083 1960 2384 2023 posuerunt
2409 1958 2470 2006 ut
2496 1951 2862 2017 adamantem,
2886 1968 2957 2008 ne
2981 1952 3233 2009 audirent
3255 1953 3427 2027 legem
3448 1965 3506 2012 et

215 2043 655 2114 Rogommelech,
694 2043 784 2113 qui
819 2044 901 2113 (ut
933 2042 1146 2098 Hebraei
1185 2046 1491 2111 autumant)
1533 2045 1807 2117 principes

216 2143 374 2192 erant
396 2135 677 2190 Persarum
702 2134 990 2190 Dominum
1013 2135 1265 2192 timentes
1280 2176 1294 2200 ,
1313 2136 1509 2206 utquia
1526 2137 1809 2191 audierant

213 2227 571 2283 instauratum
609 2225 901 2296 templum,
937 2234 1245 2296 quaererent
1279 2241 1310 2280 a
1337 2227 1714 2284 sacerdotibus
1751 2236 1810 2284 et

210 2315 512 2387 prophetis,
547 2325 731 2371 utrum
778 2317 1075 2371 secundum
1123 2317 1572 2374 consuetudinem
1624 2319 1810 2390 pristi-

208 2422 337 2463 nam
360 2406 491 2463 flere
520 2408 781 2465 deberent
804 2419 860 2465 et
880 2410 1163 2482 ieiunare,
1205 2426 1274 2467 an
1317 2411 1522 2467 luctum
1574 2414 1630 2469 in
1670 2413 1808 2469 laeti-

208 2498 343 2553 tiam
388 2506 445 2553 et
486 2499 741 2567 gaudium
795 2509 1134 2557 convertere.
1199 2520 1219 2554 ι
1267 2501 1520 2574 Nunquid
1572 2501 1811 2559 flendum

206 2596 341 2652 mihi
369 2606 453 2650 est
487 2596 539 2650 in
571 2612 755 2653 mense
788 2598 1047 2667 quinto?)
1091 2597 1291 2665 Quinto
1313 2614 1519 2664 mense,
1550 2599 1640 2671 qui
1666 2599 1809 2671 apud

203 2685 488 2742 Romanos
516 2696 740 2742 vocatur
765 2688 1058 2759 Augustus,
1083 2690 1340 2746 subversa
1366 2699 1448 2745 est
1469 2690 1809 2746 Hierusalem

200 2790 234 2830 a
259 2775 777 2833 Nabuchodonosor.
809 2775 891 2834 0b
919 2794 1081 2850 quam
1108 2795 1327 2835 causam
1361 2794 1532 2849 usque
1570 2780 1637 2834 ad
1679 2779 1812 2834 illud

201 2878 428 2941 tempus
463 2867 864 2939 ieiunaverant,
906 2871 1295 2929 desolationem
1338 2872 1525 2943 templi
1567 2872 1715 2927 luctu
1757 2879 1813 2927 et

198 2977 452 3020 maerore
477 2963 838 3021 consolantes.
865 2962 1021 3020 Nunc
1039 2978 1169 3019 vero
1183 2964 1439 3034 quoniam
1456 2963 1712 3034 templum
1728 2977 1814 3018 re-

197 3063 478 3113 structum
493 3055 765 3119 videbant,
791 3065 847 3111 et
875 3071 1096 3111 causam
1116 3070 1223 3110 non
1249 3069 1531 3127 superesse
1558 3055 1813 3122 tristitiae,

198 3147 547 3218 interrogant
572 3155 750 3202 utrum
779 3149 882 3203 hoc
913 3163 1058 3205 nunc
1087 3146 1270 3203 facere
1298 3147 1548 3203 debeant.
1617 3147 1685 3202 Et
1714 3147 1815 3203 hoc

1910 2044 2097 2108 verba,
2125 2058 2246 2113 quae
2271 2042 2420 2097 misit
2447 2042 2711 2098 Dominus
2733 2043 3066 2099 exercituum
3097 2044 3153 2099 in
3184 2045 3375 2116 spiritu
3405 2061 3504 2103 suo

1910 2150 2008 2207 per
2035 2149 2248 2189 manum
2279 2134 2670 2205 prophetarum
2697 2135 2962 2205 priorum,
2996 2146 3052 2192 et
3078 2136 3218 2193 facta
3245 2147 3331 2195 est
3368 2139 3507 2195 indi-

1911 2224 2093 2295 gnatio
2129 2238 2323 2294 magna
2363 2239 2394 2278 a
2425 2223 2654 2280 Domino
2688 2226 3044 2282 exercituum.
3086 2227 3154 2282 Et
3189 2227 3390 2285 factum
3421 2239 3507 2285 est
3585 2279 3594 2286 .

1912 2313 2053 2369 sicut
2086 2313 2301 2368 locutus
2342 2322 2448 2380 est,
2490 2325 2547 2369 et
2584 2330 2690 2371 non
2734 2317 3039 2383 audierunt,
3081 2318 3160 2374 sic
3197 2317 3509 2375 clamabunt

1909 2414 1967 2462 et
1990 2422 2094 2462 non
2130 2407 2442 2474 exaudiam,
2471 2409 2607 2465 dicit
2628 2409 2891 2467 Dominus
2918 2414 3276 2467 exercituum.
3327 2411 3398 2466 Et
3427 2412 3507 2467 di-

1911 2500 2206 2571 spersi'eos
2231 2515 2328 2571 per
2351 2503 2533 2557 omnia
2568 2520 2733 2576 regna
2776 2519 2896 2575 quae
2938 2507 3209 2573 nesciunt,
3259 2518 3315 2563 et
3361 2514 3508 2563 terra

1912 2593 2152 2650 desolata
2179 2603 2264 2651 est
2291 2594 2360 2650 ab
2392 2596 2473 2653 eis
2493 2639 2507 2664 ,
2539 2612 2604 2653 eo
2633 2599 2775 2668 quod
2804 2614 2910 2654 non
2950 2609 3096 2655 esset
3134 2599 3408 2657 transiens
3452 2610 3512 2663 et

1911 2698 2211 2754 revertens,
2249 2697 2303 2744 et
2335 2698 2630 2758 posuerunt
2663 2700 2862 2747 terram
2888 2691 3298 2748 desiderabilem
3329 2692 3382 2747 in
3415 2692 3509 2750 de-

1913 2789 2142 2837 sertum.
2182 2802 2201 2835 ι
2246 2781 2374 2837 Haec
2401 2792 2528 2840 sunt
2553 2783 2794 2857 (inquit)
2830 2800 2951 2855 quae
2981 2785 3114 2841 mihi
3148 2784 3270 2855 plus
3296 2783 3510 2857 placent

1914 2886 2075 2941 quam
2117 2869 2378 2941 ieiunium
2408 2875 2584 2944 quinti
2623 2882 2681 2930 et
2717 2875 2933 2947 septimi
2970 2875 3190 2941 mensis,
3229 2891 3350 2947 quae
3381 2875 3509 2947 quia

1914 2980 2024 3020 non
2072 2964 2299 3029 fecistis.
2347 2968 2526 3023 traditi
2574 2969 2706 3024 estis
2750 2969 3049 3039 captivitati
3094 2977 3149 3025 et
3194 2969 3505 3041 opprobrio.

1923 3076 1942 3109 ε
1972 3055 2155 3112 Facite
2191 3056 2407 3129 (inquit)
2456 3060 2881 3115 misericordiam
2931 3069 2986 3116 et
3024 3061 3453 3117 miserationem.
3484 3081 3503 3113 ο

1920 3147 2345 3204 Misericordiam
2403 3148 2581 3205 facere
2645 3160 2772 3218 est,
2832 3151 3230 3223 eleemosynam
3285 3151 3511 3222 pauperi

196 3248 288 3295 est
304 3238 456 3309 quod
470 3240 622 3305 dicit,
652 3258 671 3291 ‹
695 3238 945 3311 Nunquid
976 3238 1318 3295 sanetiflcare
1346 3254 1430 3295 me
1455 3238 1644 3307 debeo,
1677 3240 1818 3294 sicut
1858 3311 1868 3312 ί
1920 3238 2050 3293 dare
2078 3253 2092 3292 :
2123 3239 2501 3296 miserationes
2527 3255 2672 3305 vero,
2704 3239 3038 3295 debitoribus
3062 3240 3361 3311 indulgere,
3390 3256 3512 3312 quae

198 3329 312 3386 feci
337 3331 456 3401 iam
486 3331 643 3386 annis
667 3331 935 3387 multis?»
976 3330 1245 3400 Ieiunium
1276 3339 1472 3387 vocant
1505 3332 1652 3387 enim
1675 3346 1804 3387 san-
1838 3311 1883 3373 (ἶ
1914 3333 2023 3388 duo
2064 3332 2119 3387 in
2168 3333 2429 3404 propheta
2474 3332 2612 3388 Isaia
2653 3333 2727 3388 ita
2760 3332 3032 3399 dicuntur,
3080 3350 3098 3384 α
3128 3332 3341 3405 Frange
3389 3311 3514 3389 esu-

132 3452 139 3457 -
195 3420 633 3486 ctiflcatiouem,
665 3422 789 3492 quia
820 3423 875 3477 in
906 3420 1112 3491 ieiunio
1141 3423 1211 3478 ab
1236 3424 1486 3479 omnibus
1516 3424 1807 3494 voluptati-

195 3509 311 3568 bus
337 3510 705 3577 abstinebant,
735 3520 788 3568 et
812 3512 969 3568 bonis
995 3513 1248 3584 operibus
1266 3523 1431 3584 atque
1451 3512 1807 3585 eleemosynis

197 3602 502 3658 vacabant.
556 3603 706 3660 Unde
731 3612 789 3659 et
814 3604 1076 3675 propheta
1115 3604 1266 3670 dicit,
1300 3623 1319 3656 ‹
1353 3604 1701 3660 Sanctificate
1725 3603 1811 3674 ie-

195 3694 444 3767 iunium.
498 3712 519 3746 ι
570 3692 839 3762 Jejunium
882 3695 1222 3752 sanctificare
1256 3703 1342 3752 est
1378 3695 1649 3766 adiunctis
1687 3695 1810 3751 aliis

191 3788 395 3853 bonis,
420 3802 449 3841 λ
481 3787 628 3842 vitiis
655 3788 949 3845 abstinere.
1000 3787 1291 3859 Postquam
1336 3803 1466 3859 ergo
1511 3788 1811 3858 interroga-

192 3886 414 3937 verunt
451 3878 739 3936 Persarum
788 3881 1061 3953 principes
1095 3897 1193 3952 per
1231 3880 1438 3951 legatos
1478 3894 1616 3950 quos
1649 3878 1812 3934 mise-

193 3979 365 4034 rant,
400 3972 458 4026 fit
494 3986 674 4025 sermo
700 3972 914 4026 Domini
938 3973 1007 4027 ad
1028 3974 1345 4043 prophetam
1370 4013 1387 4037 ,
1438 3972 1715 4044 imperans
1754 3978 1812 4025 ut

193 4064 478 4130 loquatur
509 4060 576 4113 ad
603 4075 820 4115 omnem
845 4062 1124 4130 populum.
1156 4062 1508 4132 Loquebatur
1545 4061 1712 4117 etiam
1745 4060 1812 4115 ad

194 4151 556 4217 sacerdotes,
589 4149 719 4220 quid
748 4151 980 4205 debeant
1009 4152 1354 4221 respondere.

289 4262 313 4296 ι
344 4241 411 4297 Et
432 4241 633 4297 factum
664 4250 750 4297 est
776 4240 1000 4298 verbum
1030 4241 1241 4297 Domini
1270 4242 1604 4298 exercituum
1634 4241 1702 4296 ad
1730 4256 1816 4297 me

192 4336 453 4395 dicens:
506 4318 755 4403 Loquere
796 4331 862 4389 ad
898 4347 1114 4389 omnem
1147 4334 1405 4405 populum
1448 4340 1606 4389 teme
1650 4342 1706 4388 et
1749 4333 1816 4388 ad

193 4425 536 4485 sacerdotes
564 4424 772 4490 dicens,
806 4424 941 4480 Cum
965 4424 1287 4496 ieiunaretis
1315 4433 1372 4481 et
1404 4424 1732 4497 plangeretis
1761 4426 1815 4480 in

192 4519 413 4592 quinto
434 4525 491 4572 et
515 4517 570 4572 in
599 4517 830 4588 septimo
863 4532 1048 4573 mense
1075 4532 1173 4588 per
1210 4520 1312 4574 hos
1346 4519 1685 4589 septuaginta
1719 4535 1816 4575 am

193 4629 341 4678 nos,
374 4607 614 4681 nu'nquid
634 4608 897 4681 ieiunium
927 4609 1214 4680 jejunastis
1249 4612 1425 4667 mihi?
1453 4631 1472 4664 ι
1520 4611 1578 4667 ln
1621 4615 1812 4685 quinto

193 4716 410 4762 mense
426 4702 761 4773 ieiunabant,
791 4702 918 4773 quia
952 4704 1005 4757 in
1039 4702 1131 4758 illo
1168 4703 1426 4759 subversa
1451 4713 1535 4759 est
1560 4681 1810 4762 Hierusa-
1840 4681 1890 4740 θ

190 4798 323 4854 lem
361 4810 393 4848 a
422 4793 708 4859 Chaldaeis,
750 4794 978 4864 septimo
1012 4802 1217 4861 autem,
1255 4796 1380 4866 quia
1431 4804 1557 4850 tunc
1599 4797 1811 4851 occisus

191 4896 297 4946 est
328 4886 610 4947 Godolias,
647 4901 805 4956 quem
835 4887 1154 4957 przrfecerat
1184 4904 1277 4943 rex
1299 4888 1591 4963 Babylonis
1632 4898 1815 4956 terrae,

192 4988 261 5035 et
306 4976 559 5044 reliquiae
591 4976 771 5048 populi
810 4977 1069 5047 dispersa:
1108 4986 1252 5033 sunt.
1303 4978 1438 5034 Dicit
1471 4995 1601 5052 ergo
1640 4980 1818 5035 Domi-

193 5079 321 5125 nus
348 5083 363 5120 :
389 5064 526 5132 Quid
551 5066 682 5120 mihi
707 5066 961 5137 proderat
982 5067 1124 5137 quod
1150 5064 1480 5138 jejunabatis
1509 5078 1564 5122 et
1592 5068 1814 5140 plange-

193 5159 367 5219 batis
396 5172 491 5228 per
515 5159 855 5227 septuaginta
877 5173 1051 5213 annos
1076 5158 1423 5215 desolationis
1452 5159 1812 5228 Hierusalem,

193 5268 348 5311 cum
379 5264 485 5305 non
515 5249 645 5306 mihi
664 5290 680 5315 ,
713 5251 807 5306 sed
832 5251 985 5307 vobis
1007 5250 1367 5323 ieiunaretis?

282 5342 368 5399 Et
403 5349 618 5407 contra,
656 5360 675 5393 ι
704 5341 772 5397 Et
799 5357 923 5398 cum
949 5342 1261 5399 comedistis
1284 5350 1340 5397 et
1367 5342 1583 5399 bibistis
1607 5362 1625 5395 ι
1658 5343 1713 5398 in
1741 5342 1818 5400 fe-

194 5435 562 5495 stivitatibus
598 5434 833 5499 vestris,
852 5451 871 5485 ι
904 5435 1145 5504 nunquid
1164 5450 1269 5489 non
1299 5434 1454 5492 vobis
1482 5435 1815 5503 comedistis,

196 5539 263 5587 et
292 5526 709 5597 vobismetipsis
742 5524 998 5582 bibistis?
1025 5545 1043 5577 ι
1085 5524 1201 5582 Non
1230 5526 1374 5581 enim
1407 5528 1493 5584 his
1518 5526 1678 5583 rebus
1704 5527 1817 5599 pla-

199 5636 388 5681 catur
414 5623 580 5687 Deus,
604 5622 698 5676 sed
724 5622 881 5675 bonis
910 5621 1165 5693 operibus
1182 5661 1197 5686 ,
1229 5622 1280 5676 in
1304 5620 1508 5692 judicio
1533 5630 1587 5675 et
1607 5618 1823 5689 iustitia

198 5723 268 5771 et
290 5713 563 5767 veritate.
604 5710 739 5767 Esca
771 5719 950 5766 autem
985 5726 1082 5767 nos
1110 5727 1215 5769 non
1245 5711 1588 5767 commendat
1616 5711 1744 5767 Deo.

293 5824 319 5857 ε
357 5787 612 5874 Nunquid
640 5804 757 5860 hazc
784 5810 911 5858 sunt
935 5803 1119 5867 verba,
1148 5819 1268 5874 quae
1294 5802 1508 5860 locutus
1530 5810 1613 5859 est
1638 5801 1819 5859 Domi-

201 5914 329 5959 nus
364 5897 417 5951 in
446 5911 607 5953 manu
634 5896 1018 5968 prophetarum
1046 5895 1309 5965 priorum,
1344 5911 1463 5951 cum
1493 5894 1669 5950 adhuc
1697 5892 1820 5951 Hie-

1912 3425 2072 3479 rieutl
2101 3438 2296 3494 panem
2331 3433 2500 3479 tuum.
2533 3444 2551 3475 ι
2597 3416 2735 3480 Ecce
2764 3423 3211 3480 misericordiam.
3253 3423 3321 3479 Et
3350 3423 3512 3495 paulo

1914 3530 2100 3585 supra,
2147 3534 2164 3567 ι
2199 3515 2440 3571 Dissolve
2481 3516 2851 3588 colligationes
2885 3516 3203 3587 impietatis,
3246 3516 3396 3573 solve
3433 3516 3514 3573 fa-

1916 3606 2151 3662 sciculos
2170 3607 2537 3677 deprimentes
2564 3624 2576 3662 :
2618 3628 2636 3661 ι
2667 3623 2794 3664 ecce
2819 3607 3214 3663 miserationes.
3256 3606 3404 3664 Ordo
3424 3623 3517 3662 au-

1914 3704 2023 3751 tem
2074 3697 2411 3753 rectissimus
2453 3706 2555 3763 est,
2602 3706 2663 3753 ut
2700 3695 2964 3764 iudicium
3002 3707 3264 3768 sequatur
3305 3697 3516 3752 miseri-

1913 3788 2123 3855 cordia,
2176 3788 2411 3844 maxime
2458 3789 2511 3844 in
2556 3788 2753 3844 fratres
2795 3803 2933 3859 quos
2975 3788 3060 3845 vel
3105 3790 3384 3861 sanguinis
3429 3787 3516 3844 vel

1914 3880 2158 3953 eiusdem
2201 3880 2322 3936 fidei
2374 3880 2530 3936 nobis
2562 3880 2745 3952 iungit
2783 3881 3032 3936 affinitas.
3083 3880 3219 3936 Nam
3261 3881 3403 3952 quod
3459 3881 3513 3937 in

1913 3969 2035 4043 lege
2060 3971 2281 4038 dicitur,
2314 3990 2333 4023 ι
2361 3970 2479 4026 Νοη
2515 3972 2860 4027 misereberis
2900 3972 2952 4025 in
2978 3971 3205 4043 iudicio,
3237 3990 3256 4024 ι
3306 3971 3359 4025 in
3398 3972 3515 4047 ipso

1909 4064 2116 4135 iudicio
2148 4079 2254 4119 non
2283 4073 2366 4118 est
2396 4064 2470 4118 illi
2500 4064 2892 4129 miserendum,
2919 4065 3013 4120 sed
3044 4065 3296 4121 convicto.
3313 4073 3367 4119 et
3391 4080 3513 4120 rea~

1917 4162 2031 4209 tum
2061 4167 2219 4208 suum
2260 4152 2538 4208 confitenti
2586 4154 2956 4209 misericordia
3005 4153 3364 4225 impendenda
3408 4164 3511 4213 est.

1918 4245 1995 4300 De
2046 4244 2227 4299 viduis
2270 4258 2485 4316 quoque
2525 4252 2580 4300 et
2626 4243 2846 4316 pupillis
2897 4244 3160 4302 Dominus
3213 4244 3512 4316 praecepit:

1918 4336 2050 4392 Esto
2086 4336 2303 4410 pupillis
2335 4345 2489 4408 pater
2528 4345 2583 4391 et
2624 4351 2725 4406 pro
2759 4336 2875 4390 viro
2924 4344 3101 4393 mater
3143 4349 3351 4392 eorum.
3400 4336 3514 4391 Ad-

1920 4442 2073 4483 venae
2092 4442 2307 4498 quoque
2339 4437 2395 4482 et
2423 4428 2645 4499 pauperi
2679 4428 2923 4503 praecipit
2950 4427 3272 4486 calumniam
3302 4444 3407 4483 non
3440 4428 3517 4483 in-

1918 4518 2222 4587 ferendam,
2261 4519 2387 4589 quia
2425 4519 2654 4574 alterum
2687 4520 3052 4590 peregrinatio
3080 4517 3350 4585 humiliat,
3375 4517 3515 4576 alteé

1919 4626 2039 4666 rum
2080 4620 2319 4682 egestas.
2364 4610 2497 4666 Cum
2532 4611 2647 4666 haec
2674 4620 2727 4667 et
2754 4610 2856 4666 alia
2887 4612 3202 4682 praeceperit
3230 4612 3513 4678 Dominus,

1918 4702 1995 4757 illi
2024 4712 2248 4758 econtra
2285 4701 2554 4769 fecerunt,
2582 4712 2638 4758 et
2672 4710 2953 4758 verterunt
2990 4701 3057 4757 ad
3087 4717 3213 4758 eum
3251 4703 3428 4768 dorsa,
3460 4711 3519 4758 et

1917 4796 2281 4860 recedentem,
2311 4794 2364 4849 id
2391 4803 2474 4852 est
2501 4802 2833 4853 avertentem
2861 4810 2919 4850 se
2942 4793 3213 4867 scapulam
3232 4835 3248 4860 ,
3275 4803 3331 4849 et
3357 4809 3516 4853 aures

1920 4893 2375 4958 aggravaverunt,
2415 4886 2557 4941 sicut
2591 4886 2769 4945 surda:
2791 4879 3043 4957 'aSpides.
3080 4884 3418 4956 Quapropter
3448 4882 3517 4938 ad

1922 4993 2115 5048 magna
2155 4985 2376 5046 peccata
2423 4975 2567 5031 facta
2613 4988 2700 5031 est
2739 4977 3062 5048 magnaDei
3096 4975 3429 5048 indignatio,
3459 4987 3517 5030 et

1919 5068 2145 5139 dispersi
2176 5077 2304 5126 sunt
2333 5084 2429 5140 per
2455 5084 2653 5142 regna,
2689 5086 2809 5141 quae
2847 5078 3005 5131 antea
3043 5069 3378 5130 nescierunt,
3411 5066 3517 5130 As:

1917 5162 2209 5235 syriorum,
2241 5159 2516 5215 Medorum
2556 5170 2613 5216 et
2644 5160 2956 5228 Persarum,
2983 5170 3041 5216 et
3067 5169 3210 5216 terra
3235 5175 3356 5231 quae
3384 5157 3515 5219 aue.

1917 5252 2012 5307 bat
2037 5250 2176 5307 lacte
2216 5259 2273 5306 et
2300 5249 2479 5317 melle,
2506 5265 2663 5305 versa
2691 5261 2775 5307 est
2803 5252 2860 5306 in
2889 5250 3255 5307 solitudinem.
3281 5249 3514 5307 Possunt

1919 5348 1974 5397 et
1995 5341 2111 5397 haec
2132 5338 2322 5405 referri
2351 5340 2418 5395 ad
2445 5354 2539 5395 eos
2561 5340 2651 5412 qui
2683 5341 2737 5397 in
2769 5340 3011 5401 Ecclesia
3044 5340 3217 5415 positi
3240 5340 3307 5399 de
3341 5341 3523 5409 virtu-.

1921 5440 2034 5487 tum
2063 5431 2215 5503 copia
2243 5430 2578 5503 superbiunt.
2608 5448 2707 5489 nec
2733 5433 2843 5491 Deo
2864 5434 3070 5489 doctori
3098 5420 3299 5506 gratias
3322 5422 3511 5505 agunt,

1925 5521 2126 5585 idcirco
2144 5519 2293 5589 justo
2316 5520 2409 5576 Dei
2439 5521 2643 5592 iudicio
2685 5523 3083 5605 permittuntur,
3111 5509 3304 5605 tentari
3336 5540 3367 5579 a
3397 5525 3514 5594 dia-

1924 5613 2070 5679 bolo,
2097 5622 2156 5670 et
2178 5615 2531 5685 captivantur,
2564 5616 2664 5672 sub
2701 5615 2819 5687 lege
2863 5599 3092 5696 peccati",
3112 5599 3196 5693 [et
3230 5603 3513 5697 desolatur

1924 5715 2070 5763 terra
2104 5721 2319 5775 eorum,
2343 5708 2396 5766 id
2426 5717 2530 5774 est,
2561 5710 2740 5765 anima
2781 5710 3052 5782 quondam
3072 5704 3372 5787 Trinitatis
3403 5712 3509 5789 ⁸ιιο⁴

1921 5798 2161 5868 spitium,
2186 5807 2242 5855 et
2270 5799 2497 5855 vertitur
2528 5801 2579 5856 in
2608 5800 2899 5871 desertum,
2926 5800 3185 5871 derelicta
3220 5819 3247 5877 ᾳ
3282 5803 3391 5861 Deo
3420 5802 3504 5858 in-

1925 5892 2251 5949 habitatore.
