  <div class='ocr_page' id='page_1' title='image "/cluster/home/n/w/nwhite01/storage/ocr_20150623/117/hvd.32044015466899/127.png"; bbox 0 0 3950 6440; ppageno 0'>
   <div class='ocr_carea' id='block_1_1' title="bbox 456 442 563 509">
    <p class='ocr_par' dir='ltr' id='par_1_1' title="bbox 456 442 563 509">
     <span class='ocr_line' id='line_1_1' title="bbox 456 442 563 509; baseline -0.121 0"><span class='ocrx_word' id='word_1_1' title='bbox 456 442 563 509; x_wconf 59' lang='lat'><strong>843</strong></span> 
     </span>
    </p>
   </div>
   <div class='ocr_carea' id='block_1_2' title="bbox 1043 552 1437 609">
    <p class='ocr_par' dir='ltr' id='par_1_2' title="bbox 1043 552 1437 609">
     <span class='ocr_line' id='line_1_2' title="bbox 1043 552 1437 609; baseline 0 0"><span class='ocrx_word' id='word_1_2' title='bbox 1043 552 1270 609; x_wconf 73' lang='lat' dir='ltr'><strong>CAPUT</strong></span> <span class='ocrx_word' id='word_1_3' title='bbox 1306 552 1437 609; x_wconf 76' lang='lat' dir='ltr'><strong>Vill.</strong></span> 
     </span>
    </p>
   </div>
   <div class='ocr_carea' id='block_1_3' title="bbox 535 646 2034 707">
    <p class='ocr_par' dir='ltr' id='par_1_3' title="bbox 535 646 2034 707">
     <span class='ocr_line' id='line_1_3' title="bbox 535 646 2034 707; baseline -0.003 -4"><span class='ocrx_word' id='word_1_4' title='bbox 535 669 554 703; x_wconf 74' lang='grc' dir='ltr'>ι</span> <span class='ocrx_word' id='word_1_5' title='bbox 590 650 658 705; x_wconf 84' lang='lat' dir='ltr'><strong>Et</strong></span> <span class='ocrx_word' id='word_1_6' title='bbox 697 651 897 705; x_wconf 85' lang='lat' dir='ltr'><strong>laetum</strong></span> <span class='ocrx_word' id='word_1_7' title='bbox 942 653 1024 701; x_wconf 88' lang='lat' dir='ltr'><strong>est</strong></span> <span class='ocrx_word' id='word_1_8' title='bbox 1069 647 1293 701; x_wconf 85' lang='lat' dir='ltr'><strong>verbum</strong></span> <span class='ocrx_word' id='word_1_9' title='bbox 1332 646 1542 702; x_wconf 81' lang='lat' dir='ltr'><strong>Domini</strong></span> <span class='ocrx_word' id='word_1_10' title='bbox 1586 647 1918 702; x_wconf 77' lang='lat' dir='ltr'><strong>exercituum</strong></span> <span class='ocrx_word' id='word_1_11' title='bbox 1962 647 2034 707; x_wconf 86' lang='lat' dir='ltr'><strong>ad</strong></span> 
     </span>
    </p>
   </div>
   <div class='ocr_carea' id='block_1_4' title="bbox 459 734 2031 799">
    <p class='ocr_par' dir='ltr' id='par_1_4' title="bbox 459 734 2031 799">
     <span class='ocr_line' id='line_1_4' title="bbox 459 734 2031 799; baseline -0.005 -4"><span class='ocrx_word' id='word_1_12' title='bbox 459 755 548 795; x_wconf 90' lang='lat' dir='ltr'><strong>me</strong></span> <span class='ocrx_word' id='word_1_13' title='bbox 572 739 759 799; x_wconf 87' lang='lat' dir='ltr'><strong>dicens</strong></span> <span class='ocrx_word' id='word_1_14' title='bbox 790 754 802 790; x_wconf 91' lang='lat'><strong>:</strong></span> <span class='ocrx_word' id='word_1_15' title='bbox 838 734 960 789; x_wconf 66' lang='lat' dir='ltr'><strong>Haec</strong></span> <span class='ocrx_word' id='word_1_16' title='bbox 985 735 1116 789; x_wconf 91' lang='lat' dir='ltr'><strong>dicit</strong></span> <span class='ocrx_word' id='word_1_17' title='bbox 1161 734 1419 790; x_wconf 85' lang='lat' dir='ltr'><strong>Dominus</strong></span> <span class='ocrx_word' id='word_1_18' title='bbox 1461 736 1817 792; x_wconf 70' lang='lat' dir='ltr'><strong>exercituum.</strong></span> <span class='ocrx_word' id='word_1_19' title='bbox 1856 754 1875 785; x_wconf 77' lang='grc' dir='ltr'><strong><em>ι</em></strong></span> <span class='ocrx_word' id='word_1_20' title='bbox 1925 734 2031 788; x_wconf 89' lang='lat' dir='ltr'><strong>Lo-</strong></span> 
     </span>
    </p>
   </div>
   <div class='ocr_carea' id='block_1_5' title="bbox 457 822 2027 898">
    <p class='ocr_par' dir='ltr' id='par_1_5' title="bbox 457 822 2027 898">
     <span class='ocr_line' id='line_1_5' title="bbox 457 822 2027 898; baseline -0.005 -15"><span class='ocrx_word' id='word_1_21' title='bbox 457 842 626 898; x_wconf 87' lang='lat' dir='ltr'><strong>quere</strong></span> <span class='ocrx_word' id='word_1_22' title='bbox 664 826 728 881; x_wconf 89' lang='lat' dir='ltr'><strong>de</strong></span> <span class='ocrx_word' id='word_1_23' title='bbox 770 822 1105 883; x_wconf 75' lang='lat' dir='ltr'><strong>Hierusalem</strong></span> <span class='ocrx_word' id='word_1_24' title='bbox 1135 825 1291 893; x_wconf 84' lang='lat' dir='ltr'><strong>quasi</strong></span> <span class='ocrx_word' id='word_1_25' title='bbox 1331 825 1415 878; x_wconf 89' lang='lat' dir='ltr'><strong>vir</strong></span> <span class='ocrx_word' id='word_1_26' title='bbox 1456 826 1521 879; x_wconf 88' lang='lat' dir='ltr'><strong>de</strong></span> <span class='ocrx_word' id='word_1_27' title='bbox 1565 824 1806 879; x_wconf 87' lang='lat' dir='ltr'><strong>adultera</strong></span> <span class='ocrx_word' id='word_1_28' title='bbox 1842 837 2027 877; x_wconf 89' lang='lat' dir='ltr'><strong>uxore.</strong></span> 
     </span>
    </p>
   </div>
   <div class='ocr_carea' id='block_1_6' title="bbox 452 908 2030 989">
    <p class='ocr_par' dir='ltr' id='par_1_6' title="bbox 452 908 2030 989">
     <span class='ocr_line' id='line_1_6' title="bbox 452 908 2030 989; baseline -0.005 -14"><span class='ocrx_word' id='word_1_29' title='bbox 452 908 601 981; x_wconf 81' lang='lat' dir='ltr'><strong>Deus</strong></span> <span class='ocrx_word' id='word_1_30' title='bbox 626 919 770 989; x_wconf 74' lang='lat' dir='ltr'><strong>enim</strong></span> <span class='ocrx_word' id='word_1_31' title='bbox 803 916 988 972; x_wconf 82' lang='lat' dir='ltr'><strong>dilexit</strong></span> <span class='ocrx_word' id='word_1_32' title='bbox 1017 917 1225 986; x_wconf 84' lang='lat' dir='ltr'><strong>plebem</strong></span> <span class='ocrx_word' id='word_1_33' title='bbox 1252 916 1621 980; x_wconf 85' lang='lat' dir='ltr'><strong>lsraeliticam,</strong></span> <span class='ocrx_word' id='word_1_34' title='bbox 1654 930 1882 983; x_wconf 87' lang='lat' dir='ltr'><strong>eamque</strong></span> <span class='ocrx_word' id='word_1_35' title='bbox 1925 913 2030 968; x_wconf 84' lang='lat' dir='ltr'><strong>sibi</strong></span> 
     </span>
    </p>
   </div>
   <div class='ocr_carea' id='block_1_7' title="bbox 452 994 2034 1079">
    <p class='ocr_par' dir='ltr' id='par_1_7' title="bbox 452 994 2034 1079">
     <span class='ocr_line' id='line_1_7' title="bbox 452 994 2034 1079; baseline -0.004 -10"><span class='ocrx_word' id='word_1_36' title='bbox 452 994 606 1079; x_wconf 40' lang='lat' dir='ltr'><strong>feasto</strong></span> <span class='ocrx_word' id='word_1_37' title='bbox 633 1027 821 1066; x_wconf 88' lang='lat' dir='ltr'><strong>amore</strong></span> <span class='ocrx_word' id='word_1_38' title='bbox 852 1012 975 1066; x_wconf 87' lang='lat' dir='ltr'><strong>dote</strong></span> <span class='ocrx_word' id='word_1_39' title='bbox 1006 1010 1130 1067; x_wconf 83' lang='lat' dir='ltr'><strong>fidei</strong></span> <span class='ocrx_word' id='word_1_40' title='bbox 1163 1011 1406 1074; x_wconf 85' lang='lat' dir='ltr'><strong>sociavit,</strong></span> <span class='ocrx_word' id='word_1_41' title='bbox 1441 1012 1581 1067; x_wconf 87' lang='lat' dir='ltr'><strong>sicut</strong></span> <span class='ocrx_word' id='word_1_42' title='bbox 1623 1008 1872 1065; x_wconf 87' lang='lat' dir='ltr'><strong>Ezechiel</strong></span> <span class='ocrx_word' id='word_1_43' title='bbox 1910 1022 2034 1077; x_wconf 87' lang='lat' dir='ltr'><strong>pro-</strong></span> 
     </span>
    </p>
   </div>
   <div class='ocr_carea' id='block_1_8' title="bbox 454 1099 2033 1174">
    <p class='ocr_par' dir='ltr' id='par_1_8' title="bbox 454 1099 2033 1174">
     <span class='ocr_line' id='line_1_8' title="bbox 454 1099 2033 1174; baseline -0.001 -17"><span class='ocrx_word' id='word_1_44' title='bbox 454 1105 611 1173; x_wconf 80' lang='lat' dir='ltr'><strong>pheta</strong></span> <span class='ocrx_word' id='word_1_45' title='bbox 645 1103 956 1174; x_wconf 79' lang='lat' dir='ltr'><strong>plenissime</strong></span> <span class='ocrx_word' id='word_1_46' title='bbox 991 1103 1252 1165; x_wconf 87' lang='lat' dir='ltr'><strong>declarat,</strong></span> <span class='ocrx_word' id='word_1_47' title='bbox 1282 1119 1402 1173; x_wconf 67' lang='lat' dir='ltr'><strong>quae</strong></span> <span class='ocrx_word' id='word_1_48' title='bbox 1445 1110 1631 1173; x_wconf 86' lang='lat' dir='ltr'><strong>postea</strong></span> <span class='ocrx_word' id='word_1_49' title='bbox 1672 1100 1859 1155; x_wconf 90' lang='lat' dir='ltr'><strong>relicto</strong></span> <span class='ocrx_word' id='word_1_50' title='bbox 1899 1099 2033 1167; x_wconf 89' lang='lat' dir='ltr'><strong>Deo,</strong></span> 
     </span>
    </p>
   </div>
   <div class='ocr_carea' id='block_1_9' title="bbox 448 1191 2035 1269">
    <p class='ocr_par' dir='ltr' id='par_1_9' title="bbox 448 1191 2035 1269">
     <span class='ocr_line' id='line_1_9' title="bbox 448 1191 2035 1269; baseline -0.004 -17"><span class='ocrx_word' id='word_1_51' title='bbox 448 1197 719 1269; x_wconf 73' lang='lat' dir='ltr'><strong>fornicata</strong></span> <span class='ocrx_word' id='word_1_52' title='bbox 755 1204 842 1250; x_wconf 90' lang='lat' dir='ltr'><strong>est</strong></span> <span class='ocrx_word' id='word_1_53' title='bbox 884 1210 1006 1250; x_wconf 91' lang='lat' dir='ltr'><strong>eum</strong></span> <span class='ocrx_word' id='word_1_54' title='bbox 1038 1194 1195 1249; x_wconf 84' lang='lat' dir='ltr'><strong>idolis</strong></span> <span class='ocrx_word' id='word_1_55' title='bbox 1224 1194 1558 1248; x_wconf 87' lang='lat' dir='ltr'><strong>diversarum</strong></span> <span class='ocrx_word' id='word_1_56' title='bbox 1588 1191 1850 1263; x_wconf 74' lang='lat' dir='ltr'><strong>gentium,</strong></span> <span class='ocrx_word' id='word_1_57' title='bbox 1875 1206 2035 1262; x_wconf 83' lang='lat' dir='ltr'><strong>prop-</strong></span> 
     </span>
    </p>
   </div>
   <div class='ocr_carea' id='block_1_10' title="bbox 455 1282 2036 1358">
    <p class='ocr_par' dir='ltr' id='par_1_10' title="bbox 455 1282 2036 1358">
     <span class='ocr_line' id='line_1_10' title="bbox 455 1282 2036 1358; baseline -0.005 -15"><span class='ocrx_word' id='word_1_58' title='bbox 455 1300 541 1344; x_wconf 93' lang='lat' dir='ltr'><strong>ter</strong></span> <span class='ocrx_word' id='word_1_59' title='bbox 579 1288 726 1358; x_wconf 90' lang='lat' dir='ltr'><strong>quod</strong></span> <span class='ocrx_word' id='word_1_60' title='bbox 769 1287 968 1342; x_wconf 62' lang='lat' dir='ltr'><strong>tradita</strong></span> <span class='ocrx_word' id='word_1_61' title='bbox 997 1285 1052 1340; x_wconf 92' lang='lat' dir='ltr'><strong>in</strong></span> <span class='ocrx_word' id='word_1_62' title='bbox 1092 1286 1477 1355; x_wconf 79' lang='lat' dir='ltr'><strong>captivitatem,</strong></span> <span class='ocrx_word' id='word_1_63' title='bbox 1514 1283 1623 1355; x_wconf 81' lang='lat' dir='ltr'><strong>egit</strong></span> <span class='ocrx_word' id='word_1_64' title='bbox 1660 1282 2036 1356; x_wconf 69' lang='lat' dir='ltr'><strong>paenitentiam</strong></span> 
     </span>
    </p>
   </div>
   <div class='ocr_carea' id='block_1_11' title="bbox 448 1375 2085 1450">
    <p class='ocr_par' dir='ltr' id='par_1_11' title="bbox 448 1375 2085 1450">
     <span class='ocr_line' id='line_1_11' title="bbox 448 1375 2085 1450; baseline -0.001 -20"><span class='ocrx_word' id='word_1_65' title='bbox 448 1380 688 1450; x_wconf 76' lang='lat' dir='ltr'><strong>dicens:</strong></span> <span class='ocrx_word' id='word_1_66' title='bbox 722 1377 986 1433; x_wconf 85' lang='lat' dir='ltr'><strong>Revertar</strong></span> <span class='ocrx_word' id='word_1_67' title='bbox 1031 1377 1100 1432; x_wconf 90' lang='lat' dir='ltr'><strong>ad</strong></span> <span class='ocrx_word' id='word_1_68' title='bbox 1140 1376 1315 1430; x_wconf 89' lang='lat' dir='ltr'><strong>virum</strong></span> <span class='ocrx_word' id='word_1_69' title='bbox 1363 1390 1540 1431; x_wconf 88' lang='lat' dir='ltr'><strong>meum</strong></span> <span class='ocrx_word' id='word_1_70' title='bbox 1592 1376 1861 1446; x_wconf 86' lang='lat' dir='ltr'><strong>priorem,</strong></span> <span class='ocrx_word' id='word_1_71' title='bbox 1907 1375 2039 1445; x_wconf 81' lang='lat' dir='ltr'><strong>quia</strong></span> <span class='ocrx_word' id='word_1_72' title='bbox 2078 1437 2085 1441; x_wconf 25' lang='grc' dir='ltr'><strong><em>Α</em></strong></span> 
     </span>
    </p>
   </div>
   <div class='ocr_carea' id='block_1_12' title="bbox 454 1464 2037 1537">
    <p class='ocr_par' dir='ltr' id='par_1_12' title="bbox 454 1464 2037 1537">
     <span class='ocr_line' id='line_1_12' title="bbox 454 1464 2037 1537; baseline -0.003 -12"><span class='ocrx_word' id='word_1_73' title='bbox 454 1470 594 1526; x_wconf 88' lang='lat' dir='ltr'><strong>bene</strong></span> <span class='ocrx_word' id='word_1_74' title='bbox 621 1474 741 1522; x_wconf 88' lang='lat' dir='ltr'><strong>erat</strong></span> <span class='ocrx_word' id='word_1_75' title='bbox 768 1466 899 1521; x_wconf 88' lang='lat' dir='ltr'><strong>mihi</strong></span> <span class='ocrx_word' id='word_1_76' title='bbox 930 1476 1057 1521; x_wconf 90' lang='lat' dir='ltr'><strong>tunc</strong></span> <span class='ocrx_word' id='word_1_77' title='bbox 1083 1465 1256 1537; x_wconf 78' lang='lat' dir='ltr'><strong>magis</strong></span> <span class='ocrx_word' id='word_1_78' title='bbox 1281 1481 1442 1536; x_wconf 87' lang='lat' dir='ltr'><strong>quam</strong></span> <span class='ocrx_word' id='word_1_79' title='bbox 1472 1479 1636 1521; x_wconf 90' lang='lat' dir='ltr'><strong>nunc.</strong></span> <span class='ocrx_word' id='word_1_80' title='bbox 1671 1464 1845 1532; x_wconf 86' lang='lat' dir='ltr'><strong>Quam</strong></span> <span class='ocrx_word' id='word_1_81' title='bbox 1867 1467 2037 1522; x_wconf 84' lang='lat' dir='ltr'><strong>mise-</strong></span> 
     </span>
    </p>
   </div>
   <div class='ocr_carea' id='block_1_13' title="bbox 448 1545 2039 1630">
    <p class='ocr_par' dir='ltr' id='par_1_13' title="bbox 448 1545 2039 1630">
     <span class='ocr_line' id='line_1_13' title="bbox 448 1545 2039 1630; baseline -0.001 -17"><span class='ocrx_word' id='word_1_82' title='bbox 448 1545 635 1613; x_wconf 74' lang='lat' dir='ltr'><strong>ricors</strong></span> <span class='ocrx_word' id='word_1_83' title='bbox 662 1557 805 1612; x_wconf 89' lang='lat' dir='ltr'><strong>Deus</strong></span> <span class='ocrx_word' id='word_1_84' title='bbox 833 1556 1153 1627; x_wconf 87' lang='lat' dir='ltr'><strong>suscipiens,</strong></span> <span class='ocrx_word' id='word_1_85' title='bbox 1177 1565 1233 1611; x_wconf 90' lang='lat' dir='ltr'><strong>et</strong></span> <span class='ocrx_word' id='word_1_86' title='bbox 1254 1571 1362 1611; x_wconf 92' lang='lat' dir='ltr'><strong>non</strong></span> <span class='ocrx_word' id='word_1_87' title='bbox 1397 1556 1669 1626; x_wconf 87' lang='lat' dir='ltr'><strong>imputans</strong></span> <span class='ocrx_word' id='word_1_88' title='bbox 1694 1564 1914 1628; x_wconf 86' lang='lat' dir='ltr'><strong>peccata</strong></span> <span class='ocrx_word' id='word_1_89' title='bbox 1939 1572 2039 1630; x_wconf 81' lang='lat' dir='ltr'><strong>sua</strong></span> 
     </span>
    </p>
   </div>
   <div class='ocr_carea' id='block_1_14' title="bbox 452 1638 2036 1718">
    <p class='ocr_par' dir='ltr' id='par_1_14' title="bbox 452 1638 2036 1718">
     <span class='ocr_line' id='line_1_14' title="bbox 452 1638 2036 1718; baseline -0.001 -16"><span class='ocrx_word' id='word_1_90' title='bbox 452 1638 590 1703; x_wconf 68' lang='lat' dir='ltr'><strong>ilieit</strong></span> <span class='ocrx_word' id='word_1_91' title='bbox 621 1666 631 1700; x_wconf 94' lang='lat'>:</span> <span class='ocrx_word' id='word_1_92' title='bbox 670 1666 688 1697; x_wconf 71' lang='grc' dir='ltr'>ι</span> <span class='ocrx_word' id='word_1_93' title='bbox 726 1646 941 1703; x_wconf 81' lang='lat' dir='ltr'><strong>Zelatus</strong></span> <span class='ocrx_word' id='word_1_94' title='bbox 969 1662 1086 1701; x_wconf 92' lang='lat' dir='ltr'><strong>sum</strong></span> <span class='ocrx_word' id='word_1_95' title='bbox 1123 1644 1252 1701; x_wconf 89' lang='lat' dir='ltr'><strong>Sion</strong></span> <span class='ocrx_word' id='word_1_96' title='bbox 1291 1646 1408 1701; x_wconf 86' lang='lat' dir='ltr'><strong>zelo</strong></span> <span class='ocrx_word' id='word_1_97' title='bbox 1441 1661 1659 1717; x_wconf 80' lang='lat' dir='ltr'><strong>magno,</strong></span> <span class='ocrx_word' id='word_1_98' title='bbox 1689 1656 1744 1705; x_wconf 89' lang='lat' dir='ltr'><strong>et</strong></span> <span class='ocrx_word' id='word_1_99' title='bbox 1788 1646 2036 1718; x_wconf 74' lang='lat' dir='ltr'><strong>indigna-</strong></span> 
     </span>
    </p>
   </div>
   <div class='ocr_carea' id='block_1_15' title="bbox 450 1732 2041 1813">
    <p class='ocr_par' dir='ltr' id='par_1_15' title="bbox 450 1732 2041 1813">
     <span class='ocr_line' id='line_1_15' title="bbox 450 1732 2041 1813; baseline -0.001 -21"><span class='ocrx_word' id='word_1_100' title='bbox 450 1732 605 1813; x_wconf 69' lang='lat' dir='ltr'><strong>tione</strong></span> <span class='ocrx_word' id='word_1_101' title='bbox 641 1752 832 1807; x_wconf 80' lang='lat' dir='ltr'><strong>magna</strong></span> <span class='ocrx_word' id='word_1_102' title='bbox 874 1736 1077 1792; x_wconf 86' lang='lat' dir='ltr'><strong>zelatus</strong></span> <span class='ocrx_word' id='word_1_103' title='bbox 1112 1750 1232 1791; x_wconf 92' lang='lat' dir='ltr'><strong>sum</strong></span> <span class='ocrx_word' id='word_1_104' title='bbox 1270 1750 1410 1791; x_wconf 89' lang='lat' dir='ltr'><strong>eam.</strong></span> <span class='ocrx_word' id='word_1_105' title='bbox 1452 1736 1575 1792; x_wconf 80' lang='lat' dir='ltr'><strong>llaec</strong></span> <span class='ocrx_word' id='word_1_106' title='bbox 1609 1736 1740 1791; x_wconf 88' lang='lat' dir='ltr'><strong>dicit</strong></span> <span class='ocrx_word' id='word_1_107' title='bbox 1778 1736 2041 1791; x_wconf 86' lang='lat' dir='ltr'><strong>Dominus</strong></span> 
     </span>
    </p>
   </div>
   <div class='ocr_carea' id='block_1_16' title="bbox 458 1824 2039 1891">
    <p class='ocr_par' dir='ltr' id='par_1_16' title="bbox 458 1824 2039 1891">
     <span class='ocr_line' id='line_1_16' title="bbox 458 1824 2039 1891; baseline 0.001 -10"><span class='ocrx_word' id='word_1_108' title='bbox 458 1828 793 1884; x_wconf 81' lang='lat' dir='ltr'><strong>exercituum</strong></span> <span class='ocrx_word' id='word_1_109' title='bbox 823 1844 835 1879; x_wconf 91' lang='lat'><strong>:</strong></span> <span class='ocrx_word' id='word_1_110' title='bbox 869 1826 1139 1883; x_wconf 82' lang='lat' dir='ltr'><strong>Reversus</strong></span> <span class='ocrx_word' id='word_1_111' title='bbox 1174 1842 1291 1882; x_wconf 91' lang='lat' dir='ltr'><strong>sum</strong></span> <span class='ocrx_word' id='word_1_112' title='bbox 1327 1828 1395 1882; x_wconf 88' lang='lat' dir='ltr'><strong>ad</strong></span> <span class='ocrx_word' id='word_1_113' title='bbox 1433 1824 1583 1891; x_wconf 88' lang='lat' dir='ltr'><strong>Sion,</strong></span> <span class='ocrx_word' id='word_1_114' title='bbox 1614 1836 1671 1882; x_wconf 90' lang='lat' dir='ltr'><strong>et</strong></span> <span class='ocrx_word' id='word_1_115' title='bbox 1697 1828 1951 1883; x_wconf 87' lang='lat' dir='ltr'><strong>habitabo</strong></span> <span class='ocrx_word' id='word_1_116' title='bbox 1981 1828 2039 1883; x_wconf 88' lang='lat' dir='ltr'><strong>in</strong></span> 
     </span>
    </p>
   </div>
   <div class='ocr_carea' id='block_1_17' title="bbox 917 441 2038 523">
    <p class='ocr_par' dir='ltr' id='par_1_17' title="bbox 917 441 2028 523">
     <span class='ocr_line' id='line_1_17' title="bbox 917 441 2028 523; baseline -0.005 -20"><span class='ocrx_word' id='word_1_117' title='bbox 917 441 1267 503; x_wconf 76' lang='lat' dir='ltr'><strong>HAYMONIS</strong></span> <span class='ocrx_word' id='word_1_118' title='bbox 1301 441 1778 523; x_wconf 54' lang='lat' dir='ltr'><strong>extenuetur.</strong></span> <span class='ocrx_word' id='word_1_119' title='bbox 1815 442 2028 501; x_wconf 81' lang='lat' dir='ltr'><strong>EPISC.</strong></span> 
     </span>
    </p>
   </div>
   <div class='ocr_carea' id='block_1_18' title="bbox 2143 441 3213 523">
    <p class='ocr_par' dir='ltr' id='par_1_18' title="bbox 2143 442 3213 505">
     <span class='ocr_line' id='line_1_18' title="bbox 2143 442 3213 505; baseline 0.004 -6"><span class='ocrx_word' id='word_1_120' title='bbox 2143 444 2217 499; x_wconf 85' lang='lat' dir='ltr'><strong>&#39;P.</strong></span> <span class='ocrx_word' id='word_1_121' title='bbox 2255 442 2432 505; x_wconf 71' lang='lat' dir='ltr'><strong>PARS</strong></span> <span class='ocrx_word' id='word_1_122' title='bbox 2465 444 2508 503; x_wconf 92' lang='grc' dir='ltr'><strong>Ι.</strong></span> <span class='ocrx_word' id='word_1_123' title='bbox 2545 472 2617 485; x_wconf 82' lang='lat'><strong>-——-</strong></span> <span class='ocrx_word' id='word_1_124' title='bbox 2648 442 3002 504; x_wconf 67' lang='lat' dir='ltr'><strong>COMHENT.</strong></span> <span class='ocrx_word' id='word_1_125' title='bbox 3043 443 3213 503; x_wconf 87' lang='lat' dir='ltr'><strong>BIBL.</strong></span> 
     </span>
    </p>
   </div>
   <div class='ocr_carea' id='block_1_19' title="bbox 2058 554 3711 626">
    <p class='ocr_par' dir='ltr' id='par_1_19' title="bbox 2058 554 3711 626">
     <span class='ocr_line' id='line_1_19' title="bbox 2058 554 3711 626; baseline -0.001 -17"><span class='ocrx_word' id='word_1_126' title='bbox 2058 558 2104 617; x_wconf 78' lang='grc' dir='ltr'><strong>Α</strong></span> <span class='ocrx_word' id='word_1_127' title='bbox 2135 569 2235 610; x_wconf 83' lang='lat' dir='ltr'><strong>nus</strong></span> <span class='ocrx_word' id='word_1_128' title='bbox 2262 555 2615 611; x_wconf 76' lang='lat' dir='ltr'><strong>exercituum.</strong></span> <span class='ocrx_word' id='word_1_129' title='bbox 2657 572 2675 609; x_wconf 73' lang='grc' dir='ltr'><strong><em>ι</em></strong></span> <span class='ocrx_word' id='word_1_130' title='bbox 2718 555 2856 622; x_wconf 80' lang='lat' dir='ltr'><strong>Quia</strong></span> <span class='ocrx_word' id='word_1_131' title='bbox 2888 570 3084 626; x_wconf 78' lang='lat' dir='ltr'><strong>magna</strong></span> <span class='ocrx_word' id='word_1_132' title='bbox 3106 562 3166 610; x_wconf 88' lang='lat' dir='ltr'><strong>et</strong></span> <span class='ocrx_word' id='word_1_133' title='bbox 3200 568 3339 624; x_wconf 84' lang='lat' dir='ltr'><strong>pene</strong></span> <span class='ocrx_word' id='word_1_134' title='bbox 3365 554 3711 611; x_wconf 80' lang='lat' dir='ltr'><strong>incredibilia</strong></span> 
     </span>
    </p>
   </div>
   <div class='ocr_carea' id='block_1_20' title="bbox 3603 443 3712 498">
    <p class='ocr_par' dir='ltr' id='par_1_20' title="bbox 3603 443 3712 498">
     <span class='ocr_line' id='line_1_20' title="bbox 3603 443 3712 498; baseline 0 0"><span class='ocrx_word' id='word_1_135' title='bbox 3603 443 3712 498; x_wconf 65' lang='lat'><strong>9.“</strong></span> 
     </span>
    </p>
   </div>
   <div class='ocr_carea' id='block_1_21' title="bbox 2129 643 3715 714">
    <p class='ocr_par' dir='ltr' id='par_1_21' title="bbox 2129 643 3715 714">
     <span class='ocr_line' id='line_1_21' title="bbox 2129 643 3715 714; baseline 0 -15"><span class='ocrx_word' id='word_1_136' title='bbox 2129 646 2580 714; x_wconf 82' lang='lat' dir='ltr'><strong>promittebantur</strong></span> <span class='ocrx_word' id='word_1_137' title='bbox 2624 645 2838 711; x_wconf 87' lang='lat' dir='ltr'><strong>lsraeli,</strong></span> <span class='ocrx_word' id='word_1_138' title='bbox 2869 644 3117 700; x_wconf 84' lang='lat' dir='ltr'><strong>dubitare</strong></span> <span class='ocrx_word' id='word_1_139' title='bbox 3165 643 3415 700; x_wconf 77' lang='lat' dir='ltr'><strong>fortassis</strong></span> <span class='ocrx_word' id='word_1_140' title='bbox 3459 652 3715 714; x_wconf 79' lang='lat' dir='ltr'><strong>poterant</strong></span> 
     </span>
    </p>
   </div>
   <div class='ocr_carea' id='block_1_22' title="bbox 2133 735 3716 807">
    <p class='ocr_par' dir='ltr' id='par_1_22' title="bbox 2133 735 3716 807">
     <span class='ocr_line' id='line_1_22' title="bbox 2133 735 3716 807; baseline 0.002 -19"><span class='ocrx_word' id='word_1_141' title='bbox 2133 750 2231 804; x_wconf 83' lang='lat' dir='ltr'><strong>pro</strong></span> <span class='ocrx_word' id='word_1_142' title='bbox 2260 750 2439 791; x_wconf 87' lang='lat' dir='ltr'><strong>rerum</strong></span> <span class='ocrx_word' id='word_1_143' title='bbox 2471 736 2863 805; x_wconf 83' lang='lat' dir='ltr'><strong>magnitudine.</strong></span> <span class='ocrx_word' id='word_1_144' title='bbox 2896 735 3100 791; x_wconf 86' lang='lat' dir='ltr'><strong>idcirco</strong></span> <span class='ocrx_word' id='word_1_145' title='bbox 3130 750 3274 795; x_wconf 90' lang='lat' dir='ltr'><strong>nunc</strong></span> <span class='ocrx_word' id='word_1_146' title='bbox 3307 735 3548 807; x_wconf 87' lang='lat' dir='ltr'><strong>loquitur</strong></span> <span class='ocrx_word' id='word_1_147' title='bbox 3578 750 3716 805; x_wconf 77' lang='lat' dir='ltr'><strong>pro-</strong></span> 
     </span>
    </p>
   </div>
   <div class='ocr_carea' id='block_1_23' title="bbox 2129 824 3714 895">
    <p class='ocr_par' dir='ltr' id='par_1_23' title="bbox 2129 824 3714 895">
     <span class='ocr_line' id='line_1_23' title="bbox 2129 824 3714 895; baseline 0.003 -18"><span class='ocrx_word' id='word_1_148' title='bbox 2129 825 2291 893; x_wconf 89' lang='lat' dir='ltr'><strong>pheta</strong></span> <span class='ocrx_word' id='word_1_149' title='bbox 2333 840 2396 878; x_wconf 90' lang='lat' dir='ltr'><strong>ex</strong></span> <span class='ocrx_word' id='word_1_150' title='bbox 2443 840 2672 895; x_wconf 62' lang='lat' dir='ltr'><strong>persona</strong></span> <span class='ocrx_word' id='word_1_151' title='bbox 2721 824 2955 881; x_wconf 87' lang='lat' dir='ltr'><strong>Domini.</strong></span> <span class='ocrx_word' id='word_1_152' title='bbox 2986 824 3043 880; x_wconf 88' lang='lat' dir='ltr'><strong>Si</strong></span> <span class='ocrx_word' id='word_1_153' title='bbox 3072 827 3241 890; x_wconf 83' lang='lat' dir='ltr'><strong>vobis,</strong></span> <span class='ocrx_word' id='word_1_154' title='bbox 3277 841 3311 881; x_wconf 94' lang='lat' dir='ltr'><strong>o</strong></span> <span class='ocrx_word' id='word_1_155' title='bbox 3342 825 3583 894; x_wconf 67' lang='lat' dir='ltr'><strong>reliquiae</strong></span> <span class='ocrx_word' id='word_1_156' title='bbox 3610 842 3714 895; x_wconf 82' lang='lat' dir='ltr'><strong>pe-</strong></span> 
     </span>
    </p>
   </div>
   <div class='ocr_carea' id='block_1_24' title="bbox 2130 915 3710 989">
    <p class='ocr_par' dir='ltr' id='par_1_24' title="bbox 2130 915 3710 989">
     <span class='ocr_line' id='line_1_24' title="bbox 2130 915 3710 989; baseline 0.003 -22"><span class='ocrx_word' id='word_1_157' title='bbox 2130 915 2239 984; x_wconf 91' lang='lat' dir='ltr'><strong>puli</strong></span> <span class='ocrx_word' id='word_1_158' title='bbox 2274 916 2399 978; x_wconf 91' lang='lat' dir='ltr'><strong>mei,</strong></span> <span class='ocrx_word' id='word_1_159' title='bbox 2433 915 2643 969; x_wconf 85' lang='lat' dir='ltr'><strong>dilIieile</strong></span> <span class='ocrx_word' id='word_1_160' title='bbox 2686 917 2897 971; x_wconf 90' lang='lat' dir='ltr'><strong>videtur</strong></span> <span class='ocrx_word' id='word_1_161' title='bbox 2942 931 3063 972; x_wconf 89' lang='lat' dir='ltr'><strong>esse</strong></span> <span class='ocrx_word' id='word_1_162' title='bbox 3100 919 3242 988; x_wconf 88' lang='lat' dir='ltr'><strong>quod</strong></span> <span class='ocrx_word' id='word_1_163' title='bbox 3282 919 3541 989; x_wconf 88' lang='lat' dir='ltr'><strong>spondeo,</strong></span> <span class='ocrx_word' id='word_1_164' title='bbox 3575 934 3710 971; x_wconf 83' lang='lat' dir='ltr'><strong>nun-</strong></span> 
     </span>
    </p>
   </div>
   <div class='ocr_carea' id='block_1_25' title="bbox 2132 1004 3714 1078">
    <p class='ocr_par' dir='ltr' id='par_1_25' title="bbox 2132 1004 3714 1078">
     <span class='ocr_line' id='line_1_25' title="bbox 2132 1004 3714 1078; baseline 0.003 -20"><span class='ocrx_word' id='word_1_165' title='bbox 2132 1004 2259 1073; x_wconf 89' lang='lat' dir='ltr'><strong>quid</strong></span> <span class='ocrx_word' id='word_1_166' title='bbox 2298 1006 2429 1060; x_wconf 90' lang='lat' dir='ltr'><strong>mihi</strong></span> <span class='ocrx_word' id='word_1_167' title='bbox 2468 1005 2682 1060; x_wconf 83' lang='lat' dir='ltr'><strong>dillieile</strong></span> <span class='ocrx_word' id='word_1_168' title='bbox 2723 1005 2851 1061; x_wconf 66' lang='lat' dir='ltr'><strong>erit</strong></span> <span class='ocrx_word' id='word_1_169' title='bbox 2876 1008 2968 1077; x_wconf 91' lang='lat' dir='ltr'><strong>qui</strong></span> <span class='ocrx_word' id='word_1_170' title='bbox 3017 1009 3359 1078; x_wconf 89' lang='lat' dir='ltr'><strong>omnipotens</strong></span> <span class='ocrx_word' id='word_1_171' title='bbox 3398 1012 3554 1062; x_wconf 72' lang='lat' dir='ltr'><strong>sum?</strong></span> <span class='ocrx_word' id='word_1_172' title='bbox 3587 1008 3714 1063; x_wconf 90' lang='lat' dir='ltr'><strong>Pari</strong></span> 
     </span>
    </p>
   </div>
   <div class='ocr_carea' id='block_1_26' title="bbox 2133 1098 3716 1171">
    <p class='ocr_par' dir='ltr' id='par_1_26' title="bbox 2133 1098 3716 1171">
     <span class='ocr_line' id='line_1_26' title="bbox 2133 1098 3716 1171; baseline 0.003 -20"><span class='ocrx_word' id='word_1_173' title='bbox 2133 1098 2293 1152; x_wconf 91' lang='lat' dir='ltr'><strong>modo</strong></span> <span class='ocrx_word' id='word_1_174' title='bbox 2322 1098 2655 1171; x_wconf 85' lang='lat' dir='ltr'><strong>impossibile</strong></span> <span class='ocrx_word' id='word_1_175' title='bbox 2681 1099 2966 1154; x_wconf 78' lang='lat' dir='ltr'><strong>videbatur</strong></span> <span class='ocrx_word' id='word_1_176' title='bbox 2998 1100 3224 1168; x_wconf 86' lang='lat' dir='ltr'><strong>sanctis,</strong></span> <span class='ocrx_word' id='word_1_177' title='bbox 3252 1102 3468 1171; x_wconf 81' lang='lat' dir='ltr'><strong>quando</strong></span> <span class='ocrx_word' id='word_1_178' title='bbox 3507 1111 3716 1170; x_wconf 86' lang='lat' dir='ltr'><strong>tempo-</strong></span> 
     </span>
    </p>
   </div>
   <div class='ocr_carea' id='block_1_27' title="bbox 2132 1190 3720 1265">
    <p class='ocr_par' dir='ltr' id='par_1_27' title="bbox 2132 1190 3720 1265">
     <span class='ocr_line' id='line_1_27' title="bbox 2132 1190 3720 1265; baseline 0.004 -23"><span class='ocrx_word' id='word_1_179' title='bbox 2132 1190 2286 1245; x_wconf 83' lang='lat' dir='ltr'><strong>ribus</strong></span> <span class='ocrx_word' id='word_1_180' title='bbox 2326 1191 2718 1261; x_wconf 85' lang='lat' dir='ltr'><strong>persecutionis</strong></span> <span class='ocrx_word' id='word_1_181' title='bbox 2751 1190 2983 1247; x_wconf 83' lang='lat' dir='ltr'><strong>diversis</strong></span> <span class='ocrx_word' id='word_1_182' title='bbox 3024 1193 3201 1247; x_wconf 89' lang='lat' dir='ltr'><strong>modis</strong></span> <span class='ocrx_word' id='word_1_183' title='bbox 3243 1193 3577 1265; x_wconf 67' lang='lat' dir='ltr'><strong>aﬂhgebatur</strong></span> <span class='ocrx_word' id='word_1_184' title='bbox 3616 1194 3720 1249; x_wconf 80' lang='lat' dir='ltr'><strong>Ec-</strong></span> 
     </span>
    </p>
   </div>
   <div class='ocr_carea' id='block_1_28' title="bbox 2133 1277 3721 1351">
    <p class='ocr_par' dir='ltr' id='par_1_28' title="bbox 2133 1277 3721 1351">
     <span class='ocr_line' id='line_1_28' title="bbox 2133 1277 3721 1351; baseline 0.003 -16"><span class='ocrx_word' id='word_1_185' title='bbox 2133 1277 2332 1345; x_wconf 87' lang='lat' dir='ltr'><strong>clesia,</strong></span> <span class='ocrx_word' id='word_1_186' title='bbox 2360 1287 2421 1335; x_wconf 89' lang='lat' dir='ltr'><strong>ut</strong></span> <span class='ocrx_word' id='word_1_187' title='bbox 2466 1281 2755 1349; x_wconf 88' lang='lat' dir='ltr'><strong>aliquando</strong></span> <span class='ocrx_word' id='word_1_188' title='bbox 2802 1297 2906 1351; x_wconf 85' lang='lat' dir='ltr'><strong>pax</strong></span> <span class='ocrx_word' id='word_1_189' title='bbox 2957 1282 3065 1337; x_wconf 86' lang='lat' dir='ltr'><strong>illis</strong></span> <span class='ocrx_word' id='word_1_190' title='bbox 3117 1284 3358 1339; x_wconf 80' lang='lat' dir='ltr'><strong>daretur.</strong></span> <span class='ocrx_word' id='word_1_191' title='bbox 3410 1283 3516 1341; x_wconf 83' lang='lat' dir='ltr'><strong>Sed</strong></span> <span class='ocrx_word' id='word_1_192' title='bbox 3570 1300 3721 1340; x_wconf 85' lang='lat' dir='ltr'><strong>nunc</strong></span> 
     </span>
    </p>
   </div>
   <div class='ocr_carea' id='block_1_29' title="bbox 2134 1370 3715 1441">
    <p class='ocr_par' dir='ltr' id='par_1_29' title="bbox 2134 1370 3715 1441">
     <span class='ocr_line' id='line_1_29' title="bbox 2134 1370 3715 1441; baseline 0.005 -18"><span class='ocrx_word' id='word_1_193' title='bbox 2134 1385 2289 1441; x_wconf 75' lang='lat' dir='ltr'><strong>reges</strong></span> <span class='ocrx_word' id='word_1_194' title='bbox 2315 1370 2499 1427; x_wconf 87' lang='lat' dir='ltr'><strong>mundi</strong></span> <span class='ocrx_word' id='word_1_195' title='bbox 2527 1380 2583 1425; x_wconf 80' lang='lat' dir='ltr'><strong>et</strong></span> <span class='ocrx_word' id='word_1_196' title='bbox 2613 1372 2887 1441; x_wconf 84' lang='lat' dir='ltr'><strong>principes</strong></span> <span class='ocrx_word' id='word_1_197' title='bbox 2911 1373 3127 1429; x_wconf 81' lang='lat' dir='ltr'><strong>Christo</strong></span> <span class='ocrx_word' id='word_1_198' title='bbox 3155 1374 3292 1429; x_wconf 86' lang='lat' dir='ltr'><strong>colla</strong></span> <span class='ocrx_word' id='word_1_199' title='bbox 3322 1374 3715 1438; x_wconf 75' lang='lat' dir='ltr'><strong>saliniiseruut.</strong></span> 
     </span>
    </p>
   </div>
   <div class='ocr_carea' id='block_1_30' title="bbox 2135 1460 3723 1536">
    <p class='ocr_par' dir='ltr' id='par_1_30' title="bbox 2135 1460 3723 1536">
     <span class='ocr_line' id='line_1_30' title="bbox 2135 1460 3723 1536; baseline 0.002 -20"><span class='ocrx_word' id='word_1_200' title='bbox 2135 1470 2189 1517; x_wconf 91' lang='lat' dir='ltr'><strong>et</strong></span> <span class='ocrx_word' id='word_1_201' title='bbox 2224 1462 2291 1517; x_wconf 91' lang='lat' dir='ltr'><strong>ad</strong></span> <span class='ocrx_word' id='word_1_202' title='bbox 2336 1460 2598 1517; x_wconf 90' lang='lat' dir='ltr'><strong>tumulum</strong></span> <span class='ocrx_word' id='word_1_203' title='bbox 2626 1462 2915 1534; x_wconf 79' lang='lat' dir='ltr'><strong>piscatoris</strong></span> <span class='ocrx_word' id='word_1_204' title='bbox 2944 1461 3236 1521; x_wconf 81' lang='lat' dir='ltr'><strong>ﬂeetuntur</strong></span> <span class='ocrx_word' id='word_1_205' title='bbox 3271 1479 3447 1536; x_wconf 76' lang='lat' dir='ltr'><strong>genua</strong></span> <span class='ocrx_word' id='word_1_206' title='bbox 3485 1466 3723 1536; x_wconf 82' lang='lat' dir='ltr'><strong>impera-</strong></span> 
     </span>
    </p>
   </div>
   <div class='ocr_carea' id='block_1_31' title="bbox 2138 1550 2290 1608">
    <p class='ocr_par' dir='ltr' id='par_1_31' title="bbox 2138 1550 2290 1608">
     <span class='ocr_line' id='line_1_31' title="bbox 2138 1550 2290 1608; baseline 0 -3"><span class='ocrx_word' id='word_1_207' title='bbox 2138 1550 2290 1608; x_wconf 91' lang='lat' dir='ltr'><strong>toris.</strong></span> 
     </span>
    </p>
   </div>
   <div class='ocr_carea' id='block_1_32' title="bbox 2148 1641 3722 1709">
    <p class='ocr_par' dir='ltr' id='par_1_32' title="bbox 2148 1641 3722 1709">
     <span class='ocr_line' id='line_1_32' title="bbox 2148 1641 3722 1709; baseline 0.003 -14"><span class='ocrx_word' id='word_1_208' title='bbox 2148 1704 2153 1709; x_wconf 32' lang='grc' dir='ltr'><strong>η</strong></span> <span class='ocrx_word' id='word_1_209' title='bbox 2210 1662 2230 1695; x_wconf 83' lang='grc'><em>‹</em></span> <span class='ocrx_word' id='word_1_210' title='bbox 2264 1641 2389 1699; x_wconf 67' lang='lat' dir='ltr'><strong>Haec</strong></span> <span class='ocrx_word' id='word_1_211' title='bbox 2418 1643 2550 1697; x_wconf 90' lang='lat' dir='ltr'><strong>dicit</strong></span> <span class='ocrx_word' id='word_1_212' title='bbox 2578 1642 2839 1701; x_wconf 87' lang='lat' dir='ltr'><strong>Dominus</strong></span> <span class='ocrx_word' id='word_1_213' title='bbox 2874 1644 3211 1701; x_wconf 78' lang='lat' dir='ltr'><strong>exercituum</strong></span> <span class='ocrx_word' id='word_1_214' title='bbox 3240 1661 3262 1699; x_wconf 86' lang='lat'><strong>.:</strong></span> <span class='ocrx_word' id='word_1_215' title='bbox 3296 1645 3437 1705; x_wconf 79' lang='lat' dir='ltr'><strong>Ecce</strong></span> <span class='ocrx_word' id='word_1_216' title='bbox 3452 1660 3563 1709; x_wconf 70' lang='lat' dir='ltr'><strong>ego</strong></span> <span class='ocrx_word' id='word_1_217' title='bbox 3600 1646 3722 1709; x_wconf 65' lang='lat' dir='ltr'><strong>.sal-</strong></span> 
     </span>
    </p>
   </div>
   <div class='ocr_carea' id='block_1_33' title="bbox 2136 1734 3725 1805">
    <p class='ocr_par' dir='ltr' id='par_1_33' title="bbox 2136 1734 3725 1805">
     <span class='ocr_line' id='line_1_33' title="bbox 2136 1734 3725 1805; baseline 0.001 -16"><span class='ocrx_word' id='word_1_218' title='bbox 2136 1735 2276 1790; x_wconf 89' lang='lat' dir='ltr'><strong>vabo</strong></span> <span class='ocrx_word' id='word_1_219' title='bbox 2313 1734 2568 1805; x_wconf 88' lang='lat' dir='ltr'><strong>populum</strong></span> <span class='ocrx_word' id='word_1_220' title='bbox 2612 1750 2795 1793; x_wconf 88' lang='lat' dir='ltr'><strong>meum</strong></span> <span class='ocrx_word' id='word_1_221' title='bbox 2836 1735 2903 1791; x_wconf 91' lang='lat' dir='ltr'><strong>de</strong></span> <span class='ocrx_word' id='word_1_222' title='bbox 2943 1744 3087 1791; x_wconf 86' lang='lat' dir='ltr'><strong>terra</strong></span> <span class='ocrx_word' id='word_1_223' title='bbox 3124 1737 3353 1791; x_wconf 83' lang='lat' dir='ltr'><strong>orientis</strong></span> <span class='ocrx_word' id='word_1_224' title='bbox 3384 1745 3437 1791; x_wconf 90' lang='lat' dir='ltr'><strong>et</strong></span> <span class='ocrx_word' id='word_1_225' title='bbox 3474 1747 3542 1793; x_wconf 87' lang='lat' dir='ltr'><strong>ue</strong></span> <span class='ocrx_word' id='word_1_226' title='bbox 3577 1747 3725 1792; x_wconf 83' lang='lat' dir='ltr'><strong>terra</strong></span> 
     </span>
    </p>
   </div>
   <div class='ocr_carea' id='block_1_34' title="bbox 2138 1828 3726 1899">
    <p class='ocr_par' dir='ltr' id='par_1_34' title="bbox 2138 1828 3726 1899">
     <span class='ocr_line' id='line_1_34' title="bbox 2138 1828 3726 1899; baseline 0.001 -15"><span class='ocrx_word' id='word_1_227' title='bbox 2138 1843 2366 1884; x_wconf 87' lang='lat' dir='ltr'><strong>occasus</strong></span> <span class='ocrx_word' id='word_1_228' title='bbox 2407 1828 2580 1899; x_wconf 38' lang='lat' dir='ltr'><strong>.solis,</strong></span> <span class='ocrx_word' id='word_1_229' title='bbox 2619 1838 2676 1883; x_wconf 86' lang='lat' dir='ltr'><strong>et</strong></span> <span class='ocrx_word' id='word_1_230' title='bbox 2729 1828 2992 1883; x_wconf 86' lang='lat' dir='ltr'><strong>adducam</strong></span> <span class='ocrx_word' id='word_1_231' title='bbox 3026 1842 3155 1897; x_wconf 87' lang='lat' dir='ltr'><strong>eos,</strong></span> <span class='ocrx_word' id='word_1_232' title='bbox 3201 1837 3259 1883; x_wconf 88' lang='lat' dir='ltr'><strong>et</strong></span> <span class='ocrx_word' id='word_1_233' title='bbox 3292 1828 3619 1891; x_wconf 79' lang='lat' dir='ltr'><strong>habitahunt</strong></span> <span class='ocrx_word' id='word_1_234' title='bbox 3667 1830 3726 1885; x_wconf 76' lang='lat' dir='ltr'><strong>in</strong></span> 
     </span>
    </p>
   </div>
   <div class='ocr_carea' id='block_1_35' title="bbox 455 1915 3729 1991">
    <p class='ocr_par' dir='ltr' id='par_1_35' title="bbox 455 1915 3729 1991">
     <span class='ocr_line' id='line_1_35' title="bbox 455 1915 3729 1991; baseline 0.002 -20"><span class='ocrx_word' id='word_1_235' title='bbox 455 1916 634 1973; x_wconf 88' lang='lat' dir='ltr'><strong>medio</strong></span> <span class='ocrx_word' id='word_1_236' title='bbox 682 1915 1035 1982; x_wconf 86' lang='lat' dir='ltr'><strong>Hierusalem,</strong></span> <span class='ocrx_word' id='word_1_237' title='bbox 1064 1926 1119 1971; x_wconf 90' lang='lat' dir='ltr'><strong>et</strong></span> <span class='ocrx_word' id='word_1_238' title='bbox 1156 1918 1437 1973; x_wconf 90' lang='lat' dir='ltr'><strong>vocabitur</strong></span> <span class='ocrx_word' id='word_1_239' title='bbox 1483 1916 1818 1973; x_wconf 89' lang='lat' dir='ltr'><strong>Hierusalem</strong></span> <span class='ocrx_word' id='word_1_240' title='bbox 1847 1919 2038 1977; x_wconf 87' lang='lat' dir='ltr'><strong>civitas</strong></span> <span class='ocrx_word' id='word_1_241' title='bbox 2065 1921 2114 1981; x_wconf 88' lang='lat' dir='ltr'><strong>B</strong></span> <span class='ocrx_word' id='word_1_242' title='bbox 2140 1921 2317 1977; x_wconf 89' lang='lat' dir='ltr'><strong>medio</strong></span> <span class='ocrx_word' id='word_1_243' title='bbox 2343 1920 2698 1984; x_wconf 89' lang='lat' dir='ltr'><strong>Hierusalem,</strong></span> <span class='ocrx_word' id='word_1_244' title='bbox 2725 1929 2777 1976; x_wconf 91' lang='lat' dir='ltr'><strong>et</strong></span> <span class='ocrx_word' id='word_1_245' title='bbox 2803 1927 2963 1979; x_wconf 88' lang='lat' dir='ltr'><strong>erunt</strong></span> <span class='ocrx_word' id='word_1_246' title='bbox 2986 1920 3120 1976; x_wconf 90' lang='lat' dir='ltr'><strong>mihi</strong></span> <span class='ocrx_word' id='word_1_247' title='bbox 3149 1921 3203 1977; x_wconf 91' lang='lat' dir='ltr'><strong>in</strong></span> <span class='ocrx_word' id='word_1_248' title='bbox 3236 1920 3515 1991; x_wconf 78' lang='lat' dir='ltr'><strong>populum,</strong></span> <span class='ocrx_word' id='word_1_249' title='bbox 3536 1930 3597 1975; x_wconf 83' lang='lat' dir='ltr'><strong>et</strong></span> <span class='ocrx_word' id='word_1_250' title='bbox 3624 1936 3729 1990; x_wconf 74' lang='lat' dir='ltr'><strong>ego</strong></span> 
     </span>
    </p>
   </div>
   <div class='ocr_carea' id='block_1_36' title="bbox 461 2006 2036 2073">
    <p class='ocr_par' dir='ltr' id='par_1_36' title="bbox 461 2006 2036 2073">
     <span class='ocr_line' id='line_1_36' title="bbox 461 2006 2036 2073; baseline 0.003 -12"><span class='ocrx_word' id='word_1_251' title='bbox 461 2006 727 2073; x_wconf 80' lang='lat' dir='ltr'><strong>veritatis,</strong></span> <span class='ocrx_word' id='word_1_252' title='bbox 760 2016 815 2061; x_wconf 83' lang='lat' dir='ltr'><strong>et</strong></span> <span class='ocrx_word' id='word_1_253' title='bbox 849 2023 1004 2063; x_wconf 89' lang='lat' dir='ltr'><strong>mons</strong></span> <span class='ocrx_word' id='word_1_254' title='bbox 1028 2006 1237 2063; x_wconf 89' lang='lat' dir='ltr'><strong>Domini</strong></span> <span class='ocrx_word' id='word_1_255' title='bbox 1274 2008 1627 2073; x_wconf 78' lang='lat' dir='ltr'><strong>exercituum,</strong></span> <span class='ocrx_word' id='word_1_256' title='bbox 1660 2024 1814 2064; x_wconf 90' lang='lat' dir='ltr'><strong>mons</strong></span> <span class='ocrx_word' id='word_1_257' title='bbox 1835 2011 2036 2065; x_wconf 86' lang='lat' dir='ltr'><strong>sancti-</strong></span> 
     </span>
    </p>
   </div>
   <div class='ocr_carea' id='block_1_37' title="bbox 457 2099 2042 2171">
    <p class='ocr_par' dir='ltr' id='par_1_37' title="bbox 457 2099 2042 2171">
     <span class='ocr_line' id='line_1_37' title="bbox 457 2099 2042 2171; baseline 0.003 -18"><span class='ocrx_word' id='word_1_258' title='bbox 457 2099 668 2155; x_wconf 82' lang='lat' dir='ltr'><strong>ficatus.</strong></span> <span class='ocrx_word' id='word_1_259' title='bbox 705 2118 723 2151; x_wconf 72' lang='grc' dir='ltr'><strong><em>ι</em></strong></span> <span class='ocrx_word' id='word_1_260' title='bbox 774 2099 909 2165; x_wconf 79' lang='lat' dir='ltr'><strong>Quia</strong></span> <span class='ocrx_word' id='word_1_261' title='bbox 958 2100 1177 2171; x_wconf 79' lang='lat' dir='ltr'><strong>(inquit)</strong></span> <span class='ocrx_word' id='word_1_262' title='bbox 1215 2100 1432 2170; x_wconf 87' lang='lat' dir='ltr'><strong>reliquit</strong></span> <span class='ocrx_word' id='word_1_263' title='bbox 1472 2116 1557 2156; x_wconf 91' lang='lat' dir='ltr'><strong>me</strong></span> <span class='ocrx_word' id='word_1_264' title='bbox 1598 2100 1760 2169; x_wconf 86' lang='lat' dir='ltr'><strong>Sion,</strong></span> <span class='ocrx_word' id='word_1_265' title='bbox 1794 2116 1915 2170; x_wconf 72' lang='lat' dir='ltr'><strong>quae</strong></span> <span class='ocrx_word' id='word_1_266' title='bbox 1955 2109 2042 2157; x_wconf 89' lang='lat' dir='ltr'><strong>est</strong></span> 
     </span>
    </p>
   </div>
   <div class='ocr_carea' id='block_1_38' title="bbox 455 2184 2043 2266">
    <p class='ocr_par' dir='ltr' id='par_1_38' title="bbox 455 2184 2043 2266">
     <span class='ocr_line' id='line_1_38' title="bbox 455 2184 2043 2266; baseline 0 -18"><span class='ocrx_word' id='word_1_267' title='bbox 455 2184 826 2261; x_wconf 80' lang='lat' dir='ltr'><strong>Hierusalem,</strong></span> <span class='ocrx_word' id='word_1_268' title='bbox 875 2202 931 2249; x_wconf 89' lang='lat' dir='ltr'><strong>et</strong></span> <span class='ocrx_word' id='word_1_269' title='bbox 970 2204 1156 2253; x_wconf 86' lang='lat' dir='ltr'><strong>secuta</strong></span> <span class='ocrx_word' id='word_1_270' title='bbox 1198 2204 1282 2250; x_wconf 89' lang='lat' dir='ltr'><strong>est</strong></span> <span class='ocrx_word' id='word_1_271' title='bbox 1329 2204 1601 2251; x_wconf 87' lang='lat' dir='ltr'><strong>amatores</strong></span> <span class='ocrx_word' id='word_1_272' title='bbox 1648 2195 1939 2266; x_wconf 90' lang='lat' dir='ltr'><strong>plurimos,</strong></span> <span class='ocrx_word' id='word_1_273' title='bbox 1985 2202 2043 2248; x_wconf 72' lang='lat' dir='ltr'><strong>et</strong></span> 
     </span>
    </p>
   </div>
   <div class='ocr_carea' id='block_1_39' title="bbox 456 2284 2038 2358">
    <p class='ocr_par' dir='ltr' id='par_1_39' title="bbox 456 2284 2038 2358">
     <span class='ocr_line' id='line_1_39' title="bbox 456 2284 2038 2358; baseline 0.001 -17"><span class='ocrx_word' id='word_1_274' title='bbox 456 2284 660 2351; x_wconf 86' lang='lat' dir='ltr'><strong>abillis</strong></span> <span class='ocrx_word' id='word_1_275' title='bbox 688 2285 973 2357; x_wconf 86' lang='lat' dir='ltr'><strong>deturpata</strong></span> <span class='ocrx_word' id='word_1_276' title='bbox 1017 2296 1119 2351; x_wconf 88' lang='lat' dir='ltr'><strong>est,</strong></span> <span class='ocrx_word' id='word_1_277' title='bbox 1152 2286 1356 2342; x_wconf 86' lang='lat' dir='ltr'><strong>zelatus</strong></span> <span class='ocrx_word' id='word_1_278' title='bbox 1401 2303 1519 2342; x_wconf 86' lang='lat' dir='ltr'><strong>sum</strong></span> <span class='ocrx_word' id='word_1_279' title='bbox 1566 2286 1682 2343; x_wconf 85' lang='lat' dir='ltr'><strong>zelo</strong></span> <span class='ocrx_word' id='word_1_280' title='bbox 1726 2302 1922 2358; x_wconf 79' lang='lat' dir='ltr'><strong>magno</strong></span> <span class='ocrx_word' id='word_1_281' title='bbox 1949 2302 2038 2342; x_wconf 85' lang='lat' dir='ltr'><strong>se-</strong></span> 
     </span>
    </p>
   </div>
   <div class='ocr_carea' id='block_1_40' title="bbox 455 2378 2041 2450">
    <p class='ocr_par' dir='ltr' id='par_1_40' title="bbox 455 2378 2041 2450">
     <span class='ocr_line' id='line_1_40' title="bbox 455 2378 2041 2450; baseline -0.001 -16"><span class='ocrx_word' id='word_1_282' title='bbox 455 2381 693 2436; x_wconf 87' lang='lat' dir='ltr'><strong>cundum</strong></span> <span class='ocrx_word' id='word_1_283' title='bbox 738 2380 1030 2435; x_wconf 86' lang='lat' dir='ltr'><strong>criminum</strong></span> <span class='ocrx_word' id='word_1_284' title='bbox 1078 2379 1522 2450; x_wconf 81' lang='lat' dir='ltr'><strong>magnitudinem,</strong></span> <span class='ocrx_word' id='word_1_285' title='bbox 1550 2379 1678 2450; x_wconf 87' lang='lat' dir='ltr'><strong>quia</strong></span> <span class='ocrx_word' id='word_1_286' title='bbox 1719 2378 1789 2433; x_wconf 91' lang='lat' dir='ltr'><strong>ad</strong></span> <span class='ocrx_word' id='word_1_287' title='bbox 1833 2394 1919 2433; x_wconf 87' lang='lat' dir='ltr'><strong>me</strong></span> <span class='ocrx_word' id='word_1_288' title='bbox 1958 2393 2041 2433; x_wconf 60' lang='lat' dir='ltr'><strong>rev</strong></span> 
     </span>
    </p>
   </div>
   <div class='ocr_carea' id='block_1_41' title="bbox 456 2470 2045 2540">
    <p class='ocr_par' dir='ltr' id='par_1_41' title="bbox 456 2470 2045 2540">
     <span class='ocr_line' id='line_1_41' title="bbox 456 2470 2045 2540; baseline 0.002 -18"><span class='ocrx_word' id='word_1_289' title='bbox 456 2485 612 2529; x_wconf 86' lang='lat' dir='ltr'><strong>versa</strong></span> <span class='ocrx_word' id='word_1_290' title='bbox 651 2478 752 2533; x_wconf 92' lang='lat' dir='ltr'><strong>est,</strong></span> <span class='ocrx_word' id='word_1_291' title='bbox 780 2483 945 2539; x_wconf 84' lang='lat' dir='ltr'><strong>agens</strong></span> <span class='ocrx_word' id='word_1_292' title='bbox 983 2470 1378 2540; x_wconf 73' lang='lat' dir='ltr'><strong>pmnitentiam,</strong></span> <span class='ocrx_word' id='word_1_293' title='bbox 1407 2476 1461 2523; x_wconf 89' lang='lat' dir='ltr'><strong>et</strong></span> <span class='ocrx_word' id='word_1_294' title='bbox 1503 2484 1604 2539; x_wconf 80' lang='lat' dir='ltr'><strong>ego</strong></span> <span class='ocrx_word' id='word_1_295' title='bbox 1632 2483 1883 2523; x_wconf 87' lang='lat' dir='ltr'><strong>reversus</strong></span> <span class='ocrx_word' id='word_1_296' title='bbox 1920 2482 2045 2525; x_wconf 86' lang='lat' dir='ltr'><strong>sum</strong></span> 
     </span>
    </p>
   </div>
   <div class='ocr_carea' id='block_1_42' title="bbox 456 2558 2039 2630">
    <p class='ocr_par' dir='ltr' id='par_1_42' title="bbox 456 2558 2039 2630">
     <span class='ocr_line' id='line_1_42' title="bbox 456 2558 2039 2630; baseline -0.001 -17"><span class='ocrx_word' id='word_1_297' title='bbox 456 2560 523 2615; x_wconf 90' lang='lat' dir='ltr'><strong>ad</strong></span> <span class='ocrx_word' id='word_1_298' title='bbox 571 2576 691 2614; x_wconf 89' lang='lat' dir='ltr'><strong>eam</strong></span> <span class='ocrx_word' id='word_1_299' title='bbox 739 2560 943 2630; x_wconf 84' lang='lat' dir='ltr'><strong>majore</strong></span> <span class='ocrx_word' id='word_1_300' title='bbox 978 2558 1284 2614; x_wconf 89' lang='lat' dir='ltr'><strong>clementia.</strong></span> <span class='ocrx_word' id='word_1_301' title='bbox 1332 2558 1562 2614; x_wconf 65' lang='lat' dir='ltr'><strong>IEdilica</strong></span> <span class='ocrx_word' id='word_1_302' title='bbox 1600 2558 1728 2613; x_wconf 91' lang='lat' dir='ltr'><strong>mihi</strong></span> <span class='ocrx_word' id='word_1_303' title='bbox 1763 2559 2039 2630; x_wconf 89' lang='lat' dir='ltr'><strong>templum,</strong></span> 
     </span>
    </p>
   </div>
   <div class='ocr_carea' id='block_1_43' title="bbox 458 2649 2043 2716">
    <p class='ocr_par' dir='ltr' id='par_1_43' title="bbox 458 2649 2043 2716">
     <span class='ocr_line' id='line_1_43' title="bbox 458 2649 2043 2716; baseline 0.001 -12"><span class='ocrx_word' id='word_1_304' title='bbox 458 2657 514 2704; x_wconf 84' lang='lat' dir='ltr'><strong>et</strong></span> <span class='ocrx_word' id='word_1_305' title='bbox 542 2650 797 2706; x_wconf 88' lang='lat' dir='ltr'><strong>habitabo</strong></span> <span class='ocrx_word' id='word_1_306' title='bbox 821 2650 874 2704; x_wconf 92' lang='lat' dir='ltr'><strong>in</strong></span> <span class='ocrx_word' id='word_1_307' title='bbox 904 2651 1079 2705; x_wconf 91' lang='lat' dir='ltr'><strong>medio</strong></span> <span class='ocrx_word' id='word_1_308' title='bbox 1108 2651 1206 2716; x_wconf 90' lang='lat' dir='ltr'><strong>tui,</strong></span> <span class='ocrx_word' id='word_1_309' title='bbox 1238 2660 1293 2705; x_wconf 92' lang='lat' dir='ltr'><strong>et</strong></span> <span class='ocrx_word' id='word_1_310' title='bbox 1320 2649 1601 2705; x_wconf 88' lang='lat' dir='ltr'><strong>vocabitur</strong></span> <span class='ocrx_word' id='word_1_311' title='bbox 1624 2649 1816 2704; x_wconf 89' lang='lat' dir='ltr'><strong>civitas</strong></span> <span class='ocrx_word' id='word_1_312' title='bbox 1844 2650 2043 2705; x_wconf 85' lang='lat' dir='ltr'><strong>verita-</strong></span> 
     </span>
    </p>
   </div>
   <div class='ocr_carea' id='block_1_44' title="bbox 462 2738 2043 2813">
    <p class='ocr_par' dir='ltr' id='par_1_44' title="bbox 462 2738 2043 2813">
     <span class='ocr_line' id='line_1_44' title="bbox 462 2738 2043 2813; baseline -0.001 -16"><span class='ocrx_word' id='word_1_313' title='bbox 462 2743 557 2808; x_wconf 90' lang='lat' dir='ltr'><strong>tis,</strong></span> <span class='ocrx_word' id='word_1_314' title='bbox 580 2759 697 2813; x_wconf 82' lang='lat' dir='ltr'><strong>qua:</strong></span> <span class='ocrx_word' id='word_1_315' title='bbox 720 2743 993 2813; x_wconf 87' lang='lat' dir='ltr'><strong>quondam</strong></span> <span class='ocrx_word' id='word_1_316' title='bbox 1017 2743 1526 2799; x_wconf 88' lang='lat' dir='ltr'><strong>voeabaturcivitas</strong></span> <span class='ocrx_word' id='word_1_317' title='bbox 1552 2738 1838 2799; x_wconf 81' lang='lat' dir='ltr'><strong>mendacii.</strong></span> <span class='ocrx_word' id='word_1_318' title='bbox 1871 2741 2043 2797; x_wconf 80' lang='lat' dir='ltr'><strong>Voca-</strong></span> 
     </span>
    </p>
   </div>
   <div class='ocr_carea' id='block_1_45' title="bbox 394 2833 2038 2909">
    <p class='ocr_par' dir='ltr' id='par_1_45' title="bbox 394 2833 2038 2909">
     <span class='ocr_line' id='line_1_45' title="bbox 394 2833 2038 2909; baseline -0.001 -19"><span class='ocrx_word' id='word_1_319' title='bbox 394 2904 399 2909; x_wconf 21' lang='grc'>,</span> <span class='ocrx_word' id='word_1_320' title='bbox 456 2835 625 2891; x_wconf 84' lang='lat' dir='ltr'><strong>batur</strong></span> <span class='ocrx_word' id='word_1_321' title='bbox 667 2848 881 2905; x_wconf 89' lang='lat' dir='ltr'><strong>quoque</strong></span> <span class='ocrx_word' id='word_1_322' title='bbox 926 2850 1083 2889; x_wconf 92' lang='lat' dir='ltr'><strong>mons</strong></span> <span class='ocrx_word' id='word_1_323' title='bbox 1128 2834 1497 2889; x_wconf 82' lang='lat' dir='ltr'><strong>sanctilicatns</strong></span> <span class='ocrx_word' id='word_1_324' title='bbox 1526 2842 1579 2889; x_wconf 91' lang='lat' dir='ltr'><strong>et</strong></span> <span class='ocrx_word' id='word_1_325' title='bbox 1617 2848 1773 2889; x_wconf 90' lang='lat' dir='ltr'><strong>mons</strong></span> <span class='ocrx_word' id='word_1_326' title='bbox 1803 2833 2038 2889; x_wconf 89' lang='lat' dir='ltr'><strong>Domini.</strong></span> 
     </span>
    </p>
   </div>
   <div class='ocr_carea' id='block_1_46' title="bbox 464 2926 2043 2998">
    <p class='ocr_par' dir='ltr' id='par_1_46' title="bbox 464 2926 2043 2998">
     <span class='ocr_line' id='line_1_46' title="bbox 464 2926 2043 2998; baseline -0.003 -14"><span class='ocrx_word' id='word_1_327' title='bbox 464 2927 831 2998; x_wconf 89' lang='lat' dir='ltr'><strong>Spiritualiter</strong></span> <span class='ocrx_word' id='word_1_328' title='bbox 874 2935 1098 2997; x_wconf 90' lang='lat' dir='ltr'><strong>possunt</strong></span> <span class='ocrx_word' id='word_1_329' title='bbox 1133 2927 1249 2982; x_wconf 62' lang='lat' dir='ltr'><strong>haec</strong></span> <span class='ocrx_word' id='word_1_330' title='bbox 1286 2926 1476 2982; x_wconf 80' lang='lat' dir='ltr'><strong>referri</strong></span> <span class='ocrx_word' id='word_1_331' title='bbox 1524 2927 1590 2980; x_wconf 89' lang='lat' dir='ltr'><strong>ad</strong></span> <span class='ocrx_word' id='word_1_332' title='bbox 1638 2927 1893 2992; x_wconf 88' lang='lat' dir='ltr'><strong>animam,</strong></span> <span class='ocrx_word' id='word_1_333' title='bbox 1921 2941 2043 2997; x_wconf 71' lang='lat' dir='ltr'><strong>quae</strong></span> 
     </span>
    </p>
   </div>
   <div class='ocr_carea' id='block_1_47' title="bbox 462 3018 2039 3090">
    <p class='ocr_par' dir='ltr' id='par_1_47' title="bbox 462 3018 2039 3090">
     <span class='ocr_line' id='line_1_47' title="bbox 462 3018 2039 3090; baseline -0.003 -13"><span class='ocrx_word' id='word_1_334' title='bbox 462 3021 723 3077; x_wconf 88' lang='lat' dir='ltr'><strong>debuerat</strong></span> <span class='ocrx_word' id='word_1_335' title='bbox 746 3036 868 3076; x_wconf 91' lang='lat' dir='ltr'><strong>esse</strong></span> <span class='ocrx_word' id='word_1_336' title='bbox 890 3019 1245 3084; x_wconf 87' lang='lat' dir='ltr'><strong>Hierusalem,</strong></span> <span class='ocrx_word' id='word_1_337' title='bbox 1277 3020 1329 3075; x_wconf 91' lang='lat' dir='ltr'><strong>id</strong></span> <span class='ocrx_word' id='word_1_338' title='bbox 1344 3029 1427 3075; x_wconf 91' lang='lat' dir='ltr'><strong>est</strong></span> <span class='ocrx_word' id='word_1_339' title='bbox 1450 3019 1585 3076; x_wconf 91' lang='lat' dir='ltr'><strong>visio</strong></span> <span class='ocrx_word' id='word_1_340' title='bbox 1605 3019 1776 3090; x_wconf 85' lang='lat' dir='ltr'><strong>pacis,</strong></span> <span class='ocrx_word' id='word_1_341' title='bbox 1803 3027 1858 3074; x_wconf 89' lang='lat' dir='ltr'><strong>et</strong></span> <span class='ocrx_word' id='word_1_342' title='bbox 1887 3018 2039 3085; x_wconf 89' lang='lat' dir='ltr'><strong>Sion,</strong></span> 
     </span>
    </p>
   </div>
   <div class='ocr_carea' id='block_1_48' title="bbox 463 3111 2042 3184">
    <p class='ocr_par' dir='ltr' id='par_1_48' title="bbox 463 3111 2042 3184">
     <span class='ocr_line' id='line_1_48' title="bbox 463 3111 2042 3184; baseline 0 -17"><span class='ocrx_word' id='word_1_343' title='bbox 463 3112 516 3167; x_wconf 87' lang='lat' dir='ltr'><strong>id</strong></span> <span class='ocrx_word' id='word_1_344' title='bbox 545 3121 627 3168; x_wconf 90' lang='lat' dir='ltr'><strong>est</strong></span> <span class='ocrx_word' id='word_1_345' title='bbox 654 3113 866 3182; x_wconf 85' lang='lat' dir='ltr'><strong>specula</strong></span> <span class='ocrx_word' id='word_1_346' title='bbox 910 3111 1079 3168; x_wconf 90' lang='lat' dir='ltr'><strong>Deum</strong></span> <span class='ocrx_word' id='word_1_347' title='bbox 1124 3112 1558 3182; x_wconf 90' lang='lat' dir='ltr'><strong>contemplando,</strong></span> <span class='ocrx_word' id='word_1_348' title='bbox 1586 3127 1706 3184; x_wconf 83' lang='lat' dir='ltr'><strong>quae</strong></span> <span class='ocrx_word' id='word_1_349' title='bbox 1746 3128 1867 3167; x_wconf 92' lang='lat' dir='ltr'><strong>eum</strong></span> <span class='ocrx_word' id='word_1_350' title='bbox 1911 3127 2042 3182; x_wconf 83' lang='lat' dir='ltr'><strong>peo-</strong></span> 
     </span>
    </p>
   </div>
   <div class='ocr_carea' id='block_1_49' title="bbox 458 3203 2040 3276">
    <p class='ocr_par' dir='ltr' id='par_1_49' title="bbox 458 3203 2040 3276">
     <span class='ocr_line' id='line_1_49' title="bbox 458 3203 2040 3276; baseline -0.001 -18"><span class='ocrx_word' id='word_1_351' title='bbox 458 3203 684 3270; x_wconf 87' lang='lat' dir='ltr'><strong>caverit,</strong></span> <span class='ocrx_word' id='word_1_352' title='bbox 719 3203 946 3258; x_wconf 85' lang='lat' dir='ltr'><strong>traditur</strong></span> <span class='ocrx_word' id='word_1_353' title='bbox 992 3204 1045 3259; x_wconf 91' lang='lat' dir='ltr'><strong>in</strong></span> <span class='ocrx_word' id='word_1_354' title='bbox 1083 3213 1408 3276; x_wconf 88' lang='lat' dir='ltr'><strong>potestatem</strong></span> <span class='ocrx_word' id='word_1_355' title='bbox 1454 3203 1668 3267; x_wconf 88' lang='lat' dir='ltr'><strong>diaboli,</strong></span> <span class='ocrx_word' id='word_1_356' title='bbox 1698 3212 1752 3260; x_wconf 91' lang='lat' dir='ltr'><strong>et</strong></span> <span class='ocrx_word' id='word_1_357' title='bbox 1790 3203 2040 3259; x_wconf 80' lang='lat' dir='ltr'><strong>subditur</strong></span> 
     </span>
    </p>
   </div>
   <div class='ocr_carea' id='block_1_50' title="bbox 460 3301 2034 3373">
    <p class='ocr_par' dir='ltr' id='par_1_50' title="bbox 460 3301 2034 3373">
     <span class='ocr_line' id='line_1_50' title="bbox 460 3301 2034 3373; baseline 0.001 -20"><span class='ocrx_word' id='word_1_358' title='bbox 460 3301 762 3371; x_wconf 77' lang='lat' dir='ltr'><strong>captivitati</strong></span> <span class='ocrx_word' id='word_1_359' title='bbox 792 3301 1047 3357; x_wconf 91' lang='lat' dir='ltr'><strong>vitiorum</strong></span> <span class='ocrx_word' id='word_1_360' title='bbox 1083 3318 1099 3367; x_wconf 89' lang='lat'><strong>;</strong></span> <span class='ocrx_word' id='word_1_361' title='bbox 1131 3319 1176 3358; x_wconf 79' lang='grc' dir='ltr'><strong>ει</strong></span> <span class='ocrx_word' id='word_1_362' title='bbox 1205 3318 1335 3358; x_wconf 90' lang='lat' dir='ltr'><strong>vero</strong></span> <span class='ocrx_word' id='word_1_363' title='bbox 1370 3303 1719 3373; x_wconf 75' lang='lat' dir='ltr'><strong>pcenituerit,</strong></span> <span class='ocrx_word' id='word_1_364' title='bbox 1767 3312 1822 3357; x_wconf 92' lang='lat' dir='ltr'><strong>et</strong></span> <span class='ocrx_word' id='word_1_365' title='bbox 1863 3301 2034 3356; x_wconf 79' lang='lat' dir='ltr'><strong>offen-</strong></span> 
     </span>
    </p>
   </div>
   <div class='ocr_carea' id='block_1_51' title="bbox 458 3376 2043 3469">
    <p class='ocr_par' dir='ltr' id='par_1_51' title="bbox 458 3376 2043 3469">
     <span class='ocr_line' id='line_1_51' title="bbox 458 3376 2043 3469; baseline 0.001 -23"><span class='ocrx_word' id='word_1_366' title='bbox 458 3376 577 3447; x_wconf 84' lang='lat' dir='ltr'><strong>sum</strong></span> <span class='ocrx_word' id='word_1_367' title='bbox 621 3391 787 3445; x_wconf 91' lang='lat' dir='ltr'><strong>Deum</strong></span> <span class='ocrx_word' id='word_1_368' title='bbox 818 3391 920 3445; x_wconf 90' lang='lat' dir='ltr'><strong>sibi</strong></span> <span class='ocrx_word' id='word_1_369' title='bbox 960 3391 1242 3460; x_wconf 88' lang='lat' dir='ltr'><strong>propitiari</strong></span> <span class='ocrx_word' id='word_1_370' title='bbox 1285 3393 1586 3469; x_wconf 82' lang='lat' dir='ltr'><strong>studuerit,</strong></span> <span class='ocrx_word' id='word_1_371' title='bbox 1642 3400 1946 3447; x_wconf 86' lang='lat' dir='ltr'><strong>revertetur</strong></span> <span class='ocrx_word' id='word_1_372' title='bbox 1972 3391 2043 3447; x_wconf 84' lang='lat' dir='ltr'><strong>ad</strong></span> 
     </span>
    </p>
   </div>
   <div class='ocr_carea' id='block_1_52' title="bbox 457 3482 2043 3547">
    <p class='ocr_par' dir='ltr' id='par_1_52' title="bbox 457 3482 2043 3547">
     <span class='ocr_line' id='line_1_52' title="bbox 457 3482 2043 3547; baseline 0.001 -10"><span class='ocrx_word' id='word_1_373' title='bbox 457 3497 579 3537; x_wconf 83' lang='lat' dir='ltr'><strong>eam</strong></span> <span class='ocrx_word' id='word_1_374' title='bbox 618 3483 863 3545; x_wconf 65' lang='lat' dir='ltr'><strong>Deus,’et</strong></span> <span class='ocrx_word' id='word_1_375' title='bbox 906 3482 1013 3536; x_wconf 91' lang='lat' dir='ltr'><strong>erit</strong></span> <span class='ocrx_word' id='word_1_376' title='bbox 1058 3497 1212 3537; x_wconf 91' lang='lat' dir='ltr'><strong>mons</strong></span> <span class='ocrx_word' id='word_1_377' title='bbox 1255 3491 1475 3538; x_wconf 88' lang='lat' dir='ltr'><strong>sanctus</strong></span> <span class='ocrx_word' id='word_1_378' title='bbox 1520 3491 1575 3539; x_wconf 90' lang='lat' dir='ltr'><strong>et</strong></span> <span class='ocrx_word' id='word_1_379' title='bbox 1614 3483 1806 3539; x_wconf 90' lang='lat' dir='ltr'><strong>civitas</strong></span> <span class='ocrx_word' id='word_1_380' title='bbox 1837 3482 1950 3547; x_wconf 90' lang='lat' dir='ltr'><strong>Dei,</strong></span> <span class='ocrx_word' id='word_1_381' title='bbox 1986 3491 2043 3539; x_wconf 88' lang='lat' dir='ltr'><strong>et</strong></span> 
     </span>
    </p>
   </div>
   <div class='ocr_carea' id='block_1_53' title="bbox 457 3570 2041 3643">
    <p class='ocr_par' dir='ltr' id='par_1_53' title="bbox 457 3570 2041 3643">
     <span class='ocr_line' id='line_1_53' title="bbox 457 3570 2041 3643; baseline 0.004 -19"><span class='ocrx_word' id='word_1_382' title='bbox 457 3570 723 3625; x_wconf 87' lang='lat' dir='ltr'><strong>habitabit</strong></span> <span class='ocrx_word' id='word_1_383' title='bbox 754 3571 806 3624; x_wconf 93' lang='lat' dir='ltr'><strong>in</strong></span> <span class='ocrx_word' id='word_1_384' title='bbox 855 3571 1032 3625; x_wconf 91' lang='lat' dir='ltr'><strong>medio</strong></span> <span class='ocrx_word' id='word_1_385' title='bbox 1060 3570 1199 3639; x_wconf 91' lang='lat' dir='ltr'><strong>ejus,</strong></span> <span class='ocrx_word' id='word_1_386' title='bbox 1228 3572 1545 3643; x_wconf 80' lang='lat' dir='ltr'><strong>dicaturque</strong></span> <span class='ocrx_word' id='word_1_387' title='bbox 1573 3576 1641 3629; x_wconf 90' lang='lat' dir='ltr'><strong>ad</strong></span> <span class='ocrx_word' id='word_1_388' title='bbox 1670 3588 1828 3629; x_wconf 86' lang='lat' dir='ltr'><strong>eam:</strong></span> <span class='ocrx_word' id='word_1_389' title='bbox 1870 3592 1888 3625; x_wconf 80' lang='grc' dir='ltr'>ι</span> <span class='ocrx_word' id='word_1_390' title='bbox 1927 3572 2041 3631; x_wconf 78' lang='lat' dir='ltr'><strong>Ma-</strong></span> 
     </span>
    </p>
   </div>
   <div class='ocr_carea' id='block_1_54' title="bbox 456 3650 1957 3733">
    <p class='ocr_par' dir='ltr' id='par_1_54' title="bbox 456 3650 1957 3733">
     <span class='ocr_line' id='line_1_54' title="bbox 456 3650 1957 3733; baseline 0.005 -19"><span class='ocrx_word' id='word_1_391' title='bbox 456 3650 596 3733; x_wconf 59' lang='lat' dir='ltr'><strong>gnus</strong></span> <span class='ocrx_word' id='word_1_392' title='bbox 623 3662 880 3717; x_wconf 90' lang='lat' dir='ltr'><strong>Dominus</strong></span> <span class='ocrx_word' id='word_1_393' title='bbox 908 3670 963 3717; x_wconf 91' lang='lat' dir='ltr'><strong>et</strong></span> <span class='ocrx_word' id='word_1_394' title='bbox 989 3662 1289 3729; x_wconf 86' lang='lat' dir='ltr'><strong>laudabilis,</strong></span> <span class='ocrx_word' id='word_1_395' title='bbox 1322 3683 1343 3717; x_wconf 74' lang='grc' dir='ltr'><strong><em>ι</em></strong></span> <span class='ocrx_word' id='word_1_396' title='bbox 1374 3673 1479 3719; x_wconf 92' lang='lat' dir='ltr'><strong>etc.</strong></span> <span class='ocrx_word' id='word_1_397' title='bbox 1954 3730 1957 3731; x_wconf 20' lang='grc' dir='ltr'><em>ν</em></span> 
     </span>
    </p>
   </div>
   <div class='ocr_carea' id='block_1_55' title="bbox 541 3751 2043 3829">
    <p class='ocr_par' dir='ltr' id='par_1_55' title="bbox 541 3751 2043 3829">
     <span class='ocr_line' id='line_1_55' title="bbox 541 3751 2043 3829; baseline 0.007 -27"><span class='ocrx_word' id='word_1_398' title='bbox 541 3772 559 3802; x_wconf 78' lang='grc' dir='ltr'><strong>σ</strong></span> <span class='ocrx_word' id='word_1_399' title='bbox 599 3752 721 3806; x_wconf 65' lang='grc' dir='ltr'><strong>11ωο</strong></span> <span class='ocrx_word' id='word_1_400' title='bbox 746 3751 876 3807; x_wconf 87' lang='lat' dir='ltr'><strong>dicit</strong></span> <span class='ocrx_word' id='word_1_401' title='bbox 915 3752 1175 3811; x_wconf 87' lang='lat' dir='ltr'><strong>Dominus</strong></span> <span class='ocrx_word' id='word_1_402' title='bbox 1203 3754 1539 3809; x_wconf 84' lang='lat' dir='ltr'><strong>exercituum</strong></span> <span class='ocrx_word' id='word_1_403' title='bbox 1568 3773 1582 3809; x_wconf 90' lang='lat'><strong>:</strong></span> <span class='ocrx_word' id='word_1_404' title='bbox 1616 3753 1806 3811; x_wconf 82' lang='lat' dir='ltr'><strong>Adhuc</strong></span> <span class='ocrx_word' id='word_1_405' title='bbox 1831 3756 2043 3829; x_wconf 81' lang='lat' dir='ltr'><strong>habita-</strong></span> 
     </span>
    </p>
   </div>
   <div class='ocr_carea' id='block_1_56' title="bbox 461 3841 2049 3914">
    <p class='ocr_par' dir='ltr' id='par_1_56' title="bbox 461 3841 2049 3914">
     <span class='ocr_line' id='line_1_56' title="bbox 461 3841 2049 3914; baseline 0.004 -18"><span class='ocrx_word' id='word_1_406' title='bbox 461 3841 599 3896; x_wconf 88' lang='lat' dir='ltr'><strong>bunt</strong></span> <span class='ocrx_word' id='word_1_407' title='bbox 637 3857 794 3897; x_wconf 85' lang='lat' dir='ltr'><strong>senes</strong></span> <span class='ocrx_word' id='word_1_408' title='bbox 831 3851 888 3898; x_wconf 88' lang='lat' dir='ltr'><strong>et</strong></span> <span class='ocrx_word' id='word_1_409' title='bbox 933 3860 1069 3898; x_wconf 87' lang='lat' dir='ltr'><strong>anus</strong></span> <span class='ocrx_word' id='word_1_410' title='bbox 1114 3843 1167 3899; x_wconf 91' lang='lat' dir='ltr'><strong>in</strong></span> <span class='ocrx_word' id='word_1_411' title='bbox 1212 3844 1405 3914; x_wconf 89' lang='lat' dir='ltr'><strong>plateis</strong></span> <span class='ocrx_word' id='word_1_412' title='bbox 1450 3843 1809 3911; x_wconf 87' lang='lat' dir='ltr'><strong>Hierusalem,</strong></span> <span class='ocrx_word' id='word_1_413' title='bbox 1845 3856 1900 3902; x_wconf 92' lang='lat' dir='ltr'><strong>et</strong></span> <span class='ocrx_word' id='word_1_414' title='bbox 1940 3846 2049 3902; x_wconf 89' lang='lat' dir='ltr'><strong>viri</strong></span> 
     </span>
    </p>
   </div>
   <div class='ocr_carea' id='block_1_57' title="bbox 460 3928 2043 4004">
    <p class='ocr_par' dir='ltr' id='par_1_57' title="bbox 460 3928 2043 4004">
     <span class='ocr_line' id='line_1_57' title="bbox 460 3928 2043 4004; baseline 0.001 -13"><span class='ocrx_word' id='word_1_415' title='bbox 460 3928 686 3991; x_wconf 78' lang='lat' dir='ltr'><strong>baculus</strong></span> <span class='ocrx_word' id='word_1_416' title='bbox 723 3935 773 3989; x_wconf 92' lang='lat' dir='ltr'><strong>in</strong></span> <span class='ocrx_word' id='word_1_417' title='bbox 821 3949 980 3989; x_wconf 88' lang='lat' dir='ltr'><strong>manu</strong></span> <span class='ocrx_word' id='word_1_418' title='bbox 1025 3932 1141 4002; x_wconf 85' lang='lat' dir='ltr'><strong>ejus</strong></span> <span class='ocrx_word' id='word_1_419' title='bbox 1182 3950 1291 4004; x_wconf 76' lang='lat' dir='ltr'><strong>pne</strong></span> <span class='ocrx_word' id='word_1_420' title='bbox 1336 3935 1679 3991; x_wconf 90' lang='lat' dir='ltr'><strong>multitudine</strong></span> <span class='ocrx_word' id='word_1_421' title='bbox 1707 3936 1936 4002; x_wconf 88' lang='lat' dir='ltr'><strong>dierum,</strong></span> <span class='ocrx_word' id='word_1_422' title='bbox 1987 3946 2043 3992; x_wconf 91' lang='lat' dir='ltr'><strong>et</strong></span> 
     </span>
    </p>
   </div>
   <div class='ocr_carea' id='block_1_58' title="bbox 460 4023 2044 4098">
    <p class='ocr_par' dir='ltr' id='par_1_58' title="bbox 460 4023 2044 4098">
     <span class='ocr_line' id='line_1_58' title="bbox 460 4023 2044 4098; baseline 0.003 -18"><span class='ocrx_word' id='word_1_423' title='bbox 460 4024 650 4095; x_wconf 63' lang='lat' dir='ltr'><strong>plateae</strong></span> <span class='ocrx_word' id='word_1_424' title='bbox 696 4023 933 4081; x_wconf 84' lang='lat' dir='ltr'><strong>civitatis</strong></span> <span class='ocrx_word' id='word_1_425' title='bbox 974 4026 1387 4097; x_wconf 85' lang='lat' dir='ltr'><strong>complebuntur</strong></span> <span class='ocrx_word' id='word_1_426' title='bbox 1426 4025 1723 4084; x_wconf 69' lang='lat' dir='ltr'><strong>infantibus</strong></span> <span class='ocrx_word' id='word_1_427' title='bbox 1760 4037 1815 4084; x_wconf 90' lang='lat' dir='ltr'><strong>et</strong></span> <span class='ocrx_word' id='word_1_428' title='bbox 1851 4028 2044 4098; x_wconf 91' lang='lat' dir='ltr'><strong>puellis</strong></span> 
     </span>
    </p>
   </div>
   <div class='ocr_carea' id='block_1_59' title="bbox 462 4108 2043 4190">
    <p class='ocr_par' dir='ltr' id='par_1_59' title="bbox 462 4108 2043 4190">
     <span class='ocr_line' id='line_1_59' title="bbox 462 4108 2043 4190; baseline 0.003 -19"><span class='ocrx_word' id='word_1_429' title='bbox 462 4108 769 4173; x_wconf 90' lang='lat' dir='ltr'><strong>ludentibus</strong></span> <span class='ocrx_word' id='word_1_430' title='bbox 805 4116 858 4171; x_wconf 92' lang='lat' dir='ltr'><strong>in</strong></span> <span class='ocrx_word' id='word_1_431' title='bbox 902 4117 1094 4188; x_wconf 89' lang='lat' dir='ltr'><strong>plateis</strong></span> <span class='ocrx_word' id='word_1_432' title='bbox 1140 4116 1275 4187; x_wconf 90' lang='lat' dir='ltr'><strong>ejus.</strong></span> <span class='ocrx_word' id='word_1_433' title='bbox 1311 4139 1330 4170; x_wconf 75' lang='grc' dir='ltr'><strong><em>ι</em></strong></span> <span class='ocrx_word' id='word_1_434' title='bbox 1376 4116 1457 4173; x_wconf 87' lang='lat' dir='ltr'><strong>Me</strong></span> <span class='ocrx_word' id='word_1_435' title='bbox 1505 4118 1721 4190; x_wconf 90' lang='lat' dir='ltr'><strong>(inquit)</strong></span> <span class='ocrx_word' id='word_1_436' title='bbox 1763 4119 2043 4176; x_wconf 88' lang='lat' dir='ltr'><strong>habitante</strong></span> 
     </span>
    </p>
   </div>
   <div class='ocr_carea' id='block_1_60' title="bbox 460 4208 2042 4279">
    <p class='ocr_par' dir='ltr' id='par_1_60' title="bbox 460 4208 2042 4279">
     <span class='ocr_line' id='line_1_60' title="bbox 460 4208 2042 4279; baseline 0 -15"><span class='ocrx_word' id='word_1_437' title='bbox 460 4208 837 4275; x_wconf 78' lang='lat' dir='ltr'><strong>Hierusalem,</strong></span> <span class='ocrx_word' id='word_1_438' title='bbox 894 4217 1043 4263; x_wconf 86' lang='lat' dir='ltr'><strong>tanta</strong></span> <span class='ocrx_word' id='word_1_439' title='bbox 1080 4210 1186 4264; x_wconf 90' lang='lat' dir='ltr'><strong>erit</strong></span> <span class='ocrx_word' id='word_1_440' title='bbox 1231 4210 1562 4279; x_wconf 87' lang='lat' dir='ltr'><strong>prosperitas</strong></span> <span class='ocrx_word' id='word_1_441' title='bbox 1611 4218 1666 4266; x_wconf 88' lang='lat' dir='ltr'><strong>et</strong></span> <span class='ocrx_word' id='word_1_442' title='bbox 1713 4210 2042 4265; x_wconf 84' lang='lat' dir='ltr'><strong>abundantia</strong></span> 
     </span>
    </p>
   </div>
   <div class='ocr_carea' id='block_1_61' title="bbox 461 4300 2042 4372">
    <p class='ocr_par' dir='ltr' id='par_1_61' title="bbox 461 4300 2042 4372">
     <span class='ocr_line' id='line_1_61' title="bbox 461 4300 2042 4372; baseline -0.001 -16"><span class='ocrx_word' id='word_1_443' title='bbox 461 4302 630 4372; x_wconf 90' lang='lat' dir='ltr'><strong>pacis,</strong></span> <span class='ocrx_word' id='word_1_444' title='bbox 664 4310 724 4354; x_wconf 92' lang='lat' dir='ltr'><strong>ut</strong></span> <span class='ocrx_word' id='word_1_445' title='bbox 756 4300 903 4355; x_wconf 92' lang='lat' dir='ltr'><strong>nullo</strong></span> <span class='ocrx_word' id='word_1_446' title='bbox 936 4306 1093 4354; x_wconf 87' lang='lat' dir='ltr'><strong>ueste</strong></span> <span class='ocrx_word' id='word_1_447' title='bbox 1136 4309 1448 4356; x_wconf 87' lang='lat' dir='ltr'><strong>remanente</strong></span> <span class='ocrx_word' id='word_1_448' title='bbox 1486 4317 1653 4370; x_wconf 90' lang='lat' dir='ltr'><strong>usque</strong></span> <span class='ocrx_word' id='word_1_449' title='bbox 1694 4301 1760 4355; x_wconf 91' lang='lat' dir='ltr'><strong>ad</strong></span> <span class='ocrx_word' id='word_1_450' title='bbox 1798 4301 2042 4357; x_wconf 87' lang='lat' dir='ltr'><strong>ultimam</strong></span> 
     </span>
    </p>
   </div>
   <div class='ocr_carea' id='block_1_62' title="bbox 461 4392 2043 4462">
    <p class='ocr_par' dir='ltr' id='par_1_62' title="bbox 461 4392 2043 4462">
     <span class='ocr_line' id='line_1_62' title="bbox 461 4392 2043 4462; baseline 0 -15"><span class='ocrx_word' id='word_1_451' title='bbox 461 4401 797 4448; x_wconf 90' lang='lat' dir='ltr'><strong>senectutem</strong></span> <span class='ocrx_word' id='word_1_452' title='bbox 830 4392 1013 4446; x_wconf 89' lang='lat' dir='ltr'><strong>vivant</strong></span> <span class='ocrx_word' id='word_1_453' title='bbox 1042 4392 1287 4447; x_wconf 90' lang='lat' dir='ltr'><strong>homines</strong></span> <span class='ocrx_word' id='word_1_454' title='bbox 1318 4392 1372 4446; x_wconf 93' lang='lat' dir='ltr'><strong>in</strong></span> <span class='ocrx_word' id='word_1_455' title='bbox 1403 4402 1631 4462; x_wconf 92' lang='lat' dir='ltr'><strong>utroque</strong></span> <span class='ocrx_word' id='word_1_456' title='bbox 1660 4408 1814 4458; x_wconf 86' lang='lat' dir='ltr'><strong>sexu,</strong></span> <span class='ocrx_word' id='word_1_457' title='bbox 1845 4400 1900 4446; x_wconf 89' lang='lat' dir='ltr'><strong>et</strong></span> <span class='ocrx_word' id='word_1_458' title='bbox 1936 4400 2043 4447; x_wconf 80' lang='lat' dir='ltr'><strong>tre-</strong></span> 
     </span>
    </p>
   </div>
   <div class='ocr_carea' id='block_1_63' title="bbox 460 4472 2043 4554">
    <p class='ocr_par' dir='ltr' id='par_1_63' title="bbox 460 4472 2043 4554">
     <span class='ocr_line' id='line_1_63' title="bbox 460 4472 2043 4554; baseline -0.003 -11"><span class='ocrx_word' id='word_1_459' title='bbox 460 4472 670 4543; x_wconf 62' lang='lat' dir='ltr'><strong>luentes</strong></span> <span class='ocrx_word' id='word_1_460' title='bbox 698 4495 847 4543; x_wconf 89' lang='lat' dir='ltr'><strong>artus</strong></span> <span class='ocrx_word' id='word_1_461' title='bbox 876 4484 1068 4541; x_wconf 87' lang='lat' dir='ltr'><strong>baculo</strong></span> <span class='ocrx_word' id='word_1_462' title='bbox 1095 4493 1399 4541; x_wconf 81' lang='lat' dir='ltr'><strong>sustentant</strong></span> <span class='ocrx_word' id='word_1_463' title='bbox 1423 4500 1535 4554; x_wconf 69' lang='lat' dir='ltr'><strong>praz</strong></span> <span class='ocrx_word' id='word_1_464' title='bbox 1561 4484 1770 4538; x_wconf 90' lang='lat' dir='ltr'><strong>dierum</strong></span> <span class='ocrx_word' id='word_1_465' title='bbox 1798 4484 2043 4538; x_wconf 86' lang='lat' dir='ltr'><strong>multitu-</strong></span> 
     </span>
    </p>
   </div>
   <div class='ocr_carea' id='block_1_64' title="bbox 462 4560 2039 4646">
    <p class='ocr_par' dir='ltr' id='par_1_64' title="bbox 462 4560 2039 4646">
     <span class='ocr_line' id='line_1_64' title="bbox 462 4560 2039 4646; baseline 0 -18"><span class='ocrx_word' id='word_1_466' title='bbox 462 4560 625 4641; x_wconf 85' lang='lat' dir='ltr'><strong>dine,</strong></span> <span class='ocrx_word' id='word_1_467' title='bbox 681 4574 871 4646; x_wconf 74' lang='lat' dir='ltr'><strong>platea:</strong></span> <span class='ocrx_word' id='word_1_468' title='bbox 927 4588 1140 4643; x_wconf 86' lang='lat' dir='ltr'><strong>quoque</strong></span> <span class='ocrx_word' id='word_1_469' title='bbox 1191 4573 1309 4641; x_wconf 87' lang='lat' dir='ltr'><strong>ejus</strong></span> <span class='ocrx_word' id='word_1_470' title='bbox 1358 4572 1684 4642; x_wconf 87' lang='lat' dir='ltr'><strong>impleantur</strong></span> <span class='ocrx_word' id='word_1_471' title='bbox 1731 4572 2039 4628; x_wconf 91' lang='lat' dir='ltr'><strong>ludentibus</strong></span> 
     </span>
    </p>
   </div>
   <div class='ocr_carea' id='block_1_65' title="bbox 457 4661 2040 4743">
    <p class='ocr_par' dir='ltr' id='par_1_65' title="bbox 457 4661 2040 4743">
     <span class='ocr_line' id='line_1_65' title="bbox 457 4661 2040 4743; baseline 0 -26"><span class='ocrx_word' id='word_1_472' title='bbox 457 4664 641 4743; x_wconf 83' lang='lat' dir='ltr'><strong>pueris</strong></span> <span class='ocrx_word' id='word_1_473' title='bbox 670 4673 725 4719; x_wconf 92' lang='lat' dir='ltr'><strong>et</strong></span> <span class='ocrx_word' id='word_1_474' title='bbox 753 4662 964 4741; x_wconf 79' lang='lat' dir='ltr'><strong>puellis.</strong></span> <span class='ocrx_word' id='word_1_475' title='bbox 1010 4661 1375 4733; x_wconf 89' lang='lat' dir='ltr'><strong>Spiritualiter</strong></span> <span class='ocrx_word' id='word_1_476' title='bbox 1408 4661 1619 4732; x_wconf 75' lang='lat' dir='ltr'><strong>plateae,</strong></span> <span class='ocrx_word' id='word_1_477' title='bbox 1652 4678 1770 4732; x_wconf 80' lang='lat' dir='ltr'><strong>qua:</strong></span> <span class='ocrx_word' id='word_1_478' title='bbox 1800 4678 1829 4717; x_wconf 92' lang='lat' dir='ltr'><strong>a</strong></span> <span class='ocrx_word' id='word_1_479' title='bbox 1859 4661 2040 4717; x_wconf 87' lang='lat' dir='ltr'><strong>latitu-</strong></span> 
     </span>
    </p>
   </div>
   <div class='ocr_carea' id='block_1_66' title="bbox 462 4751 2039 4826">
    <p class='ocr_par' dir='ltr' id='par_1_66' title="bbox 462 4751 2039 4826">
     <span class='ocr_line' id='line_1_66' title="bbox 462 4751 2039 4826; baseline 0.001 -21"><span class='ocrx_word' id='word_1_480' title='bbox 462 4752 589 4826; x_wconf 83' lang='lat' dir='ltr'><strong>dine</strong></span> <span class='ocrx_word' id='word_1_481' title='bbox 618 4752 1050 4820; x_wconf 85' lang='lat' dir='ltr'><strong>dicuntur,.sunt</strong></span> <span class='ocrx_word' id='word_1_482' title='bbox 1080 4751 1324 4816; x_wconf 88' lang='lat' dir='ltr'><strong>virtutes,</strong></span> <span class='ocrx_word' id='word_1_483' title='bbox 1360 4752 1413 4805; x_wconf 90' lang='lat' dir='ltr'><strong>in</strong></span> <span class='ocrx_word' id='word_1_484' title='bbox 1461 4752 1658 4821; x_wconf 91' lang='lat' dir='ltr'><strong>quibus</strong></span> <span class='ocrx_word' id='word_1_485' title='bbox 1701 4754 1870 4808; x_wconf 90' lang='lat' dir='ltr'><strong>sancti</strong></span> <span class='ocrx_word' id='word_1_486' title='bbox 1918 4769 2039 4824; x_wconf 88' lang='lat' dir='ltr'><strong>spa-</strong></span> 
     </span>
    </p>
   </div>
   <div class='ocr_carea' id='block_1_67' title="bbox 461 4838 2037 4913">
    <p class='ocr_par' dir='ltr' id='par_1_67' title="bbox 461 4838 2037 4913">
     <span class='ocr_line' id='line_1_67' title="bbox 461 4838 2037 4913; baseline 0.001 -16"><span class='ocrx_word' id='word_1_487' title='bbox 461 4838 664 4907; x_wconf 71' lang='lat' dir='ltr'><strong>tiantur</strong></span> <span class='ocrx_word' id='word_1_488' title='bbox 694 4848 750 4903; x_wconf 87' lang='lat' dir='ltr'><strong>et</strong></span> <span class='ocrx_word' id='word_1_489' title='bbox 793 4842 1113 4901; x_wconf 87' lang='lat' dir='ltr'><strong>fiducialiter</strong></span> <span class='ocrx_word' id='word_1_490' title='bbox 1153 4849 1337 4913; x_wconf 81' lang='lat' dir='ltr'><strong>agunt.</strong></span> <span class='ocrx_word' id='word_1_491' title='bbox 1369 4841 1504 4897; x_wconf 84' lang='lat' dir='ltr'><strong>Nam</strong></span> <span class='ocrx_word' id='word_1_492' title='bbox 1536 4842 1821 4899; x_wconf 88' lang='lat' dir='ltr'><strong>Psalmista</strong></span> <span class='ocrx_word' id='word_1_493' title='bbox 1870 4845 2037 4901; x_wconf 88' lang='lat' dir='ltr'><strong>latqu</strong></span> 
     </span>
    </p>
   </div>
   <div class='ocr_carea' id='block_1_68' title="bbox 460 4931 2040 5005">
    <p class='ocr_par' dir='ltr' id='par_1_68' title="bbox 460 4931 2040 5005">
     <span class='ocr_line' id='line_1_68' title="bbox 460 4931 2040 5005; baseline 0.002 -18"><span class='ocrx_word' id='word_1_494' title='bbox 460 4932 694 5004; x_wconf 90' lang='lat' dir='ltr'><strong>appellat</strong></span> <span class='ocrx_word' id='word_1_495' title='bbox 727 4933 1037 4987; x_wconf 88' lang='lat' dir='ltr'><strong>mandatum</strong></span> <span class='ocrx_word' id='word_1_496' title='bbox 1077 4932 1193 4987; x_wconf 85' lang='lat' dir='ltr'><strong>Dei.</strong></span> <span class='ocrx_word' id='word_1_497' title='bbox 1226 4931 1283 4991; x_wconf 85' lang='lat' dir='ltr'><strong>ln</strong></span> <span class='ocrx_word' id='word_1_498' title='bbox 1325 4932 1408 4987; x_wconf 90' lang='lat' dir='ltr'><strong>his</strong></span> <span class='ocrx_word' id='word_1_499' title='bbox 1431 4931 1623 5005; x_wconf 87' lang='lat' dir='ltr'><strong>plateis</strong></span> <span class='ocrx_word' id='word_1_500' title='bbox 1658 4934 1846 4990; x_wconf 89' lang='lat' dir='ltr'><strong>sedent</strong></span> <span class='ocrx_word' id='word_1_501' title='bbox 1880 4949 2040 4991; x_wconf 90' lang='lat' dir='ltr'><strong>senes</strong></span> 
     </span>
    </p>
   </div>
   <div class='ocr_carea' id='block_1_69' title="bbox 460 5021 2040 5095">
    <p class='ocr_par' dir='ltr' id='par_1_69' title="bbox 460 5021 2040 5095">
     <span class='ocr_line' id='line_1_69' title="bbox 460 5021 2040 5095; baseline -0.002 -16"><span class='ocrx_word' id='word_1_502' title='bbox 460 5033 515 5079; x_wconf 84' lang='lat' dir='ltr'><strong>et</strong></span> <span class='ocrx_word' id='word_1_503' title='bbox 544 5038 699 5087; x_wconf 87' lang='lat' dir='ltr'><strong>anns,</strong></span> <span class='ocrx_word' id='word_1_504' title='bbox 731 5022 785 5075; x_wconf 92' lang='lat' dir='ltr'><strong>id</strong></span> <span class='ocrx_word' id='word_1_505' title='bbox 811 5028 893 5076; x_wconf 89' lang='lat' dir='ltr'><strong>est</strong></span> <span class='ocrx_word' id='word_1_506' title='bbox 923 5021 1144 5095; x_wconf 67' lang='lat' dir='ltr'><strong>perfecti</strong></span> <span class='ocrx_word' id='word_1_507' title='bbox 1175 5022 1373 5091; x_wconf 89' lang='lat' dir='ltr'><strong>quique</strong></span> <span class='ocrx_word' id='word_1_508' title='bbox 1406 5032 1459 5079; x_wconf 89' lang='lat' dir='ltr'><strong>et</strong></span> <span class='ocrx_word' id='word_1_509' title='bbox 1489 5023 1700 5077; x_wconf 92' lang='lat' dir='ltr'><strong>emeriti</strong></span> <span class='ocrx_word' id='word_1_510' title='bbox 1734 5023 1785 5077; x_wconf 90' lang='lat' dir='ltr'><strong>in</strong></span> <span class='ocrx_word' id='word_1_511' title='bbox 1827 5023 2040 5078; x_wconf 90' lang='lat' dir='ltr'><strong>virtuti-</strong></span> 
     </span>
    </p>
   </div>
   <div class='ocr_carea' id='block_1_70' title="bbox 460 5112 2040 5184">
    <p class='ocr_par' dir='ltr' id='par_1_70' title="bbox 460 5112 2040 5184">
     <span class='ocr_line' id='line_1_70' title="bbox 460 5112 2040 5184; baseline 0 -18"><span class='ocrx_word' id='word_1_512' title='bbox 460 5115 581 5175; x_wconf 83' lang='lat' dir='ltr'><strong>bus.</strong></span> <span class='ocrx_word' id='word_1_513' title='bbox 612 5112 877 5169; x_wconf 88' lang='lat' dir='ltr'><strong>Senectus</strong></span> <span class='ocrx_word' id='word_1_514' title='bbox 913 5113 1056 5173; x_wconf 90' lang='lat' dir='ltr'><strong>enim</strong></span> <span class='ocrx_word' id='word_1_515' title='bbox 1085 5113 1407 5168; x_wconf 86' lang='lat' dir='ltr'><strong>venerabilis</strong></span> <span class='ocrx_word' id='word_1_516' title='bbox 1444 5122 1528 5169; x_wconf 89' lang='lat' dir='ltr'><strong>est</strong></span> <span class='ocrx_word' id='word_1_517' title='bbox 1563 5124 1618 5168; x_wconf 91' lang='lat' dir='ltr'><strong>et</strong></span> <span class='ocrx_word' id='word_1_518' title='bbox 1658 5114 1886 5184; x_wconf 89' lang='lat' dir='ltr'><strong>reliqua.</strong></span> <span class='ocrx_word' id='word_1_519' title='bbox 1934 5113 2040 5167; x_wconf 76' lang='lat' dir='ltr'><strong>lte-</strong></span> 
     </span>
    </p>
   </div>
   <div class='ocr_carea' id='block_1_71' title="bbox 460 5198 2037 5285">
    <p class='ocr_par' dir='ltr' id='par_1_71' title="bbox 460 5198 2037 5285">
     <span class='ocr_line' id='line_1_71' title="bbox 460 5198 2037 5285; baseline 0.003 -28"><span class='ocrx_word' id='word_1_520' title='bbox 460 5198 749 5275; x_wconf 79' lang='lat' dir='ltr'><strong>plebuntur</strong></span> <span class='ocrx_word' id='word_1_521' title='bbox 798 5205 982 5280; x_wconf 87' lang='lat' dir='ltr'><strong>pueris</strong></span> <span class='ocrx_word' id='word_1_522' title='bbox 1026 5213 1081 5259; x_wconf 92' lang='lat' dir='ltr'><strong>et</strong></span> <span class='ocrx_word' id='word_1_523' title='bbox 1113 5205 1323 5277; x_wconf 90' lang='lat' dir='ltr'><strong>puellis,</strong></span> <span class='ocrx_word' id='word_1_524' title='bbox 1368 5205 1420 5261; x_wconf 92' lang='lat' dir='ltr'><strong>id</strong></span> <span class='ocrx_word' id='word_1_525' title='bbox 1467 5216 1553 5262; x_wconf 91' lang='lat' dir='ltr'><strong>est</strong></span> <span class='ocrx_word' id='word_1_526' title='bbox 1590 5208 1684 5285; x_wconf 87' lang='lat' dir='ltr'><strong>qui</strong></span> <span class='ocrx_word' id='word_1_527' title='bbox 1733 5208 2037 5262; x_wconf 90' lang='lat' dir='ltr'><strong>rudimenta</strong></span> 
     </span>
    </p>
   </div>
   <div class='ocr_carea' id='block_1_72' title="bbox 459 5294 2063 5371">
    <p class='ocr_par' dir='ltr' id='par_1_72' title="bbox 459 5294 2063 5371">
     <span class='ocr_line' id='line_1_72' title="bbox 459 5294 2063 5371; baseline 0.002 -21"><span class='ocrx_word' id='word_1_528' title='bbox 459 5295 727 5353; x_wconf 86' lang='lat' dir='ltr'><strong>sermonis</strong></span> <span class='ocrx_word' id='word_1_529' title='bbox 756 5294 847 5358; x_wconf 88' lang='lat' dir='ltr'><strong>Dei</strong></span> <span class='ocrx_word' id='word_1_530' title='bbox 898 5295 1237 5371; x_wconf 84' lang='lat' dir='ltr'><strong>percipiunt,</strong></span> <span class='ocrx_word' id='word_1_531' title='bbox 1288 5299 1537 5368; x_wconf 84' lang='lat' dir='ltr'><strong>qualibus</strong></span> <span class='ocrx_word' id='word_1_532' title='bbox 1579 5297 1709 5353; x_wconf 89' lang='lat' dir='ltr'><strong>dicit</strong></span> <span class='ocrx_word' id='word_1_533' title='bbox 1756 5297 1991 5353; x_wconf 82' lang='lat' dir='ltr'><strong>Joannes</strong></span> <span class='ocrx_word' id='word_1_534' title='bbox 2022 5316 2063 5352; x_wconf 72' lang='grc' dir='ltr'><strong>τι</strong></span> 
     </span>
    </p>
   </div>
   <div class='ocr_carea' id='block_1_73' title="bbox 461 5384 2037 5459">
    <p class='ocr_par' dir='ltr' id='par_1_73' title="bbox 461 5384 2037 5459">
     <span class='ocr_line' id='line_1_73' title="bbox 461 5384 2037 5459; baseline 0.002 -19"><span class='ocrx_word' id='word_1_535' title='bbox 461 5384 652 5441; x_wconf 61' lang='lat' dir='ltr'><strong>Scribe</strong></span> <span class='ocrx_word' id='word_1_536' title='bbox 689 5387 840 5443; x_wconf 87' lang='lat' dir='ltr'><strong>vobis</strong></span> <span class='ocrx_word' id='word_1_537' title='bbox 877 5388 1049 5458; x_wconf 88' lang='lat' dir='ltr'><strong>pueri,</strong></span> <span class='ocrx_word' id='word_1_538' title='bbox 1084 5389 1208 5458; x_wconf 89' lang='lat' dir='ltr'><strong>quia</strong></span> <span class='ocrx_word' id='word_1_539' title='bbox 1252 5388 1597 5444; x_wconf 88' lang='lat' dir='ltr'><strong>dimittuntur</strong></span> <span class='ocrx_word' id='word_1_540' title='bbox 1632 5387 1784 5443; x_wconf 87' lang='lat' dir='ltr'><strong>vobis</strong></span> <span class='ocrx_word' id='word_1_541' title='bbox 1814 5398 2037 5459; x_wconf 85' lang='lat' dir='ltr'><strong>peccata</strong></span> 
     </span>
    </p>
   </div>
   <div class='ocr_carea' id='block_1_74' title="bbox 458 5479 2038 5553">
    <p class='ocr_par' dir='ltr' id='par_1_74' title="bbox 458 5479 2038 5553">
     <span class='ocr_line' id='line_1_74' title="bbox 458 5479 2038 5553; baseline 0.003 -21"><span class='ocrx_word' id='word_1_542' title='bbox 458 5486 638 5534; x_wconf 70' lang='lat' dir='ltr'><strong>vestra</strong></span> <span class='ocrx_word' id='word_1_543' title='bbox 666 5495 764 5550; x_wconf 89' lang='lat' dir='ltr'><strong>per</strong></span> <span class='ocrx_word' id='word_1_544' title='bbox 797 5496 993 5536; x_wconf 91' lang='lat' dir='ltr'><strong>nomen</strong></span> <span class='ocrx_word' id='word_1_545' title='bbox 1024 5481 1161 5553; x_wconf 88' lang='lat' dir='ltr'><strong>ejus,</strong></span> <span class='ocrx_word' id='word_1_546' title='bbox 1190 5488 1245 5534; x_wconf 90' lang='lat' dir='ltr'><strong>et</strong></span> <span class='ocrx_word' id='word_1_547' title='bbox 1275 5482 1353 5535; x_wconf 89' lang='lat' dir='ltr'><strong>sic</strong></span> <span class='ocrx_word' id='word_1_548' title='bbox 1381 5479 1689 5550; x_wconf 88' lang='lat' dir='ltr'><strong>implebitur</strong></span> <span class='ocrx_word' id='word_1_549' title='bbox 1715 5482 1860 5551; x_wconf 86' lang='lat' dir='ltr'><strong>quod</strong></span> <span class='ocrx_word' id='word_1_550' title='bbox 1888 5481 2038 5537; x_wconf 85' lang='lat' dir='ltr'><strong>Psal-</strong></span> 
     </span>
    </p>
   </div>
   <div class='ocr_carea' id='block_1_75' title="bbox 458 5570 1657 5643">
    <p class='ocr_par' dir='ltr' id='par_1_75' title="bbox 458 5570 1657 5643">
     <span class='ocr_line' id='line_1_75' title="bbox 458 5570 1657 5643; baseline 0.002 -20"><span class='ocrx_word' id='word_1_551' title='bbox 458 5573 614 5626; x_wconf 88' lang='lat' dir='ltr'><strong>mista</strong></span> <span class='ocrx_word' id='word_1_552' title='bbox 645 5572 794 5635; x_wconf 90' lang='lat' dir='ltr'><strong>dicit,</strong></span> <span class='ocrx_word' id='word_1_553' title='bbox 831 5591 850 5623; x_wconf 70' lang='grc' dir='ltr'><strong>ε</strong></span> <span class='ocrx_word' id='word_1_554' title='bbox 883 5570 1117 5627; x_wconf 86' lang='lat' dir='ltr'><strong>Juvenes</strong></span> <span class='ocrx_word' id='word_1_555' title='bbox 1141 5580 1196 5627; x_wconf 92' lang='lat' dir='ltr'><strong>et</strong></span> <span class='ocrx_word' id='word_1_556' title='bbox 1220 5572 1472 5643; x_wconf 81' lang='lat' dir='ltr'><strong>virgines,</strong></span> <span class='ocrx_word' id='word_1_557' title='bbox 1509 5592 1524 5621; x_wconf 77' lang='grc' dir='ltr'><strong>ι</strong></span> <span class='ocrx_word' id='word_1_558' title='bbox 1552 5580 1657 5627; x_wconf 89' lang='lat' dir='ltr'><strong>etc.</strong></span> 
     </span>
    </p>
   </div>
   <div class='ocr_carea' id='block_1_76' title="bbox 540 5660 2035 5719">
    <p class='ocr_par' dir='ltr' id='par_1_76' title="bbox 540 5660 2035 5719">
     <span class='ocr_line' id='line_1_76' title="bbox 540 5660 2035 5719; baseline 0.003 -5"><span class='ocrx_word' id='word_1_559' title='bbox 540 5682 558 5714; x_wconf 76' lang='grc' dir='ltr'>ι</span> <span class='ocrx_word' id='word_1_560' title='bbox 595 5663 719 5719; x_wconf 62' lang='grc' dir='ltr'><strong>Περ</strong></span> <span class='ocrx_word' id='word_1_561' title='bbox 749 5664 883 5718; x_wconf 90' lang='lat' dir='ltr'><strong>dicit</strong></span> <span class='ocrx_word' id='word_1_562' title='bbox 913 5663 1173 5717; x_wconf 92' lang='lat' dir='ltr'><strong>Dominus</strong></span> <span class='ocrx_word' id='word_1_563' title='bbox 1218 5661 1553 5716; x_wconf 77' lang='lat' dir='ltr'><strong>exercituum</strong></span> <span class='ocrx_word' id='word_1_564' title='bbox 1587 5679 1600 5715; x_wconf 91' lang='lat'><strong>:</strong></span> <span class='ocrx_word' id='word_1_565' title='bbox 1634 5660 1692 5717; x_wconf 92' lang='lat' dir='ltr'><strong>Si</strong></span> <span class='ocrx_word' id='word_1_566' title='bbox 1720 5661 1933 5717; x_wconf 85' lang='lat' dir='ltr'><strong>diﬂieile</strong></span> <span class='ocrx_word' id='word_1_567' title='bbox 1954 5664 2035 5718; x_wconf 86' lang='lat' dir='ltr'><strong>vi-</strong></span> 
     </span>
    </p>
   </div>
   <div class='ocr_carea' id='block_1_77' title="bbox 459 5752 2037 5824">
    <p class='ocr_par' dir='ltr' id='par_1_77' title="bbox 459 5752 2037 5824">
     <span class='ocr_line' id='line_1_77' title="bbox 459 5752 2037 5824; baseline 0.002 -16"><span class='ocrx_word' id='word_1_568' title='bbox 459 5752 675 5809; x_wconf 89' lang='lat' dir='ltr'><strong>debitur</strong></span> <span class='ocrx_word' id='word_1_569' title='bbox 702 5756 756 5808; x_wconf 92' lang='lat' dir='ltr'><strong>in</strong></span> <span class='ocrx_word' id='word_1_570' title='bbox 781 5754 954 5809; x_wconf 88' lang='lat' dir='ltr'><strong>oculis</strong></span> <span class='ocrx_word' id='word_1_571' title='bbox 993 5752 1339 5824; x_wconf 88' lang='lat' dir='ltr'><strong>reliquiarum</strong></span> <span class='ocrx_word' id='word_1_572' title='bbox 1375 5753 1556 5823; x_wconf 92' lang='lat' dir='ltr'><strong>populi</strong></span> <span class='ocrx_word' id='word_1_573' title='bbox 1588 5753 1745 5809; x_wconf 86' lang='lat' dir='ltr'><strong>huius</strong></span> <span class='ocrx_word' id='word_1_574' title='bbox 1768 5755 1819 5808; x_wconf 92' lang='lat' dir='ltr'><strong>in</strong></span> <span class='ocrx_word' id='word_1_575' title='bbox 1849 5754 2037 5811; x_wconf 87' lang='lat' dir='ltr'><strong>diebus</strong></span> 
     </span>
    </p>
   </div>
   <div class='ocr_carea' id='block_1_78' title="bbox 461 5843 2038 5925">
    <p class='ocr_par' dir='ltr' id='par_1_78' title="bbox 461 5843 2038 5925">
     <span class='ocr_line' id='line_1_78' title="bbox 461 5843 2038 5925; baseline 0.001 -23"><span class='ocrx_word' id='word_1_576' title='bbox 461 5846 587 5915; x_wconf 81' lang='lat' dir='ltr'><strong>illis,</strong></span> <span class='ocrx_word' id='word_1_577' title='bbox 608 5846 852 5925; x_wconf 88' lang='lat' dir='ltr'><strong>nunquid</strong></span> <span class='ocrx_word' id='word_1_578' title='bbox 880 5846 932 5902; x_wconf 87' lang='lat' dir='ltr'><strong>itt</strong></span> <span class='ocrx_word' id='word_1_579' title='bbox 961 5843 1132 5901; x_wconf 88' lang='lat' dir='ltr'><strong>oculis</strong></span> <span class='ocrx_word' id='word_1_580' title='bbox 1156 5844 1293 5902; x_wconf 87' lang='lat' dir='ltr'><strong>meis</strong></span> <span class='ocrx_word' id='word_1_581' title='bbox 1322 5843 1533 5903; x_wconf 83' lang='lat' dir='ltr'><strong>dillicile</strong></span> <span class='ocrx_word' id='word_1_582' title='bbox 1557 5848 1681 5914; x_wconf 77' lang='lat' dir='ltr'><strong>erit,</strong></span> <span class='ocrx_word' id='word_1_583' title='bbox 1707 5848 1835 5906; x_wconf 90' lang='lat' dir='ltr'><strong>dicit</strong></span> <span class='ocrx_word' id='word_1_584' title='bbox 1859 5846 2038 5905; x_wconf 85' lang='lat' dir='ltr'><strong>Domi-</strong></span> 
     </span>
    </p>
   </div>
   <div class='ocr_carea' id='block_1_79' title="bbox 2142 2011 3727 2082">
    <p class='ocr_par' dir='ltr' id='par_1_79' title="bbox 2142 2011 3727 2082">
     <span class='ocr_line' id='line_1_79' title="bbox 2142 2011 3727 2082; baseline 0 -13"><span class='ocrx_word' id='word_1_585' title='bbox 2142 2029 2236 2069; x_wconf 89' lang='lat' dir='ltr'><strong>ero</strong></span> <span class='ocrx_word' id='word_1_586' title='bbox 2257 2013 2337 2069; x_wconf 92' lang='lat' dir='ltr'><strong>eis</strong></span> <span class='ocrx_word' id='word_1_587' title='bbox 2364 2013 2418 2068; x_wconf 89' lang='lat' dir='ltr'><strong>in</strong></span> <span class='ocrx_word' id='word_1_588' title='bbox 2448 2013 2614 2069; x_wconf 88' lang='lat' dir='ltr'><strong>Deum</strong></span> <span class='ocrx_word' id='word_1_589' title='bbox 2644 2013 2697 2068; x_wconf 90' lang='lat' dir='ltr'><strong>iu</strong></span> <span class='ocrx_word' id='word_1_590' title='bbox 2726 2013 2954 2067; x_wconf 85' lang='lat' dir='ltr'><strong>veritate</strong></span> <span class='ocrx_word' id='word_1_591' title='bbox 2974 2026 3029 2067; x_wconf 87' lang='lat' dir='ltr'><strong>et</strong></span> <span class='ocrx_word' id='word_1_592' title='bbox 3050 2011 3351 2082; x_wconf 76' lang='lat' dir='ltr'><strong>iniustitia.</strong></span> <span class='ocrx_word' id='word_1_593' title='bbox 3386 2033 3408 2063; x_wconf 74' lang='grc' dir='ltr'><strong><em>ι</em></strong></span> <span class='ocrx_word' id='word_1_594' title='bbox 3442 2013 3727 2071; x_wconf 67' lang='lat' dir='ltr'><strong>limatum</strong></span> 
     </span>
    </p>
   </div>
   <div class='ocr_carea' id='block_1_80' title="bbox 2142 2105 3730 2176">
    <p class='ocr_par' dir='ltr' id='par_1_80' title="bbox 2142 2105 3730 2176">
     <span class='ocr_line' id='line_1_80' title="bbox 2142 2105 3730 2176; baseline 0.001 -17"><span class='ocrx_word' id='word_1_595' title='bbox 2142 2105 2358 2176; x_wconf 88' lang='lat' dir='ltr'><strong>impleta</strong></span> <span class='ocrx_word' id='word_1_596' title='bbox 2432 2113 2555 2160; x_wconf 91' lang='lat' dir='ltr'><strong>sunt</strong></span> <span class='ocrx_word' id='word_1_597' title='bbox 2619 2120 2685 2160; x_wconf 81' lang='lat' dir='ltr'><strong>ex</strong></span> <span class='ocrx_word' id='word_1_598' title='bbox 2747 2113 2900 2174; x_wconf 82' lang='lat' dir='ltr'><strong>parte</strong></span> <span class='ocrx_word' id='word_1_599' title='bbox 2950 2105 3051 2160; x_wconf 88' lang='lat' dir='ltr'><strong>sub</strong></span> <span class='ocrx_word' id='word_1_600' title='bbox 3103 2105 3400 2163; x_wconf 74' lang='lat' dir='ltr'><strong>Zorobabel</strong></span> <span class='ocrx_word' id='word_1_601' title='bbox 3443 2115 3500 2160; x_wconf 85' lang='lat' dir='ltr'><strong>et</strong></span> <span class='ocrx_word' id='word_1_602' title='bbox 3551 2106 3730 2170; x_wconf 74' lang='lat' dir='ltr'><strong>Jesu,</strong></span> 
     </span>
    </p>
   </div>
   <div class='ocr_carea' id='block_1_81' title="bbox 2142 2196 3733 2269">
    <p class='ocr_par' dir='ltr' id='par_1_81' title="bbox 2142 2196 3733 2269">
     <span class='ocr_line' id='line_1_81' title="bbox 2142 2196 3733 2269; baseline 0.001 -17"><span class='ocrx_word' id='word_1_603' title='bbox 2142 2198 2357 2269; x_wconf 89' lang='lat' dir='ltr'><strong>quando</strong></span> <span class='ocrx_word' id='word_1_604' title='bbox 2396 2197 2489 2253; x_wconf 84' lang='lat' dir='ltr'><strong>Dei</strong></span> <span class='ocrx_word' id='word_1_605' title='bbox 2531 2196 2761 2267; x_wconf 91' lang='lat' dir='ltr'><strong>p0pulus</strong></span> <span class='ocrx_word' id='word_1_606' title='bbox 2802 2212 3055 2257; x_wconf 86' lang='lat' dir='ltr'><strong>reversus</strong></span> <span class='ocrx_word' id='word_1_607' title='bbox 3081 2206 3163 2253; x_wconf 85' lang='lat' dir='ltr'><strong>est</strong></span> <span class='ocrx_word' id='word_1_608' title='bbox 3198 2198 3265 2252; x_wconf 86' lang='lat' dir='ltr'><strong>de</strong></span> <span class='ocrx_word' id='word_1_609' title='bbox 3304 2196 3644 2265; x_wconf 70' lang='lat' dir='ltr'><strong>captivitate,</strong></span> <span class='ocrx_word' id='word_1_610' title='bbox 3673 2204 3733 2253; x_wconf 75' lang='lat' dir='ltr'><strong>et</strong></span> 
     </span>
    </p>
   </div>
   <div class='ocr_carea' id='block_1_82' title="bbox 2142 2285 3743 2352">
    <p class='ocr_par' dir='ltr' id='par_1_82' title="bbox 2142 2285 3743 2352">
     <span class='ocr_line' id='line_1_82' title="bbox 2142 2285 3743 2352; baseline -0.002 -8"><span class='ocrx_word' id='word_1_611' title='bbox 2142 2288 2406 2344; x_wconf 87' lang='lat' dir='ltr'><strong>habitavit</strong></span> <span class='ocrx_word' id='word_1_612' title='bbox 2451 2287 2506 2340; x_wconf 91' lang='lat' dir='ltr'><strong>in</strong></span> <span class='ocrx_word' id='word_1_613' title='bbox 2557 2285 2927 2352; x_wconf 85' lang='lat' dir='ltr'><strong>Hierusalem,</strong></span> <span class='ocrx_word' id='word_1_614' title='bbox 2964 2295 3025 2343; x_wconf 89' lang='lat' dir='ltr'><strong>et</strong></span> <span class='ocrx_word' id='word_1_615' title='bbox 3070 2296 3295 2345; x_wconf 84' lang='lat' dir='ltr'><strong>vocatus</strong></span> <span class='ocrx_word' id='word_1_616' title='bbox 3337 2296 3419 2343; x_wconf 87' lang='lat' dir='ltr'><strong>est</strong></span> <span class='ocrx_word' id='word_1_617' title='bbox 3466 2288 3743 2347; x_wconf 21' lang='lat' dir='ltr'><strong>Dominus.</strong></span> 
     </span>
    </p>
   </div>
   <div class='ocr_carea' id='block_1_83' title="bbox 2143 2375 3733 2448">
    <p class='ocr_par' dir='ltr' id='par_1_83' title="bbox 2143 2375 3733 2448">
     <span class='ocr_line' id='line_1_83' title="bbox 2143 2375 3733 2448; baseline 0.002 -16"><span class='ocrx_word' id='word_1_618' title='bbox 2143 2378 2286 2433; x_wconf 90' lang='lat' dir='ltr'><strong>Deus</strong></span> <span class='ocrx_word' id='word_1_619' title='bbox 2312 2392 2524 2443; x_wconf 90' lang='lat' dir='ltr'><strong>eorum,</strong></span> <span class='ocrx_word' id='word_1_620' title='bbox 2551 2385 2605 2430; x_wconf 91' lang='lat' dir='ltr'><strong>et</strong></span> <span class='ocrx_word' id='word_1_621' title='bbox 2636 2392 2778 2433; x_wconf 90' lang='lat' dir='ltr'><strong>nunc</strong></span> <span class='ocrx_word' id='word_1_622' title='bbox 2800 2375 3015 2448; x_wconf 86' lang='lat' dir='ltr'><strong>plenius</strong></span> <span class='ocrx_word' id='word_1_623' title='bbox 3046 2377 3339 2448; x_wconf 84' lang='lat' dir='ltr'><strong>implentur</strong></span> <span class='ocrx_word' id='word_1_624' title='bbox 3364 2378 3468 2433; x_wconf 87' lang='lat' dir='ltr'><strong>sub</strong></span> <span class='ocrx_word' id='word_1_625' title='bbox 3494 2377 3733 2435; x_wconf 73' lang='lat' dir='ltr'><strong>Domino</strong></span> 
     </span>
    </p>
   </div>
   <div class='ocr_carea' id='block_1_84' title="bbox 2143 2468 3729 2538">
    <p class='ocr_par' dir='ltr' id='par_1_84' title="bbox 2143 2468 3729 2538">
     <span class='ocr_line' id='line_1_84' title="bbox 2143 2468 3729 2538; baseline 0.003 -17"><span class='ocrx_word' id='word_1_626' title='bbox 2143 2468 2409 2526; x_wconf 88' lang='lat' dir='ltr'><strong>salvatore</strong></span> <span class='ocrx_word' id='word_1_627' title='bbox 2454 2468 2509 2523; x_wconf 92' lang='lat' dir='ltr'><strong>in</strong></span> <span class='ocrx_word' id='word_1_628' title='bbox 2550 2468 2818 2537; x_wconf 79' lang='lat' dir='ltr'><strong>Ecclesia,</strong></span> <span class='ocrx_word' id='word_1_629' title='bbox 2867 2484 2989 2538; x_wconf 70' lang='lat' dir='ltr'><strong>quae</strong></span> <span class='ocrx_word' id='word_1_630' title='bbox 3035 2476 3121 2527; x_wconf 84' lang='lat' dir='ltr'><strong>est</strong></span> <span class='ocrx_word' id='word_1_631' title='bbox 3174 2485 3301 2525; x_wconf 85' lang='lat' dir='ltr'><strong>vera</strong></span> <span class='ocrx_word' id='word_1_632' title='bbox 3354 2468 3729 2534; x_wconf 78' lang='lat' dir='ltr'><strong>Hierusalem,</strong></span> 
     </span>
    </p>
   </div>
   <div class='ocr_carea' id='block_1_85' title="bbox 2143 2561 3729 2632">
    <p class='ocr_par' dir='ltr' id='par_1_85' title="bbox 2143 2561 3729 2632">
     <span class='ocr_line' id='line_1_85' title="bbox 2143 2561 3729 2632; baseline 0.001 -15"><span class='ocrx_word' id='word_1_633' title='bbox 2143 2576 2265 2617; x_wconf 89' lang='lat' dir='ltr'><strong>cum</strong></span> <span class='ocrx_word' id='word_1_634' title='bbox 2304 2576 2370 2616; x_wconf 86' lang='lat' dir='ltr'><strong>ex</strong></span> <span class='ocrx_word' id='word_1_635' title='bbox 2409 2561 2659 2616; x_wconf 89' lang='lat' dir='ltr'><strong>omnibus</strong></span> <span class='ocrx_word' id='word_1_636' title='bbox 2687 2562 2872 2619; x_wconf 89' lang='lat' dir='ltr'><strong>mundi</strong></span> <span class='ocrx_word' id='word_1_637' title='bbox 2902 2561 3144 2632; x_wconf 89' lang='lat' dir='ltr'><strong>partibus</strong></span> <span class='ocrx_word' id='word_1_638' title='bbox 3172 2564 3393 2621; x_wconf 84' lang='lat' dir='ltr'><strong>veniunt</strong></span> <span class='ocrx_word' id='word_1_639' title='bbox 3428 2565 3498 2629; x_wconf 80' lang='lat' dir='ltr'><strong>ad</strong></span> <span class='ocrx_word' id='word_1_640' title='bbox 3541 2564 3729 2628; x_wconf 68' lang='lat' dir='ltr'><strong>(idem,</strong></span> 
     </span>
    </p>
   </div>
   <div class='ocr_carea' id='block_1_86' title="bbox 2143 2652 3729 2725">
    <p class='ocr_par' dir='ltr' id='par_1_86' title="bbox 2143 2652 3729 2725">
     <span class='ocr_line' id='line_1_86' title="bbox 2143 2652 3729 2725; baseline -0.001 -16"><span class='ocrx_word' id='word_1_641' title='bbox 2143 2653 2285 2709; x_wconf 82' lang='lat' dir='ltr'><strong>sicut</strong></span> <span class='ocrx_word' id='word_1_642' title='bbox 2334 2661 2390 2707; x_wconf 91' lang='lat' dir='ltr'><strong>et</strong></span> <span class='ocrx_word' id='word_1_643' title='bbox 2426 2653 2683 2707; x_wconf 87' lang='lat' dir='ltr'><strong>Dominus</strong></span> <span class='ocrx_word' id='word_1_644' title='bbox 2705 2654 2759 2707; x_wconf 91' lang='lat' dir='ltr'><strong>in</strong></span> <span class='ocrx_word' id='word_1_645' title='bbox 2790 2652 3081 2725; x_wconf 75' lang='lat' dir='ltr'><strong>Evangelia</strong></span> <span class='ocrx_word' id='word_1_646' title='bbox 3116 2652 3288 2709; x_wconf 85' lang='lat' dir='ltr'><strong>dicit:</strong></span> <span class='ocrx_word' id='word_1_647' title='bbox 3328 2673 3346 2706; x_wconf 74' lang='grc' dir='ltr'>ι</span> <span class='ocrx_word' id='word_1_648' title='bbox 3381 2653 3537 2709; x_wconf 79' lang='lat' dir='ltr'><strong>Multi</strong></span> <span class='ocrx_word' id='word_1_649' title='bbox 3582 2655 3729 2709; x_wconf 87' lang='lat' dir='ltr'><strong>enim</strong></span> 
     </span>
    </p>
   </div>
   <div class='ocr_carea' id='block_1_87' title="bbox 2143 2740 3735 2809">
    <p class='ocr_par' dir='ltr' id='par_1_87' title="bbox 2143 2740 3735 2809">
     <span class='ocr_line' id='line_1_87' title="bbox 2143 2740 3735 2809; baseline 0.001 -13"><span class='ocrx_word' id='word_1_650' title='bbox 2143 2742 2355 2796; x_wconf 89' lang='lat' dir='ltr'><strong>venient</strong></span> <span class='ocrx_word' id='word_1_651' title='bbox 2402 2742 2469 2796; x_wconf 88' lang='lat' dir='ltr'><strong>ab</strong></span> <span class='ocrx_word' id='word_1_652' title='bbox 2505 2740 2726 2796; x_wconf 87' lang='lat' dir='ltr'><strong>Oriente</strong></span> <span class='ocrx_word' id='word_1_653' title='bbox 2747 2751 2802 2797; x_wconf 89' lang='lat' dir='ltr'><strong>et</strong></span> <span class='ocrx_word' id='word_1_654' title='bbox 2830 2740 3143 2808; x_wconf 87' lang='lat' dir='ltr'><strong>Occidente,</strong></span> <span class='ocrx_word' id='word_1_655' title='bbox 3184 2763 3201 2792; x_wconf 77' lang='grc' dir='ltr'><strong><em>ι</em></strong></span> <span class='ocrx_word' id='word_1_656' title='bbox 3238 2752 3344 2798; x_wconf 80' lang='lat' dir='ltr'><strong>etc.</strong></span> <span class='ocrx_word' id='word_1_657' title='bbox 3394 2740 3549 2809; x_wconf 78' lang='lat' dir='ltr'><strong>Quod</strong></span> <span class='ocrx_word' id='word_1_658' title='bbox 3600 2758 3735 2797; x_wconf 83' lang='lat' dir='ltr'><strong>vero</strong></span> 
     </span>
    </p>
   </div>
   <div class='ocr_carea' id='block_1_88' title="bbox 2144 2830 3731 2905">
    <p class='ocr_par' dir='ltr' id='par_1_88' title="bbox 2144 2830 3731 2905">
     <span class='ocr_line' id='line_1_88' title="bbox 2144 2830 3731 2905; baseline 0 -17"><span class='ocrx_word' id='word_1_659' title='bbox 2144 2833 2296 2897; x_wconf 89' lang='lat' dir='ltr'><strong>dicit,</strong></span> <span class='ocrx_word' id='word_1_660' title='bbox 2328 2851 2346 2883; x_wconf 81' lang='grc' dir='ltr'>ι</span> <span class='ocrx_word' id='word_1_661' title='bbox 2384 2832 2440 2887; x_wconf 93' lang='lat' dir='ltr'><strong>In</strong></span> <span class='ocrx_word' id='word_1_662' title='bbox 2474 2831 2699 2887; x_wconf 86' lang='lat' dir='ltr'><strong>veritate</strong></span> <span class='ocrx_word' id='word_1_663' title='bbox 2734 2840 2789 2888; x_wconf 86' lang='lat' dir='ltr'><strong>et</strong></span> <span class='ocrx_word' id='word_1_664' title='bbox 2820 2830 3054 2900; x_wconf 90' lang='lat' dir='ltr'><strong>justitia,</strong></span> <span class='ocrx_word' id='word_1_665' title='bbox 3093 2853 3111 2884; x_wconf 75' lang='grc' dir='ltr'><strong><em>ι</em></strong></span> <span class='ocrx_word' id='word_1_666' title='bbox 3154 2834 3258 2888; x_wconf 90' lang='lat' dir='ltr'><strong>hoc</strong></span> <span class='ocrx_word' id='word_1_667' title='bbox 3287 2833 3559 2903; x_wconf 82' lang='lat' dir='ltr'><strong>designat,</strong></span> <span class='ocrx_word' id='word_1_668' title='bbox 3581 2834 3731 2905; x_wconf 85' lang='lat' dir='ltr'><strong>quod</strong></span> 
     </span>
    </p>
   </div>
   <div class='ocr_carea' id='block_1_89' title="bbox 2146 2924 3734 2997">
    <p class='ocr_par' dir='ltr' id='par_1_89' title="bbox 2146 2924 3734 2997">
     <span class='ocr_line' id='line_1_89' title="bbox 2146 2924 3734 2997; baseline -0.001 -16"><span class='ocrx_word' id='word_1_669' title='bbox 2146 2934 2459 2983; x_wconf 87' lang='lat' dir='ltr'><strong>transeunte</strong></span> <span class='ocrx_word' id='word_1_670' title='bbox 2500 2924 2690 2979; x_wconf 88' lang='lat' dir='ltr'><strong>umbra</strong></span> <span class='ocrx_word' id='word_1_671' title='bbox 2730 2935 2784 2981; x_wconf 87' lang='lat' dir='ltr'><strong>et</strong></span> <span class='ocrx_word' id='word_1_672' title='bbox 2823 2924 2995 2996; x_wconf 77' lang='lat' dir='ltr'><strong>ﬁgura</strong></span> <span class='ocrx_word' id='word_1_673' title='bbox 3039 2924 3193 2997; x_wconf 83' lang='lat' dir='ltr'><strong>legis,</strong></span> <span class='ocrx_word' id='word_1_674' title='bbox 3233 2927 3489 2983; x_wconf 84' lang='lat' dir='ltr'><strong>succedat</strong></span> <span class='ocrx_word' id='word_1_675' title='bbox 3528 2925 3734 2980; x_wconf 78' lang='lat' dir='ltr'><strong>veritas</strong></span> 
     </span>
    </p>
   </div>
   <div class='ocr_carea' id='block_1_90' title="bbox 2144 3014 2445 3088">
    <p class='ocr_par' dir='ltr' id='par_1_90' title="bbox 2144 3014 2445 3088">
     <span class='ocr_line' id='line_1_90' title="bbox 2144 3014 2445 3088; baseline -0.01 -15"><span class='ocrx_word' id='word_1_676' title='bbox 2144 3014 2445 3088; x_wconf 77' lang='lat' dir='ltr'><strong>Evangelii.</strong></span> 
     </span>
    </p>
   </div>
   <div class='ocr_carea' id='block_1_91' title="bbox 2138 3096 3730 3163">
    <p class='ocr_par' dir='ltr' id='par_1_91' title="bbox 2138 3096 3730 3163">
     <span class='ocr_line' id='line_1_91' title="bbox 2138 3096 3730 3163; baseline 0.002 -7"><span class='ocrx_word' id='word_1_677' title='bbox 2138 3096 2143 3100; x_wconf 73' lang='grc'><strong>’</strong></span> <span class='ocrx_word' id='word_1_678' title='bbox 2221 3123 2239 3156; x_wconf 74' lang='grc' dir='ltr'>ι</span> <span class='ocrx_word' id='word_1_679' title='bbox 2275 3105 2400 3161; x_wconf 58' lang='lat' dir='ltr'><strong>Haec</strong></span> <span class='ocrx_word' id='word_1_680' title='bbox 2429 3104 2559 3161; x_wconf 89' lang='lat' dir='ltr'><strong>dicit</strong></span> <span class='ocrx_word' id='word_1_681' title='bbox 2611 3104 2873 3163; x_wconf 89' lang='lat' dir='ltr'><strong>Dominus</strong></span> <span class='ocrx_word' id='word_1_682' title='bbox 2911 3105 3247 3161; x_wconf 80' lang='lat' dir='ltr'><strong>exercituum</strong></span> <span class='ocrx_word' id='word_1_683' title='bbox 3280 3123 3294 3159; x_wconf 89' lang='lat'><strong>:</strong></span> <span class='ocrx_word' id='word_1_684' title='bbox 3340 3104 3730 3161; x_wconf 86' lang='lat' dir='ltr'><strong>Confortentur</strong></span> 
     </span>
    </p>
   </div>
   <div class='ocr_carea' id='block_1_92' title="bbox 2146 3197 3730 3269">
    <p class='ocr_par' dir='ltr' id='par_1_92' title="bbox 2146 3197 3730 3269">
     <span class='ocr_line' id='line_1_92' title="bbox 2146 3197 3730 3269; baseline -0.004 -13"><span class='ocrx_word' id='word_1_685' title='bbox 2146 3216 2337 3256; x_wconf 87' lang='lat' dir='ltr'><strong>manus</strong></span> <span class='ocrx_word' id='word_1_686' title='bbox 2386 3208 2601 3263; x_wconf 66' lang='lat' dir='ltr'><strong>vestrae,</strong></span> <span class='ocrx_word' id='word_1_687' title='bbox 2633 3198 2724 3269; x_wconf 90' lang='lat' dir='ltr'><strong>qui</strong></span> <span class='ocrx_word' id='word_1_688' title='bbox 2761 3197 2961 3253; x_wconf 89' lang='lat' dir='ltr'><strong>auditis</strong></span> <span class='ocrx_word' id='word_1_689' title='bbox 2995 3197 3048 3253; x_wconf 87' lang='lat' dir='ltr'><strong>ia</strong></span> <span class='ocrx_word' id='word_1_690' title='bbox 3083 3199 3272 3254; x_wconf 88' lang='lat' dir='ltr'><strong>diebus</strong></span> <span class='ocrx_word' id='word_1_691' title='bbox 3318 3198 3405 3252; x_wconf 88' lang='lat' dir='ltr'><strong>his</strong></span> <span class='ocrx_word' id='word_1_692' title='bbox 3444 3211 3730 3257; x_wconf 79' lang='lat' dir='ltr'><strong>sermones</strong></span> 
     </span>
    </p>
   </div>
   <div class='ocr_carea' id='block_1_93' title="bbox 2145 3289 3734 3362">
    <p class='ocr_par' dir='ltr' id='par_1_93' title="bbox 2145 3289 3734 3362">
     <span class='ocr_line' id='line_1_93' title="bbox 2145 3289 3734 3362; baseline -0.001 -14"><span class='ocrx_word' id='word_1_693' title='bbox 2145 3292 2278 3349; x_wconf 90' lang='lat' dir='ltr'><strong>istos</strong></span> <span class='ocrx_word' id='word_1_694' title='bbox 2316 3306 2412 3362; x_wconf 89' lang='lat' dir='ltr'><strong>per</strong></span> <span class='ocrx_word' id='word_1_695' title='bbox 2440 3305 2500 3346; x_wconf 90' lang='lat' dir='ltr'><strong>os</strong></span> <span class='ocrx_word' id='word_1_696' title='bbox 2545 3290 2954 3360; x_wconf 85' lang='lat' dir='ltr'><strong>prophetarum.</strong></span> <span class='ocrx_word' id='word_1_697' title='bbox 2982 3290 3035 3343; x_wconf 89' lang='lat' dir='ltr'><strong>in</strong></span> <span class='ocrx_word' id='word_1_698' title='bbox 3085 3290 3172 3345; x_wconf 91' lang='lat' dir='ltr'><strong>die</strong></span> <span class='ocrx_word' id='word_1_699' title='bbox 3221 3304 3327 3359; x_wconf 89' lang='lat' dir='ltr'><strong>qua</strong></span> <span class='ocrx_word' id='word_1_700' title='bbox 3369 3289 3594 3344; x_wconf 86' lang='lat' dir='ltr'><strong>fundata</strong></span> <span class='ocrx_word' id='word_1_701' title='bbox 3649 3298 3734 3347; x_wconf 84' lang='lat' dir='ltr'><strong>est</strong></span> 
     </span>
    </p>
   </div>
   <div class='ocr_carea' id='block_1_94' title="bbox 2146 3381 3759 3452">
    <p class='ocr_par' dir='ltr' id='par_1_94' title="bbox 2146 3381 3759 3452">
     <span class='ocr_line' id='line_1_94' title="bbox 2146 3381 3759 3452; baseline 0 -13"><span class='ocrx_word' id='word_1_702' title='bbox 2146 3383 2337 3439; x_wconf 91' lang='lat' dir='ltr'><strong>domus</strong></span> <span class='ocrx_word' id='word_1_703' title='bbox 2368 3381 2578 3438; x_wconf 90' lang='lat' dir='ltr'><strong>Domini</strong></span> <span class='ocrx_word' id='word_1_704' title='bbox 2623 3381 2987 3447; x_wconf 81' lang='lat' dir='ltr'><strong>exercituum,</strong></span> <span class='ocrx_word' id='word_1_705' title='bbox 3028 3388 3086 3434; x_wconf 92' lang='lat' dir='ltr'><strong>ut</strong></span> <span class='ocrx_word' id='word_1_706' title='bbox 3135 3381 3392 3452; x_wconf 85' lang='lat' dir='ltr'><strong>templum</strong></span> <span class='ocrx_word' id='word_1_707' title='bbox 3432 3381 3759 3439; x_wconf 65' lang='lat' dir='ltr'><strong>tediticarev.</strong></span> 
     </span>
    </p>
   </div>
   <div class='ocr_carea' id='block_1_95' title="bbox 2145 3470 3738 3544">
    <p class='ocr_par' dir='ltr' id='par_1_95' title="bbox 2145 3470 3738 3544">
     <span class='ocr_line' id='line_1_95' title="bbox 2145 3470 3738 3544; baseline -0.001 -16"><span class='ocrx_word' id='word_1_708' title='bbox 2145 3480 2252 3528; x_wconf 92' lang='lat' dir='ltr'><strong>tur.</strong></span> <span class='ocrx_word' id='word_1_709' title='bbox 2293 3492 2312 3524; x_wconf 73' lang='grc' dir='ltr'><strong><em>ι</em></strong></span> <span class='ocrx_word' id='word_1_710' title='bbox 2348 3471 2484 3543; x_wconf 86' lang='lat' dir='ltr'><strong>Quia</strong></span> <span class='ocrx_word' id='word_1_711' title='bbox 2524 3472 2635 3544; x_wconf 90' lang='lat' dir='ltr'><strong>jam</strong></span> <span class='ocrx_word' id='word_1_712' title='bbox 2680 3470 2935 3527; x_wconf 87' lang='lat' dir='ltr'><strong>videbant</strong></span> <span class='ocrx_word' id='word_1_713' title='bbox 2972 3471 3231 3541; x_wconf 89' lang='lat' dir='ltr'><strong>templum</strong></span> <span class='ocrx_word' id='word_1_714' title='bbox 3263 3479 3603 3527; x_wconf 85' lang='lat' dir='ltr'><strong>exstructum</strong></span> <span class='ocrx_word' id='word_1_715' title='bbox 3647 3486 3738 3527; x_wconf 84' lang='lat' dir='ltr'><strong>se-</strong></span> 
     </span>
    </p>
   </div>
   <div class='ocr_carea' id='block_1_96' title="bbox 2144 3562 3738 3637">
    <p class='ocr_par' dir='ltr' id='par_1_96' title="bbox 2144 3562 3738 3637">
     <span class='ocr_line' id='line_1_96' title="bbox 2144 3562 3738 3637; baseline -0.001 -17"><span class='ocrx_word' id='word_1_716' title='bbox 2144 3565 2378 3621; x_wconf 91' lang='lat' dir='ltr'><strong>cundum</strong></span> <span class='ocrx_word' id='word_1_717' title='bbox 2411 3564 2553 3637; x_wconf 91' lang='lat' dir='ltr'><strong>quod</strong></span> <span class='ocrx_word' id='word_1_718' title='bbox 2582 3562 2634 3619; x_wconf 90' lang='lat' dir='ltr'><strong>id</strong></span> <span class='ocrx_word' id='word_1_719' title='bbox 2662 3564 2963 3635; x_wconf 61' lang='lat' dir='ltr'><strong>prophetat,</strong></span> <span class='ocrx_word' id='word_1_720' title='bbox 2990 3563 3047 3619; x_wconf 93' lang='lat' dir='ltr'><strong>id</strong></span> <span class='ocrx_word' id='word_1_721' title='bbox 3072 3573 3155 3619; x_wconf 92' lang='lat' dir='ltr'><strong>est</strong></span> <span class='ocrx_word' id='word_1_722' title='bbox 3181 3563 3410 3634; x_wconf 73' lang='lat' dir='ltr'><strong>Aggteus</strong></span> <span class='ocrx_word' id='word_1_723' title='bbox 3437 3574 3491 3618; x_wconf 91' lang='lat' dir='ltr'><strong>et</strong></span> <span class='ocrx_word' id='word_1_724' title='bbox 3521 3564 3738 3619; x_wconf 81' lang='lat' dir='ltr'><strong>Zacha-</strong></span> 
     </span>
    </p>
   </div>
   <div class='ocr_carea' id='block_1_97' title="bbox 2145 3651 3737 3728">
    <p class='ocr_par' dir='ltr' id='par_1_97' title="bbox 2145 3651 3737 3728">
     <span class='ocr_line' id='line_1_97' title="bbox 2145 3651 3737 3728; baseline -0.003 -16"><span class='ocrx_word' id='word_1_725' title='bbox 2145 3657 2279 3722; x_wconf 89' lang='lat' dir='ltr'><strong>rias,</strong></span> <span class='ocrx_word' id='word_1_726' title='bbox 2309 3656 2688 3728; x_wconf 76' lang='lat' dir='ltr'><strong>praedixerant,</strong></span> <span class='ocrx_word' id='word_1_727' title='bbox 2720 3669 2866 3710; x_wconf 90' lang='lat' dir='ltr'><strong>nunc</strong></span> <span class='ocrx_word' id='word_1_728' title='bbox 2885 3653 3135 3721; x_wconf 84' lang='lat' dir='ltr'><strong>hortatur</strong></span> <span class='ocrx_word' id='word_1_729' title='bbox 3154 3652 3416 3727; x_wconf 85' lang='lat' dir='ltr'><strong>Dominus</strong></span> <span class='ocrx_word' id='word_1_730' title='bbox 3446 3651 3737 3723; x_wconf 77' lang='lat' dir='ltr'><strong>populum,</strong></span> 
     </span>
    </p>
   </div>
   <div class='ocr_carea' id='block_1_98' title="bbox 2144 3743 3735 3822">
    <p class='ocr_par' dir='ltr' id='par_1_98' title="bbox 2144 3743 3735 3822">
     <span class='ocr_line' id='line_1_98' title="bbox 2144 3743 3735 3822; baseline -0.003 -17"><span class='ocrx_word' id='word_1_731' title='bbox 2144 3760 2205 3813; x_wconf 86' lang='lat' dir='ltr'><strong>ut</strong></span> <span class='ocrx_word' id='word_1_732' title='bbox 2229 3752 2466 3822; x_wconf 87' lang='lat' dir='ltr'><strong>priorum</strong></span> <span class='ocrx_word' id='word_1_733' title='bbox 2501 3747 2918 3822; x_wconf 89' lang='lat' dir='ltr'><strong>promissionum</strong></span> <span class='ocrx_word' id='word_1_734' title='bbox 2946 3755 3190 3810; x_wconf 81' lang='lat' dir='ltr'><strong>veritate,</strong></span> <span class='ocrx_word' id='word_1_735' title='bbox 3224 3745 3643 3802; x_wconf 89' lang='lat' dir='ltr'><strong>accommodent</strong></span> <span class='ocrx_word' id='word_1_736' title='bbox 3672 3743 3735 3801; x_wconf 83' lang='lat' dir='ltr'><strong>ti—</strong></span> 
     </span>
    </p>
   </div>
   <div class='ocr_carea' id='block_1_99' title="bbox 2145 3833 3763 3917">
    <p class='ocr_par' dir='ltr' id='par_1_99' title="bbox 2145 3833 3763 3917">
     <span class='ocr_line' id='line_1_99' title="bbox 2145 3833 3763 3917; baseline -0.009 -20"><span class='ocrx_word' id='word_1_737' title='bbox 2145 3842 2267 3897; x_wconf 89' lang='lat' dir='ltr'><strong>dem</strong></span> <span class='ocrx_word' id='word_1_738' title='bbox 2296 3842 2381 3897; x_wconf 91' lang='lat' dir='ltr'><strong>his</strong></span> <span class='ocrx_word' id='word_1_739' title='bbox 2406 3856 2525 3917; x_wconf 75' lang='lat' dir='ltr'><strong>qua:</strong></span> <span class='ocrx_word' id='word_1_740' title='bbox 2552 3840 2607 3896; x_wconf 92' lang='lat' dir='ltr'><strong>in</strong></span> <span class='ocrx_word' id='word_1_741' title='bbox 2634 3838 2876 3895; x_wconf 85' lang='lat' dir='ltr'><strong>futurqu</strong></span> <span class='ocrx_word' id='word_1_742' title='bbox 2903 3837 3313 3908; x_wconf 87' lang='lat' dir='ltr'><strong>promittuntur,</strong></span> <span class='ocrx_word' id='word_1_743' title='bbox 3333 3843 3387 3889; x_wconf 91' lang='lat' dir='ltr'><strong>et</strong></span> <span class='ocrx_word' id='word_1_744' title='bbox 3416 3833 3763 3907; x_wconf 67' lang='lat' dir='ltr'><strong>confertam.</strong></span> 
     </span>
    </p>
   </div>
   <div class='ocr_carea' id='block_1_100' title="bbox 2147 3925 3737 4015">
    <p class='ocr_par' dir='ltr' id='par_1_100' title="bbox 2147 3925 3737 4015">
     <span class='ocr_line' id='line_1_100' title="bbox 2147 3925 3737 4015; baseline -0.001 -31"><span class='ocrx_word' id='word_1_745' title='bbox 2147 3942 2234 3991; x_wconf 76' lang='lat' dir='ltr'><strong>tur</strong></span> <span class='ocrx_word' id='word_1_746' title='bbox 2257 3950 2468 3998; x_wconf 80' lang='lat' dir='ltr'><strong>manus,</strong></span> <span class='ocrx_word' id='word_1_747' title='bbox 2488 3949 2599 4015; x_wconf 79' lang='lat' dir='ltr'><strong>non</strong></span> <span class='ocrx_word' id='word_1_748' title='bbox 2630 3932 2882 3990; x_wconf 89' lang='lat' dir='ltr'><strong>timentes</strong></span> <span class='ocrx_word' id='word_1_749' title='bbox 2904 3944 2997 3985; x_wconf 92' lang='lat' dir='ltr'><strong>eos</strong></span> <span class='ocrx_word' id='word_1_750' title='bbox 3019 3929 3111 4000; x_wconf 88' lang='lat' dir='ltr'><strong>qui</strong></span> <span class='ocrx_word' id='word_1_751' title='bbox 3135 3926 3255 3985; x_wconf 87' lang='lat' dir='ltr'><strong>illos</strong></span> <span class='ocrx_word' id='word_1_752' title='bbox 3277 3927 3345 3982; x_wconf 91' lang='lat' dir='ltr'><strong>ab</strong></span> <span class='ocrx_word' id='word_1_753' title='bbox 3367 3925 3737 3983; x_wconf 58' lang='lat' dir='ltr'><strong>aediﬁcatione</strong></span> 
     </span>
    </p>
   </div>
   <div class='ocr_carea' id='block_1_101' title="bbox 2144 4026 2708 4099">
    <p class='ocr_par' dir='ltr' id='par_1_101' title="bbox 2144 4026 2708 4099">
     <span class='ocr_line' id='line_1_101' title="bbox 2144 4026 2708 4099; baseline -0.005 -16"><span class='ocrx_word' id='word_1_754' title='bbox 2144 4028 2404 4099; x_wconf 89' lang='lat' dir='ltr'><strong>impedire</strong></span> <span class='ocrx_word' id='word_1_755' title='bbox 2438 4026 2708 4082; x_wconf 85' lang='lat' dir='ltr'><strong>volebant.</strong></span> 
     </span>
    </p>
   </div>
   <div class='ocr_carea' id='block_1_102' title="bbox 2220 4110 3765 4187">
    <p class='ocr_par' dir='ltr' id='par_1_102' title="bbox 2220 4110 3765 4187">
     <span class='ocr_line' id='line_1_102' title="bbox 2220 4110 3765 4187; baseline -0.002 -19"><span class='ocrx_word' id='word_1_756' title='bbox 2220 4136 2238 4168; x_wconf 84' lang='grc'><strong><em>‹</em></strong></span> <span class='ocrx_word' id='word_1_757' title='bbox 2279 4117 2554 4187; x_wconf 79' lang='lat' dir='ltr'><strong>Siquidem</strong></span> <span class='ocrx_word' id='word_1_758' title='bbox 2584 4126 2708 4171; x_wconf 89' lang='lat' dir='ltr'><strong>ante</strong></span> <span class='ocrx_word' id='word_1_759' title='bbox 2748 4115 2865 4172; x_wconf 87' lang='lat' dir='ltr'><strong>dies</strong></span> <span class='ocrx_word' id='word_1_760' title='bbox 2912 4114 3032 4170; x_wconf 90' lang='lat' dir='ltr'><strong>illos</strong></span> <span class='ocrx_word' id='word_1_761' title='bbox 3068 4126 3275 4173; x_wconf 85' lang='lat' dir='ltr'><strong>merces</strong></span> <span class='ocrx_word' id='word_1_762' title='bbox 3308 4110 3591 4185; x_wconf 84' lang='lat' dir='ltr'><strong>hominum</strong></span> <span class='ocrx_word' id='word_1_763' title='bbox 3619 4126 3765 4186; x_wconf 88' lang='lat' dir='ltr'><strong>non_</strong></span> 
     </span>
    </p>
   </div>
   <div class='ocr_carea' id='block_1_103' title="bbox 2146 4203 3731 4285">
    <p class='ocr_par' dir='ltr' id='par_1_103' title="bbox 2146 4203 3731 4285">
     <span class='ocr_line' id='line_1_103' title="bbox 2146 4203 3731 4285; baseline -0.004 -22"><span class='ocrx_word' id='word_1_764' title='bbox 2146 4218 2296 4285; x_wconf 81' lang='lat' dir='ltr'><strong>erat,</strong></span> <span class='ocrx_word' id='word_1_765' title='bbox 2346 4224 2447 4264; x_wconf 92' lang='lat' dir='ltr'><strong>nec</strong></span> <span class='ocrx_word' id='word_1_766' title='bbox 2502 4216 2709 4263; x_wconf 88' lang='lat' dir='ltr'><strong>merces</strong></span> <span class='ocrx_word' id='word_1_767' title='bbox 2748 4206 3150 4275; x_wconf 86' lang='lat' dir='ltr'><strong>jumentorum,</strong></span> <span class='ocrx_word' id='word_1_768' title='bbox 3200 4219 3377 4275; x_wconf 87' lang='lat' dir='ltr'><strong>neque</strong></span> <span class='ocrx_word' id='word_1_769' title='bbox 3426 4203 3731 4259; x_wconf 87' lang='lat' dir='ltr'><strong>introeunti</strong></span> 
     </span>
    </p>
   </div>
   <div class='ocr_carea' id='block_1_104' title="bbox 2144 4292 3733 4370">
    <p class='ocr_par' dir='ltr' id='par_1_104' title="bbox 2144 4292 3733 4370">
     <span class='ocr_line' id='line_1_104' title="bbox 2144 4292 3733 4370; baseline -0.004 -15"><span class='ocrx_word' id='word_1_770' title='bbox 2144 4315 2319 4370; x_wconf 86' lang='lat' dir='ltr'><strong>neque</strong></span> <span class='ocrx_word' id='word_1_771' title='bbox 2357 4298 2574 4354; x_wconf 78' lang='lat' dir='ltr'><strong>exeunti</strong></span> <span class='ocrx_word' id='word_1_772' title='bbox 2610 4304 2729 4354; x_wconf 86' lang='lat' dir='ltr'><strong>erat</strong></span> <span class='ocrx_word' id='word_1_773' title='bbox 2765 4313 2869 4368; x_wconf 87' lang='lat' dir='ltr'><strong>pax</strong></span> <span class='ocrx_word' id='word_1_774' title='bbox 2909 4311 3020 4367; x_wconf 80' lang='lat' dir='ltr'><strong>pra:</strong></span> <span class='ocrx_word' id='word_1_775' title='bbox 3043 4294 3415 4357; x_wconf 83' lang='lat' dir='ltr'><strong>tribulatione,</strong></span> <span class='ocrx_word' id='word_1_776' title='bbox 3452 4301 3507 4348; x_wconf 88' lang='lat' dir='ltr'><strong>et</strong></span> <span class='ocrx_word' id='word_1_777' title='bbox 3543 4292 3733 4348; x_wconf 83' lang='lat' dir='ltr'><strong>dimisi</strong></span> 
     </span>
    </p>
   </div>
   <div class='ocr_carea' id='block_1_105' title="bbox 2142 4382 3733 4456">
    <p class='ocr_par' dir='ltr' id='par_1_105' title="bbox 2142 4382 3733 4456">
     <span class='ocr_line' id='line_1_105' title="bbox 2142 4382 3733 4456; baseline -0.004 -13"><span class='ocrx_word' id='word_1_778' title='bbox 2142 4403 2332 4443; x_wconf 90' lang='lat' dir='ltr'><strong>omnes</strong></span> <span class='ocrx_word' id='word_1_779' title='bbox 2377 4387 2656 4452; x_wconf 90' lang='lat' dir='ltr'><strong>homines,</strong></span> <span class='ocrx_word' id='word_1_780' title='bbox 2704 4400 3141 4456; x_wconf 87' lang='lat' dir='ltr'><strong>unumquemque</strong></span> <span class='ocrx_word' id='word_1_781' title='bbox 3176 4392 3364 4441; x_wconf 88' lang='lat' dir='ltr'><strong>contra</strong></span> <span class='ocrx_word' id='word_1_782' title='bbox 3410 4382 3733 4452; x_wconf 87' lang='lat' dir='ltr'><strong>proximum</strong></span> 
     </span>
    </p>
   </div>
   <div class='ocr_carea' id='block_1_106' title="bbox 2144 4472 3733 4549">
    <p class='ocr_par' dir='ltr' id='par_1_106' title="bbox 2144 4472 3733 4549">
     <span class='ocr_line' id='line_1_106' title="bbox 2144 4472 3733 4549; baseline -0.004 -16"><span class='ocrx_word' id='word_1_783' title='bbox 2144 4493 2321 4533; x_wconf 90' lang='lat' dir='ltr'><strong>suum.</strong></span> <span class='ocrx_word' id='word_1_784' title='bbox 2360 4495 2377 4527; x_wconf 77' lang='grc' dir='ltr'><strong><em>ι</em></strong></span> <span class='ocrx_word' id='word_1_785' title='bbox 2414 4476 2718 4549; x_wconf 85' lang='lat' dir='ltr'><strong>Antequam</strong></span> <span class='ocrx_word' id='word_1_786' title='bbox 2765 4473 3082 4529; x_wconf 87' lang='lat' dir='ltr'><strong>fundaretur</strong></span> <span class='ocrx_word' id='word_1_787' title='bbox 3113 4482 3169 4528; x_wconf 92' lang='lat' dir='ltr'><strong>et</strong></span> <span class='ocrx_word' id='word_1_788' title='bbox 3198 4472 3563 4528; x_wconf 61' lang='lat' dir='ltr'><strong>aedificaretur</strong></span> <span class='ocrx_word' id='word_1_789' title='bbox 3589 4481 3733 4528; x_wconf 82' lang='lat' dir='ltr'><strong>tem-</strong></span> 
     </span>
    </p>
   </div>
   <div class='ocr_carea' id='block_1_107' title="bbox 2146 4560 3733 4638">
    <p class='ocr_par' dir='ltr' id='par_1_107' title="bbox 2146 4560 3733 4638">
     <span class='ocr_line' id='line_1_107' title="bbox 2146 4560 3733 4638; baseline -0.004 -17"><span class='ocrx_word' id='word_1_790' title='bbox 2146 4569 2291 4638; x_wconf 91' lang='lat' dir='ltr'><strong>plum</strong></span> <span class='ocrx_word' id='word_1_791' title='bbox 2342 4566 2585 4631; x_wconf 90' lang='lat' dir='ltr'><strong>Domini,</strong></span> <span class='ocrx_word' id='word_1_792' title='bbox 2625 4566 2803 4621; x_wconf 89' lang='lat' dir='ltr'><strong>omuis</strong></span> <span class='ocrx_word' id='word_1_793' title='bbox 2850 4565 3001 4623; x_wconf 84' lang='lat' dir='ltr'><strong>labor</strong></span> <span class='ocrx_word' id='word_1_794' title='bbox 3042 4580 3228 4623; x_wconf 88' lang='lat' dir='ltr'><strong>eorum</strong></span> <span class='ocrx_word' id='word_1_795' title='bbox 3274 4563 3460 4619; x_wconf 88' lang='lat' dir='ltr'><strong>irritus</strong></span> <span class='ocrx_word' id='word_1_796' title='bbox 3501 4560 3643 4626; x_wconf 84' lang='lat' dir='ltr'><strong>fuit,</strong></span> <span class='ocrx_word' id='word_1_797' title='bbox 3676 4570 3733 4615; x_wconf 88' lang='lat' dir='ltr'><strong>et</strong></span> 
     </span>
    </p>
   </div>
   <div class='ocr_carea' id='block_1_108' title="bbox 2147 4653 3765 4731">
    <p class='ocr_par' dir='ltr' id='par_1_108' title="bbox 2147 4653 3765 4731">
     <span class='ocr_line' id='line_1_108' title="bbox 2147 4653 3765 4731; baseline -0.003 -17"><span class='ocrx_word' id='word_1_798' title='bbox 2147 4670 2253 4714; x_wconf 91' lang='lat' dir='ltr'><strong>tam</strong></span> <span class='ocrx_word' id='word_1_799' title='bbox 2292 4659 2539 4715; x_wconf 89' lang='lat' dir='ltr'><strong>homines</strong></span> <span class='ocrx_word' id='word_1_800' title='bbox 2582 4673 2742 4731; x_wconf 82' lang='lat' dir='ltr'><strong>quant</strong></span> <span class='ocrx_word' id='word_1_801' title='bbox 2774 4657 3020 4729; x_wconf 84' lang='lat' dir='ltr'><strong>jumenta</strong></span> <span class='ocrx_word' id='word_1_802' title='bbox 3074 4656 3127 4715; x_wconf 86' lang='lat' dir='ltr'><strong>in</strong></span> <span class='ocrx_word' id='word_1_803' title='bbox 3182 4653 3513 4727; x_wconf 75' lang='lat' dir='ltr'><strong>agricultura</strong></span> <span class='ocrx_word' id='word_1_804' title='bbox 3561 4662 3619 4709; x_wconf 89' lang='lat' dir='ltr'><strong>et</strong></span> <span class='ocrx_word' id='word_1_805' title='bbox 3671 4654 3765 4709; x_wconf 90' lang='lat' dir='ltr'><strong>in.</strong></span> 
     </span>
    </p>
   </div>
   <div class='ocr_carea' id='block_1_109' title="bbox 2143 4745 3733 4819">
    <p class='ocr_par' dir='ltr' id='par_1_109' title="bbox 2143 4745 3733 4819">
     <span class='ocr_line' id='line_1_109' title="bbox 2143 4745 3733 4819; baseline -0.003 -14"><span class='ocrx_word' id='word_1_806' title='bbox 2143 4749 2373 4805; x_wconf 91' lang='lat' dir='ltr'><strong>diversis</strong></span> <span class='ocrx_word' id='word_1_807' title='bbox 2422 4748 2676 4819; x_wconf 88' lang='lat' dir='ltr'><strong>operibus</strong></span> <span class='ocrx_word' id='word_1_808' title='bbox 2722 4764 2877 4805; x_wconf 89' lang='lat' dir='ltr'><strong>casso</strong></span> <span class='ocrx_word' id='word_1_809' title='bbox 2923 4757 3117 4803; x_wconf 88' lang='lat' dir='ltr'><strong>conatu</strong></span> <span class='ocrx_word' id='word_1_810' title='bbox 3164 4745 3587 4810; x_wconf 78' lang='lat' dir='ltr'><strong>frustrabantur,</strong></span> <span class='ocrx_word' id='word_1_811' title='bbox 3622 4759 3733 4800; x_wconf 87' lang='lat' dir='ltr'><strong>nec</strong></span> 
     </span>
    </p>
   </div>
   <div class='ocr_carea' id='block_1_110' title="bbox 2141 4837 3729 4911">
    <p class='ocr_par' dir='ltr' id='par_1_110' title="bbox 2141 4837 3729 4911">
     <span class='ocr_line' id='line_1_110' title="bbox 2141 4837 3729 4911; baseline -0.002 -17"><span class='ocrx_word' id='word_1_812' title='bbox 2141 4849 2260 4895; x_wconf 88' lang='lat' dir='ltr'><strong>erat</strong></span> <span class='ocrx_word' id='word_1_813' title='bbox 2281 4855 2387 4911; x_wconf 84' lang='lat' dir='ltr'><strong>pax</strong></span> <span class='ocrx_word' id='word_1_814' title='bbox 2419 4837 2711 4893; x_wconf 90' lang='lat' dir='ltr'><strong>introeunti</strong></span> <span class='ocrx_word' id='word_1_815' title='bbox 2739 4847 2794 4894; x_wconf 91' lang='lat' dir='ltr'><strong>et</strong></span> <span class='ocrx_word' id='word_1_816' title='bbox 2821 4838 3135 4908; x_wconf 77' lang='lat' dir='ltr'><strong>egredienti,</strong></span> <span class='ocrx_word' id='word_1_817' title='bbox 3170 4854 3293 4893; x_wconf 90' lang='lat' dir='ltr'><strong>eum</strong></span> <span class='ocrx_word' id='word_1_818' title='bbox 3323 4839 3467 4892; x_wconf 91' lang='lat' dir='ltr'><strong>intus</strong></span> <span class='ocrx_word' id='word_1_819' title='bbox 3499 4838 3729 4904; x_wconf 83' lang='lat' dir='ltr'><strong>seditio,</strong></span> 
     </span>
    </p>
   </div>
   <div class='ocr_carea' id='block_1_111' title="bbox 2140 4924 3730 4993">
    <p class='ocr_par' dir='ltr' id='par_1_111' title="bbox 2140 4924 3730 4993">
     <span class='ocr_line' id='line_1_111' title="bbox 2140 4924 3730 4993; baseline -0.003 -10"><span class='ocrx_word' id='word_1_820' title='bbox 2140 4930 2273 4985; x_wconf 91' lang='lat' dir='ltr'><strong>foris</strong></span> <span class='ocrx_word' id='word_1_821' title='bbox 2298 4928 2614 4993; x_wconf 88' lang='lat' dir='ltr'><strong>adversarii,</strong></span> <span class='ocrx_word' id='word_1_822' title='bbox 2644 4943 2737 4983; x_wconf 90' lang='lat' dir='ltr'><strong>eos</strong></span> <span class='ocrx_word' id='word_1_823' title='bbox 2762 4927 3171 4984; x_wconf 87' lang='lat' dir='ltr'><strong>conturbarent.</strong></span> <span class='ocrx_word' id='word_1_824' title='bbox 3201 4924 3291 4981; x_wconf 86' lang='lat' dir='ltr'><strong>Sic</strong></span> <span class='ocrx_word' id='word_1_825' title='bbox 3320 4926 3449 4981; x_wconf 91' lang='lat' dir='ltr'><strong>etin</strong></span> <span class='ocrx_word' id='word_1_826' title='bbox 3476 4924 3730 4981; x_wconf 78' lang='lat' dir='ltr'><strong>Ecclesia</strong></span> 
     </span>
    </p>
   </div>
   <div class='ocr_carea' id='block_1_112' title="bbox 2142 5014 3751 5101">
    <p class='ocr_par' dir='ltr' id='par_1_112' title="bbox 2142 5014 3751 5101">
     <span class='ocr_line' id='line_1_112' title="bbox 2142 5014 3751 5101; baseline -0.003 -24"><span class='ocrx_word' id='word_1_827' title='bbox 2142 5023 2344 5079; x_wconf 88' lang='lat' dir='ltr'><strong>factum</strong></span> <span class='ocrx_word' id='word_1_828' title='bbox 2381 5032 2484 5086; x_wconf 88' lang='lat' dir='ltr'><strong>est,</strong></span> <span class='ocrx_word' id='word_1_829' title='bbox 2508 5022 2635 5093; x_wconf 90' lang='lat' dir='ltr'><strong>quia</strong></span> <span class='ocrx_word' id='word_1_830' title='bbox 2666 5014 2982 5093; x_wconf 87' lang='lat' dir='ltr'><strong>priusquam</strong></span> <span class='ocrx_word' id='word_1_831' title='bbox 3024 5021 3277 5093; x_wconf 88' lang='lat' dir='ltr'><strong>templum</strong></span> <span class='ocrx_word' id='word_1_832' title='bbox 3307 5018 3517 5077; x_wconf 91' lang='lat' dir='ltr'><strong>Domini</strong></span> <span class='ocrx_word' id='word_1_833' title='bbox 3560 5019 3751 5101; x_wconf 22' lang='lat' dir='ltr'><strong>spiri-D</strong></span> 
     </span>
    </p>
   </div>
   <div class='ocr_carea' id='block_1_113' title="bbox 2143 5109 3727 5181">
    <p class='ocr_par' dir='ltr' id='par_1_113' title="bbox 2143 5109 3727 5181">
     <span class='ocr_line' id='line_1_113' title="bbox 2143 5109 3727 5181; baseline -0.003 -14"><span class='ocrx_word' id='word_1_834' title='bbox 2143 5113 2357 5169; x_wconf 91' lang='lat' dir='ltr'><strong>tualiter</strong></span> <span class='ocrx_word' id='word_1_835' title='bbox 2383 5113 2700 5168; x_wconf 82' lang='lat' dir='ltr'><strong>fundaretur</strong></span> <span class='ocrx_word' id='word_1_836' title='bbox 2736 5115 2789 5167; x_wconf 92' lang='lat' dir='ltr'><strong>in</strong></span> <span class='ocrx_word' id='word_1_837' title='bbox 2832 5112 3143 5177; x_wconf 82' lang='lat' dir='ltr'><strong>bontnibns,</strong></span> <span class='ocrx_word' id='word_1_838' title='bbox 3170 5120 3227 5166; x_wconf 90' lang='lat' dir='ltr'><strong>et</strong></span> <span class='ocrx_word' id='word_1_839' title='bbox 3252 5120 3539 5181; x_wconf 88' lang='lat' dir='ltr'><strong>antequam</strong></span> <span class='ocrx_word' id='word_1_840' title='bbox 3570 5109 3727 5163; x_wconf 62' lang='lat' dir='ltr'><strong>dice«</strong></span> 
     </span>
    </p>
   </div>
   <div class='ocr_carea' id='block_1_114' title="bbox 2141 5199 3733 5273">
    <p class='ocr_par' dir='ltr' id='par_1_114' title="bbox 2141 5199 3733 5273">
     <span class='ocr_line' id='line_1_114' title="bbox 2141 5199 3733 5273; baseline -0.005 -13"><span class='ocrx_word' id='word_1_841' title='bbox 2141 5215 2291 5260; x_wconf 90' lang='lat' dir='ltr'><strong>retur</strong></span> <span class='ocrx_word' id='word_1_842' title='bbox 2318 5205 2433 5260; x_wconf 86' lang='lat' dir='ltr'><strong>eis:</strong></span> <span class='ocrx_word' id='word_1_843' title='bbox 2468 5223 2486 5256; x_wconf 88' lang='grc'><strong>‹</strong></span> <span class='ocrx_word' id='word_1_844' title='bbox 2509 5204 2618 5261; x_wconf 77' lang='lat' dir='ltr'><strong>Vos</strong></span> <span class='ocrx_word' id='word_1_845' title='bbox 2643 5206 2774 5259; x_wconf 90' lang='lat' dir='ltr'><strong>estis</strong></span> <span class='ocrx_word' id='word_1_846' title='bbox 2806 5203 3059 5273; x_wconf 88' lang='lat' dir='ltr'><strong>templum</strong></span> <span class='ocrx_word' id='word_1_847' title='bbox 3089 5201 3184 5257; x_wconf 91' lang='lat' dir='ltr'><strong>Dei</strong></span> <span class='ocrx_word' id='word_1_848' title='bbox 3211 5201 3337 5262; x_wconf 89' lang='lat' dir='ltr'><strong>vivi,</strong></span> <span class='ocrx_word' id='word_1_849' title='bbox 3373 5222 3393 5253; x_wconf 71' lang='grc' dir='ltr'><strong><em>ι</em></strong></span> <span class='ocrx_word' id='word_1_850' title='bbox 3429 5199 3575 5254; x_wconf 89' lang='lat' dir='ltr'><strong>nulla</strong></span> <span class='ocrx_word' id='word_1_851' title='bbox 3604 5206 3733 5252; x_wconf 70' lang='lat' dir='ltr'><strong>erat</strong></span> 
     </span>
    </p>
   </div>
   <div class='ocr_carea' id='block_1_115' title="bbox 2141 5289 3727 5362">
    <p class='ocr_par' dir='ltr' id='par_1_115' title="bbox 2141 5289 3727 5362">
     <span class='ocr_line' id='line_1_115' title="bbox 2141 5289 3727 5362; baseline -0.007 -11"><span class='ocrx_word' id='word_1_852' title='bbox 2141 5311 2348 5351; x_wconf 86' lang='lat' dir='ltr'><strong>merces</strong></span> <span class='ocrx_word' id='word_1_853' title='bbox 2386 5295 2682 5360; x_wconf 91' lang='lat' dir='ltr'><strong>hominum,</strong></span> <span class='ocrx_word' id='word_1_854' title='bbox 2708 5295 2761 5349; x_wconf 90' lang='lat' dir='ltr'><strong>id</strong></span> <span class='ocrx_word' id='word_1_855' title='bbox 2789 5304 2871 5350; x_wconf 88' lang='lat' dir='ltr'><strong>est</strong></span> <span class='ocrx_word' id='word_1_856' title='bbox 2905 5309 3088 5349; x_wconf 88' lang='lat' dir='ltr'><strong>eorum</strong></span> <span class='ocrx_word' id='word_1_857' title='bbox 3113 5292 3204 5362; x_wconf 92' lang='lat' dir='ltr'><strong>qui</strong></span> <span class='ocrx_word' id='word_1_858' title='bbox 3239 5289 3526 5347; x_wconf 84' lang='lat' dir='ltr'><strong>rationales</strong></span> <span class='ocrx_word' id='word_1_859' title='bbox 3570 5296 3727 5351; x_wconf 65' lang='lat' dir='ltr'><strong>sunt,</strong></span> 
     </span>
    </p>
   </div>
   <div class='ocr_carea' id='block_1_116' title="bbox 2138 5374 3727 5459">
    <p class='ocr_par' dir='ltr' id='par_1_116' title="bbox 2138 5374 3727 5459">
     <span class='ocr_line' id='line_1_116' title="bbox 2138 5374 3727 5459; baseline -0.009 -12"><span class='ocrx_word' id='word_1_860' title='bbox 2138 5398 2193 5447; x_wconf 81' lang='lat' dir='ltr'><strong>et</strong></span> <span class='ocrx_word' id='word_1_861' title='bbox 2217 5374 2587 5459; x_wconf 72' lang='lat' dir='ltr'><strong>iumentorum</strong></span> <span class='ocrx_word' id='word_1_862' title='bbox 2616 5389 3011 5444; x_wconf 84' lang='lat' dir='ltr'><strong>irrationalium</strong></span> <span class='ocrx_word' id='word_1_863' title='bbox 3041 5388 3179 5458; x_wconf 90' lang='lat' dir='ltr'><strong>apud</strong></span> <span class='ocrx_word' id='word_1_864' title='bbox 3207 5385 3395 5440; x_wconf 91' lang='lat' dir='ltr'><strong>Deum.</strong></span> <span class='ocrx_word' id='word_1_865' title='bbox 3424 5382 3727 5450; x_wconf 87' lang='lat' dir='ltr'><strong>Postquam</strong></span> 
     </span>
    </p>
   </div>
   <div class='ocr_carea' id='block_1_117' title="bbox 2140 5471 3726 5544">
    <p class='ocr_par' dir='ltr' id='par_1_117' title="bbox 2140 5471 3726 5544">
     <span class='ocr_line' id='line_1_117' title="bbox 2140 5471 3726 5544; baseline -0.008 -9"><span class='ocrx_word' id='word_1_866' title='bbox 2140 5494 2272 5535; x_wconf 85' lang='lat' dir='ltr'><strong>vero</strong></span> <span class='ocrx_word' id='word_1_867' title='bbox 2304 5478 2549 5534; x_wconf 88' lang='lat' dir='ltr'><strong>conversi</strong></span> <span class='ocrx_word' id='word_1_868' title='bbox 2581 5488 2725 5544; x_wconf 89' lang='lat' dir='ltr'><strong>sunt,</strong></span> <span class='ocrx_word' id='word_1_869' title='bbox 2749 5488 2801 5535; x_wconf 91' lang='lat' dir='ltr'><strong>et</strong></span> <span class='ocrx_word' id='word_1_870' title='bbox 2831 5479 2970 5534; x_wconf 90' lang='lat' dir='ltr'><strong>Deus</strong></span> <span class='ocrx_word' id='word_1_871' title='bbox 3013 5483 3066 5532; x_wconf 91' lang='lat' dir='ltr'><strong>in</strong></span> <span class='ocrx_word' id='word_1_872' title='bbox 3112 5475 3217 5531; x_wconf 90' lang='lat' dir='ltr'><strong>illis</strong></span> <span class='ocrx_word' id='word_1_873' title='bbox 3256 5472 3502 5529; x_wconf 87' lang='lat' dir='ltr'><strong>habitare</strong></span> <span class='ocrx_word' id='word_1_874' title='bbox 3527 5471 3726 5539; x_wconf 73' lang='lat' dir='ltr'><strong>cmpit,</strong></span> 
     </span>
    </p>
   </div>
   <div class='ocr_carea' id='block_1_118' title="bbox 2140 5564 3726 5641">
    <p class='ocr_par' dir='ltr' id='par_1_118' title="bbox 2140 5564 3726 5641">
     <span class='ocr_line' id='line_1_118' title="bbox 2140 5564 3726 5641; baseline -0.008 -15"><span class='ocrx_word' id='word_1_875' title='bbox 2140 5571 2364 5627; x_wconf 88' lang='lat' dir='ltr'><strong>audiunt</strong></span> <span class='ocrx_word' id='word_1_876' title='bbox 2389 5569 2457 5626; x_wconf 88' lang='lat' dir='ltr'><strong>ab</strong></span> <span class='ocrx_word' id='word_1_877' title='bbox 2483 5570 2737 5641; x_wconf 79' lang='lat' dir='ltr'><strong>Apostolo</strong></span> <span class='ocrx_word' id='word_1_878' title='bbox 2762 5589 2773 5623; x_wconf 92' lang='lat'><strong>:</strong></span> <span class='ocrx_word' id='word_1_879' title='bbox 2806 5569 3178 5640; x_wconf 49' lang='lat' dir='ltr'><strong>Unusquisque</strong></span> <span class='ocrx_word' id='word_1_880' title='bbox 3202 5564 3474 5638; x_wconf 88' lang='lat' dir='ltr'><strong>propriam</strong></span> <span class='ocrx_word' id='word_1_881' title='bbox 3505 5576 3726 5616; x_wconf 83' lang='lat' dir='ltr'><strong>nterce-</strong></span> 
     </span>
    </p>
   </div>
   <div class='ocr_carea' id='block_1_119' title="bbox 2139 5662 3303 5734">
    <p class='ocr_par' dir='ltr' id='par_1_119' title="bbox 2139 5662 3303 5734">
     <span class='ocr_line' id='line_1_119' title="bbox 2139 5662 3303 5734; baseline -0.009 -13"><span class='ocrx_word' id='word_1_882' title='bbox 2139 5665 2262 5721; x_wconf 91' lang='lat' dir='ltr'><strong>dem</strong></span> <span class='ocrx_word' id='word_1_883' title='bbox 2286 5663 2517 5734; x_wconf 87' lang='lat' dir='ltr'><strong>accipiet</strong></span> <span class='ocrx_word' id='word_1_884' title='bbox 2537 5662 2833 5718; x_wconf 91' lang='lat' dir='ltr'><strong>secundum</strong></span> <span class='ocrx_word' id='word_1_885' title='bbox 2862 5678 3016 5717; x_wconf 91' lang='lat' dir='ltr'><strong>suum</strong></span> <span class='ocrx_word' id='word_1_886' title='bbox 3046 5662 3303 5717; x_wconf 89' lang='lat' dir='ltr'><strong>laborem.</strong></span> 
     </span>
    </p>
   </div>
   <div class='ocr_carea' id='block_1_120' title="bbox 2217 5745 3731 5822">
    <p class='ocr_par' dir='ltr' id='par_1_120' title="bbox 2217 5745 3731 5822">
     <span class='ocr_line' id='line_1_120' title="bbox 2217 5745 3731 5822; baseline -0.005 -16"><span class='ocrx_word' id='word_1_887' title='bbox 2217 5774 2236 5806; x_wconf 72' lang='grc' dir='ltr'><strong>σ</strong></span> <span class='ocrx_word' id='word_1_888' title='bbox 2271 5754 2425 5811; x_wconf 84' lang='lat' dir='ltr'><strong>Nune</strong></span> <span class='ocrx_word' id='word_1_889' title='bbox 2465 5764 2643 5811; x_wconf 90' lang='lat' dir='ltr'><strong>autem</strong></span> <span class='ocrx_word' id='word_1_890' title='bbox 2680 5770 2785 5809; x_wconf 92' lang='lat' dir='ltr'><strong>non</strong></span> <span class='ocrx_word' id='word_1_891' title='bbox 2808 5752 2964 5822; x_wconf 83' lang='lat' dir='ltr'><strong>juxta</strong></span> <span class='ocrx_word' id='word_1_892' title='bbox 3009 5754 3122 5808; x_wconf 89' lang='lat' dir='ltr'><strong>dies</strong></span> <span class='ocrx_word' id='word_1_893' title='bbox 3153 5751 3364 5822; x_wconf 85' lang='lat' dir='ltr'><strong>priores</strong></span> <span class='ocrx_word' id='word_1_894' title='bbox 3391 5762 3493 5818; x_wconf 81' lang='lat' dir='ltr'><strong>ego</strong></span> <span class='ocrx_word' id='word_1_895' title='bbox 3523 5745 3731 5800; x_wconf 85' lang='lat' dir='ltr'><strong>faciam</strong></span> 
     </span>
    </p>
   </div>
   <div class='ocr_carea' id='block_1_121' title="bbox 2141 5839 3732 5917">
    <p class='ocr_par' dir='ltr' id='par_1_121' title="bbox 2141 5839 3732 5917">
     <span class='ocr_line' id='line_1_121' title="bbox 2141 5839 3732 5917; baseline -0.003 -14"><span class='ocrx_word' id='word_1_896' title='bbox 2141 5847 2383 5917; x_wconf 86' lang='lat' dir='ltr'><strong>reliquiis</strong></span> <span class='ocrx_word' id='word_1_897' title='bbox 2406 5847 2587 5917; x_wconf 84' lang='lat' dir='ltr'><strong>pepuli</strong></span> <span class='ocrx_word' id='word_1_898' title='bbox 2612 5846 2793 5914; x_wconf 87' lang='lat' dir='ltr'><strong>huius,</strong></span> <span class='ocrx_word' id='word_1_899' title='bbox 2819 5846 2947 5904; x_wconf 89' lang='lat' dir='ltr'><strong>dicit</strong></span> <span class='ocrx_word' id='word_1_900' title='bbox 2971 5844 3229 5907; x_wconf 87' lang='lat' dir='ltr'><strong>Dominus</strong></span> <span class='ocrx_word' id='word_1_901' title='bbox 3245 5839 3732 5911; x_wconf 72' lang='lat' dir='ltr'><strong>exercituunt,so:l</strong></span> 
     </span>
    </p>
   </div>
  </div>
