3950 6448
162 477 257 536 945

1040 459 1442 527 ENARRATIO
1479 467 1547 524 IN
1585 468 1986 526 ZACHARMM
2023 466 2462 524 PROPIIETAM.

3305 467 3409 527 245

164 602 332 649 semen
384 584 535 657 pacis
580 583 705 641 erit.
761 583 926 639 Vinea
973 583 1122 638 dabit
1173 583 1406 638 fructum
1458 598 1638 647 suum,
1672 589 1727 637 et
1755 583 1801 644 Α
1830 593 2086 653 gerentur
2129 581 2382 652 agricolae
2427 583 2630 638 intrare
2680 583 2898 651 urbem,
2940 593 2994 640 et
3037 599 3132 655 per
3172 583 3273 640 hoc
3308 585 3410 642 ali-

165 691 297 735 terra
341 675 491 732 dabit
519 687 743 746 germen
771 688 961 737 suum,
1017 680 1074 727 et
1122 673 1245 728 coeli
1300 675 1503 729 dabunt
1550 684 1728 727 rorem
1832 675 1973 744 quod
2000 675 2342 743 dispendium
2370 676 2729 740 sustinerent,
2777 688 2832 734 et
2874 687 2982 733 tam
3024 678 3215 733 urbani
3250 692 3413 748 quam

164 787 340 836 suum,
371 778 426 825 et
467 768 742 839 possidere
784 765 980 820 faciam
1032 765 1289 836 reliquias
1337 764 1520 836 populi
1573 763 1732 834 hujus

163 863 401 918 universa
449 861 583 914 inec.
623 878 642 909 ι
689 855 825 923 Quia
875 863 934 910 ut
978 855 1236 925 templum
1288 853 1571 908 fundatum
1618 859 1727 915 est,

165 967 492 1024 nequaquam
529 949 727 1005 faciam
755 950 897 1003 sicut
923 949 1074 1019 prius
1101 947 1203 1003 feci
1233 948 1359 1002 huic
1382 945 1576 1017 populo
1604 943 1735 998 affli-

164 1045 323 1116 gendo
351 1043 520 1107 illum,
552 1041 646 1094 sed
676 1041 816 1094 dabo
841 1040 948 1093 illis
969 1053 1176 1110 pacem,
1205 1048 1260 1094 et
1293 1037 1489 1092 famem
1520 1035 1732 1107 pristini

166 1133 413 1202 temporis
475 1129 654 1184 futura
713 1129 1045 1183 abundantia
1101 1129 1482 1199 compensatio.
1537 1125 1630 1180 Sic
1680 1132 1736 1180 et

163 1223 312 1278 modo
368 1221 748 1276 haereticorum
801 1220 1038 1288 virgines
1066 1259 1082 1286 ,
1145 1219 1586 1288 philosophorum
1641 1217 1735 1270 aba-

165 1314 431 1379 stinentia,
454 1312 762 1368 Jndmorum
788 1309 1115 1377 observatio,
1146 1311 1346 1365 nullam
1374 1310 1576 1365 habent
1599 1323 1736 1362 mer»

164 1408 362 1471 cedem,
397 1406 519 1475 quia
565 1403 824 1475 quidquid
859 1403 985 1459 boni
1027 1401 1253 1470 faciunt,
1283 1418 1389 1457 non
1427 1403 1480 1456 in
1520 1401 1737 1456 nomine

165 1496 369 1552 Domini
410 1495 638 1560 faciunt,
665 1509 766 1550 nec
813 1495 867 1549 in
916 1494 1109 1564 seipsis
1150 1494 1370 1550 domum
1417 1499 1738 1548 construunt

165 1588 390 1643 Domini.
428 1587 717 1656 Postquam
758 1600 889 1641 vero
923 1586 1169 1641 conversi
1198 1585 1400 1640 fuerint
1440 1585 1508 1639 ad
1544 1583 1733 1648 Deum,

161 1688 217 1733 ct
240 1680 375 1734 eruti
415 1681 484 1732 de
525 1679 835 1749 captivitate
879 1677 1077 1733 diaboli
1126 1678 1386 1748 templum
1431 1677 1641 1732 Domini
1683 1677 1737 1730 in

163 1785 220 1823 se
244 1769 510 1824 aediﬁcare
533 1770 821 1839 cmperint,
840 1769 1048 1825 orietur
1069 1769 1121 1823 in
1141 1770 1223 1824 eis
1249 1768 1538 1824 multitudo
1565 1767 1734 1838 pacis,

165 1861 314 1914 vinea
365 1874 485 1930 quae
528 1858 766 1930 loquitur
811 1860 865 1915 in
911 1859 1226 1930 Evangelio,
1268 1878 1287 1910 ι
1324 1857 1437 1930 Ego
1465 1873 1583 1913 sum
1610 1858 1738 1913 vitis

1834 763 2020 818 rustici
2061 764 2112 816 in
2157 764 2379 817 introitu
2411 762 2648 820 civitatis
2693 783 2950 838 responsa
2983 767 3222 840 iudicum
3262 769 3414 823 audi—

1833 863 1978 920 rent,
2025 865 2082 908 et
2127 855 2206 908 sic
2251 854 2315 907 ad
2355 855 2571 923 propria
2611 855 2870 912 redirent.
2913 858 3066 924 Quod
3093 873 3219 913 vero
3245 858 3409 914 dicit:

1839 963 1858 997 σ
1888 945 2269 1015 Unusquisque
2313 945 2534 1011 malum,
2564 966 2581 998 ι
2635 947 2832 1016 duplici
2878 949 3038 1004 modo
3080 951 3169 1006 hic
3213 948 3413 1004 malum

1836 1039 2006 1108 accipi
2037 1046 2233 1109 potest,
2258 1053 2356 1108 pro
2378 1036 2668 1093 afﬂictione
2696 1048 2751 1093 et
2779 1055 2876 1110 pro
2903 1050 3146 1110 peccato.
3172 1040 3264 1095 ille
3286 1055 3415 1111 ergo

1834 1132 1926 1200 qui
1958 1139 2179 1185 sanctus
2207 1137 2312 1195 est,
2347 1143 2448 1184 nec
2481 1129 2681 1201 cogitet
2709 1137 2770 1184 ut
2800 1129 3032 1200 aliquem
3059 1129 3275 1201 afﬂigat,
3315 1139 3417 1186 nec

1835 1231 1895 1276 ut
1923 1236 2045 1276 eum
2075 1237 2304 1292 peccare
2333 1221 2516 1277 faciat.
2556 1240 2574 1273 ο
2602 1220 2670 1276 Ει
2693 1221 3058 1293 juramenlum
3092 1222 3320 1277 mendax
3349 1213 3418 1277 ne

1837 1311 2090 1382 diligatis.
2125 1331 2143 1363 ι
2177 1312 2309 1367 Cum
2337 1311 2466 1367 dicit
2483 1310 2848 1380 juramenlum
2875 1312 3128 1376 mendax,
3160 1327 3266 1366 non
3294 1327 3418 1382 pro-

1839 1404 1992 1461 hibet
2017 1420 2207 1460 verum
2230 1405 2438 1476 iurare.
2464 1404 2523 1459 In
2553 1404 2842 1476 Evangelio
2867 1414 3044 1461 autem
3072 1406 3287 1476 penitus
3313 1406 3418 1460 tol-

1838 1496 1968 1551 litur
2000 1495 2365 1567 iuramentum
2411 1495 2638 1552 Domino
2677 1497 2890 1552 dicente
2921 1509 2936 1549 ι
2972 1496 3083 1568 Ego
3117 1497 3236 1552 dico
3268 1496 3419 1550 vobis

1837 1601 1948 1642 non
1981 1585 2164 1655 iurare
2195 1587 2437 1642 omnino.
2467 1585 2569 1653 Qui
2599 1585 2743 1642 enim
2779 1603 2885 1642 non
2919 1585 3100 1655 iurat,
3141 1600 3418 1656 nunquam

1837 1678 2067 1751 peierat.
2111 1698 2131 1730 ‹
2161 1679 2356 1735 Omnia
2385 1679 2530 1735 enim
2558 1680 2675 1736 haec
2705 1689 2830 1734 sunt
2858 1695 2978 1750 quae
3007 1679 3114 1746 odi,
3151 1678 3283 1734 dicit
3315 1678 3420 1733 Do.-

1837 1773 2039 1828 minus.
2063 1773 2131 1827 Et
2157 1771 2356 1828 factum
2384 1780 2468 1828 est
2494 1773 2719 1828 verbum
2745 1772 2958 1828 Domini
2987 1772 3322 1828 exercituum
3353 1769 3420 1824 ad

1841 1881 1929 1921 me
1951 1866 2166 1921 dicens:
2197 1865 2323 1921 Hmc
2339 1865 2468 1921 dicit
2483 1865 2740 1920 Dominus
2763 1865 3128 1920 exercituum:
3154 1861 3421 1932 Jeiunium

164 1967 307 2015 vera.
329 1970 348 2004 ι
377 1954 525 2008 dabit
547 1952 781 2008 fructum
805 1968 987 2019 suum,
1017 1962 1161 2008 terra
1179 1965 1393 2024 quoque
1417 1953 1560 2009 bona
1588 1953 1736 2008 dabit
1765 1934 1814 1996 Β
1842 1957 2054 2026 quarti,
2089 1963 2142 2012 et
2165 1954 2425 2025 ieiunium
2458 1957 2664 2026 quinti,
2701 1965 2755 2012 et
2785 1955 3050 2028 ieiunium
3080 1956 3330 2028 septimi,
3371 1963 3422 2010 et

167 2045 393 2101 fructum
438 2062 591 2102 suum
635 2047 1025 2112 centesimum,
1075 2048 1492 2117 sexagesimum,
1531 2046 1740 2117 trigesi-

167 2153 311 2192 mum
343 2139 499 2193 :ctcli
541 2139 705 2196 etiam
753 2139 960 2193 dabunt
995 2154 1172 2195 rorem
1222 2138 1640 2210 praedicationis,
1669 2137 1738 2194 de

165 2229 354 2298 quibus
373 2229 630 2299 scriptum
655 2238 739 2284 est
764 2247 778 2282 :
811 2247 830 2281 ι
859 2230 995 2285 ϐωιί
1022 2239 1277 2286 enarrant
1305 2230 1528 2302 gloriam
1559 2229 1673 2284 Dei.
1708 2247 1730 2281 ι

231 2429 251 2464 ι
280 2410 348 2465 Et
368 2411 492 2478 erit,
509 2411 831 2468 sicuteratis
856 2411 1164 2468 maledictio
1185 2414 1238 2468 in
1263 2413 1515 2484 gentibus
1544 2414 1737 2470 domus

158 2502 286 2560 Juda
309 2513 368 2560 et
397 2505 588 2559 domus
613 2504 802 2571 Israel,
825 2507 906 2560 sic
932 2505 1151 2561 salvabo
1179 2521 1274 2560 vos
1307 2514 1363 2562 et
1387 2506 1541 2562 eritis
1571 2507 1736 2562 bcne-

157 2595 340 2650 dictio.
357 2594 534 2649 Nolite
552 2595 762 2652 timere.
779 2595 1163 2653 Confortentur
1175 2613 1366 2654 manus
1382 2607 1592 2662 vestrae,
1609 2598 1736 2668 quia

159 2685 277 2742 haec-
306 2685 445 2742 dicit
487 2686 744 2742 Dominus
787 2689 1166 2744 exercituum:
1199 2689 1355 2745 Sicut
1401 2690 1632 2759 cogitavi
1677 2698 1740 2746 ut

157 2777 452 2849 aﬂligerem
488 2795 605 2842 vos,
637 2795 760 2834 cum
788 2780 854 2834 ad
886 2781 1218 2836 iracundiam
1246 2798 1331 2838 me
1358 2791 1740 2854 provocassent

157 2877 339 2937 patres
364 2869 554 2933 vestri,
575 2876 630 2923 et
653 2883 756 2923 non
782 2885 900 2925 sum
927 2871 1201 2936 misertus,
1225 2873 1304 2926 sic
1331 2887 1624 2928 conversus
1649 2889 1738 2929 co-

155 2961 317 3030 gitavi
352 2961 408 3016 in
438 2961 628 3017 diebus
662 2963 800 3028 istis,
830 2971 890 3017 ut
914 2965 1052 3019 bene
1077 2964 1273 3020 faciam
1301 2964 1640 3022 Hierusalem
1682 2975 1737 3023 et

155 3052 334 3106 domui
363 3051 523 3107 Juda.
556 3073 576 3105 ι
610 3053 826 3122 Aperta:
851 3055 1240 3125 promissiones
1267 3066 1322 3111 et
1345 3056 1740 3113 consolationes

152 3156 277 3202 sunt
317 3147 540 3202 Domini
589 3146 947 3204 confortantis
990 3149 1247 3220 populum
1294 3165 1473 3206 suum.
1507 3151 1737 3206 Domum

151 3236 308 3306 Juda,
337 3239 479 3294 duas
502 3240 673 3296 tribus
696 3241 846 3306 dicit,
873 3241 1066 3298 Judam
1090 3252 1146 3299 et
1167 3243 1448 3315 Beniamin
1473 3263 1490 3312 ;
1515 3246 1734 3302 domum

150 3338 334 3386 autem
387 3331 572 3398 Israel,
605 3333 790 3387 decem
833 3333 968 3390 alias
1013 3336 1213 3402 tribus,
1243 3337 1442 3408 quibus
1484 3339 1736 3395 omnibus

150 3421 587 3478 misericordiam
617 3425 885 3492 promittit
931 3441 990 3482 se
1025 3429 1412 3497 przestiturum.
1448 3429 1580 3497 Qua:
1608 3445 1739 3485 con-

148 3513 348 3569 solatio
377 3525 554 3584 potest
578 3519 648 3572 ad
671 3518 966 3573 Ecclesiam
992 3519 1454 3588 persecutionibus
1481 3519 1738 3575 afﬂictam

148 3604 345 3660 referri
373 3609 514 3675 quod
543 3609 850 3679 quicunque
888 3624 988 3681 pro
1015 3611 1129 3665 suis
1157 3612 1396 3681 peccatis
1423 3619 1477 3664 et
1513 3611 1739 3682 ejiciun-

149 3701 242 3749 tur
269 3696 340 3751 de
367 3696 628 3764 Ecclesia,
652 3708 710 3754 et
747 3700 1095 3770 captivantur
1133 3715 1164 3755 a
1191 3700 1404 3756 diabolo
1431 3700 1614 3755 traditi
1644 3699 1739 3755 Sa-

143 3795 292 3841 tanae
342 3788 397 3843 in
454 3789 730 3845 interitum
776 3793 976 3858 carnis,
1008 3795 1052 3849 si
1083 3793 1292 3864 egerint
1337 3793 1733 3863 paenitentiam,

144 3886 503 3935 revertuntur
536 3881 591 3935 in
625 3883 912 3952 pristinum
936 3892 1157 3950 statum,
1185 3895 1240 3939 et
1261 3872 1518 3940 videbunt
1549 3900 1734 3954 pacem

138 3968 401 4032 Domini,
435 3977 490 4022 et
533 3970 890 4027 confessionis
934 3987 1044 4028 suae
1090 3974 1314 4044 gloriam
1362 3974 1730 4044 possidebunt.

139 4075 160 4107 ‹
191 4055 388 4109 Nolite
420 4056 626 4110 timere.
649 4057 776 4113 Haec
815 4069 942 4115 sunt
984 4075 1116 4128 ergo
1147 4063 1308 4116 verba
1345 4079 1464 4132 quae
1501 4063 1732 4119 facietis.

131 4143 466 4212 Loquimini
515 4146 799 4201 veritatem
874 4151 1244 4218 unusquisque
1309 4166 1433 4205 cum
1487 4154 1737 4222 proximo

132 4248 265 4287 suo.
297 4229 598 4288 Veritatem
655 4244 709 4288 et
747 4235 1012 4305 judicium
1037 4239 1190 4307 pacis
1211 4238 1450 4308 iudicate
1479 4241 1532 4294 in
1565 4241 1738 4310 portis

129 4323 392 4389 vestris,
447 4333 503 4380 et
554 4326 925 4396 unusquisque
989 4323 1192 4383 malum
1251 4339 1440 4385 contra
1505 4331 1738 4386 amicum

133 4431 306 4470 suum
395 4431 462 4471 ne
520 4419 768 4488 cogitetis
825 4420 880 4474 in
935 4419 1189 4476 cordibus
1255 4423 1470 4478 vestris.
1519 4443 1538 4475 ι
1598 4423 1735 4490 Quia

132 4503 371 4574 (inquit)
402 4506 541 4562 bona
575 4509 728 4564 vobis
751 4510 996 4579 promisi,
1030 4519 1091 4565 ut
1115 4527 1231 4566 mea
1260 4521 1578 4582 permaneat
1605 4529 1735 4584 pro-

132 4594 359 4660 missio,
382 4593 545 4652 facite
562 4613 682 4667 quae
704 4599 974 4670 praecipio,
1000 4601 1280 4670 loquimini
1301 4603 1582 4658 veritatem
1606 4620 1728 4660 cum

130 4686 418 4754 proximo.
454 4685 787 4756 Proximum,
819 4705 1034 4746 omnem
1071 4693 1346 4748 hominem
1375 4694 1726 4765 accipiamus,

129 4777 264 4846 quia
291 4793 365 4833 ex
396 4793 503 4835 uno
530 4789 758 4850 parente
782 4797 971 4839 omnes
998 4785 1237 4852 generati
1263 4801 1466 4841 sumus.
1499 4785 1555 4841 Si
1581 4787 1726 4842 enim
1746 4847 1762 4866 ³

129 4866 270 4924 solis
318 4883 491 4925 carne
538 4873 800 4941 proximis
847 4874 1128 4930 veritatem
1175 4875 1320 4947 loqui
1362 4878 1724 4948 praecipimur,

129 4971 267 5028 ergo
294 4961 604 5028 peregrinis
625 4969 683 5016 et
706 4961 896 5018 alienis
918 4963 1044 5019 licet
1066 4966 1320 5020 mentiri?
1348 4966 1642 5023 Veritatem
1672 4978 1728 5024 et

122 5047 408 5116 judicium
447 5049 687 5118 iudicate
731 5052 784 5107 in
832 5055 1002 5122 portis
1051 5055 1276 5121 vestris,
1327 5064 1387 5110 ut
1430 5057 1484 5110 in
1523 5058 1726 5127 iudicio

127 5143 312 5209 primo
346 5141 420 5196 sit
449 5143 654 5198 veritas
679 5151 736 5198 et
753 5143 983 5212 iustitia,
1014 5147 1208 5202 deinde
1231 5159 1492 5218 sequatur
1518 5151 1728 5205 miseri-

127 5234 346 5288 cordia.
380 5232 650 5289 Judicium
680 5235 823 5292 enim
856 5238 1004 5306 pacis
1031 5246 1135 5304 est,
1164 5246 1224 5293 ut
1248 5239 1295 5294 is
1319 5240 1411 5308 qui
1428 5239 1594 5307 iudex
1621 5250 1724 5308 cst,

127 5326 482 5397 propositum
505 5327 706 5383 habeat
732 5329 1020 5397 pacificare
1049 5331 1394 5386 discordiam.
1423 5329 1576 5396 Quod
1597 5347 1726 5390 vero

127 5417 408 5487 sequitur,
461 5435 481 5469 ε
509 5416 566 5471 In
611 5418 803 5487 portis,
836 5439 855 5473 ι
907 5421 1315 5476 consuetudinis
1348 5421 1560 5475 illorum
1599 5421 1721 5489 fuit,

126 5516 188 5560 ut
217 5507 274 5560 in
309 5507 490 5576 portis
519 5507 988 5576 civitatisiudices
1007 5511 1278 5575 sederent,
1307 5518 1362 5565 et
1388 5525 1580 5566 causas
1608 5512 1722 5566 sin-

126 5595 392 5666 guloruin
422 5595 814 5654 discernerent.
848 5598 1002 5656 Unde
1030 5599 1316 5655 Psalmista
1346 5599 1479 5655 dicit
1507 5599 1574 5654 de
1599 5617 1723 5656 san-

125 5694 216 5740 cto
230 5686 388 5740 viro:
414 5705 430 5736 ο
444 5684 560 5740 Non
581 5687 940 5742 confundetur
951 5705 1072 5743 cum
1087 5690 1334 5760 loquetur
1355 5690 1588 5746 inimicis
1609 5692 1720 5747 suis

124 5774 179 5830 in
209 5787 411 5848 porta;
443 5797 461 5829 ι
495 5786 552 5835 et
599 5781 898 5849 propheta:
937 5801 955 5833 ι
985 5780 1226 5839 Oderunt
1252 5785 1631 5854 corripientem
1663 5786 1716 5841 in

121 5878 308 5939 porta.
347 5891 370 5922 ι
415 5869 540 5928 Ideo
564 5880 745 5951 autem
774 5872 828 5927 in
856 5880 1014 5944 porta
1043 5875 1145 5929 hoc
1176 5873 1464 5952 faciebant,
1506 5891 1574 5932 ne
1619 5893 1713 5933 co-

1834 2047 2096 2119 ieiunium
2128 2047 2343 2113 decimi,
2375 2047 2478 2101 erit
2507 2048 2688 2103 domui
2717 2046 2869 2104 Iuda:
2903 2050 2956 2103 in
2991 2048 3246 2120 gaudium
3275 2055 3329 2102 et
3366 2047 3420 2100 in

1839 2137 2078 2193 iretitiam
2101 2147 2156 2193 et
2180 2139 2233 2192 in
2258 2137 2626 2194 solemnitates
2645 2139 2953 2210 praeclaras.
2982 2137 3279 2193 Veritatem
3305 2147 3413 2192 tau-

1840 2236 1954 2284 tum
1977 2237 2032 2284 et
2052 2243 2236 2299 pacem
2260 2229 2486 2301 diligite.
2509 2249 2528 2282 ι
2557 2228 2638 2285 Ad
2658 2244 2720 2284 ea
2743 2243 2861 2299 quae
2881 2231 3128 2299 superius
3149 2230 3419 2300 principes

1839 2317 2127 2373 Persarum
2152 2334 2248 2389 per
2275 2319 2481 2390 legatos
2506 2320 2995 2391 interrogaverant,
3023 2328 3204 2374 utrum
3235 2333 3420 2374 mense

1837 2411 2028 2480 quinto
2058 2419 2110 2465 et
2138 2411 2369 2480 septimo
2391 2411 2640 2481 ieiunare
2664 2411 2945 2476 deberent,
2979 2426 3046 2465 an
3079 2419 3200 2482 post
3234 2409 3418 2481 templi

1838 2503 2249 2558 aedificationem
2265 2502 2421 2557 finire
2436 2501 2701 2574 ieiunium
2713 2512 2769 2558 et
2780 2505 3051 2574 deponere
3066 2503 3288 2568 luctum,
3302 2518 3420 2573 pro-

1836 2596 1998 2666 pheta
2020 2595 2204 2650 multis
2218 2596 2272 2649 in
2290 2593 2467 2650 medio
2487 2595 2697 2665 positis,
2719 2611 2839 2666 qua:
2861 2597 3012 2666 sequi
3031 2604 3420 2665 etprosperare

1840 2688 2130 2753 deberent,
2173 2686 2464 2757 respondet
2505 2702 2573 2741 ex
2610 2703 2844 2757 persona
2883 2688 3106 2743 Christi.
3149 2686 3418 2758 Ieiunium

1838 2778 2042 2847 quarti,
2064 2777 2321 2832 subaudis
2336 2778 2559 2843 mensis,
2582 2787 2636 2831 et
2655 2779 2826 2848 quinti
2843 2787 2897 2834 et
2914 2777 3420 2848 septimi,suhaudis

1838 2870 1938 2924 ἀπὸ
1961 2889 2150 2935 κοινου,
2179 2867 2230 2922 id
2263 2876 2345 2922 est
2367 2883 2397 2922 a
2419 2870 2689 2923 communi
2714 2870 2934 2925 mensis.
2961 2869 3196 2936 Quartus
3217 2869 3420 2924 mensis

1839 2959 1982 3028 apud
2003 2958 2277 3022 Hebraeos,
2302 2960 2442 3028 apud
2471 2974 2570 3014 nos
2591 2959 2788 3014 dicitur
2807 2959 3001 3026 Julius,
3028 2962 3078 3014 in
3100 2976 3208 3031 quo
3235 2975 3422 3015 mense

1841 3049 2175 3103 descendens
2203 3047 2414 3118 Moyses
2443 3049 2508 3103 de
2533 3058 2735 3113 monte,
2777 3066 2900 3106 cum
2928 3052 3136 3106 videret
3165 3053 3419 3121 populum

1842 3137 2111 3194 ludentem
2142 3147 2266 3192 ante
2292 3138 2517 3192 vitulum
2550 3153 2774 3194 aureum
2809 3155 2969 3208 quem
3001 3140 3262 3204 fecerant,
3291 3157 3418 3211 pro-

1833 3229 1968 3299 iecit
1993 3231 2204 3286 tabulas
2234 3229 2576 3296 testamenti,
2614 3247 2751 3300 quas
2789 3246 2819 3285 a
2861 3233 2972 3287 Deo
3013 3241 3327 3302 acceperat,
3367 3243 3419 3287 et

1840 3319 2110 3391 confregit
2134 3321 2203 3376 ad
2232 3320 2442 3375 radices
2467 3321 2684 3384 montis,
2725 3330 2779 3377 et
2802 3321 3206 3377 idololatrarum
3233 3323 3420 3393 viginti

1841 3413 1942 3468 tria
1973 3412 2140 3466 millia
2173 3420 2442 3483 prostrata
2471 3420 2614 3468 sunt.
2646 3413 2759 3468 Hoc
2788 3414 2904 3485 ipso
2935 3427 3119 3468 mense
3145 3412 3225 3484 (ut
3257 3414 3309 3467 in
3331 3413 3419 3469 Je-

1838 3503 2007 3559 mmia
2041 3502 2287 3575 legimus)
2323 3503 2464 3558 muri
2489 3503 2727 3559 civitatis
2762 3503 3096 3561 Hierusalem
3125 3505 3266 3574 rupti
3294 3513 3421 3560 sunt

1837 3609 1869 3651 a
1894 3595 2174 3651 Chaldaeis.
2202 3595 2431 3665 Propter
2467 3597 2571 3652 hoc
2600 3594 2981 3667 ieiunaverunt
3006 3597 3176 3653 Judaei
3203 3611 3424 3668 semper

1836 3703 2024 3746 mense
2048 3698 2260 3760 quarto.
2292 3690 2523 3758 Quintus
2545 3692 2750 3747 mensis
2776 3691 2988 3746 illorum
3031 3687 3172 3760 apud
3201 3705 3300 3744 nos
3324 3703 3420 3743 γοα

1837 3787 1992 3836 catur
2015 3781 2308 3852 Augustus.
2351 3781 2407 3835 ln
2447 3782 2550 3838 hoc
2589 3798 2778 3838 mense
2805 3781 2973 3836 multa
3000 3781 3145 3852 passi
3174 3791 3298 3836 sunt
3324 3779 3420 3837 Ju-

1835 3870 1937 3925 daei
1979 3872 2228 3926 adversa.
2287 3871 2422 3926 Nam
2480 3887 2605 3926 cum
2661 3878 2845 3927 essent
2895 3871 2952 3925 in
3011 3871 3263 3936 deserto,
3313 3871 3418 3926 hoc

1836 3976 2022 4017 mense
2050 3971 2170 4016 orta
2200 3969 2284 4016 est
2312 3961 2507 4016 seditio
2532 3970 2753 4032 pr0pter
2773 3960 3166 4030 exploratores,
3205 3959 3295 4029 qui
3330 3975 3420 4014 re-

1837 4051 1979 4106 versi
2026 4066 2368 4106 murmurare
2419 4051 2667 4105 fecerunt
2710 4050 2988 4121 populum.
3037 4049 3264 4118 Propter
3314 4048 3419 4103 hoc

1837 4144 2012 4198 iratus
2046 4142 2328 4207 Dominus,
2361 4143 2639 4212 prohibuit
2676 4157 2746 4198 ne
2789 4141 2972 4197 statim
3007 4139 3419 4212 ingrederentur

1839 4241 2039 4288 terram
2067 4232 2502 4302 repromissionis
2525 4272 2540 4297 ,
2567 4233 2682 4302 sed
2722 4247 2820 4303 per
2858 4231 3213 4303 quadraginta
3245 4245 3419 4286 annos

1836 4333 2161 4395 vagarentur
2189 4324 2243 4378 in
2272 4325 2508 4390 deserto,
2534 4324 2707 4379 donec
2730 4331 3075 4380 morerentur
3101 4337 3292 4378 omnes
3319 4322 3420 4391 qui-

1838 4433 1869 4472 a
1894 4417 2082 4487 viginti
2124 4415 2284 4470 annis
2319 4423 2373 4471 et
2413 4430 2599 4486 supra,
2637 4415 2841 4486 egressi
2883 4423 3010 4470 sunt
3049 4414 3118 4469 de
3157 4412 3412 4486 Egypto,

1835 4515 2034 4576 praeter
2063 4504 2264 4574 Caleph
2290 4514 2346 4560 et
2368 4503 2551 4560 Josue.
2587 4503 2646 4559 in
2680 4505 2783 4560 hoc
2811 4505 2928 4575 ipso
2955 4519 3144 4560 mense
3171 4519 3202 4558 a
3233 4503 3412 4558 Nabu-

1834 4599 2174 4654 chodonosor
2196 4597 2398 4669 primo,
2437 4606 2492 4652 et
2518 4607 2640 4667 post
2673 4597 2842 4651 multa
2870 4597 3066 4652 saecula
3096 4613 3126 4650 a
3153 4595 3414 4650 Romanis

1835 4687 2090 4758 templum
2114 4687 2352 4742 dirutum
2372 4697 2429 4742 et
2449 4687 2728 4743 incensum
2751 4695 2856 4753 est,
2883 4695 3103 4757 propter
3130 4700 3263 4754 quas
3287 4701 3412 4740 cau—

1834 4793 1923 4834 sas
1960 4777 2338 4848 gravissimum
2381 4779 2484 4833 sibi
2528 4778 2754 4848 singulis
2797 4777 2954 4832 annis
2996 4777 3244 4832 indixere
3260 4775 3412 4847 ‘ieiu-

1834 4870 2002 4924 nium.
2035 4867 2307 4938 Septimus
2334 4867 2538 4923 mensis
2588 4867 2938 4924 Hebraeorum
2966 4881 2998 4920 a
3036 4866 3193 4920 nobis
3225 4865 3407 4935 appel-

1832 4967 1976 5020 latur
2012 4963 2262 5027 October,
2311 4978 2419 5032 quo
2461 4978 2648 5019 mense
2689 4962 2902 5017 occisus
2933 4968 3018 5016 est
3049 4959 3302 5016 Godolias
3341 4959 3409 5013 ab

1835 5057 2125 5121 lsmael,ut
2151 5071 2314 5124 supra
2343 5064 2698 5111 memoratum
2729 5063 2832 5118 est,
2859 5062 2914 5109 et
2936 5053 3180 5124 reliquiae
3199 5052 3409 5106 Judzeo-

1833 5161 1952 5202 rum
1994 5147 2251 5216 dispersa:
2287 5153 2434 5199 sunt.
2481 5145 2608 5200 Haec
2641 5152 2726 5199 est
2765 5159 2929 5199 causa
2959 5143 3152 5213 ieiunii
3190 5143 3406 5212 septimi

1830 5240 2052 5296 mensis.
2089 5238 2286 5294 Mensis
2311 5239 2552 5293 decimus
2577 5237 2790 5291 illorum
2830 5237 2971 5306 apud
3019 5237 3289 5291 Romanos
3316 5249 3409 5289 vo-

1828 5338 1984 5386 catur
2041 5329 2348 5394 Januarius,
2391 5344 2499 5399 quo
2538 5343 2725 5386 mense
2768 5327 3018 5383 Ezechiel
3054 5327 3313 5396 propheta
3352 5335 3406 5381 ct

1829 5428 2054 5475 cunctus
2081 5419 2310 5490 populus
2337 5419 2673 5492 captivorum
2703 5419 2795 5488 qui
2821 5426 2980 5474 erant
3018 5417 3072 5472 in
3109 5416 3399 5488 Babylone,

1829 5510 2116 5564 audierunt
2147 5509 2335 5580 quinto
2371 5523 2556 5564 mense
2591 5507 2862 5580 templum
2902 5522 3022 5563 esse
3060 5507 3398 5562 subversum.

1819 5591 2030 5658 idcirco
2054 5603 2106 5656 in
2131 5603 2233 5658 hoc
2259 5617 2445 5657 mense
2469 5602 2626 5657 annis
2652 5600 2876 5671 singulis
2896 5597 3232 5670 ieiunabant.
3265 5597 3400 5654 Seu-

1826 5710 1920 5750 sus
1954 5707 2082 5763 ergo
2120 5694 2244 5750 talis
2284 5702 2408 5749 est:
2447 5695 2573 5753 Dies
2599 5692 2925 5763 ieiuniorum
2955 5706 3092 5762 quos
3138 5691 3402 5747 hactenus

1823 5786 2111 5850 habuistis,
2148 5785 2232 5842 bis
2270 5785 2603 5855 temporibus
2646 5785 2703 5840 in
2739 5783 2907 5850 luctu,
2951 5781 3138 5838 sciatis
3173 5797 3400 5838 converd

1825 5877 2013 5953 tendos
2049 5891 2174 5933 esse
2208 5877 2361 5934 vobis
2402 5877 2456 5934 in
2496 5877 2781 5950 gaudium,
2830 5891 2917 5932 me
2949 5874 3102 5932 vobis
3134 5886 3394 5944 prospera
3424 5939 3428 5941 ἓ
