3950 6444
494 439 594 496 ΞΠ
989 433 1357 498 ΗΑΥΜΟΝΙῖ
1383 430 1862 498 HALDERSTAT.
1903 435 2091 496 EPISC

2196 435 2312 492 lPI’.
2353 432 2533 494 PARS
2571 435 2710 493 I.—'
2739 437 3094 494 COMM'EN'I‘.
3134 431 3301 494 BIDL.
3665 446 3778 503 248

497 556 861 623 concedente,
895 555 966 608 ita
997 554 1291 620 duntaxat,
1344 554 1389 608 si
1433 554 1718 609 veritatem
1757 553 1996 626 diligatis
2031 561 2086 609 et
2113 528 2520 621 Xprehendent
2556 554 2811 611 Ecclesiae
2833 596 2849 621 ,
2896 556 2949 611 id
2989 563 3073 610 est
3116 557 3340 612 credent
3377 515 3781 618 incarnationis,

497 663 707 720 pacem.

575 760 592 790 ι
626 739 748 792 [hec
781 738 912 792 dicit
945 737 1206 792 Dominus
1249 739 1583 792 exercituum
1614 756 1626 791 :
1671 737 1960 807 Usquequo
1995 752 2086 791 ve-

498 831 648 886 niant
678 829 878 898 populi,
909 837 966 883 et
992 830 1238 884 habitent
1269 830 1321 883 in
1355 830 1665 884 civitatibus
1695 829 1895 894 multis,
1921 839 1976 884 et
2001 843 2086 882 va-

497 921 624 975 dant
654 919 988 974 habitatores
1017 935 1158 974 unus
1193 921 1260 974 ad
1289 920 1522 974 alterum
1563 920 1804 974 dicentes
1831 939 1842 973 :
1887 921 2086 974 Eamus

494 1021 550 1066 et
578 1012 935 1081 deprecemur
965 1013 1158 1068 faciem
1196 1013 1430 1077 Domini,
1481 1020 1536 1068 et
1565 1029 1870 1083 quaeramus
1906 1013 2089 1070 Domi-

495 1117 625 1156 num
654 1104 1014 1158 exercituum.
1047 1125 1066 1157 ι
1101 1106 1311 1177 Jejunia
1353 1107 1592 1178 (inquit)
1623 1109 1874 1178 praedicta
1905 1110 2087 1178 quarti

495 1201 550 1245 et
573 1193 744 1261 quinti
768 1195 970 1250 mensis
993 1205 1279 1252 vertentur
1301 1197 1355 1252 in
1381 1197 1752 1254 solemnitates
1773 1199 2085 1268 praeclaras,

497 1284 552 1338 in
593 1294 798 1340 tantum
841 1295 901 1340 ut
943 1287 1192 1345 civitates
1232 1289 1465 1355 Iudaeae,
1506 1306 1628 1360 quae
1669 1292 1820 1362 prius
1861 1292 2087 1346 desertae

498 1373 734 1440 fuerant,
770 1379 1120 1435 rnultitudine
1151 1381 1352 1435 civium
1377 1382 1709 1452 repleantur,
1738 1390 1788 1436 et
1820 1398 1924 1436 una
1952 1383 2086 1437 civi-

500 1480 586 1523 tas
616 1478 806 1539 pergat
836 1472 903 1524 ad
933 1471 1183 1538 alteram,
1224 1481 1279 1526 et
1320 1487 1378 1528 se
1415 1482 1601 1528 mutuo
1635 1473 2084 1538 cohortabuntur,

500 1561 626 1629 quia
653 1577 751 1631 per
789 1564 888 1616 hos
918 1563 1258 1634 septuaginta
1296 1579 1466 1618 annos
1507 1563 1684 1618 nullus
1722 1564 1826 1618 fuit
1859 1565 1949 1634 qui
1988 1581 2084 1620 ve-

500 1649 642 1704 niret
673 1650 740 1704 ad
769 1652 1025 1721 templum
1053 1653 1292 1718 Domini,
1318 1669 1384 1708 eo
1410 1655 1552 1722 quod
1578 1653 1676 1708 vise
1705 1653 1832 1708 Sion
1862 1655 1914 1708 in
1942 1653 2087 1709 luctu

500 1750 557 1796 et
602 1743 893 1798 solitudine
941 1754 1146 1810 essent,
1189 1762 1332 1801 nunc
1371 1762 1501 1816 pace
1545 1747 1756 1801 reddita
1799 1763 2086 1818 pergamus

500 1832 857 1897 Hierusalem,
883 1845 941 1889 ut
967 1836 1302 1890 celebremus
1331 1837 1719 1903 solemnitates,
1741 1853 1858 1906 quzc
1887 1838 1940 1892 in
1971 1838 2086 1895 leae

2188 641 2308 711 ejus
2334 644 2669 713 mysterium.
2698 645 2802 699 Per
2824 643 3116 709 ﬁmbriam,
3143 659 3263 714 quae
3283 655 3368 700 est
3394 648 3620 702 minima
3648 666 3777 720 pars

2186 733 2371 798 vestis,
2421 735 2696 790 humilitas
2739 735 3129 790 incarnationis
3163 735 3281 803 ejus
3313 737 3580 792 inuuitur.
3622 738 3777 795 lianc

2190 823 2364 892 tetigit
2391 824 2588 878 mulier
2613 825 2998 889 hmmorrousa,
3040 833 3098 878 et
3130 833 3316 879 sanata
3344 836 3448 880 est.
3480 826 3643 882 Hunc
3674 829 3778 883 ita-

2187 931 2292 986 que
2311 918 2717 986 apprebendcnt
2734 958 2750 983 ,
2775 918 3056 986 cupientes
3079 917 3196 985 ejus
3219 918 3483 974 inhmrere
3510 922 3774 991 vestigiis.

2187 1008 2390 1066 Omnes
2414 1026 2543 1082 ergo
2577 1011 2672 1082 qui
2698 1020 2990 1066 censentur
3013 1011 3230 1066 nomine
3253 1010 3586 1076 Christiano,
3628 1019 3687 1064 et
3724 1013 3775 1064 in

2187 1119 2494 1160 mensuram
2536 1107 2630 1176 (ut
2658 1107 2860 1161 dictum
2891 1105 3013 1176 est)
3055 1106 3155 1160 viri
3198 1104 3424 1174 perfecti
3473 1114 3775 1168 venerunt,

2187 1195 2716 1266 comprehenduntur
2740 1197 2795 1251 in
2831 1198 3015 1252 decem
3040 1196 3378 1260 hominibus,
3405 1205 3463 1250 et
3496 1196 3554 1250 bi
3584 1211 3780 1266 appre-

2189 1289 2426 1344 hendent
2469 1289 2737 1344 fimbriam
2777 1289 2880 1343 viri
2909 1288 3103 1351 Judaei,
3136 1287 3188 1341 id
3213 1295 3296 1341 est
3331 1287 3638 1342 imitatores
3667 1295 3780 1341 stu-

2190 1380 2317 1435 dent
2359 1395 2479 1436 esse
2517 1379 2719 1435 Christi
2764 1381 3037 1435 credendo
3073 1379 3301 1434 ﬁdeliter
3342 1379 3778 1434 incarnationem

2189 1471 2353 1527 illius.
2396 1471 2692 1528 Possumus
2727 1487 2941 1541 quoque
2981 1486 3075 1540 per
3124 1470 3390 1524 fimbriam
3458 1471 3564 1525 viri
3607 1469 3782 1525 ιιιιόκὶ

2188 1563 2410 1618 Paulum
2437 1562 2736 1634 apostolum
2763 1562 3074 1633 specialiter
3093 1562 3372 1631 accipere:
3403 1577 3528 1614 nam
3564 1560 3781 1614 fimbria

2187 1655 2410 1711 minima
2449 1671 2576 1726 pars
2614 1662 2698 1710 est
2737 1655 2923 1717 vestis,
2963 1662 3016 1709 et
3054 1654 3171 1722 ipse
3210 1653 3276 1707 de
3311 1667 3371 1706 se
3410 1652 3582 1706 dicit:
3621 1671 3640 1702 ι
3675 1651 3786 1720 Ego

2188 1763 2308 1803 sum
2339 1746 2596 1802 minimus
2626 1746 3012 1817 apostolorum,
3045 1744 3137 1814 qui
3170 1759 3279 1798 non
3305 1759 3424 1798 sum
3451 1743 3654 1811 dignus
3686 1757 3783 1795 vo-

2189 1837 2304 1892 cari
2329 1835 2623 1906 apostolus.
2655 1855 2674 1887 ι
2721 1834 2958 1890 Fimbria
2996 1835 3180 1903 itaque
3221 1833 3322 1887 viri
3367 1831 3538 1888 Judaei
3581 1832 3789 1887 Paulus

497 1929 888 1997 praecipiuntur
915 1930 967 1982 in
999 1945 1141 1983 anno
1173 1929 1322 1994 fieri,
1373 1939 1425 1985 et
1465 1930 1678 1985 dicente
1714 1947 1818 1984 una
1844 1931 2084 1995 civitate,
2116 1909 2164 1969 Β
2191 1938 2277 1986 est
2305 1931 2582 2000 apostolus
2613 1929 2824 1984 Domini
2858 1927 3048 1983 nostri.
3088 1926 3237 1980 Hanc
3283 1925 3553 1980 fimbriam
3584 1939 3784 1995 appre-

499 2019 844 2087 respondehit
860 2019 1060 2073 altera:
1087 2019 1322 2074 «Vadam
1346 2021 1508 2074 etiam
1529 2037 1678 2091 ego,»
1698 2037 1806 2090 quo
1825 2031 2083 2092 tempore:

577 2127 595 2158 ‹
625 2109 690 2162 Ει
734 2110 950 2163 venient
995 2111 1176 2181 populi
1223 2112 1376 2166 multi
1423 2121 1479 2167 et
1524 2121 1714 2183 gentes
1759 2115 1988 2168 robusta:
2021 2114 2089 2168 ad

499 2202 850 2269 quaerendum
882 2202 1171 2258 Dominum
1202 2205 1537 2260 exercituum
1575 2205 1625 2259 in
1653 2205 2011 2273 Hierusalem,
2037 2214 2093 2260 et

499 2296 895 2366 deprecandam
927 2295 1117 2351 faciem
1147 2299 1382 2364 Domini,
1425 2319 1443 2352 ι
1472 2308 1527 2355 et
1563 2308 1622 2353 ut
1657 2299 1964 2354 sacriﬁcent
1988 2300 2091 2354 Do-

498 2389 647 2443 mino
675 2388 820 2451 Deo,
849 2399 904 2446 et
935 2391 1290 2460 deprecentur
1333 2391 1525 2448 faciem
1566 2390 1701 2458 ejus.
1751 2391 1859 2447 Sed
1899 2391 2091 2446 altiore

499 2495 662 2536 sensu
689 2481 856 2538 facies
885 2484 1118 2550 Domini,
1147 2484 1316 2540 Filius
1347 2494 1430 2540 cst
1462 2486 1554 2540 Dei
1581 2484 1780 2550 Patris,
1807 2501 1904 2555 per
1937 2485 2089 2539 i'lum

500 2576 648 2631 enim
675 2578 830 2647 quasi
859 2593 955 2648 per
980 2577 1171 2634 faciem
1200 2579 1362 2633 Pater
1401 2579 1542 2634 Deus
1577 2578 1907 2649 agnoscitur,
1951 2577 2092 2631 sicut

501 2671 618 2742 ipse
646 2671 816 2728 Filius
839 2673 1012 2728 dicit:
1044 2692 1062 2724 ι
1095 2672 1433 2727 Manifestavi
1463 2687 1658 2726 nomen
1686 2680 1832 2725 tuum
1862 2669 2093 2725 homini-

500 2761 624 2818 bus.
658 2783 675 2814 ι
717 2763 916 2820 Omnes
958 2779 1088 2833 ergo
1128 2764 1464 2818 credentium
1505 2763 1684 2833 populi
1723 2760 1997 2817 confluunt
2025 2763 2092 2816 ad

503 2851 825 2917 Ecclesium,
853 2861 907 2908 et
947 2854 1017 2908 ibi
1045 2855 1406 2924 deprecantur
1430 2853 1628 2908 Filium
1657 2853 1750 2908 Dei
1812 2852 1984 2908 laudis
2016 2853 2094 2907 vi-

504 2941 697 2998 ctimas
725 2943 838 3000 Deo
868 2945 1168 3000 immolant.

582 3054 602 3087 ι
631 3036 758 3093 Ilaec
782 3038 911 3092 dicit
939 3039 1196 3094 Dominus
1219 3041 1556 3096 exercituum
1580 3057 1592 3091 :
1618 3057 1674 3095 ,ιι
1699 3041 1891 3096 diebus
1915 3042 2017 3098 illis
2038 3043 2090 3097 in

505 3134 702 3203 quibus
745 3137 1149 3206 apprehendent
1191 3138 1378 3192 decem
1423 3137 1672 3193 homines
1717 3154 1783 3193 ex
1840 3139 2093 3194 omnibus

2192 2022 2435 2076 hendunt
2458 2019 2644 2076 decem
2672 2020 2948 2084 homines,
2985 2019 3037 2074 id
3066 2027 3150 2074 est
3169 2057 3184 2082 ,
3216 2018 3518 2078 doctrinam
3549 2015 3673 2084 ejus
3698 2032 3784 2071 se-

2191 2121 2432 2182 quuntur
2459 2125 2648 2166 omnes
2679 2111 2731 2164 in
2763 2110 3042 2166 Christum
3076 2109 3364 2164 credentes
3367 2149 3390 2186 δ
3430 2106 3593 2177 juxta
3639 2104 3786 2177 quod

2191 2203 2306 2274 ipse
2331 2201 2464 2259 dicit
2491 2221 2504 2257 :
2543 2223 2560 2254 ι
2589 2203 2898 2258 lmitatores
2921 2202 3026 2256 mei
3055 2209 3250 2256 estote.
3283 2221 3306 2253 ι

2719 2327 2722 2330 ’
2796 2353 3023 2410 CAPUT
3057 2353 3149 2409 ιχ.

2270 2515 2287 2547 ι
2317 2494 2466 2551 Onus
2490 2491 2638 2548 verbi
2672 2491 2884 2546 Domini
2918 2491 2975 2544 in
3005 2498 3149 2544 terra
3174 2488 3426 2543 lladrach
3452 2495 3510 2542 et
3528 2487 3784 2543 Damasci

2193 2588 2398 2659 requiei
2425 2587 2562 2656 ejus.
2596 2605 2614 2638 ι
2652 2584 2778 2638 Hzec
2803 2583 3085 2654 prophetia
3123 2583 3190 2637 de
3227 2580 3632 2636 constructione
3660 2597 3786 2636 san-

2192 2688 2294 2735 ctae
2320 2678 2576 2733 Ecclesia:
2600 2686 2706 2742 est,
2745 2692 2864 2746 quae
2892 2684 3000 2729 tam
3030 2691 3095 2729 ex
3125 2674 3324 2730 ludatis
3354 2689 3516 2743 quam
3548 2689 3617 2728 ex
3647 2689 3781 2744 gen.

2193 2770 2336 2824 tibus
2357 2775 2588 2823 constat.
2615 2767 2712 2821 Est
2737 2776 2917 2820 autem
2947 2765 3084 2820 ordo
3103 2765 3393 2819 verborum
3416 2783 3429 2817 :
3456 2761 3609 2818 Onus
3635 2765 3781 2817 enim

2191 2861 2404 2933 pondus
2426 2860 2576 2914 verbi
2603 2858 2840 2920 Domini,
2878 2857 3018 2912 acuti
3045 2865 3100 2911 et
3125 2856 3322 2920 mollis,
3354 2855 3496 2909 acuti
3529 2857 3782 2910 videlicet

2193 2960 2381 3009 contra
2407 2958 2738 3022 peccatores,
2767 2948 2946 3002 mollis
2971 2963 3097 3018 erga
3121 2945 3317 3015 justos.
3357 2944 3472 3000 Had
3497 2946 3644 2999 enim
3681 2945 3782 3000 lle-

2192 3045 2379 3100 braice
2401 3050 2644 3103 acutum,
2669 3041 2797 3095 racb
2827 3039 2984 3094 molle
3006 3038 3222 3102 dicitur,
3245 3051 3374 3109 ergo
3399 3037 3610 3106 pondus
3630 3037 3780 3091 verbi

2193 3135 2403 3190 Domini
2419 3132 2789 3204 peccatoribus
2803 3128 3619 3202 gravissimum,mollejustis.ln
3636 3137 3781 3181 terra

505 3223 702 3292 linguis
731 3226 995 3294 gentium,
1036 3235 1089 3280 et
1126 3227 1534 3298 apprehendent
1571 3227 1835 3282 ﬁmbriam
1866 3229 1964 3282 viri
1992 3228 2091 3283 Ju-
2120 3264 2165 3325 Ο
2198 3227 2466 3288 lladrach,
2495 3223 2710 3278 Judmos
2734 3222 3131 3292 intelligamus:
3165 3235 3260 3289 per
3283 3219 3634 3325 Damascum,
3659 3233 3783 3325 gen.

507 3314 633 3380 dmi,
670 3315 956 3370 dicentes:
1005 3317 1204 3371 Ibimus
1246 3317 1546 3378 vobiscum,
1598 3317 1902 3371 audivimus
1947 3318 2090 3372 enim

507 3406 762 3473 quoniam
789 3407 931 3460 Deus
953 3407 1233 3461 vobiscum
1255 3416 1358 3460 est.
1383 3425 1399 3456 ι
1428 3405 1686 3471 Quamvis
1704 3405 1873 3460 Judaei
1899 3406 2000 3462 hoc
2025 3407 2094 3463 ad

509 3497 695 3551 ultima
723 3496 1043 3552 Antichristi
1072 3507 1313 3567 tempora
1341 3496 1612 3561 referant,
1651 3513 1750 3552 nos
1779 3497 2010 3554 dicimus
2039 3498 2093 3553 in

507 3588 742 3641 adventu
765 3585 978 3640 Domini
1009 3587 1112 3642 ista
1144 3587 1329 3650 fuisse,
1359 3587 1574 3656 quando
1597 3601 1663 3641 ex
1691 3587 1858 3642 Maria
1887 3589 2095 3659 virgine

510 3687 675 3734 natus
702 3688 804 3732 est.
839 3678 1034 3734 Decem
1073 3680 1216 3734 enim
1260 3680 1350 3735 isti
1393 3679 1639 3736 homines
1683 3680 1938 3736 Ecclesiae
1967 3690 2096 3736 sunt

507 3785 607 3839 per
631 3771 818 3826 orbem
852 3768 1077 3825 diffusae.
1121 3770 1255 3825 Nam
1294 3771 1550 3827 denarius
1589 3771 1858 3842 perfectus
1886 3782 1968 3828 est
1997 3790 2092 3828 nu-

512 3876 719 3926 merus,
758 3861 883 3918 ﬁnis
905 3871 1122 3920 tessera:
1142 3880 1512 3918 numerorum.
1544 3864 1655 3918 lota
1677 3880 1891 3934 quoque
1917 3865 2093 3919 littera

515 3954 656 4024 apud
684 3953 921 4018 Graecos,
955 3971 985 4009 a
1017 3971 1124 4024 quo
1155 3971 1352 4010 nomen
1379 3954 1504 4010 Jesu
1534 3956 1766 4018 inchoat,
1812 3956 2092 4010 denarium

511 4046 784 4115 exprimit.
834 4046 945 4102 llos
985 4047 1168 4102 decem
1215 4047 1362 4101 viros
1408 4047 1688 4116 requisivit
1727 4047 1988 4102 Dominus
2025 4047 2094 4101 ab

507 4137 803 4203 Abraham,
832 4139 874 4210 si
903 4139 1161 4194 invenero
1189 4139 1261 4193 ibi
1289 4139 1494 4202 decem,
1538 4155 1644 4192 non
1681 4137 1869 4193 delebo
1907 4137 2092 4192 urbem

507 4238 730 4299 propter
759 4230 962 4284 decem.
998 4229 1106 4284 llas
1135 4229 1402 4311 Ecclesias
1435 4245 1555 4299 quae
1587 4230 1675 4285 hic
1705 4230 1926 4284 denario
1955 4228 2092 4299 figu-

509 4332 736 4388 rantur,
777 4321 1016 4378 Joanncs
1065 4323 1118 4377 in
1158 4323 1478 4394 Apocalypsi
1519 4323 1828 4394 septenario
1867 4337 2093 4377 numero

511 4415 768 4480 ostendit,
798 4417 982 4471 dicens
1005 4417 1202 4472 vidisse
1226 4417 1420 4471 Filium
1442 4417 1678 4471 hominis
1697 4417 1748 4470 in
1775 4415 1951 4470 medio
1973 4431 2096 4470 can-

512 4506 891 4571 delabrorum,
929 4508 981 4562 id
1022 4517 1104 4563 est
1145 4508 1526 4573 Ecclesiarum,
1563 4523 1697 4577 quas
1736 4507 1961 4577 mystice
1993 4506 2095 4561 sub

2199 3330 2298 3375 tes.
2331 3319 2417 3373 Fit
2441 3333 2569 3388 ergo
2593 3332 2730 3371 onus
2754 3315 2902 3369 verbi
2930 3313 3139 3368 Domini
3172 3313 3224 3366 in
3255 3320 3398 3367 terra
3429 3311 3710 3374 "adradi,
3733 3309 3783 3364 id

2195 3421 2278 3468 est
2319 3410 2515 3482 populo
2549 3408 2894 3471 Judmorum,
2946 3420 3107 3474 super
3141 3418 3299 3473 quem
3337 3411 3392 3457 et
3429 3403 3784 3456 severitatem

2195 3506 2456 3560 Dominus
2479 3501 2722 3556 exercuit
2742 3508 2798 3555 et
2827 3497 3187 3562 clementiam,
3213 3494 3561 3549 severitatem
3587 3492 3642 3546 in
3665 3492 3788 3546 illos

2196 3596 2289 3666 qui
2315 3593 2535 3649 credere
2565 3592 2872 3655 noluerunt,
2905 3586 3249 3643 clementiam
3292 3599 3423 3638 vero
3469 3584 3522 3637 in
3564 3598 3661 3637 eos
3697 3583 3788 3652 qui

2196 3687 2266 3741 ab
2289 3685 2601 3740 inﬁdelitate
2629 3684 2698 3738 ad
2729 3683 2887 3737 ﬁdem
2911 3679 3155 3735 conversi
3183 3684 3328 3732 sunt.
3358 3676 3663 3729 Damascus
3686 3690 3787 3727 au-

2197 3786 2303 3834 tem
2337 3777 2558 3846 requies.
2583 3773 2792 3829 Domini
2830 3772 3051 3835 dicitur,
3084 3770 3211 3839 quia
3240 3768 3293 3822 in
3323 3767 3651 3838 gentilitatis
3682 3766 3789 3820 ﬁde

2195 3875 2249 3922 et
2292 3866 2574 3922 devotione
2614 3864 2875 3918 Dominus
2921 3859 3218 3930 requievit,
3278 3857 3431 3925 juxta
3492 3857 3640 3926 quod
3691 3872 3790 3926 per

2193 3959 2384 4013 Isaiam
2412 3957 2728 4025 pnedictum
2751 3953 2928 4008 fuerat
2947 3953 3011 4007 de
3032 3951 3245 4006 Christo
3271 3965 3286 4002 :
3310 3949 3625 4018 Antequam
3646 3948 3789 4002 sciat

2193 4065 2329 4119 puer
2354 4063 2550 4102 vocare
2583 4055 2792 4116 patrem
2826 4053 2920 4099 aut
2949 4053 3178 4098 matrem
3211 4057 3388 4104 suam,
3413 4040 3651 4109 accipiet
3679 4039 3788 4092 vir-

2195 4149 2364 4194 tutem
2394 4138 2642 4192 Damasci
2671 4147 2727 4192 et
2754 4135 2925 4206 spolia
2952 4134 3231 4190 Samaritae.
3265 4132 3432 4186 Recte
3462 4139 3648 4186 autem
3683 4132 3786 4186 Da-

2195 4245 2408 4285 mascus
2444 4229 2760 4298 sanguinem
2796 4226 3008 4291 bibens,
3041 4224 3125 4280 vel
3165 4223 3386 4295 sanguis
3413 4223 3578 4277 cilicii
3617 4224 3786 4277 inter-

2193 4330 2468 4392 pretatur.
2530 4320 2655 4390 quia
2707 4319 2978 4389 gentilitas
3034 4317 3209 4387 primo
3260 4331 3358 4384 per
3415 4314 3786 4370 idololatriam

2197 4421 2500 4478 cruentata,
2542 4412 2803 4482 sanguine
2829 4419 3172 4481 peccatorum
3195 4410 3569 4472 sauciabatur,
3594 4417 3788 4477 postea

2197 4506 2510 4576 sanguinem
2541 4503 2760 4557 malitiae
2784 4501 2962 4556 cilicio
2988 4499 3324 4572 pmnitentia:
3361 4499 3569 4553 studuit
3605 4499 3788 4553 deter-

510 4597 822 4652 nominibus
851 4598 1128 4655 civitatum
1160 4600 1437 4656 describit.
1467 4599 1523 4654 In
1550 4599 1688 4654 Isaia
1715 4613 1930 4668 quoque
1960 4597 2094 4653 dici-
2117 4614 2170 4673 ι)
2197 4611 2342 4666 gere.
2381 4615 2400 4646 ε
2422 4594 2559 4661 Quia
2589 4593 2847 4648 Dominus
2871 4602 2955 4646 est
2978 4590 3167 4645 oculus
3194 4588 3430 4644 hominis
3457 4596 3515 4642 et
3540 4589 3790 4642 omnium

511 4697 602 4743 tur
630 4707 643 4743 :
675 4689 1095 4760 Apprehendent
1123 4703 1327 4763 septem
1362 4693 1614 4747 mulieres
1641 4692 1815 4744 virum
1845 4708 2008 4746 unum
2040 4693 2092 4747 in

510 4780 601 4835 die
625 4779 734 4833 illa.
763 4780 1054 4850 Apostolus
1083 4799 1296 4852 quoque
1326 4782 1526 4836 Paulus
1553 4782 1619 4835 ad
1650 4790 1856 4850 septem
1886 4790 2093 4836 tantum

513 4872 703 4926 scribit
737 4871 1005 4928 Ecclesias
1026 4915 1041 4940 ,
1077 4875 1145 4928 ad
1181 4875 1454 4928 Romanos
1484 4875 1766 4938 videlicet,
1803 4875 1870 4930 ad
1904 4873 2097 4930 Corin-

512 4963 673 5027 thios,
708 4964 774 5018 ad
802 4963 1042 5032 Galatas,
1085 4965 1153 5019 ad
1182 4965 1465 5033 Ephesios,
1505 4965 1569 5019 ad
1603 4965 1989 5034 Philippenses,
2026 4966 2094 5020 ad

511 5053 888 5123 Colossenses,
939 5059 1007 5112 ad
1049 5056 1578 5111 Thessalonicenses.
1632 5056 1902 5112 Ecclesias
1943 5070 2092 5127 ergo,

512 5162 648 5216 quas
689 5147 764 5201 illi
812 5149 1122 5217 septenario
1173 5163 1400 5201 numero
1455 5147 1831 5218 signaverunt,
1877 5155 2099 5217 propter

513 5239 652 5293 dona
687 5239 1018 5310 scptiformis
1057 5238 1322 5308 Spiritus,
1363 5238 1451 5293 hic
1496 5239 1753 5309 propheta
1805 5238 2097 5294 Zacharias

513 5329 740 5384 denario
775 5329 1031 5398 exprimit
1067 5344 1295 5383 numero
1331 5339 1552 5399 propter
1591 5329 1871 5384 denariam
1922 5329 2096 5398 perfe—

513 5420 769 5475 ctionem.
820 5420 887 5473 Et
927 5421 1334 5488 apprehendent
1371 5423 1554 5477 decem
1598 5421 1879 5488 homines,
1923 5422 1974 5476 id
2016 5430 2099 5476 est

513 5510 771 5566 Ecclesiae
799 5509 853 5563 in
880 5509 1055 5562 virum
1079 5509 1378 5579 perfectum
1399 5521 1667 5582 provecta:
1684 5553 1698 5576 ,
1733 5520 1789 5567 et
1827 5513 2088 5566 rationem

513 5600 814 5670 spiritualis
853 5599 1154 5656 intellectus
1194 5603 1486 5668 habentes,
1532 5605 1936 5674 apprehendent
1969 5603 2092 5658 fim-

514 5692 664 5747 brias
693 5690 797 5746 viri
823 5691 1010 5756 JUd'er,
1045 5695 1147 5750 hoc
1180 5703 1263 5750 est
1291 5695 1502 5750 Domini
1537 5694 1856 5762 Salvatoris,
1892 5696 1960 5751 de
1987 5710 2094 5764 quo

515 5781 774 5849 scriptum
803 5790 915 5839 est:
945 5802 962 5834 ι
991 5783 1146 5852 Juda,
1176 5795 1226 5841 te
1241 5787 1534 5844 laudabunt
1559 5787 1756 5842 fratres
1779 5788 1886 5853 tui;
1925 5807 1943 5840 ›
1963 5786 2091 5842 etin

515 5876 723 5949 9⁸³1ωο
739 5894 752 5932 :
771 5897 789 5931 ι
811 5877 943 5938 Juda
973 5898 1066 5940 rex
1093 5899 1266 5940 meus.
1298 5902 1316 5937 ι
1337 5879 1689 5954 HujusJudzei
1717 5879 1984 5936 fimbriam
2003 5896 2096 5951 ap-

2198 4689 2434 4743 tribuum
2463 4686 2648 4741 Israel.
2684 4706 2700 4738 ι
2742 4685 2948 4740 Idcirco
2985 4682 3202 4753 (inquit)
3233 4682 3424 4736 domus
3455 4679 3695 4740 Domini,
3737 4680 3790 4731 id

2198 4788 2281 4835 est
2306 4778 2545 4834 Ecclesia
2572 4777 2639 4831 de
2665 4783 2897 4844 utroque
2933 4775 3134 4844 populo
3159 4781 3217 4828 et
3246 4772 3313 4827 de
3349 4779 3493 4825 terra
3533 4769 3787 4823 Hadrach

2199 4879 2254 4926 et
2277 4870 2343 4924 de
2369 4871 2636 4924 Damasco
2657 4865 3010 4930 construitur,
3036 4863 3288 4934 quoniam
3318 4861 3529 4916 Domini
3556 4870 3640 4916 est
3663 4861 3791 4929 qui-

2198 4977 2411 5030 cunque
2442 4960 2527 5015 vel
2554 4960 2620 5013 de
2645 4958 2917 5028 gentibus,
2945 4956 3029 5011 vel
3060 4957 3128 5011 de
3155 4955 3354 5010 Judaeis
3385 4953 3611 5023 respicit
3638 4969 3787 5012 eum,

2198 5051 2470 5107 credendo
2490 5059 2543 5104 el
2571 5050 2838 5120 sperando
2860 5047 2914 5102 in
2940 5046 3111 5104 illum.
3140 5045 3339 5102 Oculus
3358 5045 3505 5100 enim
3529 5055 3792 5113 aspectus

2196 5152 2279 5198 est
2305 5138 2790 5210 contemplationis.

2277 5252 2294 5284 ι
2317 5233 2508 5287 Emath
2523 5247 2738 5301 quoque
2752 5231 2803 5285 in
2830 5229 3076 5285 terminis
3095 5227 3231 5297 ejus,
3253 5237 3310 5282 ct
3327 5225 3501 5298 Tyrus
3513 5232 3571 5281 et
3591 5223 3791 5285 Sidon,

2199 5332 2612 5393 assumpserunt
2638 5323 2836 5392 quippe
2861 5322 2961 5376 sibi
2989 5321 3312 5390 sapientiam
3334 5316 3508 5371 valde.
3534 5317 3605 5370 Et
3625 5316 3796 5370 rediti-

2199 5415 2342 5470 cavit
2363 5414 2438 5484 'l‘y
2449 5428 2539 5467 rus
2564 5413 2916 5468 munitionem
2937 5426 3113 5477 suam,
3143 5418 3198 5465 et
3223 5407 3565 5466 coacervavit
3593 5422 3797 5476 argen—

2202 5517 2313 5563 tum
2349 5507 2503 5578 quasi
2535 5508 2778 5570 humum,
2826 5515 2881 5561 et
2922 5521 3112 5559 aurum
3152 5512 3211 5558 ut
3249 5501 3418 5556 lutum
3455 5499 3791 5570 platearum,

2200 5603 2340 5657 Ecce
2366 5601 2620 5656 Dominus
2651 5597 2945 5669 possidebit
2973 5612 3116 5661 eam,
3155 5606 3210 5650 et
3250 5592 3516 5664 percutiet
3557 5592 3613 5647 in
3645 5593 3796 5645 mari

2200 5693 2570 5750 fortitudinem
2591 5690 2727 5759 ejus,
2764 5700 2818 5746 et
2849 5691 2962 5746 haec
2989 5689 3096 5760 igni
3125 5685 3487 5744 devorahitur.
3521 5703 3538 5735 ι
3582 5684 3792 5738 Emath

2201 5786 2394 5842 civitas
2421 5791 2505 5839 est
2533 5782 2704 5854 Syria:
2731 5782 2930 5847 lees,
2958 5781 3084 5851 quia
3112 5781 3178 5834 ab
3202 5775 3466 5832 Antiocho
3501 5774 3800 5844 Epiphane

2203 5877 2546 5944 rczediﬁcata,
2575 5874 2871 5945 Epiphania
2903 5883 2986 5931 est
3023 5876 3346 5941 mmeupata.
3387 5866 3803 5937 Interpretatur
