3950 6436
184 476 293 533 ειθ

1096 450 1496 513 ΕΝΑΒΒᾹΤῙΟ
1528 448 1596 505 IN
1635 440 2035 502 ZACHARIAM
2076 432 2518 495 PROPHETAII.

3344 418 3453 475 ΞΜ)

188 576 567 640 ουίωἘωαιιι
601 569 915 643 indignatio.
959 567 1025 623 Et
1064 566 1182 621 hac
1222 564 1384 634 igitur
1419 569 1473 616 et
1510 558 1686 630 Tyrus
1713 561 1768 610 et
1794 557 1845 616 Α
1869 560 2041 608 strata
2077 550 2164 614 sit,
2216 557 2339 603 tunc
2381 545 2588 603 sedebit
2625 549 2907 615 separator
2932 540 2988 596 in
3016 539 3208 603 Asoto,
3253 535 3309 591 id
3345 541 3449 598 est,

191 675 361 731 Sidon
400 677 561 726 erunt
598 665 652 721 in
694 660 941 719 terminis
969 657 1114 727 ejus,
1158 656 1211 710 id
1247 661 1330 709 est
1366 650 1634 712 Damasci,
1662 646 1775 701 sive

192 769 248 822 in
279 762 529 821 terminis
559 767 722 814 terra
747 751 1020 831 Hadrach,
1046 756 1108 803 ut
1140 756 1195 802 et
1224 746 1352 816 ipsa
1382 758 1503 798 cum
1531 739 1637 795 illis
1658 752 1777 793 cre-

192 860 325 915 dant
350 856 404 911 in
430 851 715 908 Dominum
745 845 1106 905 Salvatorem,
1144 838 1229 893 cui
1269 835 1401 891 dicit
1433 831 1694 904 propheta
1721 829 1776 883 in

191 946 445 1016 psalmo:
499 960 517 992 ‹
546 936 766 994 Postula
804 949 835 988 a
870 947 958 988 me
988 939 1045 985 et
1071 929 1209 983 dabo
1237 925 1334 981 tibi
1374 931 1581 994 gentes,
1613 939 1631 971 ι
1668 928 1774 974 etc.

193 1009 389 1092 Emath
433 1046 554 1103 qua
604 1023 919 1097 indignatio,
960 1030 1014 1075 et
1047 1018 1222 1090 Tyrus
1259 1029 1384 1088 qua
1419 1009 1683 1083 angustia,
1724 1014 1780 1061 et

195 1128 365 1183 Sidon
411 1100 531 1193 qua
575 1118 790 1175 venatio
828 1112 1034 1169 inutilis
1072 1110 1494 1177 interpretatur,
1538 1100 1778 1169 gentium

193 1217 422 1290 populos
449 1212 752 1281 designant,
776 1221 897 1277 qua
918 1204 1094 1276 primo
1126 1200 1192 1255 ad
1218 1195 1655 1270 pradicationem
1684 1205 1779 1245 no-

194 1285 363 1364 ininis
390 1304 595 1361 Christi
626 1300 917 1369 indignata
943 1301 1088 1359 sunt,
1128 1302 1183 1346 et
1221 1290 1276 1344 in
1307 1285 1553 1358 angustia
1578 1297 1778 1354 pecca-

196 1410 377 1455 torum
405 1401 595 1457 erant,
640 1399 695 1446 et
732 1386 1069 1443 venabantur
1105 1397 1139 1436 a
1162 1378 1400 1444 diabolo,
1435 1377 1488 1431 in
1515 1375 1668 1445 cujus
1702 1381 1781 1445 ty-

195 1506 327 1563 pum
359 1492 715 1561 pracesserat
747 1479 1008 1536 Nemrotb
1051 1477 1304 1532 robustus
1339 1481 1565 1528 venator
1597 1484 1779 1525 coram

197 1583 451 1639 Domino.
490 1578 644 1646 Quod
674 1590 804 1631 vero
835 1575 923 1628 ha
963 1570 1211 1627 civitates
1246 1567 1330 1623 vel
1368 1565 1537 1637 magis
1572 1570 1779 1634 gentes,

197 1694 337 1750 quas
362 1673 766 1748 significabant,
795 1667 1213 1741 promptissima
1239 1662 1440 1718 fuerint
1465 1663 1532 1717 ad
1559 1659 1784 1716 creden-

198 1749 350 1832 dum,
390 1765 653 1821 Dominus
688 1758 928 1832 ostendit
963 1758 1019 1812 in
1056 1753 1347 1826 Evangelio
1382 1752 1602 1807 dicens:
1640 1767 1659 1801 ι
1695 1749 1784 1804 Va

202 1860 301 1916 tibi
323 1858 631 1921 Corozaim,
659 1869 741 1908 va
766 1852 864 1907 tibi
890 1850 1176 1905 Bethsaida
1197 1889 1212 1913 ,
1246 1847 1371 1916 quia
1397 1845 1441 1900 si
1473 1844 1528 1898 in
1561 1843 1705 1914 Tyro
1729 1848 1784 1896 et

203 1950 409 2007 Sidone
432 1948 589 2004 facta
620 1945 852 2000 fuissent
875 1942 1102 1996 virtutes
1129 1954 1249 2009 qua
1287 1937 1340 1993 iu
1378 1946 1432 1991 te
1459 1935 1613 1990 facta
1639 1940 1784 1999 sunt,
1813 1929 1863 1991 Β
1891 1932 1920 1970 ³

204 2041 336 2097 olim
378 2036 751 2109 panitentiam
786 2034 1042 2106 egissent.
1075 2050 1093 2083 ι
1142 2029 1566 2099 Assumpserunt
1605 2027 1788 2095 itaque

206 2128 529 2199 sapientiam
558 2124 735 2189 valde,
795 2123 850 2178 id
892 2130 976 2177 est
1005 2116 1337 2190 sophismata
1376 2126 1430 2175 et
1467 2116 1790 2173 calliditates

203 2220 344 2273 artis
363 2217 673 2273 dialecticae.
698 2212 873 2285 Tyrus
894 2226 1107 2283 quoque
1140 2210 1432 2267 adificavit
1462 2208 1791 2265 munitiones

201 2326 351 2375 suas,
398 2308 452 2363 id
492 2315 578 2362 est
618 2304 776 2361 fortia
821 2311 1174 2375 argumenta,
1209 2302 1407 2372 quibus
1443 2298 1597 2370 quasi
1634 2312 1792 2352 muro

201 2401 477 2474 quondam
510 2397 719 2454 munita
747 2395 1051 2468 gentilitas,
1092 2409 1123 2448 a
1158 2392 1304 2449 nullo
1338 2398 1523 2463 posset
1545 2386 1792 2444 veritatis

202 2494 433 2549 doctore
459 2487 724 2560 superari.
765 2484 1120 2543 Coacervavit
1153 2492 1459 2555 argentum,
1486 2482 1538 2537 id
1563 2487 1647 2535 est
1671 2478 1795 2532 rhe-

203 2590 399 2645 torica
446 2584 743 2648 facundia,
792 2592 847 2638 et
885 2596 1079 2636 aurum
1118 2570 1373 2635 sensuum‘
1418 2575 1701 2631 moralium
1742 2582 1798 2630 et

206 2680 620 2752 allegoriarum.
664 2674 866 2730 Verum
911 2688 1072 2743 quam
1115 2672 1226 2726 sint
1263 2670 1379 2724 hac
1406 2667 1533 2722 vilia
1576 2674 1628 2722 et
1668 2680 1798 2721 con-

208 2773 505 2832 temnenda
547 2773 800 2836 ostendit,
834 2770 964 2827 eum
1003 2777 1284 2839 argentum
1324 2774 1378 2821 et
1420 2779 1615 2836 aurum
1656 2760 1799 2817 istud

208 2874 498 2937 comparat
528 2862 639 2920 luto
667 2864 988 2934 platearum.
1018 2859 1147 2913 Hac
1174 2866 1352 2912 autem
1379 2852 1796 2925 congregabant,

210 2968 283 3016 ut.
328 2960 604 3015 munirent
647 2972 871 3028 regnum
920 2952 1275 3015 idololatria,
1324 2958 1379 3002 et
1438 2945 1801 3017 insuperabile

208 3051 489 3107 facerent.
518 3048 780 3104 Dominus
809 3061 935 3116 ergo
961 3041 1200 3115 possedit
1221 3039 1421 3111 Tyrum
1445 3046 1500 3092 et
1522 3036 1800 3101 Sidonem,

210 3158 346 3198 eum
376 3155 563 3195 earum
594 3136 924 3210 percusserit
959 3131 1364 3195 fortitudinem,
1404 3143 1567 3199 quam
1605 3125 1805 3180 habent

209 3236 271 3288 in
314 3231 621 3287 turbulento
660 3227 799 3284 mari
840 3225 998 3294 hujus
1029 3222 1234 3289 saculi,
1262 3230 1316 3276 et
1343 3217 1669 3275 destruxerit
1689 3230 1806 3271 om-

209 3337 347 3379 nem
379 3320 700 3392 sapientiam
731 3317 1069 3381 sacularem,
1109 3321 1167 3369 et
1198 3328 1389 3368 aurum
1424 3319 1585 3381 atque
1618 3323 1806 3380 argen-

212 3426 339 3471 tum
371 3429 557 3470 earum
588 3411 868 3467 excoxerit
895 3419 951 3464 et
978 3405 1288 3479 purgaverit
1316 3404 1405 3458 illo
1430 3403 1574 3473 igne,
1605 3400 1671 3455 de
1695 3415 1802 3471 quo

209 3506 341 3577 ipse
385 3504 439 3558 in
472 3500 763 3575 Evangelio
809 3499 940 3555 dicit
978 3516 993 3552 :
1048 3515 1066 3549 ‹
1098 3496 1277 3568 Ignem
1324 3492 1447 3549 veni
1496 3491 1709 3546 mittere
1748 3489 1803 3544 in

213 3607 453 3661 terram,
482 3614 500 3646 ι
540 3602 643 3650 etc.

303 3706 323 3739 ι
353 3685 569 3742 Videbit
596 3684 823 3739 Ascaion
853 3690 908 3738 et
936 3679 1177 3745 timebit,
1215 3685 1270 3734 et
1296 3676 1473 3744 Gaza,
1519 3683 1574 3731 et
1602 3673 1805 3729 dolebit

211 3778 410 3844 nimis,
433 3785 487 3831 et
500 3775 766 3837 Accarou,
788 3772 1044 3845 quoniam
1066 3768 1291 3826 confusa
1316 3776 1400 3825 est
1425 3782 1548 3838 spes
1570 3764 1705 3835 ejus.
1740 3765 1806 3819 Et

209 3868 425 3942 peribit
453 3881 546 3921 rex
574 3866 642 3921 de
668 3863 834 3930 Gaza,
862 3871 919 3918 et
944 3862 1178 3918 Ascalou
1216 3876 1321 3915 non
1352 3857 1706 3914 habitabitur.
1738 3855 1807 3910 Et

213 3959 440 4017 sedebit
469 3965 750 4026 separator
782 3955 834 4009 in
864 3954 1058 4009 Azoto.
1090 3972 1108 4004 ι
1155 3951 1289 4008 Cum
1335 3946 1569 4022 (inquit)
1612 3947 1808 4004 viderit

213 4049 481 4109 Ascalon,
508 4055 567 4101 et
585 4046 751 4111 Gaza,
774 4054 829 4101 et
850 4047 1117 4110 Accaron,
1131 4057 1251 4115 qua
1270 4050 1395 4098 sunt
1412 4043 1658 4097 civitates
1680 4039 1807 4095 Phi-

219 4137 578 4203 Iistinorum,
618 4136 761 4206 quod
804 4136 998 4190 Emath
1032 4134 1104 4190 sit
1145 4135 1198 4188 in
1241 4133 1484 4188 terminis
1522 4131 1800 4197 Damasci,

216 4239 287 4287 et
318 4228 492 4299 Tyrus
517 4237 572 4283 et
603 4226 771 4282 Sidon
807 4227 874 4282 ad
902 4241 1020 4280 eam
1052 4224 1407 4288 transierint,
1435 4237 1633 4292 easque
1660 4222 1805 4278 vide—

217 4323 342 4380 rint
377 4335 654 4393 possessas
683 4335 713 4374 a
762 4319 1010 4383 Domino,
1038 4317 1296 4372 dolebunt
1330 4330 1395 4370 ac
1419 4315 1611 4370 timore
1636 4311 1809 4383 reple-

217 4415 463 4477 buntur,
509 4410 635 4480 quia
675 4410 935 4464 videbunt
958 4422 1123 4477 ,spem
1154 4420 1313 4476 quam
1349 4404 1403 4459 in
1436 4403 1592 4459 idolis
1618 4416 1808 4474 posue-

220 4514 384 4571 rant,
435 4519 555 4560 esse
602 4501 902 4558 confusam.
931 4498 1188 4574 .Ascalon
1239 4498 1619 4567 interpretatur
1666 4492 1805 4564 ignis

218 4597 516 4672 ignobilis,
564 4595 678 4651 sive
723 4593 1048 4664 ponderata;
1092 4591 1271 4655 Gaza,
1310 4587 1467 4644 fortis
1507 4595 1600 4641 aut
1636 4587 1805 4656 impe-

221 4692 395 4754 rium,
438 4686 682 4742 Accaron
711 4694 913 4748 autem,
941 4681 1163 4745 sterilis,
1192 4681 1305 4735 sive
1330 4678 1630 4742 eradicata;
1659 4674 1801 4731 Azo-

216 4792 340 4846 tus,
380 4779 518 4850 ignis
546 4792 828 4848 generans,
864 4773 947 4827 vel
985 4772 1121 4844 ignis
1154 4769 1352 4841 patrui,
1391 4768 1475 4823 vel
1511 4767 1648 4840 ignis
1683 4781 1800 4820 ma-

218 4873 411 4931 milla.
450 4870 725 4927 Jebusaus
758 4866 1135 4929 conculcatus,
1181 4862 1446 4934 significat
1494 4859 1700 4913 animas
1737 4870 1801 4912 eo

220 4965 394 5021 modo
414 4978 443 5017 a
465 4960 676 5017 diabolo
696 4961 973 5027 deceptas.
998 4954 1133 5008 Nam
1155 4951 1408 5017 Ascalon,
1435 4950 1489 5004 in
1508 4963 1611 5018 qua
1645 4953 1802 5000 antea

223 5054 410 5109 fuerat
435 5050 700 5117 diabolus,
724 5048 814 5118 qui
840 5055 924 5103 est
952 5046 1092 5117 ignis
1122 5041 1390 5115 ignobilis,
1417 5050 1473 5095 et
1496 5040 1563 5095 ad
1593 5053 1806 5093 mensu-

226 5160 349 5201 ram
392 5142 474 5196 vel
521 5142 730 5212 pondus
776 5144 1097 5210 pervenerat
1136 5141 1509 5204 peccatorum,
1555 5129 1807 5186 videlicet

226 5236 476 5309 gentium
497 5234 744 5305 populus,
770 5230 951 5287 timuit
973 5228 1064 5284 tali
1085 5241 1284 5297 pavore
1302 5222 1609 5295 perterrita.
1634 5220 1805 5287 Gaza,

228 5343 358 5397 qua
387 5325 544 5381 fortis
573 5324 778 5390 fuerat,
816 5331 872 5377 et
899 5321 1001 5377 sibi
1031 5318 1313 5389 imperium
1342 5314 1653 5371 idololatria
1680 5327 1807 5383 pro-

231 5417 507 5482 mittebat,
538 5416 709 5471 doluit
735 5413 919 5479 nimis,
955 5427 1120 5483 agens
1158 5406 1529 5480 paenitentiam
1568 5404 1806 5475 priorum

231 5509 523 5567 scelerum.
550 5510 792 5566 Accaron
814 5521 1028 5578 quoque
1048 5503 1265 5567 sterilis,
1298 5510 1352 5558 et
1376 5500 1577 5568 absque
1596 5496 1690 5551 Dei
1715 5510 1810 5551 no-

234 5602 378 5665 titia,
411 5618 517 5655 non
549 5601 753 5656 habens
780 5596 1087 5668 spirituales
1116 5594 1286 5656 filios,
1323 5590 1594 5646 eradicata
1630 5595 1715 5645 est
1741 5587 1809 5642 ab

230 5709 447 5754 errore,
483 5709 590 5767 quo
631 5691 787 5762 quasi
816 5689 968 5743 ﬁrma
996 5687 1175 5742 radice
1200 5684 1501 5739 tenebatur.
1524 5678 1657 5735 Cum
1684 5692 1814 5746 ergo

235 5784 325 5839 ha
353 5782 601 5838 civitates
635 5781 838 5836 fuerint
872 5776 1195 5848 perterrita,
1235 5788 1371 5844 quas
1400 5771 1635 5828 diximus
1672 5769 1810 5839 figu-

238 5888 367 5929 rare
398 5872 613 5946 gentes,
657 5881 709 5931 et
757 5869 1023 5930 doluerint
1054 5883 1117 5924 eo
1157 5866 1297 5938 quod
1327 5881 1448 5937 spes
1476 5878 1661 5920 earum
1696 5861 1806 5919 fru-

1878 644 2137 700 Dominus
2162 640 2429 703 Salvator,
2466 637 2556 707 qui
2587 642 2803 707 separat
2841 633 3167 688 frumentum
3200 643 3230 682 a
3259 624 3452 697 paleis,

1878 734 2049 789 malos
2069 732 2242 802 pisces
2262 744 2292 783 a
2314 727 2493 790 bonis,
2516 725 2716 797 quique
2740 724 2793 779 in
2812 721 3019 791 judicio
3037 715 3310 789 separabit
3327 727 3457 769 oves

1878 825 1947 880 ab
1971 824 2161 879 hadis.
2192 819 2414 876 Sedebit
2440 824 2619 871 autem
2646 814 2701 868 in
2730 813 2921 876 Azoto,
2954 811 3045 865 ubi
3072 807 3211 880 ignis
3235 804 3457 875 spiritus

1881 916 1975 971 Dei
2004 920 2226 985 generat
2258 910 2396 963 filios
2422 904 2745 976 adoptionis,
2776 901 2867 957 ubi
2895 892 2980 955 es't
3008 899 3146 971 ignis
3173 894 3456 967 patruelis,

1880 1007 1933 1062 id
1960 1015 2043 1061 est
2076 1003 2316 1074 ejusdem
2360 996 2575 1053 Domini
2614 993 2785 1049 nostri
2822 990 2947 1047 Jesu
2983 988 3220 1052 Christi,
3264 985 3355 1055 qui
3389 998 3460 1038 ex

1881 1097 2038 1153 nobis
2078 1107 2297 1149 carnem
2337 1100 2614 1144 assumere
2659 1084 2907 1152 dignatus
2943 1088 3063 1143 est,
3126 1086 3183 1131 et
3230 1075 3297 1129 de
3350 1087 3461 1144 quo

1882 1189 2077 1244 Isaias:
2107 1184 2371 1246 Cantabo,
2392 1179 2584 1249 inquit,
2600 1174 2799 1230 dilecto
2814 1185 2933 1241 meo
2949 1167 3219 1223 canticum
3235 1174 3461 1236 patrue-

1882 1278 1948 1334 lis
1976 1276 2106 1339 mei,
2132 1274 2301 1328 vinea
2330 1284 2483 1325 mea.
2513 1265 2591 1321 Ibi
2620 1275 2834 1334 quoque
2864 1258 3004 1329 ignis
3034 1253 3282 1310 mamilla
3300 1293 3316 1319 ,
3359 1254 3466 1308 hoc

1883 1377 1995 1434 est,
2021 1363 2345 1422 desiderium
2378 1368 2433 1414 et
2460 1357 2621 1412 ardor
2649 1349 2875 1424 augendi
2907 1348 2992 1402 lac
3017 1344 3281 1400 doctrina
3304 1341 3466 1411 spiri-

1884 1430 2065 1515 tualis.
2117 1456 2252 1510 Nam
2301 1453 2407 1508 duo
2453 1449 2622 1503 ubera
2658 1441 2939 1505 Ecclesia,
2982 1438 3088 1493 duo
3123 1441 3250 1489 sunt
3279 1430 3467 1486 Testa-

1884 1557 2087 1614 menta,
2119 1547 2259 1602 sicut
2284 1554 2481 1613 sponsa
2511 1537 2716 1593 iudicat
2741 1533 2796 1587 in
2822 1528 3063 1585 Canticis
3092 1524 3461 1581 canticorum:

1893 1661 1911 1694 ι
1937 1641 2134 1696 Botrus
2160 1635 2325 1708 Cypri
2350 1631 2577 1687 dilectus
2607 1640 2762 1682 meus
2790 1622 2945 1687 mihi,
2982 1621 3125 1675 inter
3147 1617 3315 1671 ubera
3346 1628 3467 1668 mea

1887 1731 2332 1791 commorabitur.
2364 1747 2383 1779 ι
2420 1746 2439 1778 ι
2464 1725 2531 1780 Et
2556 1720 2862 1792 disperdam
2893 1712 3202 1788 superbiam
3234 1710 3472 1768 Philisti-

1888 1838 2099 1886 norum,
2150 1829 2205 1879 et
2249 1818 2492 1874 auferam
2521 1812 2837 1886 sanguinem
2868 1810 2986 1881 ejus
3014 1808 3082 1863 de
3108 1821 3204 1861 ore
3231 1804 3378 1873 ejus,
3414 1810 3471 1856 et

1924 1913 2321 1972 bominationes
2345 1910 2463 1981 ejus
2487 1907 2554 1962 de
2581 1903 2757 1960 medio
2780 1902 3022 1958 dentium
3046 1896 3182 1967 ejus.
3212 1896 3280 1951 Et
3310 1893 3471 1949 relin-

1890 2016 2087 2077 quetur
2106 2004 2270 2058 etiam
2304 2001 2419 2072 ipse
2456 1998 2567 2053 Deo
2594 2003 2811 2059 nostro,
2844 2000 2901 2048 et
2936 1991 3042 2046 erit
3079 1990 3231 2059 quasi
3268 1985 3377 2041 dux
3413 1983 3471 2038 in

1889 2098 2046 2154 Juda.
2078 2117 2097 2150 ι
2132 2092 2419 2149 Philistiim
2440 2131 2455 2155 ,
2491 2087 2583 2159 qui
2628 2087 3058 2154 interpretantur
3091 2079 3347 2135 cadentes
3377 2089 3474 2145 ροι-

1890 2191 2031 2249 culo.
2063 2204 2129 2244 eo
2156 2186 2300 2257 quod
2330 2185 2397 2239 de
2429 2182 2597 2238 calice
2635 2175 3021 2234 daemoniorum
3060 2168 3311 2226 inebriati
3347 2181 3475 2221 cor-

1893 2289 2139 2338 ruerunt.
2164 2277 2230 2332 Ili
2254 2291 2384 2347 ergo
2403 2275 2828 2343 interpretantur
2845 2264 3193 2321 evocationcs
3210 2258 3474 2331 gentium,

1894 2376 1997 2431 hoc
2021 2381 2125 2438 est,
2150 2369 2516 2440 blasphemia,
2541 2365 2657 2421 sive
2676 2377 2801 2418 esus
2821 2375 3007 2416 eorum
3028 2371 3151 2427 qua
3173 2353 3330 2409 idolis
3350 2356 3477 2406 sunt

1897 2466 2194 2531 immolata,
2218 2472 2276 2517 ut
2302 2462 2390 2517 his
2417 2457 2612 2515 ablatis
2638 2456 2973 2524 relinquatur
2997 2452 3114 2520 ipsa
3134 2449 3244 2503 Deo
3266 2454 3475 2508 nostro,

1898 2565 1952 2614 et
1976 2566 2154 2629 spreta
2182 2552 2472 2608 multorum
2497 2562 2652 2613 cura,
2680 2559 2848 2600 unum
2882 2551 3089 2596 tantum
3120 2538 3288 2593 Deum
3340 2533 3481 2589 inci-

1896 2624 2287 2721 piat—adorare,
2321 2642 2499 2711 sitque
2524 2639 2631 2693 dux
2659 2637 2711 2691 in
2736 2633 2870 2690 Juda
2892 2674 2907 2699 ,
2936 2641 2997 2686 ut
3034 2631 3185 2700 prior
3213 2624 3480 2698 populus,

1899 2719 1992 2812 qui
2016 2740 2106 2795 hic
2131 2752 2230 2809 per
2257 2735 2449 2790 Iudam
2476 2731 2741 2803 signatur,
2779 2732 3023 2781 vertatur
3051 2722 3105 2776 in
3130 2719 3359 2776 caudam
3382 2756 3396 2782 ,
3426 2722 3484 2769 et

1902 2804 2227 2888 novissimus
2261 2827 2350 2898 qui
2393 2833 2512 2881 erat
2548 2820 2747 2883 cauda,
2786 2823 3026 2872 transeat
3053 2813 3106 2867 in
3135 2818 3319 2880 caput.
3368 2824 3387 2857 ι
3414 2804 3485 2863 Et

1900 2925 2143 2979 Arcaron
2174 2941 2192 2972 ι
2228 2917 2498 2988 quondam
2522 2911 2721 2969 sterilis
2741 2916 2798 2963 et
2814 2904 3110 2968 eradicata,
3141 2900 3195 2956 id
3222 2906 3326 2963 est,
3354 2910 3486 2969 gen-

1905 3013 2070 3069 tilitas
2098 3010 2187 3065 sit.
2229 2985 2261 3059 ί
2277 3005 2442 3073 Quasi
2470 3002 2746 3081 Jebusaus
2765 3038 2777 3062 ,
2806 3016 2826 3048 ι
2862 2996 2914 3050 id
2942 3002 3057 3057 est,
3095 2988 3252 3061 quasi
3281 2985 3487 3048 .Hieru:

1906 3103 2097 3167 salem,
2119 3115 2237 3169 qua
2266 3097 2461 3152 civitas
2487 3080 2661 3146 tribus
2685 3086 2995 3143 nominibus
3021 3080 3251 3137 diversis
3276 3087 3486 3146 tempo-

1906 3198 2057 3253 ribus
2083 3167 2345 3265 appellata
2372 3196 2472 3243 est.
2500 3183 2686 3239 Primo
2713 3180 2856 3234 dicta
2878 3183 2966 3265 est
2992 3172 3171 3227 Salem
3188 3210 3203 3235 ,
3230 3167 3424 3222 deinde
3453 3181 3485 3219 a

1832 3305 1877 3369 ρ
1906 3285 2167 3344 Jebusais
2190 3292 2457 3353 possessa,
2485 3280 2675 3328 vocata
2706 3275 2790 3323 est
2814 3264 2999 3328 Iebus,
3039 3261 3223 3328 sicque
3253 3255 3485 3324 conjun-

2451 3365 2483 3369 λ’
2596 3360 2617 3369 ⁸
2655 3362 2667 3369 ·
2814 3364 2824 3369 -
2853 3355 2885 3369 η
2928 3354 2941 3369 ι
3016 3368 3019 3369 ν
3092 3350 3221 3369 J2-.-
3256 3354 3330 3369 --ι
3361 3343 3460 3369 In-

1906 3343 2009 3436 etis
2031 3343 2239 3432 duobus
2262 3365 2570 3426 nominibus
2590 3360 2755 3416 Jebus
2776 3364 2832 3413 et
2853 3354 3057 3418 Salem,
3083 3350 3227 3405 dicta
3252 3354 3337 3401 est
3361 3343 3491 3398 Hie-

1906 3466 2160 3525 rusalem.
2192 3460 2439 3517 Accaron
2468 3454 2573 3511 erit
2603 3449 2756 3522 quasi
2783 3445 3081 3507 Jebusaus,
3128 3438 3255 3510 quia
3300 3442 3489 3507 gentes

1904 3555 2174 3626 accipient
2220 3549 2470 3623 gratiam,
2516 3556 2679 3615 quam
2728 3534 3017 3608 aliquando
3058 3524 3490 3598 Hierosolymita

1904 3614 2209 3705 habuerunt
2222 3614 2517 3698 credentes
2538 3614 2600 3689 in
2632 3634 2823 3688 Deum.
2870 3645 2891 3678 α
2918 3626 2988 3681 Et
3013 3618 3361 3679 circumdabo
3389 3614 3487 3669 do-

1905 3754 2051 3795 mum
2081 3749 2282 3799 meam,
2313 3751 2333 3784 ι
2381 3729 2434 3785 id
2478 3734 2563 3782 est
2588 3721 2903 3779 Ecclesiam.
2940 3735 2961 3769 r
2990 3715 3069 3769 Ex
3103 3713 3190 3768 his
3226 3709 3318 3779 qui
3347 3705 3491 3762 mili-

1908 3837 2023 3887 tant
2064 3826 2199 3883 mihi
2236 3796 2427 3880 euntes
2451 3827 2508 3875 et
2529 3821 2884 3874 revertentes,
2914 3828 2933 3861 ι
2982 3807 3036 3862 id
3068 3812 3153 3860 est
3191 3799 3366 3872 angeli
3392 3796 3487 3868 qui

1908 3921 2040 3977 mihi
2069 3916 2381 3975 deserviunt
2408 3912 2463 3966 in
2489 3906 2723 3964 diversis
2747 3898 3097 3960 ministeriis,
3134 3902 3356 3964 propter
3390 3904 3489 3945 eos

1907 4015 1998 4085 qui
2038 4009 2411 4067 hareditatem
2448 4000 2674 4072 capiunt
2718 3994 2935 4057 salutis,
2977 4003 3204 4060 quorum
3237 3983 3489 4054 prasidio

1912 4078 2143 4163 vallatur
2165 4096 2429 4159 Ecclesia,
2445 4080 2984 4149 dicentePsahnista:
3005 4101 3022 4133 ι
3045 4078 3299 4135 lmmittet
3324 4090 3488 4143 ange-

1909 4199 1994 4254 lus
2031 4190 2242 4249 Domini
2273 4189 2327 4243 in
2356 4182 2585 4243 circuitu
2629 4174 2934 4235 timentium
2972 4186 3127 4227 eum.
3170 4188 3188 4220 ι
3235 4185 3256 4218 ί
3285 4167 3351 4220 Et
3377 4178 3486 4220 non

1911 4282 2162 4344 transibit
2197 4279 2339 4335 ultra
2372 4289 2534 4345 super
2559 4285 2652 4327 eos
2678 4271 2919 4329 exactor,
2950 4283 2969 4314 ι
3010 4260 3063 4316 id
3089 4268 3174 4315 est
3218 4254 3483 4320 diabolus,

1908 4379 1975 4435 de
2018 4390 2126 4448 quo
2151 4371 2350 4428 Isaias:
2387 4387 2405 4419 α
2440 4344 2718 4433 Quomodo
2748 4355 2950 4428 quievit
2969 4360 3213 4415 exactor,
3253 4344 3488 4403 cessavit

1909 4440 2206 4525 tributum?
2234 4482 2253 4513 ι
2287 4480 2306 4514 ‹
2335 4458 2471 4527 Quia
2495 4469 2636 4510 nunc
2656 4452 2764 4507 vidi
2791 4450 2845 4504 in
2867 4446 3039 4503 oculis
3069 4442 3229 4508 meis,
3257 4459 3275 4491 ι
3303 4440 3356 4494 id
3377 4445 3484 4503 est,

1905 4560 2089 4615 videre
2111 4554 2213 4610 feci
2240 4551 2533 4623 prophetas
2561 4558 2730 4600 meos.
2762 4539 2864 4611 Ipsi
2888 4538 3033 4595 enim
3052 4543 3191 4591 eunt
3213 4530 3352 4588 oculi
3381 4529 3485 4583 Do-

1831 4661 1881 4720 ι)
1909 4648 2070 4713 mini,
2099 4660 2199 4717 per
2224 4622 2361 4712 quos
2392 4638 2557 4702 vidit,
2588 4635 2642 4690 id
2669 4641 2754 4689 est
2778 4625 3118 4685 annuntiavit
3144 4622 3487 4678 vocationem

1904 4740 2145 4811 gentium
2172 4743 2229 4792 et
2251 4732 2507 4788 Ecclesia
2534 4725 2900 4784 securitatem.

1984 4888 1999 4920 ε
2030 4863 2254 4922 Exsulta
2285 4859 2437 4922 satis,
2469 4855 2577 4911 ﬁlia
2605 4853 2759 4917 Sion,
2779 4847 2966 4921 jubila,
2996 4843 3101 4898 lilia
3125 4838 3484 4895 Hierusalem.

1906 4960 2047 5015 Ecce
2070 4971 2166 5011 rex
2192 4962 2315 5009 tuus
2339 4950 2520 5005 veniet
2541 4946 2634 5002 tibi
2655 4943 2837 5013 justus
2862 4948 2917 4995 et
2941 4937 3197 4999 salvator,
3221 4933 3333 5013 ipse
3354 4946 3486 5000 pau-

1906 5064 2004 5120 per
2049 5056 2106 5102 et
2153 5042 2448 5098 ascendens
2496 5052 2659 5108 super
2705 5034 2915 5088 asinum
2969 5038 3026 5083 et
3075 5040 3237 5096 super
3279 5020 3482 5094 pullum

1907 5116 2077 5194 filium
2114 5134 2300 5189 asina.
2336 5151 2353 5184 ι
2399 5128 2524 5183 Ihec
2560 5123 2875 5196 prophetia,
2912 5129 2972 5174 ut
3005 5116 3287 5172 Matthaus
3317 5126 3451 5166 evan

1906 5228 2097 5301 gelista
2123 5221 2365 5294 exponit,
2392 5217 2613 5287 impleta
2633 5223 2717 5269 est
2742 5213 2797 5268 in
2831 5211 3136 5271 Salvatore,
3157 5201 3372 5276 quando
3396 5215 3485 5254 ve-

1909 5298 1990 5374 nit
2014 5313 2370 5377 Hierusalem,
2392 5309 2586 5364 sedens
2610 5318 2772 5374 super
2793 5300 2993 5373 pullum
3018 5298 3205 5359 asina,
3229 5298 3488 5360 exceptus

1908 5416 1993 5465 est
2013 5423 2043 5461 a
2070 5405 2241 5460 turbis
2265 5418 2389 5459 cum
2417 5397 2581 5455 ramis
2605 5393 2926 5468 palmarum,
2952 5386 3160 5443 divinas
3179 5382 3277 5437 sibi
3302 5379 3488 5434 laudes

1912 5498 2316 5557 acclamatibus.
2337 5492 2548 5548 Dicitur
2566 5502 2696 5558 ergo
2715 5505 2727 5541 :
2750 5504 2768 5537 ι
2790 5481 3010 5539 Exsulta
3023 5478 3175 5542 satis,
3200 5474 3308 5530 filia
3331 5472 3483 5537 Sion,

1911 5588 2105 5659 jubila,
2126 5587 2234 5642 tilia
2256 5581 2609 5646 Hierusalem,
2634 5598 2653 5632 ι
2686 5592 2804 5648 quae
2829 5587 2935 5628 una
2957 5575 3039 5625 est
3061 5566 3268 5624 civitas.
3304 5581 3322 5613 ι
3348 5559 3489 5616 Ecce

1920 5696 2014 5735 rex
2039 5688 2185 5745 tuus,
2211 5697 2230 5730 ι
2256 5674 2496 5731 omnium
2516 5669 2739 5726 vocibus
2758 5664 3145 5737 prophetarum
3164 5652 3483 5729 promissus,

1923 5789 1941 5823 ι
1980 5768 2129 5845 venit
2159 5740 2273 5833 tibi,
2306 5786 2325 5821 ι
2361 5764 2414 5820 id
2441 5769 2524 5819 est
2550 5766 2769 5833 propter
2806 5764 2857 5811 te
2876 5796 2891 5822 ,
2921 5761 2980 5808 ut
3005 5759 3061 5808 te
3081 5750 3307 5835 liberet,
3336 5762 3355 5796 ι
3401 5741 3488 5815 ju-
3514 5740 3519 5745 ’

1916 5869 2034 5918 stus
2059 5840 2113 5915 et
2140 5830 2397 5923 salvator,
2429 5874 2447 5909 ι
2489 5830 2578 5923 qui
2610 5830 2875 5906 Hebraice
2899 5843 3095 5902 dicitur
3130 5830 3305 5907 Iesus,
3352 5849 3487 5906 quo-
