3950 6454
449 401 552 458 251

927 397 1280 455 HAYMONIS
1318 398 1798 457 IIALBERSTAT.
1836 401 2053 459 EPISC.
2092 402 2243 460 OPP.
2287 397 2464 456 PARS
2500 398 2541 453 l.
2686 395 3037 453 COMMENT.
3079 366 3249 453 BlBL.

3614 402 3732 457 25:!

450 514 598 571 niam
642 514 757 583 ipse
792 511 999 575 salvum
1045 512 1209 567 faciet
1253 511 1509 582 populum
1551 527 1715 579 suum
1740 530 1771 569 a
1800 516 2036 585 peccatis
2060 524 2111 579 Α
2137 513 2233 568 Dei
2269 510 2642 569 misericordia
2688 511 2969 567 liberandi.
3008 512 3114 568 Vos
3156 513 3392 585 (inquit)
3432 515 3525 585 qui
3574 532 3733 597 nunc

452 620 662 661 eorum.
694 601 810 673 Ipse
838 616 1063 670 pauper,
1094 602 1336 670 qui-cum
1366 603 1516 657 dives
1534 613 1717 670 .esset,
1752 621 1850 675 pro
1878 607 2035 661 nobis

452 707 657 763 pauper
679 691 794 745 ﬁeri
821 690 1072 759 dignatus
1095 699 1198 745 est.
1230 708 1249 741 ι
1277 691 1537 746 Ascendit
1561 708 1722 762 super
1742 694 1949 751 asinam
1978 704 2034 750 et

453 788 655 859 pullum
687 785 852 841 ﬁlium
881 785 1063 848 asin:e,
1095 805 1113 836 ι
1158 800 1322 856 super
1351 795 1637 856 utrumque
1665 787 1913 843 videlicet
1939 804 2033 858 po-

451 878 653 948 pulum.
695 875 829 930 Nam
866 890 964 944 per
987 876 1209 932 asinam
1228 889 1498 948 synagoga
1536 877 1871 946 intelligitur,
1910 892 2032 945 quae

452 965 829 1037 gravissimum
863 962 1052 1034 jugum
1090 964 1227 1030 legis
1258 966 1607 1021 sustinuerat.
1643 966 1823 1021 Pullus
1850 976 2029 1021 autem

449 1056 680 1112 lascivus
734 1062 792 1111 et
832 1054 971 1109 liber
1023 1055 1259 1123 gentium
1305 1055 1554 1125 designat
1591 1056 1873 1125 populum,
1923 1070 2029 1111 non

450 1145 737 1201 habentem
765 1151 1034 1202 rectorem
1056 1144 1356 1208 dctninum,
1381 1159 1479 1197 nec
1506 1143 1717 1197 frenum
1743 1144 1897 1214 legis.
1930 1143 2031 1199 Su-

449 1252 547 1309 per
582 1245 871 1303 utrumque
909 1234 1164 1304 populum
1205 1234 1398 1289 sedens
1441 1234 1696 1288 Dominus
1734 1234 2033 1303 ingreditur

2137 601 2301 657 vincti
2335 601 2469 657 estis
2491 602 2549 657 in
2575 600 2798 655 terribili
2829 614 3047 655 carcere
3076 601 3288 667 inferni,
3314 614 3367 657 et
3394 606 3735 661 solutionem

2135 690 2332 746 inferni
2375 692 2430 746 in
2472 692 2706 746 adventu
2736 688 2936 753 Christi
2963 693 3211 761 speratis,
3240 697 3627 752 convertimini
3656 697 3733 752 ad

2141 784 2517 848 munitionem,
2549 783 2601 838 id
2639 790 2723 837 est
2745 784 2810 836 ad
2840 781 3089 837 ﬁduciam
3118 783 3313 841 divina:
3341 788 3729 855 protectionis,

2132 880 2187 926 et
2223 872 2386 929 dicite
2426 888 2550 928 cum
2569 872 2895 927 Psalmista:
2934 890 2953 923 ι
2982 872 3112 928 Esto
3139 876 3271 929 mihi
3309 875 3363 929 in
3394 877 3567 931 Deum
3593 892 3733 947 pro-

2135 970 2417 1019 tectorem.
2451 982 2471 1015 ι
2507 962 2663 1030 Sive,
2717 963 3098 1018 convertimini
3144 964 3213 1020 ad
3245 967 3629 1033 munitionem,
3671 969 3732 1024 id

2133 1063 2241 1119 est,
2299 1052 2657 1108 recordamini
2686 1052 2921 1125 paradisi
2947 1068 3108 1123 quem
3150 1070 3293 1111 nunc
3321 1057 3376 1110 in
3413 1072 3509 1125 spe
3545 1058 3728 1111 habe-

2134 1142 2221 1206 tis,
2250 1144 2346 1198 sed
2373 1158 2440 1199 ex
2468 1144 2573 1200 hoc
2610 1152 2855 1214 tempore
2881 1144 2939 1199 in
2966 1159 3026 1199 re
3053 1144 3202 1199 illum
3243 1147 3613 1217 possidebitis,
3650 1149 3731 1204 ibi

2133 1235 2241 1293 erit
2280 1237 2433 1292 vobis
2473 1236 2703 1292 munitio
2747 1245 2802 1292 et
2842 1250 3034 1291 secura
3074 1238 3466 1307 tranquillitas,
3497 1240 3728 1308 quando

450 1325 786 1382 Hierusalem
805 1366 821 1390 ,
870 1334 926 1381 et
967 1325 1035 1380 de
1070 1324 1321 1394 praesenti
1348 1324 1587 1379 Ecclesia
1610 1324 1880 1394 gubernat
1909 1323 2037 1381 illos
2126 1320 2241 1391 jam
2266 1321 2466 1378 nullius
2486 1324 2657 1379 hostis
2684 1324 2969 1395 imperium
2990 1324 3373 1382 formidabilis.
3391 1328 3564 1383 Hodie
3586 1346 3730 1399 quo-

450 1419 518 1474 ad
545 1434 689 1473 vera:
716 1419 862 1487 pacis
895 1417 1177 1471 visionem.

525 1526 546 1559 ι
580 1507 648 1563 Et
675 1508 980 1577 disperdam
1006 1506 1324 1576 quadrigam
1349 1522 1418 1563 ex
1445 1507 1727 1578 Ephraim,
1751 1517 1807 1565 et
1833 1524 2032 1580 equum

451 1599 518 1653 de
544 1598 902 1663 Hierusalem,
940 1607 996 1651 et
1020 1597 1371 1667 dissipabitur
1396 1614 1558 1654 arcus
1587 1599 1731 1665 belli,
1762 1608 1820 1655 et
1848 1600 2033 1670 loque-

453 1700 540 1745 tur
577 1703 762 1759 pacem
792 1689 1064 1759 gentibus,
1100 1696 1155 1743 et
1184 1697 1425 1759 potestas
1455 1688 1571 1757 ejus
1614 1705 1645 1744 a
1686 1691 1824 1745 mari
1858 1705 2032 1760 usque

450 1781 519 1835 ad
552 1795 722 1845 mare,
753 1788 807 1833 et
855 1794 886 1832 a
926 1777 1238 1834 ﬂuminibus
1277 1794 1455 1849 usque
1494 1779 1560 1833 ad
1608 1779 1745 1835 ﬁnes
1785 1788 1962 1835 terrae.
2003 1800 2022 1833 ι

2133 1428 2238 1484 que
2250 1414 2578 1471 annuntians
2593 1413 2827 1484 duplicia
2844 1414 3060 1469 reddam
3077 1415 3193 1482 tibi,
3210 1416 3264 1470 id
3285 1425 3446 1472 estex
3463 1418 3571 1472 hoc
3589 1428 3730 1472 tem-

2131 1516 2264 1571 pore
2301 1503 2443 1571 quod
2480 1503 2584 1556 ista
2634 1503 2916 1570 annuntio,
2950 1504 3172 1559 reddam
3217 1506 3310 1560 tibi
3368 1507 3633 1577 duplicia,
3667 1518 3730 1561 ut

2132 1606 2231 1661 pro
2282 1591 2432 1646 orevi
2482 1590 2831 1645 tribulatione
2887 1601 3089 1647 aeterna
3141 1594 3419 1666 recipiatis
3467 1597 3725 1665 prremia.

2133 1680 2397 1752 Namque,
2428 1690 2488 1736 ut
2513 1681 2805 1752 Apostolus
2831 1682 2985 1748 dicit,
3024 1701 3043 1734 ί
3066 1699 3225 1739 omne
3250 1686 3392 1754 quod
3418 1686 3471 1739 in
3514 1688 3729 1743 mundo

2132 1780 2237 1836 est,
2266 1781 2704 1826 momentaneum
2743 1780 2829 1827 est
2863 1781 2918 1826 et
2950 1773 3312 1830 tribulationis
3338 1776 3523 1843 breve,
3557 1792 3729 1847 supra

452 1871 561 1928 Vox
594 1873 686 1928 Dei
711 1872 921 1938 Patris,
972 1872 1062 1941 qui
1110 1871 1383 1927 exsultare
1412 1872 1651 1943 iusserat
1685 1872 1848 1928 ﬁliam
1877 1871 2029 1938 Sion,
2061 1866 2111 1928 B
2137 1866 2353 1921 modum
2382 1867 2434 1920 in
2462 1864 2790 1921 sublimilale
2817 1873 3031 1921 ωιετηω
3062 1866 3244 1938 gloria:
3280 1868 3488 1938 pondus
3514 1884 3730 1940 opera-

448 1974 503 2019 ct
526 1963 760 2033 jubilare
793 1962 959 2018 ﬁliam
989 1962 1348 2029 Hierusalem,
1375 1964 1554 2019 adhuc
1579 1962 1815 2032 loquitur
1844 1963 2032 2020 dicens

450 2057 579 2126 quid
606 2057 851 2113 facturus
873 2058 962 2111 sit.
997 2075 1015 2107 ι
1050 2056 1365 2125 Disperdam
1394 2056 1609 2127 (inquit)
1636 2056 1975 2126 quadrigam,
2004 2074 2024 2108 ι

450 2147 502 2202 id
546 2156 631 2203 est
669 2147 813 2203 nulla
850 2155 1009 2204 erunt
1051 2147 1231 2216 praelia
1272 2147 1421 2201 omni
1456 2150 1679 2213 mundo,
1712 2147 1765 2202 in
1798 2148 2031 2202 adventu

450 2237 655 2299 Christi
682 2238 986 2309 paciﬁcate.
1014 2237 1314 2307 Allegorice
1339 2236 1615 2308 Ephraim,
1640 2238 1736 2309 qui
1764 2237 2032 2307 interpre-

450 2337 599 2385 tatur
634 2330 872 2393 ubertas,
899 2328 1183 2383 haereticos
1218 2328 1498 2399 designat,
1540 2327 1631 2397 qui
1662 2326 2032 2398 gloriabantur

449 2423 503 2493 in
532 2423 802 2487 curribus,
836 2424 937 2479 hoc
976 2430 1082 2484 est,
1112 2421 1164 2475 in
1212 2421 1465 2491 superbia
1500 2419 1739 2475 scientia:
1784 2433 1912 2474 suae.
1954 2417 2032 2474 De

446 2511 641 2579 quibus
661 2510 944 2566 Psalmista
971 2526 984 2563 :
1009 2530 1027 2561 ι
1053 2509 1118 2563 Hi
1141 2510 1195 2564 in
1212 2509 1462 2564 curribus
1474 2517 1528 2564 et
1543 2509 1596 2563 hi
1619 2509 1674 2562 in
1694 2509 1901 2580 equis,»
1921 2518 2026 2566 etc.

448 2604 516 2659 Et
538 2604 704 2658 alibi:
749 2624 766 2655 ι
800 2604 921 2659 Filii
968 2604 1225 2673 Ephraim
1272 2604 1616 2659 intendentes
1658 2612 1712 2659 et
1753 2605 2030 2660 mittentes

448 2708 655 2749 arcum.
693 2713 710 2745 ι
748 2693 1031 2763 Disperdet
1077 2708 1292 2764 quoque
1336 2709 1535 2762 equum
1578 2693 1646 2750 de
1669 2693 2027 2761 Hierusalem,

448 2788 502 2842 id
541 2795 626 2843 est
650 2802 866 2842 omnem
893 2788 1073 2843 carnis
1108 2787 1416 2857 superbiam
1444 2795 1501 2843 et
1525 2786 1878 2859 voluptatem,
1908 2803 2029 2858 quae

448 2877 761 2949 designatur
806 2892 904 2948 per
946 2893 1160 2948 equum.
1218 2876 1370 2934 Unde
1402 2877 1688 2935 Psalmista
1723 2897 1736 2932 :
1788 2897 1807 2931 ι
1850 2878 2027 2936 Nolite

449 2968 565 3023 ﬁeri
595 2970 736 3024 sicut
766 2985 938 3041 equus
979 2979 1032 3025 et
1077 2970 1274 3025 mulus.
1307 2989 1326 3023 ι
1372 2970 1524 3026 Tunc
1556 2986 1770 3041 quoque
1797 2972 2028 3042 dissipa-

446 3050 594 3117 bittir
611 3076 768 3117 arcus
787 3061 933 3126 belli,
957 3062 1009 3117 id
1032 3071 1113 3118 est
1134 3063 1311 3118 omnia
1334 3063 1640 3132 praeliorum
1662 3063 2028 3119 instrumenta

447 3153 757 3221 cessabunt,
782 3169 914 3224 pace
943 3155 997 3211 in
1030 3162 1142 3210 toto
1171 3155 1373 3211 mundo
1400 3153 1649 3211 ﬂorente.
1681 3154 1773 3211 Vel
1797 3155 2015 3225 dissipa-

2134 1964 2221 2009 tur
2252 1957 2303 2009 in
2335 1955 2515 2021 nobis,
2543 1970 2648 2009 non
2676 1955 3166 2025 contemplantibus
3194 1957 3351 2012 nobis
3378 1974 3499 2028 quae
3530 1961 3730 2014 viden-

2132 2055 2244 2111 tur,
2277 2047 2372 2101 sed
2398 2062 2515 2116 quae
2544 2061 2649 2099 non
2680 2045 2951 2101 videntur.
2985 2047 3114 2115 Qua:
3138 2049 3410 2116 videntur,
3446 2061 3728 2123 tempora-

2130 2134 2200 2191 lia
2228 2146 2352 2192 sunt
2377 2152 2391 2191 :
2415 2153 2535 2208 qua:
2562 2145 2739 2192 autem
2768 2153 2872 2193 non
2901 2138 3174 2206 videntur,
3201 2151 3424 2197 aeterna.
3463 2162 3483 2195 ι

2207 2246 2224 2278 ι
2263 2228 2526 2295 Quoniam
2556 2227 2774 2283 extendi
2808 2229 2939 2282 mihi
2966 2227 3157 2285 Judam
3176 2233 3330 2303 quasi
3363 2249 3581 2299 arcum,
3621 2235 3730 2289 im-

2129 2316 2270 2389 plevi
2299 2325 2500 2372 terram
2538 2316 2816 2387 Ephraim.
2855 2337 2875 2371 ›
2914 2315 3081 2373 Judas
3117 2318 3367 2377 Christus
3403 2331 3487 2377 est
3533 2323 3725 2378 Domi-

2131 2424 2253 2476 nus,
2282 2409 2374 2481 qui
2399 2408 2466 2465 de
2494 2409 2662 2482 regali
2691 2410 2831 2464 tribu
2872 2419 3032 2466 natus
3060 2421 3161 2466 est.
3205 2411 3360 2468 Htinc
3386 2412 3531 2468 Deus
3562 2414 3729 2470 Pater

2130 2500 2232 2556 sibi
2267 2500 2420 2570 quasi
2461 2516 2647 2556 arcum
2688 2501 2950 2559 extendit.
2981 2503 3195 2572 quando
3223 2503 3370 2558 illum
3400 2520 3624 2560 carnem
3656 2522 3722 2562 ex

2129 2591 2339 2663 virgine
2364 2607 2578 2648 sumere
2604 2580 2789 2648 voluit.
2834 2593 2950 2663 Ipse
2981 2602 3065 2648 est
3089 2597 3234 2649 enim
3265 2612 3449 2664 arcus,
3478 2597 3599 2668 ipse
3630 2616 3721 2653 sa-

2132 2682 2290 2755 gitta,
2324 2682 2438 2752 ipse
2482 2692 2536 2737 et
2576 2685 2806 2749 τοξότης,
2837 2684 2890 2739 id
2926 2694 3010 2740 est
3037 2686 3367 2757 sagittarius.
3394 2688 3573 2745 Arcus
3603 2691 3725 2760 qui-

2130 2773 2252 2828 dem
2300 2772 2441 2829 sicut
2469 2774 2576 2839 liic,
2609 2793 2627 2825 ‹
2660 2775 2875 2829 extendi
2909 2775 3126 2849 (inquit)
3156 2778 3289 2833 mihi
3324 2777 3517 2835 Judam
3563 2782 3724 2850 quasi

2129 2870 2316 2923 arcum
2347 2883 2362 2934 ;
2397 2888 2415 2920 ›
2458 2868 2653 2940 sagitta
2683 2885 2833 2933 vero,
2865 2870 3007 2926 sicut
3043 2871 3155 2943 ipse
3191 2888 3288 2943 per
3320 2872 3613 2930 Jeremiam
3655 2877 3723 2933 de

2130 2960 2240 3015 Deo
2287 2958 2450 3015 Patre
2502 2960 2786 3030 loquitur:
2826 2979 2845 3011 ι
2890 2960 3079 3017 Posuit
3126 2980 3212 3019 me
3268 2973 3407 3020 Sicut
3464 2968 3720 3038 sagittam

2128 3052 2378 3117 electam,
2408 3051 2460 3106 in
2504 3052 2758 3125 pharetra
2801 3068 2899 3107 sua
2953 3055 3235 3110 abscondit
3265 3072 3351 3112 me
3384 3076 3397 3110 :
3437 3080 3456 3113 ι
3495 3061 3722 3131 sagitta-

2129 3144 2241 3198 rius
2290 3159 2439 3211 vero,
2471 3145 2611 3198 sicut
2654 3142 2708 3198 in
2761 3142 2978 3199 Psalmo
3024 3145 3073 3199 ei
3129 3162 3229 3216 per
3274 3147 3445 3205 David
3491 3149 3719 3220 dicitur,

445 3247 594 3302 bitur
635 3263 797 3302 arcus
842 3247 989 3312 belli,
1019 3256 1076 3301 ut
1104 3246 1213 3317 jam
1256 3263 1366 3305 non
1402 3248 1722 3302 emittantur
1749 3247 1917 3318 ignita
1940 3229 2098 3316 ja-C
2134 3257 2151 3289 ι
2192 3236 2415 3309 sagitt-'0
2459 3246 2565 3292 ῑυαέ
2604 3245 2795 3303 300133.
2821 3239 3004 3310 βορειιί
3047 3242 3146 3296 sub
3198 3251 3248 3298 le
3288 3245 3500 3299 eadem.
3546 3266 3567 3298 ι
3604 3245 3721 3304 "ac

446 3339 588 3398 eu'a,
623 3354 745 3408 qua:
779 3340 1079 3394 carnalium
1122 3340 1334 3407 possint
1374 3340 1537 3394 corda
1579 3337 1888 3393 vulnerare.
1918 3336 2025 3393 Lo-

447 3436 646 3498 quetur
700 3442 885 3496 pacem
943 3427 1216 3497 gentibus,
1275 3427 1343 3483 de
1386 3426 1582 3496 quibus
1632 3425 1837 3481 dictum
1886 3434 2022 3481 est:

453 3536 472 3569 ι
507 3516 625 3588 Ipse
651 3518 757 3571 erit
790 3518 1125 3587 exspectatio
1153 3517 1415 3588 gentium.
1455 3536 1473 3570 ι
1505 3516 1602 3571 His
1642 3516 1894 3587 gentibus
1942 3517 2024 3574 lo-

448 3619 647 3679 quetur
691 3624 879 3679 pacem
927 3608 1123 3663 factam
1172 3609 1313 3663 inter
1347 3608 1516 3663 Deum
1545 3615 1606 3663 et
1645 3609 1892 3665 homines
1932 3624 2028 3679 per

448 3699 766 3769 sanguinem
787 3714 965 3755 suum.
998 3718 1021 3751 ‹
1048 3699 1118 3754 Et
1138 3707 1379 3770 potestas
1397 3697 1512 3766 ejus
1541 3714 1572 3753 a
1603 3699 1737 3755 mari
1760 3715 1931 3770 usque
1958 3700 2026 3754 ad

446 3788 616 3846 mare.
655 3811 675 3845 ι
705 3790 815 3846 Per'
837 3800 1004 3846 totum
1047 3793 1191 3846 enim
1223 3791 1481 3847 mundum
1510 3798 1750 3861 potestas
1776 3790 1893 3858 ejus
1920 3798 2020 3854 est,

446 3890 502 3939 et
536 3883 733 3953 ubique
765 3883 1015 3940 Christus
1052 3886 1308 3939 aduratur
1342 3892 1398 3939 et
1435 3884 1651 3940 colitur.
1695 3883 1833 3937 Hinc
1877 3881 2027 3936 Psal-

444 3970 603 4026 mista
619 3989 634 4024 :
648 3971 1046 4028 «Dominabitur
1065 3982 1096 4045 εἱ
1110 3973 1304 4038 mari,»
1323 3972 1800 4036 subaudislndieo,
1828 3986 2027 4040 «usque

444 4061 513 4115 ad
535 4076 734 4127 mare,»
759 4064 1014 4119 subaudis
1026 4062 1324 4127 Oceanum,
1346 4070 1432 4118 tet
1451 4061 1743 4116 aﬁuminet
1766 4061 2021 4124 Iordane,

444 4152 498 4208 in
545 4169 651 4222 quo
679 4155 983 4223 baptizatus
1014 4163 1125 4219 est,
1168 4155 1335 4226 ctepit
1361 4154 1660 4224 praedicare
1712 4172 1729 4206 σ
1752 4168 1921 4224 usque
1955 4152 2024 4207 ad

446 4245 709 4300 terminos
741 4246 891 4301 orbis
922 4255 1100 4301 terrae.
1133 4266 1153 4298 ι

520 4352 540 4385 ι
575 4332 655 4388 Tu
684 4350 899 4404 quoque
933 4337 988 4390 in
1025 4335 1286 4406 sanguine
1322 4334 1631 4391 testamenti
1675 4335 1752 4390 tui
1793 4334 2021 4390 emisisti

444 4427 656 4483 vinctos
687 4436 806 4483 tuos
831 4430 896 4483 de
922 4429 1044 4483 lacu
1064 4469 1081 4493 ,
1123 4429 1176 4483 in
1207 4443 1313 4497 quo
1351 4442 1459 4483 non
1491 4437 1577 4484 est
1609 4444 1767 4498 aqua.
1804 4448 1823 4482 ι
1870 4428 2023 4487 Nunc

447 4516 576 4572 facit
599 4519 859 4587 propheta
888 4523 1290 4591 apostropham,
1320 4522 1430 4576 imo
1464 4522 1608 4577 Deus
1636 4520 1871 4591 loquitur
1905 4520 2021 4592 ipse

446 4607 516 4661 ad
565 4605 835 4661 Christum
879 4608 1079 4664 Filium
1126 4625 1311 4677 suum,
1361 4621 1417 4668 et
1463 4612 1636 4668 dicit:
1665 4610 1745 4667 Tu
1802 4627 2017 4683 quoque

445 4696 677 4751 eduxisti
709 4698 916 4755 vinctos
940 4709 1080 4766 tuos,
1109 4702 1164 4756 id
1199 4711 1287 4757 est
1319 4713 1556 4769 sanctos,
1584 4705 1676 4773 qui
1705 4704 1758 4759 in
1788 4704 2016 4760 vinculis

446 4786 787 4847 tenebantur.
812 4790 875 4845 de
912 4788 1033 4844 lacu
1074 4791 1128 4844 in
1173 4806 1279 4861 quo
1322 4808 1427 4847 non
1464 4803 1548 4848 est
1577 4809 1735 4865 aqua,
1770 4796 1870 4850 huc
1908 4804 2013 4861 est,

447 4877 684 4955 liberasti
717 4894 810 4935 eos
837 4881 902 4936 de
937 4881 1165 4949 inferno,
1198 4883 1248 4938 in
1278 4901 1385 4955 quo
1416 4887 1560 4941 nulla
1595 4895 1678 4942 est
1706 4888 2014 4943 misericor-

445 4969 552 5023 dia.
588 4969 824 5040 Denique
840 4973 892 5026 in
920 4977 1313 5032 resurrectione
1343 4978 1578 5045 Domini,
1610 4981 1763 5035 multi
1800 4989 2013 5037 sancto-

446 5072 564 5111 rum
596 5058 685 5127 qui
723 5059 775 5112 in
818 5061 1027 5117 inferno
1055 5065 1282 5121 vinculis
1309 5069 1588 5139 originalis
1615 5069 1822 5140 peccati
1861 5078 2010 5124 tene-

442 5148 657 5216 bantur,
689 5164 1035 5209 surrexerunt
1061 5171 1180 5211 cum
1206 5174 1292 5223 eo,
1319 5169 1373 5214 et
1394 5171 1657 5216 venerunt
1688 5163 1739 5215 in
1770 5164 2009 5216 sadctam

444 5239 735 5308 civitatem,
767 5253 820 5297 et
844 5258 1208 5316 apparuerunt
1251 5249 1453 5304 multis.
1500 5251 1573 5305 De
1615 5252 1718 5306 hoc
1753 5253 2012 5320 sanguine

446 5336 753 5388 testamenti
808 5336 919 5405 ipse
965 5338 1018 5391 in
1054 5354 1208 5393 cmna
1238 5339 1376 5393 dixit
1404 5340 1659 5411 apostolis
1690 5359 1704 5395 :
1744 5361 1762 5393 ι
1794 5339 1895 5396 Hic
1930 5352 2012 5397 est

443 5423 581 5478 calix
628 5425 761 5482 Novi
807 5427 1138 5486 Testameuti
1179 5430 1232 5485 in
1276 5445 1397 5486 meo
1446 5433 1734 5503 sanguine,
1773 5433 1863 5504 qui
1910 5449 2009 5505 pro

442 5512 595 5569 vobis
622 5514 893 5573 fundetur.
927 5539 945 5572 ι

517 5623 535 5654 ε
561 5595 945 5666 Convertimini
979 5613 1045 5667 ad
1074 5603 1462 5680 munitionem,
1496 5614 1659 5669 vincti
1684 5616 1815 5686 spei,
1850 5615 2008 5672 hodie

440 5688 654 5763 quoque
682 5699 1008 5756 annuntians
1047 5700 1276 5772 duplicia
1316 5703 1531 5759 reddam
1564 5704 1677 5760 tibi.
1712 5726 1729 5759 ι
1774 5705 2005 5763 Rursum

2127 3329 2323 3400 sagitta
2368 3327 2616 3399 impletus
2655 3337 2738 3383 est
2769 3328 3045 3399 Ephraim,
3092 3332 3146 3387 id
3189 3343 3274 3389 est
3333 3336 3721 3394 haereticorum

2127 3428 2302 3476 caelus
2356 3430 2594 3475 armatus
2636 3431 2824 3477 contra
2883 3423 3199 3493 Dominum,
3249 3437 3304 3482 et
3371 3440 3599 3500 paratus
3649 3435 3720 3486 ad

2125 3510 2344 3573 bellum,
2378 3520 2438 3564 ut
2464 3515 2579 3581 ipse
2628 3525 2844 3582 quoque
2889 3514 3101 3585 sagittis
3145 3515 3359 3572 Domini
3400 3520 3720 3576 vulneretur

2125 3600 2191 3654 ad
2241 3600 2501 3667 salutem,
2552 3610 2605 3655 et
2654 3602 2799 3657 dicat
2826 3617 2947 3658 cum
3000 3605 3238 3662 Ecclesia
3278 3625 3294 3665 :
3345 3628 3363 3661 ι
3416 3608 3716 3669 Vulnerata

2127 3691 2389 3747 charitate
2419 3707 2518 3763 ego
2548 3708 2686 3747 sum.
2725 3712 2742 3745 ι
3041 3761 3045 3764 ν

2202 3802 2220 3835 ι
2255 3783 2323 3838 Et
2356 3784 2630 3840 suscitabo
2672 3784 2812 3842 ﬁlios
2854 3794 2995 3855 tuos,
3019 3787 3352 3861 Sion,super
3390 3793 3531 3850 ﬁlios
3565 3804 3713 3863 tuos,

2124 3876 2354 3941 Graecia,
2386 3885 2442 3932 et
2462 3893 2656 3948 ponam
2687 3887 2739 3933 te
2762 3880 2914 3949 quasi
2942 3879 3177 3951 gladium
3204 3882 3446 3939 fortium.
3480 3905 3499 3940 ι
3528 3884 3590 3942 Si
3618 3904 3721 3958 per,

2123 3966 2380 4039 Ephraim
2416 3968 2785 4042 intelliguntur
2824 3972 3082 4040 haeretici,
3104 3974 3226 4043 jure
3257 3992 3353 4045 per
3392 3976 3534 4033 ﬁlios
3561 3980 3713 4036 Grae-

2123 4063 2220 4118 ciae
2247 4063 2489 4135 magistri
2520 4064 2803 4118 mundana}
2829 4064 3181 4136 philosophiae
3206 4069 3571 4140 accipiuntur.
3606 4073 3711 4127 lm-

2121 4150 2289 4225 plevit
2324 4169 2452 4227 ergo
2477 4153 2738 4211 Dominus
2771 4154 3028 4226 Ephraim
3073 4158 3305 4228 sagittis,
3335 4169 3387 4215 et
3416 4163 3708 4220 suscitavit

2123 4248 2264 4304 ﬁlios
2298 4248 2450 4315 Sion,
2482 4248 2533 4302 id
2581 4257 2662 4303 est
2704 4248 2842 4305 ﬁlios
2889 4248 3142 4306 Ecclesiae
3186 4267 3350 4323 super
3371 4252 3512 4309 ﬁlios
3552 4255 3705 4312 Grae-

2123 4339 2413 4405 corum,id
2457 4348 2540 4394 est
2589 4338 3061 4410 phi1050phorum,
3107 4339 3233 4411 quia
3284 4342 3705 4412 praedicantibus

2125 4422 2404 4501 apostolis,
2434 4444 2623 4483 omnes
2647 4429 2885 4499 perversi
2911 4429 3176 4502 dogmatis
3204 4432 3499 4503 principes,
3523 4437 3703 4490 onmis

2123 4519 2566 4590 philosophorum
2604 4520 2852 4584 assertio,
2875 4521 2964 4590 qui
2995 4522 3230 4577 maxime
3273 4522 3411 4593 apud
3453 4522 3702 4580 Athenas

2122 4611 2452 4682 viguerunt,
2511 4608 2688 4681 gladio
2749 4626 2848 4665 suo
2904 4611 3051 4666 verbi
3111 4611 3206 4666 Dei
3256 4614 3527 4669 destructa
3573 4627 3698 4681 est,

2119 4701 2228 4755 imo
2278 4714 2376 4769 per
2404 4699 2580 4770 ipsum
2609 4699 2894 4769 fChristum
2936 4701 3026 4771 qui
3074 4711 3158 4757 est
3181 4701 3389 4774 gladius
3427 4703 3654 4761 fortium
3681 4749 3696 4773 ,

2117 4791 2185 4846 de
2225 4806 2333 4861 quo
2380 4789 2705 4846 Psalmista:
2748 4808 2766 4840 ι
2802 4791 3098 4863 Accingere
3159 4793 3336 4865 gladio
3400 4802 3533 4860 tuo,
3570 4816 3591 4849 ι
3645 4808 3701 4851 et

2117 4881 2255 4937 alius
2276 4882 2535 4953 propheta
2562 4899 2575 4935 :
2612 4902 2629 4933 ς
2662 4880 2727 4936 Et
2755 4897 2848 4937 vos
2873 4881 3179 4953 Ethiopes,
3205 4884 3474 4940 interfecti
3520 4886 3699 4958 gladio

2118 4989 2238 5029 meo
2263 4975 2444 5040 eritis;
2470 4994 2487 5027 ι
2513 4979 2567 5028 et
2592 4973 2877 5045 Apostolus
2905 4991 2918 5027 :
2958 4994 2975 5026 ι
3013 4974 3179 5030 Vivus
3204 4985 3287 5031 est
3315 4992 3493 5032 sermo
3524 4977 3622 5034 Dei
3643 4987 3697 5034 et

2115 5065 2299 5122 efficax
2319 5108 2334 5131 ,
2358 5074 2411 5121 et
2438 5064 2820 5135 penetrabilior
2846 5065 2990 5120 omni
3019 5066 3197 5138 gladio
3225 5058 3526 5137 ancipitia:

2190 5177 2208 5208 ι
2239 5157 2305 5211 Et
2336 5158 2591 5211 Dominus
2634 5157 2774 5211 Deus
2805 5170 2966 5227 super
2994 5173 3087 5212 cos
3115 5158 3405 5224 videbitur,
3436 5168 3493 5214 et
3521 5161 3697 5218 exibit

2114 5257 2174 5303 ut
2217 5247 2394 5317 fulgur
2438 5247 2676 5318 jaculum
2713 5245 2846 5316 ejus.
2893 5246 2960 5301 Et
3003 5246 3262 5304 Dominus
3307 5250 3447 5305 Deus
3477 5250 3533 5305 in
3562 5239 3693 5306 tuba

2114 5347 2291 5403 canet,
2328 5345 2377 5391 ct
2420 5337 2579 5391 vadet
2625 5337 2675 5390 in
2732 5337 2946 5392 turbine
2997 5340 3188 5393 austri.
3223 5360 3241 5393 ι
3298 5339 3430 5394 Cum
3468 5340 3691 5415 (inquit)

2116 5445 2243 5484 arcu
2273 5438 2327 5483 et
2355 5429 2530 5500 gladio
2555 5428 2768 5484 Domini
2798 5430 3034 5485 lucretici
3063 5440 3115 5484 et
3138 5432 3376 5502 gentium
3416 5433 3693 5505 sapientes

2116 5504 2300 5576 adfiliis
2339 5520 2466 5575 Sion
2502 5520 2767 5575 interfecti
2818 5520 3034 5588 fuerint,
3067 5524 3349 5593 apparebit
3386 5540 3548 5594 super
3593 5542 3691 5583 eos

2113 5616 2280 5689 gloria
2314 5616 2552 5684 Domini;
2584 5617 2687 5673 hoc
2725 5626 2809 5672 est
2850 5617 2992 5671 enim
3042 5617 3183 5687 quod
3224 5617 3392 5673 dicit:
3425 5617 3691 5675 Dominus

2115 5710 2256 5766 Deus
2300 5725 2464 5778 super
2507 5725 2601 5765 eos
2646 5708 2935 5775 videbitur,
2965 5718 3018 5765 et
3061 5708 3365 5780 egredietur
3401 5719 3462 5765 ut
3502 5710 3687 5781 fulgur

440 5785 721 5840 conversio
751 5785 809 5841 fit
838 5792 1102 5847 sermonis
1130 5793 1194 5848 ad
1224 5806 1340 5861 nos,
1371 5794 1460 5866 qui
1494 5794 1656 5852 vincti
1691 5811 1925 5863 eramus,
1952 5803 2006 5852 et
2107 5799 2344 5872 jaculum
2400 5800 2795 5873 praedicationis
2849 5799 2994 5872 ejus,
3057 5816 3348 5858 coruscans
3391 5801 3681 5874 splendore
