3950 6436
123 392 214 455 233

121 602 421 673 sagittarum
473 609 686 656 tuarum
724 603 897 668 ihtmt,
930 605 984 658 in
1027 606 1310 676 splendore
1353 607 1674 678 fulgurantis

120 695 291 748 hastze.
317 712 335 743 1
369 691 470 758 Qui
497 693 750 761 splendor
770 703 819 748 et
851 693 1058 764 fulgura
1081 697 1436 766 appellantur,
1468 707 1522 752 et
1550 699 1673 752 tuba

120 785 223 841 sive
257 782 499 853 clangor,
532 793 745 854 utquos
782 786 1034 854 splendor
1061 787 1426 854 illustraverit,
1458 789 1678 860 clangor

124 876 246 929 tubas
287 875 486 930 excitet
535 876 602 930 ad
658 877 1004 944 audiendum,
1035 888 1090 934 et
1128 881 1248 936 talis
1294 882 1465 950 possit
1497 883 1678 936 dicere

121 979 228 1017 cum
256 964 516 1033 propheta
541 982 553 1018 :
577 984 595 1018 1
617 967 872 1022 Dominus
896 969 1035 1024 Deus
1055 972 1265 1038 aperuit
1283 973 1412 1026 mihi
1435 987 1671 1026 aurem.»

120 1055 277 1126 Erigit
325 1072 518 1123 mane,
567 1074 724 1114 mane
757 1061 918 1129 erigit
962 1062 1092 1117 mihi
1128 1078 1333 1130 aurem,
1366 1072 1426 1117 ut
1462 1065 1677 1119 audiam

121 1145 258 1214 quasi
289 1147 629 1216 magistrum.
669 1148 826 1205 Videt
863 1151 1026 1206 etiam
1072 1154 1330 1210 Dominus
1372 1156 1426 1210 in
1465 1155 1680 1212 turbine

121 1235 298 1299 austri,
324 1235 377 1289 id
420 1246 506 1291 est
549 1239 602 1292 in
651 1249 798 1294 motu
844 1243 1309 1312 comminationis,
1342 1247 1432 1315 qui
1477 1248 1679 1303 idcirco

120 1325 416 1380 nominatur
442 1328 724 1398 supplicia,
759 1341 818 1386 ut
836 1333 1176 1390 misereatur.
1212 1336 1362 1393 Unde
1389 1339 1633 1409 sequitur
1660 1359 1674 1395 :

185 1434 203 1468 1
253 1417 513 1474 Dominus
575 1422 910 1478 exercituum
967 1435 1210 1497 proteget
1272 1443 1366 1483 eos
1395 1469 1410 1495 ,
1475 1450 1493 1482 1
1545 1447 1678 1501 quos

119 1521 203 1560 sua
249 1507 670 1565 comminatione
712 1520 1003 1569 terruerat.
1052 1533 1071 1567 1
1119 1516 1187 1570 Et
1231 1518 1581 1586 dcvorahunt,
1624 1528 1680 1576 et

117 1593 393 1662 subjicient
435 1593 704 1665 lapidibus
750 1598 948 1666 fundae,
984 1621 1004 1653 1
1056 1601 1148 1658 11111
1197 1603 1324 1660 Sion
1369 1609 1595 1676 protecti
1645 1623 1677 1663 a

117 1683 353 1750 Domino,
375 1686 480 1741 hoc
509 1696 593 1744 est
617 1690 720 1744 viri
747 1691 1134 1759 Ecclesiastici,
1163 1698 1514 1767 devorabam,
1545 1702 1676 1757 sub-

115 1776 257 1832 audis
285 1777 638 1844 adversarios,
663 1782 752 1849 qui
782 1783 1151 1857 intelliguntur
1162 1805 1262 1860 per
1280 1790 1416 1846 filios
1427 1791 1672 1859 Graeciaa,

1025 402 1420 460 ENARRATIO
1457 403 1521 458 IN
1559 403 1956 461 ZACHARIAM
1986 407 2422 469 PROPHETAM.
3243 425 3346 481 254

121 508 504 568 miraculorum.
539 509 674 566 Hinc
703 509 836 565 alius
865 514 1128 582 propheta
1161 517 1289 570 dicit
1331 535 1342 570 :
1401 536 1418 566 1
1467 516 1522 570 111
1553 517 1671 570 luce
1697 521 1750 578 Α

2415 528 2643 586 CAPUT
2695 531 2760 586 Χ.

1851 629 1869 660 1
1899 611 2075 666 Petite
2095 629 2125 666 a
2151 615 2374 672 Domino
2399 619 2632 687 pluviam
2665 625 2716 677 in
2747 635 2984 696 tempore
3003 631 3256 694 serotino,
3293 643 3347 688 et

1774 701 2031 757 Dominus
2075 704 2237 760 faciet
2276 709 2426 762 nives
2457 719 2512 763 et
2539 713 2771 781 pluviam
2811 717 3016 772 imbris.
3064 719 3224 775 Dabit
3266 725 3346 778 eis

1775 790 2000 861 singulis
2027 795 2247 848 herbam
2292 797 2345 850 in
2389 814 2537 868 agro.
2575 821 2592 852 1
2629 803 2890 860 Hortatur
2921 810 3178 867 Dominus
3220 826 3343 869 cre-

1776 882 1963 938 dentes
2005 885 2056 938 in
2095 885 2368 942 Christum
2418 900 2474 944 ut
2521 901 2707 961 petant
2749 901 3039 954 serotinam
3088 903 3342 972 pluviam,

1775 972 1878 1028 hoc
1920 983 2004 1029 est
2048 976 2435 1044 plenitudinem
2487 985 2673 1052 gratim
2720 987 3014 1055 spiritualis
3061 993 3114 1047 in
3165 998 3347 1052 saeculi

1776 1068 2310 1124 consummationem.
2346 1071 2494 1126 Tunc
2533 1075 2674 1128 enim
2723 1077 2870 1132 dabit
2899 1080 3155 1138 Dominus
3196 1089 3346 1143 nives

1775 1161 1828 1206 et
1853 1154 2089 1223 pluviam
2114 1157 2321 1224 imbris,
2350 1161 2475 1229 quia
2522 1177 2628 1231 quo
2672 1168 2844 1235 magis
2870 1167 3136 1238 adligetur
3163 1174 3348 1230 Eccle-

1778 1243 1885 1308 sia,
1917 1260 1982 1300 eo
2015 1245 2202 1314 majori
2231 1263 2326 1317 spe
2360 1258 2415 1304 et
2457 1255 2758 1308 constantia
2797 1257 3100 1326 roboratur,
3130 1271 3182 1316 et
3219 1274 3346 1322 tunc

1777 1330 2000 1402 singulis
2024 1334 2076 1388 in
2109 1349 2238 1404 agro
2262 1340 2498 1405 pectoris
2523 1342 2704 1397 virens
2734 1344 2900 1401 herba
2928 1349 3190 1405 virtutum
3223 1369 3349 1410 suc-

1776 1431 2015 1488 crescat,
2048 1431 2108 1477 ut
2146 1426 2355 1494 possint
2381 1428 2563 1486 dicere
2590 1446 2711 1487 cum
2738 1433 3022 1492 Psalmi'sta
3054 1457 3067 1493 :
3109 1460 3127 1492 1
3163 1443 3346 1498 Domi-

1777 1525 1878 1566 nus
1903 1513 2040 1583 regit
2067 1529 2178 1580 me,
2209 1536 2228 1568 1
2265 1524 2372 1572 etc.

1851 1621 1871 1653 1
1905 1603 2041 1670 Quia
2085 1607 2373 1664 simulacra
2414 1608 2591 1668 locuta
2638 1625 2766 1672 sunt
2815 1618 3035 1686 inutile,
3071 1631 3126 1676 et
3171 1623 3344 1681 divini

1777 1691 2026 1749 viderunt
2071 1699 2407 1754 mendacium
2429 1743 2444 1767 ,
2473 1713 2528 1758 et
2565 1709 2924 1766 somniatores
2951 1711 3151 1767 frustra
3183 1714 3348 1770 locuti

1779 1791 1922 1850 sunt,
1951 1801 2088 1841 vane
2113 1790 2550 1847 consolabantur.
2576 1795 2785 1854 Idcirco
2805 1800 3021 1856 adducti
3045 1813 3170 1858 sunt
3195 1807 3350 1874 quasi

120 1883 137 1917 1
171 1875 223 1920 ει
252 1867 537 1938 subjicient
567 1870 830 1940 lapidibus
872 1875 1072 1944 fundae,
1100 1899 1120 1932 1
1169 1883 1674 1940 comminationibus

1781 1889 1936 1942 grex,
1967 1875 2289 1948 allligentnr,
2321 1885 2443 1950 quia
2485 1901 2592 1940 non
2620 1889 2703 1942 est
2728 1891 2808 1944 eis
2835 1900 3038 1960 pastor.
3082 1913 3100 1944 1
3142 1894 3254 1950 Hoc
3282 1895 3350 1951 de

116 1957 511 2028 Scripturarum
538 1963 785 2020 illos-sibi
809 1966 1173 2052 subjicientes,
1198 1983 1252 2028 et
1273 1983 1450 2030 rotatu
1472 1976 1671 2044 fundae,

114 2052 167 2106 id
194 2061 276 2106 est
296 2054 614 2111 testimoniis
634 2065 690 2112 et
710 2060 973 2130 exemplis
992 2063 1294 2118 divinorum
1315 2065 1669 2135 eloquiorum,

117 2151 171 2197 et
217 2145 620 2201 inebriahuntur
659 2150 814 2218 quasi
858 2151 981 2206 vino
1026 2153 1332 2223 plenissima
1364 2155 1672 2226 Scriptura-

110 2248 229 2288 tum
260 2235 502 2302 scientia,
535 2237 601 2292 ad
645 2254 807 2308 quam
847 2240 1162 2299 ebrietatem
1209 2245 1400 2300 invitat
1441 2263 1540 2303 nos
1582 2249 1675 2303 Sa-

109 2324 302 2394 pientia
324 2342 339 2381 ;
364 2345 382 2378 1
411 2325 705 2394 Comedite,
720 2331 896 2395 amici,
913 2333 1081 2389 bibite
1100 2345 1153 2389 et
1164 2335 1524 2405 inebriamini,
1545 2339 1676 2394 cha-

111 2412 326 2470 rissimi.
357 2433 377 2468 1
406 2414 604 2486 Sicque
633 2418 865 2488 placebit
892 2422 1005 2492 Deo
1028 2438 1216 2480 eorum
1246 2425 1495 2492 ebrietas,
1521 2429 1675 2498 quasi

109 2503 288 2559 libatio
312 2508 589 2575 sacrificii,
626 2518 682 2564 et
709 2511 850 2567 sicut
885 2527 1090 2570 cornua
1113 2515 1324 2583 altaris,
1348 2519 1404 2573 id
1426 2528 1510 2574 est
1536 2535 1674 2590 qua-

109 2607 226 2651 tuor
253 2600 460 2669 anguli,
494 2617 630 2671 quos
665 2605 831 2660 semel
860 2607 918 2662 in
949 2623 1090 2665 anno
1132 2611 1370 2680 pontifex
1400 2613 1675 2683 ingressus

107 2690 160 2742 in
203 2689 403 2746 Sancta
451 2704 756 2751 sanctorum
788 2713 922 2758 eum.
947 2704 1208 2773 sanguine
1237 2706 1404 2775 digito
1453 2707 1505 2761 in
1549 2723 1675 2764 san-

104 2782 262 2850 guine
288 2782 815 2858 intinctolangebat.
849 2809 870 2844 1
903 2791 968 2847 Et
991 2794 1674 2856 bibentes'inebriabuntur

103 2873 255 2940 quasi
300 2889 335 2927 a
379 2875 528 2940 vino,
558 2888 614 2932 et
669 2881 1012 2949 replebontur
1053 2894 1112 2940 ut
1158 2889 1378 2956 phialae,
1422 2900 1474 2945 et
1519 2893 1672 2961 quasi

102 2978 308 3018 cornua
338 2965 524 3022 altaris
547 2985 563 3032 ;
586 2978 640 3023 et
667 2971 896 3028 salvabit
923 2989 1014 3029 eos
1035 2976 1291 3033 Dominus
1321 2981 1459 3035 Deus
1485 2996 1674 3038 eorum

101 3052 155 3107 iu
187 3055 279 3110 die
307 3056 401 3112 illa
430 3067 486 3113 ut
508 3074 730 3131 gregem
751 3064 928 3134 pepuli
969 3067 1074 3132 sui,
1096 3069 1222 3138 quia
1263 3069 1466 3140 lapides
1499 3073 1673 3128 sancti

100 3143 391 3200 elevantur
419 3164 582 3219 super
619 3160 815 3208 terram
848 3153 980 3222 ejus.
1022 3177 1042 3210 1
1079 3158 1213 3225 Quia
1246 3162 1420 3215 sancti
1445 3161 1667 3232 lapides,

1777 1965 2045 2020 haereticis
2089 1969 2308 2035 dicitur,
2355 1975 2445 2041 qui
2493 1977 2730 2033 maxime
2778 1979 2830 2032 in
2882 1983 3064 2037 nmndi
3117 1985 3349 2038 termino

1775 2057 2144 2117 abundabunt.
2179 2062 2246 2117 Hi
2285 2065 2430 2118 enim
2477 2069 2576 2122 sub
2621 2071 2838 2126 nomine
2866 2071 3173 2129 Christiano
3199 2076 3348 2130 deci-

1774 2149 1928 2218 piunt
1954 2151 2223 2220 homines,
2261 2159 2601 2215 attendentes
2627 2163 2909 2231 spiritibus
2931 2168 3133 2221 erroris
3154 2175 3208 2220 et
3234 2168 3346 2223 dae-

1775 2241 2076 2298 moniorum
2104 2283 2119 2310 ,
2173 2246 2229 2302 in
2273 2249 2545 2319 hypocrisi
2589 2253 2922 2323 loquentium
2970 2260 3306 2314 mendacium
3331 2303 3347 2327 ,

1774 2331 1973 2400 quique
2000 2349 2137 2389 vane
2159 2339 2530 2408 consolantur,
2558 2344 2684 2413 quia
2725 2354 2851 2400 sunt
2895 2346 3029 2402 falsa
3080 2365 3200 2418 qum
3247 2351 3350 2405 sibi

1773 2420 1993 2492 suisque
2012 2427 2371 2496 promittunt;
2404 2440 2459 2485 et
2487 2435 2610 2502 quia
2635 2436 2752 2491 haec
2781 2437 3004 2504 faciunt,
3038 2439 3254 2495 adducti
3295 2451 3350 2497 et

1773 2512 2034 2582 captivati
2053 2524 2179 2570 sunt
2203 2533 2234 2573 a
2261 2519 2494 2588 diabolo,
2534 2526 2716 2581 traditi
2745 2527 2960 2584 Satanm
2988 2530 3042 2583 in
3073 2531 3347 2588 interitum

1774 2603 1972 2669 carnis,
2009 2614 2065 2661 et
2091 2605 2416 2680 afﬂiguntur,
2448 2616 2702 2682 quoniam
2726 2633 2830 2672 non
2858 2620 3056 2674 habent
3078 2631 3347 2688 pastorem

1773 2691 2064 2759 Christum,
2092 2713 2251 2768 quem
2287 2700 2423 2758 falso
2445 2704 2663 2772 habent,
2695 2709 3034 2777 promittunt.
3073 2710 3199 2766 Haec
3228 2727 3346 2766 om-

1775 2787 1864 2841 nia
1893 2789 2096 2858 absque
2113 2806 2178 2845 eo
2205 2793 2325 2848 loco
2350 2796 2440 2850 ubi
2468 2797 2666 2852 dicitur
2690 2815 2702 2852 :
2725 2818 2743 2850 1
2769 2799 2994 2855 Extendi
3012 2803 3346 2858 mihiJudam

1776 2877 1927 2946 quasi
1950 2895 2165 2945 arcum;
2197 2883 2410 2951 implevi
2440 2895 2636 2942 terram
2667 2889 2943 2959 Ephraim,
2976 2911 2996 2944 1
3032 2892 3240 2948 Hebraei
3281 2896 3348 2950 ad

1777 2977 2020 3039 tempora
2045 2971 2472 3030 Machabaaorum
2496 2979 2689 3034 ducum
2712 2981 2969 3045 referunt,
2991 2985 3079 3053 qui
3097 2984 3344 3040 vicerunt

1777 3060 2126 3128 Macedones,
2166 3074 2223 3119 et
2267 3067 2524 3137 templum
2573 3072 2640 3124 ab
2693 3073 2926 3127 ethnicis
2977 3075 3346 3141 sordidatum,

1775 3161 1898 3222 post
1925 3153 2088 3208 trium
2111 3163 2166 3209 et
2193 3158 2358 3212 semis
2387 3174 2649 3214 annorum
2677 3164 2908 3230 spatium
2933 3166 3344 3220 mundaverunt.

99 3231 152 3287 id
175 3246 261 3290 est
295 3237 454 3292 electi
481 3215 696 3311 quoque
729 3215 1264 3319 elevabuntur'guper
1293 3215 1669 3323 gemm‘gﬁg;
1697 3215 1745 3279 (ἶ
1773 3215 1927 3310 ῥυοά
1954 3258 2082 3300 vero
2109 3245 2306 3302 dicitur
2339 3265 2354 3301 :
2413 3267 2431 3300 1
2459 3249 2874 3305 lnebriabuntur
2901 3254 3056 3322 quasi
3103 3270 3132 3306 a
3187 3255 3313 3309 vino
3332 3296 3346 3321 ,

99 3321 245 3380 leves
284 3335 343 3381 et
380 3328 580 3384 nullum
632 3333 845 3401 penitus
886 3340 1093 3407 peccati
1138 3343 1345 3410 pondus
1389 3321 1670 3413 habentes,

96 3428 198 3468 nec
243 3419 636 3485 exspectabunt
678 3431 736 3477 ut
776 3423 845 3478 ab
882 3427 1268 3486 aedificantibus
1305 3432 1674 3504 subleventur,

95 3514 192 3569 sed
240 3515 352 3585 ipsi
394 3516 765 3586 elevabantur,
794 3531 848 3576 et
878 3524 1210 3582 festinabant
1241 3528 1441 3600 imponi
1474 3532 1528 3586 in
1555 3531 1676 3587 11111-

95 3606 364 3662 damento
406 3607 625 3676 Christi,
670 3620 729 3668 et
770 3616 1032 3672 contineri
1073 3619 1318 3690 angulari
1363 3622 1556 3693 lapide.
1599 3625 1676 3681 De

96 3699 184 3754 his
222 3700 500 3772 lapidibus
523 3703 757 3773 loquitur
778 3706 1002 3764 Petrus:
1023 3729 1042 3763 1
1066 3711 1148 3767 Ad
1177 3729 1335 3782 quem
1360 3719 1678 3776 accedentes

90 3788 343 3860 lapidem
379 3793 582 3859 vivum,
611 3801 665 3849 et
700 3796 800 3866 ipsi
827 3804 1079 3868 tanquam
1115 3799 1322 3871 lapides
1350 3805 1456 3860 vivi
1492 3820 1679 3876 super-

88 3879 469 3935 azdilicamini.
508 3902 527 3934 1

170 3987 194 4022 1
232 3970 381 4036 Quid
412 3973 556 4026 enim
598 3990 798 4032 nonum
839 3980 958 4050 ejus
993 3989 1098 4048 est,
1127 3991 1182 4036 et
1221 3984 1350 4054 quid
1389 3987 1677 4057 pulchrum

81 4063 243 4132 ejus,
273 4064 381 4118 nisi
405 4063 732 4120 frumentum
752 4069 1063 4138 electorum,
1086 4083 1141 4129 et
1165 4077 1345 4131 vinum
1371 4081 1678 4149 germinans

74 4154 384 4224 virgines?
413 4174 434 4206 1
464 4153 816 4212 Frumentum
853 4159 1140 4215 electorum
1181 4174 1235 4218 et
1275 4167 1456 4222 vinum
1487 4171 1680 4238 germi-

79 4261 238 4302 nans
266 4245 522 4313 virgines,
546 4247 838 4302 secundum
863 4251 1213 4321 sacratiorem
1233 4269 1471 4321 sensum,
1494 4259 1677 4313 Domi-

79 4353 196 4391 nus
251 4342 316 4390 et
343 4333 586 4390 Salvator
622 4346 724 4403 est,
756 4339 848 4408 qui
869 4317 940 4394 de
970 4356 1030 4395 se
1054 4341 1183 4396 dicit
1211 4361 1226 4397 :
1260 4361 1280 4394 1
1313 4343 1423 4399 Nisi
1451 4317 1678 4417 granum

80 4427 367 4482 frumenti
399 4428 595 4482 radens
637 4427 693 4482 in
739 4436 938 4486 terram
987 4440 1255 4488 mortuum
1295 4433 1479 4500 fuerit,
1503 4437 1677 4506 ipsum

79 4521 282 4575 solum
329 4527 528 4576 manet.
564 4540 583 4572 1
633 4520 711 4578 De
752 4521 856 4577 hoc
903 4519 1174 4578 frumento
1218 4509 1358 4580 mola
1410 4529 1677 4596 passionis

82 4611 390 4668 confracta
424 4621 478 4666 et
516 4613 638 4683 igne
677 4614 866 4668 mortis
908 4615 1149 4680 decocto,
1181 4615 1356 4672 factus
1395 4626 1478 4673 est
1520 4621 1676 4675 nobis

80 4705 264 4777 panis
307 4705 400 4773 qui
437 4704 501 4759 de
537 4704 675 4760 coelo
719 4705 1014 4769 descendit,
1043 4715 1097 4760 et
1124 4708 1214 4762 dat
1243 4709 1409 4763 vitam
1453 4712 1673 4766 mundo.

80 4799 216 4868 Ipse
248 4812 472 4866 quoque
499 4797 590 4866 qui
629 4806 713 4852 est
757 4799 936 4868 panis,
963 4808 1046 4854 est
1072 4809 1128 4854 et
1151 4801 1333 4855 vinum
1375 4803 1516 4871 quod
1547 4804 1678 4858 laeti-

82 4889 227 4944 ﬁcat
260 4902 364 4942 cor
388 4886 638 4941 hominis.
668 4885 780 4942 Hoc
815 4888 997 4942 vinum
1045 4887 1246 4943 bibitur
1281 4891 1348 4943 ab
1384 4891 1491 4946 illis
1524 4892 1682 4962 virgi-

83 4980 290 5044 nibus,
319 4993 440 5046 qua:
467 4978 760 5032 secundum
800 4977 1110 5048 Apostolum
1156 4989 1280 5034 sunt
1318 4991 1518 5038 sanctae
1554 4998 1678 5038 cor-

80 5085 231 5140 pore
281 5075 342 5123 et
376 5067 589 5137 spiritu,
621 5076 678 5122 et
721 5067 999 5124 inebriatae
1047 5069 1232 5123 dicunt
1280 5084 1401 5124 cum
1431 5085 1624 5140 sponsa
1657 5089 1670 5126 :

88 5181 107 5210 1
145 5157 473 5215 Introduxit
496 5172 580 5211 me
606 5173 700 5212 rex
725 5158 776 5211 in
805 5157 993 5212 cellam
1018 5157 1300 5223 vinariam,
1331 5167 1387 5214 et
1411 5161 1679 5214 ordinavit

83 5253 143 5305 in
193 5265 301 5305 me
339 5249 674 5303 charitatem.
707 5267 727 5300 1
775 5248 885 5304 Hoc
914 5247 1095 5302 vinum
1123 5249 1385 5317 germinat
1425 5249 1678 5319 virgines,

81 5342 225 5411 quia
284 5353 425 5408 quos
473 5353 624 5392 amor
671 5337 872 5393 Christi
924 5338 1194 5403 inebriat,
1261 5339 1439 5392 omnia
1498 5339 1678 5394 mundi

81 5436 506 5491 oblectamenta
534 5443 814 5502 spernunt,
840 5442 895 5487 et
917 5434 1073 5502 quasi
1101 5434 1237 5488 ebrii
1263 5441 1318 5487 et
1346 5432 1683 5490 insensibiles

80 5522 316 5579 mundo
359 5519 530 5585 1111111,
590 5521 761 5575 solum
805 5522 1076 5577 Christum
1125 5522 1353 5592 diligunt
1395 5532 1448 5576 et
1499 5523 1688 5578 dicunt

81 5629 221 5668 cum
253 5609 552 5680 Apostolo:
580 5631 596 5662 1
620 5611 806 5682 Itaque
820 5626 884 5668 ex
906 5611 1130 5682 hocjam
1145 5613 1414 5671 neminem
1439 5613 1686 5670 novimus

78 5719 268 5780 super
302 5711 522 5760 terram.
553 5720 577 5756 1

1775 3344 1830 3390 ει
1857 3333 2205 3405 replebuntur
2217 3345 2275 3391 ut
2297 3338 2508 3406 phialae,
2535 3359 2554 3390 1
2579 3341 2651 3396 ita
2677 3351 2953 3411 exponunt
2978 3360 2991 3396 :
3019 3341 3084 3396 Hi
3107 3344 3196 3412 qui
3227 3359 3350 3398 cum

1775 3423 1910 3480 Juda
1942 3425 2247 3482 Machabaao
2273 3437 2452 3494 erant,
2486 3429 2566 3483 sic
2589 3445 2711 3484 cum
2742 3431 3117 3501 desperatione
3140 3449 3347 3504 pugna-

1774 3515 1927 3582 bant,
1951 3517 2112 3574 veluti
2133 3518 2270 3574 ebrii
2291 3519 2443 3574 obliti
2467 3535 2578 3575 sua:
2603 3521 2812 3586 salutis,
2841 3537 2941 3577 nec
2965 3523 3030 3576 de
3054 3525 3163 3577 vita
3188 3524 3350 3578 ullam

1777 3622 1961 3662 curam
1973 3608 2255 3674 habentes,
2271 3612 2366 3666 sed
2385 3612 2452 3666 de
2463 3612 2577 3666 sola
2589 3614 2969 3668 victoria.lllud
2986 3630 3197 3685 quoque
3210 3619 3351 3686 quod

1778 3698 1973 3753 dicitur
1997 3716 2010 3751 :
2042 3717 2060 3749 1
2082 3699 2219 3766 Quid
2246 3702 2444 3756 bonum
2470 3715 2575 3770 est,
2599 3707 2730 3775 quid
2758 3706 3062 3776 pulchrum,
3097 3709 3203 3762 nisi
3239 3709 3352 3762 fru—

1777 3797 2013 3845 mentum
2026 3789 2320 3846 electorum
2333 3802 2387 3846 et
2404 3797 2610 3861 vinum,
2625 3797 2935 3866 germinans
2949 3798 3202 3867 virgines,
3230 3818 3247 3850 1
3274 3800 3352 3854 sic

1781 3882 2088 3950 accipiunt:
2118 3882 2321 3938 Idcirco
2344 3883 2633 3942 Machabaai
2658 3895 2804 3940 tanta
2829 3887 3118 3952 faciebant,
3134 3897 3190 3942 et
3214 3905 3357 3942 11101-
3379 3919 3382 3922 -

1779 3978 1888 4024 tem
1918 3970 2270 4025 libentissime
2297 3973 2696 4042 suscipiebant,
2725 3982 2783 4028 ut
2807 3976 3073 4042 superatis
3109 3976 3354 4032 hostibus

1778 4060 2132 4113 mundaretu.‘
2161 4060 2438 4130 templum,
2469 4061 2599 4132 legis
2624 4072 2892 4130 praecepta
2937 4063 3132 4116 iterum
3167 4077 3353 4117 serva-

1779 4155 2058 4216 rentur,et
2077 4151 2309 4204 eruditio
2333 4150 2734 4221 Scripturarum
2753 4154 3081 4224 germinaret
3093 4154 3352 4224 virgines,

1781 4241 1834 4296 id
1855 4249 1938 4295 est
1961 4239 2189 4313 populos
2217 4241 2550 4296 credentium
2589 4243 2641 4297 in
2670 4259 2835 4296 unum
2863 4245 3053 4308 Deum,
3093 4253 3149 4300 et
3189 4244 3354 4299 habe-

1782 4339 1904 4390 rent
1948 4346 2136 4385 rursus
2179 4331 2418 4406 eruditos
2450 4333 2630 4398 viros,
2661 4333 2751 4402 qui
2797 4334 3129 4388 frumentum
3159 4335 3355 4390 divin-.1:

1780 4420 1913 4489 legis
1955 4423 2236 4479 comedere
2271 4424 2548 4490 deberent,
2577 4432 2632 4478 et
2660 4425 2862 4479 idcirco
2888 4433 3133 4495 peterent
3176 4441 3207 4480 a
3252 4427 3356 4481 Do-

1781 4513 1925 4567 mino
1968 4513 2203 4583 pluviam
2250 4515 2576 4576 serotinum.
2615 4523 2672 4568 ut
2718 4516 2842 4584 quia
2881 4514 2996 4584 jam
3045 4516 3356 4572 defecerunt

1779 4606 2074 4675 prophetae,
2124 4614 2180 4660 et
2225 4607 2458 4661 mundus
2500 4607 2751 4662 tendebat
2801 4608 2872 4662 ad
2916 4608 3108 4672 finem,
3138 4609 3353 4662 tandem

1780 4696 2032 4752 Christus
2081 4696 2170 4767 qui
2220 4697 2418 4751 missus
2462 4705 2563 4763 est,
2597 4698 2805 4752 veniret
2845 4705 2900 4750 et
2951 4697 3212 4752 tribueret
3249 4697 3355 4752 illis

1781 4787 1932 4841 nives
1973 4795 2027 4842 et
2063 4786 2272 4856 pluvias
2316 4788 2522 4852 imbris,
2563 4788 2617 4841 id
2649 4796 2754 4852 est,
2781 4787 3028 4857 impleret
3072 4787 3357 4845 manifeste

1781 4894 1900 4949 qua:
1925 4894 1957 4931 a
1986 4879 2262 4948 prophetis
2285 4880 2539 4948 praedicta
2571 4888 2718 4934 sunt.

1860 4987 1878 5020 1
1916 4968 2091 5038 Super
2133 4978 2378 5038 pastores
2429 4970 2599 5024 iratus
2626 4978 2711 5024 est
2739 4969 2889 5024 furor
2913 4984 3085 5034 meus,
3112 4978 3166 5023 et
3195 4985 3357 5037 super

1784 5060 1966 5114 hircos
1997 5059 2248 5122 visitabo,
2301 5061 2426 5128 quia
2469 5059 2708 5115 visitavit
2739 5059 2995 5112 Dominus
3020 5060 3352 5112 exercituum

1786 5164 2003 5219 gegem
2054 5163 2208 5202 suum
2262 5149 2477 5201 domum
2519 5147 2687 5212 Juda,
2742 5157 2794 5203 et
2847 5149 3026 5218 posuit
3067 5163 3159 5202 eos
3201 5148 3354 5215 quasi

1787 5255 1983 5308 equum
2011 5239 2192 5309 gloriae
2221 5254 2331 5293 sua:
2361 5239 2414 5294 in
2447 5239 2603 5292 bello.
2642 5259 2660 5291 1
2691 5238 2842 5308 Saepe
2867 5238 3130 5307 contingit
3160 5247 3220 5290 ut
3258 5251 3357 5305 pro

1787 5329 2024 5398 peccatis
2057 5338 2331 5396 pastorum
2367 5327 2592 5397 populus
2622 5325 2883 5397 afﬂigatur
2914 5337 2969 5382 et
2999 5329 3240 5380 tradatur
3262 5327 3358 5380 ad-

1787 5418 2060 5473 versariis.
2090 5417 2221 5471 Nam
2252 5419 2416 5471 David
2450 5427 2725 5488 peccante,
2755 5418 2919 5470 multa
2953 5417 3119 5470 millia
3149 5415 3357 5470 Iudaici

1787 5510 1967 5580 populi
1997 5510 2301 5578 pestilentia
2326 5510 2500 5563 deleta
2527 5518 2669 5563 sunt.
2704 5509 2886 5577 Itaque
2924 5509 3180 5578 propheta
3227 5507 3358 5561 dicit

1787 5601 2071 5654 Dominum
2101 5601 2293 5654 iratum
2320 5615 2482 5670 super
2505 5607 2770 5669 pastores,
2799 5599 2891 5652 sed
2922 5598 3092 5652 iratus
3121 5598 3362 5667 pastori~

1745 5721 1750 5725 -
1787 5692 1888 5746 bus
1912 5690 2095 5744 visitat
2129 5705 2287 5759 super
2314 5690 2516 5756 hircos,
2549 5689 2601 5743 id
2630 5699 2714 5743 est
2735 5703 2898 5758 super
2921 5687 3200 5760 pupulum,
3229 5687 3358 5757 quia

1791 5784 1890 5854 ipsi
1921 5783 2205 5854 magistros
2232 5782 2288 5837 in
2321 5781 2474 5853 culpa
2520 5789 2840 5852 sequuntur,
2865 5788 2921 5835 et
2957 5788 3131 5836 tamen
3172 5788 3359 5848 postea
