3950 6440
559 398 667 453 255

1029 397 1383 454 llAYMONlS
1424 397 1901 457 IIALBERSTAT.
1943 397 2161 454 EPISC.
2204 395 2352 452 OPP.
2397 396 2572 451 PARS
2610 399 2648 452 l.
2681 431 2747 441 --
2786 400 3136 456 COMMENT.
3173 401 3345 457 BIBL.

3712 408 3814 464 256

560 526 685 564 cum
717 512 953 580 peccatis
981 509 1239 565 ultionem
1269 507 1479 574 fecerit,
1509 508 1748 562 visitabit
1774 511 1826 562 in
1854 511 1995 564 bono
2021 525 2139 580 gre-
2164 512 2216 571 Α
2244 507 2520 578 temporis,
2547 528 2564 559 ι
2599 517 2702 564 etc.
2733 507 3091 564 Nihilominus
3117 511 3233 565 hinc
3260 512 3329 566 ab
3349 509 3591 567 Hebraeis
3616 515 3685 569 ad
3710 515 3814 571 lla-

561 617 680 671 gem
714 618 901 666 suum,
932 602 1147 655 domum
1177 599 1336 665 Juda,
1367 601 1420 654 id
1445 609 1530 655 est
1561 615 1656 655 eos
1687 602 1778 669 qui
1813 601 1976 655 Deum
2006 619 2137 657 voce

562 703 616 746 et
661 695 901 748 moribus
944 692 1289 748 confitentur.
1322 693 1389 746 Et
1418 701 1579 762 ponet
1608 707 1701 746 eos
1742 695 1895 762 quasi
1940 710 2137 763 equum

562 783 766 853 gloriae.
797 785 920 854 quia
951 783 1258 853 prmsidebit
1285 784 1382 844 eis,
1417 793 1470 838 et
1502 793 1651 852 reget
1696 784 1837 848 illos,
1868 795 1921 838 et
1952 788 2003 839 in
2035 787 2137 840 illis

561 874 824 928 mirabilis
862 875 1163 945 apparebit.
1215 875 1289 928 De
1339 875 1418 928 his
1462 875 1616 944 equis
1665 877 1921 945 propheta
1965 878 2134 932 dicit:

560 964 659 1030 Qui
687 966 930 1020 ascendit
959 982 1120 1036 super
1151 980 1321 1034 equos
1365 974 1502 1029 tuos,
1529 967 1872 1034 etequitatus
1904 976 2025 1023 tuus
2050 984 2140 1024 sa-

559 1053 722 1107 nitas.

634 1166 652 1195 ι
686 1145 758 1199 Ex
787 1146 924 1215 ipso,
963 1167 979 1196 ι
1014 1147 1066 1199 id
1093 1155 1177 1201 est
1203 1146 1293 1216 qui
1319 1155 1480 1215 ponet
1507 1162 1600 1202 eos
1622 1147 1773 1217 quasi
1803 1164 2000 1219 equum
2025 1151 2141 1221 glo-

560 1237 654 1291 ria:
683 1254 822 1304 suae,
848 1241 954 1293 erit
984 1259 1002 1290 ‹
1039 1240 1294 1309 angulus,
1332 1260 1351 1293 ι
1395 1241 1450 1295 id
1493 1249 1576 1295 est
1623 1241 1895 1309 perfectus
1943 1243 2139 1312 aliquis

558 1328 648 1395 qui
697 1329 844 1382 velut
888 1329 1022 1399 lapis
1063 1331 1336 1399 angularis
1381 1331 1682 1384 continebit
1719 1341 1774 1385 et
1813 1333 2140 1388 confortabit

559 1419 884 1473 constitutos
913 1421 965 1474 in
997 1421 1311 1476 certamine.
1344 1422 1410 1474 Et
1445 1439 1462 1471 ι
1491 1437 1553 1476 ex
1589 1421 1706 1490 ipso
1738 1443 1756 1474 ι
1787 1424 1890 1478 erit
1922 1443 1940 1474 ‹
1971 1424 2139 1494 paxil-

560 1508 644 1562 lus
678 1529 695 1560 ι
735 1510 950 1564 humilis
992 1512 1186 1580 aliquis
1216 1513 1267 1565 in
1310 1512 1543 1566 Ecclesia
1565 1553 1578 1577 ,
1613 1521 1669 1566 et
1700 1522 1875 1568 tamen
1905 1531 1998 1570 sua
2039 1531 2136 1586 pa-

562 1601 749 1655 tientia
784 1603 1018 1671 reliquos
1041 1605 1192 1671 quasi
1219 1613 1504 1659 extensum
1529 1606 1801 1660 sustinens
1824 1608 2139 1663 tabernacu-

561 1691 693 1745 lum.
728 1693 789 1747 Et
821 1715 838 1744 ι
872 1711 934 1748 ex
967 1695 1082 1762 ipso
1111 1711 1271 1751 arcus
1312 1697 1505 1765 praelii,
1539 1717 1556 1748 ι
1598 1699 1650 1752 id
1681 1708 1762 1753 est
1795 1701 2132 1768 praedicator,

556 1781 733 1852 jacnla
779 1785 1214 1841 comminationis
1252 1787 1626 1855 peccatoribus
1665 1790 1980 1845 immittens.
2016 1811 2034 1842 ι
2072 1793 2138 1847 Et

2239 599 2488 654 chabazos
2527 599 2855 663 referuntur,
2883 601 3026 670 quod
3053 601 3320 669 superatis
3345 601 3591 658 hostibus
3627 605 3814 663 domus

2237 688 2406 750 Juda,
2443 688 2494 742 id
2535 698 2618 743 est
2655 690 2772 743 duae
2811 691 3009 753 tribus,
3052 700 3108 744 et
3141 692 3332 746 domus
3369 691 3600 763 Joseph,
3645 696 3700 752 id
3735 708 3815 753 est

2239 778 2426 833 decem
2465 779 2635 832 tribus
2672 779 3045 845 salvabuntur,
3088 788 3142 834 et
3182 782 3261 835 sic
3301 785 3611 852 gaudebunt
3663 788 3811 856 quasi

2239 871 2372 925 ebrii
2406 873 2548 925 vino.
2591 872 2740 928 Tunc
2768 888 2982 943 quoque
3020 876 3372 930 sociabuntur
3400 878 3520 931 duae
3540 889 3598 932 et
3631 879 3811 934 decem

2240 964 2433 1030 tribus,
2459 979 2578 1034 quae
2600 966 2698 1019 sub
2725 966 3044 1021 Hierohoam
3071 969 3140 1023 ab
3167 969 3394 1024 invicem
3417 980 3684 1040 separate
3707 972 3811 1026 fue-

2240 1063 2398 1110 rant.
2454 1065 2510 1108 et
2554 1065 2681 1109 tunc
2729 1065 2889 1110 ertmt
2936 1059 3076 1112 sicut
3123 1058 3338 1114 fuerunt
3381 1072 3677 1132 antequam
3725 1080 3810 1118 eos

2241 1140 2500 1195 Dominus
2545 1143 2874 1212 projecisset.
2927 1146 3044 1199 Filii
3078 1162 3292 1218 quoque
3339 1164 3526 1204 eorum
3573 1152 3810 1208 videntes

2242 1231 2541 1302 triumphos
2567 1245 2871 1304 parentum,
2905 1237 3226 1293 laatahuntur
3254 1241 3306 1294 in
3333 1241 3581 1296 Domino.

2315 1341 2334 1372 α
2369 1321 2608 1378 Siliilabo
2646 1326 2746 1388 eis,
2783 1336 2838 1380 et
2874 1331 3216 1399 congregaho
3257 1331 3405 1396 illos,
3445 1333 3571 1401 quia
3617 1335 3807 1388 redemi

2240 1425 2355 1474 eos,
2387 1419 2441 1464 et
2473 1413 2836 1483 multiplicabo
2876 1432 2972 1472 eos
3015 1420 3156 1473 sicut
3193 1431 3348 1474 antea
3391 1421 3610 1476 fuerant
3637 1425 3810 1478 multi-

2239 1500 2420 1570 plicati
2449 1541 2462 1565 ,
2509 1513 2566 1557 et
2606 1508 2886 1561 seminabo
2929 1523 3024 1563 eos
3074 1511 3127 1564 in
3177 1511 3406 1580 populis.
3446 1532 3466 1563 ι
3508 1513 3812 1569 Sacratiore

2241 1606 2402 1646 sensu
2436 1593 2675 1648 sibilabit
2695 1595 2976 1662 Dominus,
3002 1599 3052 1652 id
3074 1610 3157 1653 est
3177 1601 3387 1671 signum
3417 1601 3582 1656 faciet
3615 1605 3702 1658 his
3733 1608 3810 1673 qni

2241 1682 2480 1750 peccatis
2518 1682 2734 1740 fuerant
2766 1687 3016 1756 dispersi,
3054 1699 3114 1742 ut
3155 1689 3222 1742 ad
3262 1691 3432 1760 ipsum
3479 1693 3729 1745 redeant.
3759 1694 3814 1747 Et

2243 1768 2480 1837 loquitur
2503 1771 2557 1824 in
2582 1773 2869 1844 Evangelio
2893 1793 2905 1827 :
2937 1794 2956 1826 ε
2988 1777 3173 1831 Venite
3195 1778 3262 1832 ad
3285 1793 3371 1831 me
3417 1795 3614 1834 omnes
3637 1783 3727 1850 qui
3749 1781 3815 1835 la-

562 1885 624 1923 ex
654 1872 766 1940 ipso
791 1875 1096 1944 egredietur
1123 1875 1302 1930 omnis
1331 1887 1552 1931 exactor
1577 1879 1756 1942 simul,
1795 1899 1813 1930 ›
1844 1881 1936 1948 qui
1982 1883 2134 1951 quasi

2242 1859 2448 1914 boratis
2483 1871 2539 1916 et
2563 1866 2772 1920 onerati
2795 1867 2944 1920 estis.
2969 1886 2987 1916 ι
3017 1866 3425 1938 Congregantur
3448 1881 3637 1926 autem
3656 1913 3672 1934 ,
3700 1874 3811 1941 quia

557 1972 716 2031 cogat
741 1965 1006 2028 nolentes,
1040 1974 1092 2019 et
1120 1966 1302 2036 exigat
1327 1978 1386 2020 ut
1420 1967 1632 2022 Christo
1664 1969 1980 2036 subdantur,
2018 1988 2140 2041 per-

561 2056 734 2110 territi
774 2056 1288 2125 formidinejudicii,
1321 2074 1445 2112 cum
1476 2059 1700 2114 audiunt
1725 2071 1924 2130 quanta
1951 2063 2140 2117 infide-

559 2145 700 2200 libus
726 2147 834 2201 sint
861 2149 1120 2217 supplicia
1150 2159 1471 2218 praeparata.

637 2257 655 2287 ι
692 2239 757 2291 Et
785 2250 943 2292 erunt
988 2241 1138 2309 quasi
1187 2240 1381 2305 fortes,
1418 2242 1795 2299 conculcantes
1824 2245 1991 2300 lutum
2025 2247 2140 2301 via-

562 2343 679 2380 rutn
704 2329 755 2380 in
782 2329 985 2396 prmlio,
1011 2340 1065 2384 et
1093 2331 1387 2395 bellabunt,
1411 2333 1534 2402 quia
1561 2335 1820 2390 Dominus
1841 2352 1964 2392 cum
1991 2338 2089 2393 eis.
2113 2357 2132 2391 ι

557 2414 692 2469 Cum
730 2418 930 2471 fuerint
955 2435 1053 2488 pro
1075 2419 1289 2476 Christo
1321 2425 1580 2493 martyrio
1605 2429 1869 2491 coronati,
1903 2437 1957 2483 et
1985 2429 2138 2485 dixe-

559 2506 668 2559 rint
712 2522 833 2561 cum
884 2508 1168 2566 Psalmista
1214 2529 1226 2565 :
1267 2513 1323 2566 Si
1365 2515 1668 2570 consistant
1717 2519 2003 2573 adversum
2055 2537 2140 2577 me

559 2606 761 2662 castra,
792 2610 898 2653 etc.
938 2601 1043 2656 Sed
1095 2602 1196 2658 hoc
1245 2604 1364 2659 loco
1413 2606 1620 2661 Hebraei
1653 2621 1950 2678 exponunt,
1995 2615 2137 2682 quod

560 2687 647 2740 illa
669 2692 974 2757 persecutio
997 2707 1116 2762 qua:
1137 2693 1336 2754 Judaeis
1361 2698 1586 2768 contigit
1612 2699 1714 2753 sub
1731 2699 2020 2767 Antiocho,
2044 2719 2140 2773 per

558 2780 771 2849 culpam
811 2782 1096 2853 contigerit
1148 2786 1563 2856 magistrorum,
1595 2799 1648 2843 et
1677 2789 1797 2845 ideo
1839 2793 2140 2848 visitaverit

559 2886 723 2941 super
754 2873 955 2938 hircos,
988 2876 1038 2928 id
1065 2886 1151 2931 est
1177 2879 1427 2947 populum
1453 2921 1467 2944 ,
1492 2890 1546 2935 et
1577 2883 1860 2937 tradiderit
1885 2901 1982 2940 eos
2007 2903 2137 2957 gen-

563 2959 722 3024 tibus,
754 2971 937 3030 postea
975 2964 1273 3021 visitaverit
1303 2985 1516 3040 gregem
1541 2986 1696 3026 suum
1736 2974 1951 3028 domum
1978 2976 2135 3045 Juda,

559 3052 869 3108 suscitando
897 3055 1002 3110 illis
1031 3056 1222 3112 Judam
1274 3060 1634 3117 Machabarum
1676 3074 1731 3119 et
1767 3076 1993 3124 caeteros
2045 3069 2137 3140 qui

560 3143 714 3209 quasi
749 3159 920 3212 equus
947 3148 1130 3217 gloriae
1159 3150 1396 3206 fuerunt.
1432 3153 1585 3221 Quod
1626 3171 1754 3212 vero
1782 3159 2021 3215 dicitur:
2057 3162 2135 3216 Ex

2243 1953 2504 2009 Dominus
2542 1957 2771 2011 redemit
2799 1973 2892 2014 eos
2931 1960 3170 2029 pretioso
3203 1963 3464 2032 sanguine
3494 1979 3616 2017 suo.
3654 1963 3815 2018 Multi-

2240 2043 2530 2113 plicantur,
2563 2048 2690 2115 quia
2730 2049 2874 2103 sicut
2915 2060 3071 2106 antea
3118 2051 3329 2107 fuerant
3364 2052 3743 2124 multiplicati,
3773 2057 3815 2109 id

2237 2143 2323 2189 est
2366 2137 2661 2192 secundum
2705 2141 2846 2207 quod
2891 2142 2958 2194 ad
3003 2142 3276 2197 Abraham
3305 2145 3507 2198 dictum
3539 2155 3633 2199 est
3666 2164 3680 2198 :
3717 2165 3734 2196 ‹
3768 2145 3814 2200 ln

2239 2226 2449 2281 semine
2479 2238 2570 2282 tuo
2599 2229 2988 2286 benedicentur
3007 2249 3195 2289 omnes
3217 2245 3425 2306 gentes.
3457 2257 3476 2289 ι
3506 2236 3574 2290 Ει
3599 2238 3818 2307 Aposto-

2239 2315 2366 2370 lus:
2407 2336 2425 2368 ι
2457 2317 2730 2391 Quotquot
2757 2338 2823 2377 ex
2855 2324 2958 2379 fide
3006 2336 3133 2380 sunt
3174 2328 3426 2394 Abrahze,
3469 2330 3523 2384 hi
3573 2332 3672 2385 lilii
3705 2343 3817 2387 sunt

2237 2406 2486 2463 Abrabaa.
2515 2429 2534 2461 ι
2562 2409 2912 2468 Seminantur
2935 2431 3150 2486 quoque
3169 2418 3222 2471 in
3246 2419 3476 2488 populis,
3497 2429 3554 2474 ut
3574 2421 3633 2474 in
3657 2423 3816 2476 omni-

2238 2502 2341 2558 bus
2366 2507 2616 2576 gentibus
2637 2508 2911 2564 Christum
2943 2513 3278 2577 annuntient,
3311 2514 3451 2569 sicut
3479 2516 3598 2586 ipse
3627 2531 3815 2586 przece-

2238 2594 2318 2664 pit
2361 2611 2375 2646 :
2425 2613 2444 2646 c
2489 2595 2692 2653 Euntes
2736 2599 2788 2654 in
2831 2602 3088 2656 mundum
3133 2605 3479 2672 universum,
3531 2609 3815 2678 prie-dicate

2239 2685 2589 2755 Evangelium
2624 2692 2772 2746 omni
2797 2702 3081 2749 creaturae.
3124 2714 3144 2746 ι

2313 2797 2331 2828 ι
2380 2780 2446 2833 Ει
2473 2781 2540 2834 de
2570 2780 2724 2852 longe
2749 2785 3174 2840 recordabuntur
3200 2789 3324 2842 mei.
3362 2808 3382 2841 ι
3409 2788 3622 2854 Ouibus
3650 2792 3815 2845 verbis

2239 2879 2425 2942 gentes
2451 2875 2764 2936 innuuntur,
2797 2892 2916 2944 quae
2948 2878 3105 2948 longe
3126 2889 3280 2934 erant
3308 2896 3418 2949 pra:
3449 2883 3769 2937 inﬁdelitate
3789 2900 3811 2935 a

2239 2961 2380 3026 Deo;
2413 2963 2479 3018 de
2505 2965 2701 3034 quibus
2733 2966 3055 3022 Psalmista:
3086 2989 3103 3020 ι
3143 2969 3586 3025 Reminiscentnr
3615 2983 3673 3026 et
3701 2989 3812 3026 cou-

2238 3064 2514 3108 vertentur
2532 3056 2598 3109 ad
2616 3057 2920 3124 Dominum,
2945 3079 2964 3111 ι
2986 3069 3041 3115 et
3060 3061 3151 3130 qui
3173 3063 3369 3117 mortui
3387 3067 3811 3134 erantpeccatis.

2244 3164 2261 3194 ε
2299 3145 2367 3198 Et
2417 3146 2597 3202 vivent
2645 3163 2765 3203 cum
2817 3151 2940 3206 filiis
2989 3151 3132 3217 suis,
3190 3173 3208 3205 ι
3242 3155 3348 3210 illis
3392 3156 3651 3212 videlicet
3696 3173 3814 3226 quos

559 3230 677 3299 ipso
705 3211 930 3304 angulus
949 3211 1010 3292 ξι
1032 3255 1096 3294 εχ
1124 3241 1241 3310 ipso
1281 3211 1530 3312 paxiuﬁs’
1563 3248 1818 3314 angulum
1850 3211 2135 3322 ’ίιλῖέήηξξ
2165 3211 2208 3273 C
2241 3237 2585 3304 praedicando
2612 3253 2913 3309 genuerunt
2934 3242 3168 3299 Christo.
3193 3243 3413 3300 Talibus
3440 3247 3570 3300 dicit
3597 3211 3817 3319 Apo'sto-

559 3330 744 3377 tantur
779 3329 980 3397 regiam
1009 3341 1332 3398 potestatem
1355 3377 1371 3401 ,
1403 3340 1546 3406 quod
1576 3340 1711 3394 duos
1741 3342 1976 3410 parietes
2005 3361 2137 3400 con-

562 3413 760 3481 tineat;
788 3419 1043 3486 paxillum
1069 3438 1218 3488 vero,
1240 3427 1620 3480 sacerdotium.
1647 3429 1725 3482 Ex
1753 3430 1870 3500 ipso
1893 3448 2132 3501 exactor,

560 3503 616 3558 id
659 3515 743 3560 est
770 3522 961 3564 omnes
985 3511 1104 3566 alia:
1135 3514 1371 3570 minores
1394 3517 1698 3585 dignitates,
1721 3529 1780 3574 ut
1802 3522 1873 3576 sit
1905 3539 2095 3581 sensus
2118 3551 2131 3580 ;

559 3594 714 3649 Nulla
746 3599 851 3652 erit
877 3601 1128 3670 dignitas,
1155 3620 1272 3673 quae
1294 3622 1398 3660 non
1425 3606 1598 3674 illius,
1626 3609 1678 3664 id
1722 3621 1806 3667 est
1842 3613 1994 3672 Judze
2027 3617 2138 3673 Ma-

559 3688 762 3743 chabtei
787 3692 1104 3762 disponatur
1129 3698 1374 3754 arbitrio.

635 3801 654 3834 α
686 3784 748 3837 Et
772 3786 1171 3844 confundentur
1200 3807 1516 3852 ascensores
1544 3813 1805 3868 equorum
1836 3811 1889 3857 et
1916 3806 2136 3862 confor-

559 3877 686 3932 tabo
733 3877 949 3934 domum
997 3881 1166 3946 Juda,
1220 3897 1276 3940 et
1317 3889 1535 3945 domum
1574 3891 1771 3964 Joseph
1804 3897 2041 3956 salvabo.
2071 3903 2139 3958 Et

557 3979 866 4027 convertam
893 3979 1149 4045 eos,quia
1174 3980 1474 4037 miserebor
1494 4000 1704 4050 eorum,
1728 3998 1781 4043 et
1803 4001 1960 4046 erunt
1980 3995 2135 4050 sicuti

557 4060 776 4118 fuerunt
819 4069 1038 4136 quando
1065 4085 1169 4124 non
1198 4073 1530 4143 projeceram
1570 4094 1683 4133 eos.
1721 4080 1832 4150 Ego
1857 4085 1999 4137 enim
2038 4087 2139 4140 Do-

557 4151 738 4209 minus
791 4154 934 4212 Deus
976 4174 1163 4215 eorum
1214 4165 1497 4218 exaudiam
1538 4183 1650 4223 eos.
1690 4189 1707 4220 ι
1755 4171 1880 4228 llaec
1924 4191 2137 4246 quoque

549 4243 702 4310 juxta
724 4255 1056 4316 superiorem
1078 4255 1388 4324 accipienda
1413 4269 1536 4312 sunt
1561 4261 1906 4331 intellectum,
1925 4269 2138 4338 quando

553 4347 610 4391 et
655 4343 1127 4408 persecutionibus
1176 4349 1501 4406 confortabit
1557 4354 1817 4412 Dominus
1868 4372 2136 4432 martyres

554 4443 701 4489 suos,
739 4439 796 4484 et
832 4432 1130 4503 desperatis
1159 4441 1434 4506 przestabit
1463 4445 1743 4511 auxilium,
1773 4456 1897 4504 tunc
1921 4450 2139 4504 confun-

554 4519 753 4573 dentur
780 4537 1096 4581 ascensores
1129 4543 1411 4598 equorum,
1444 4532 1494 4587 id
1529 4545 1610 4588 est
1639 4539 1850 4606 superbi
1884 4556 2152 4610 persecu--

555 4617 719 4663 tores.
755 4611 904 4667 Tunc
949 4617 1270 4673 confortabit
1307 4620 1524 4675 domum
1555 4622 1710 4689 Juda,
1746 4627 1796 4680 id
1841 4638 1923 4682 est
1963 4631 2130 4685 confl-

556 4708 731 4755 tentes
760 4701 1066 4772 Dominum,
1093 4716 1147 4761 et
1181 4710 1395 4764 domum
1425 4709 1641 4783 Joscph,
1669 4717 1758 4784 qui
1797 4728 1985 4773 auctus
2015 4721 2128 4777 sive

553 4788 743 4845 beatus
766 4793 1162 4864 interpretatur.

629 4901 651 4934 ι
690 4884 755 4938 Et
805 4895 963 4941 erunt
1008 4892 1158 4958 quasi
1217 4891 1384 4948 fortes
1419 4894 1708 4963 Ephraim,
1759 4904 1815 4950 et
1861 4895 2130 4954 lzelabitur

552 4987 650 5028 cor
692 4989 878 5030 eorum
909 4981 1062 5048 quasi
1099 4997 1127 5034 a
1155 4982 1306 5047 vino,
1351 4992 1405 5037 et
1449 4985 1540 5037 lilii
1574 5001 1757 5039 eorum
1792 4987 2046 5043 videbunt
2074 4998 2129 5045 et

551 5067 894 5137 lzetabuntur,
938 5083 994 5128 et
1031 5076 1322 5132 exsultabit
1363 5094 1459 5132 cor
1487 5094 1672 5134 eorum
1722 5081 1774 5134 in
1820 5080 2063 5136 Domino.
2103 5101 2121 5132 ι

551 5163 827 5232 Ephraim,
862 5167 951 5236 qui
977 5169 1365 5240 interpretatur
1394 5175 1628 5233 ubertas,
1664 5181 1723 5226 ιιι
1746 5172 1854 5226 sint
1885 5190 1949 5227 eo
1979 5174 2126 5243 digni

550 5254 788 5308 nomine.
840 5256 904 5310 Et
947 5257 1270 5314 lmtabuntur
1312 5277 1434 5316 cum
1489 5261 1722 5316 biberint
1771 5263 1953 5316 vinum
2001 5263 2126 5318 vitis

551 5359 711 5410 verte,
756 5347 806 5401 id
852 5358 935 5404 est
963 5367 1084 5405 cum
1120 5353 1252 5407 socii
1297 5353 1497 5408 fuerint
1546 5355 1853 5423 passionum
1902 5355 2124 5410 Christi.

551 5432 668 5488 Filii
695 5453 908 5506 quoque
931 5456 1138 5506 eorum,
1169 5444 1364 5511 quibus
1385 5443 1619 5513 loquitur
1645 5446 1933 5515 Apostolus
1959 5466 1970 5500 :
1997 5467 2014 5497 ‹
2044 5447 2128 5500 Fi-

550 5521 661 5578 lioli
711 5528 853 5592 mei,
900 5545 1035 5598 quos
1084 5531 1282 5586 iterum
1323 5538 1586 5604 parturio,
1619 5557 1634 5587 )
1667 5547 1773 5593 etc.
1799 5579 1812 5600 ,
1850 5547 1904 5593 et
1930 5539 2126 5607 quibus

549 5613 836 5671 Psalmista
869 5619 1038 5674 dicit:
1077 5639 1094 5672 α
1127 5620 1339 5688 Venite,
1383 5625 1496 5690 filii,
1537 5628 1713 5682 audite
1752 5643 1856 5682 inc.
1896 5649 1911 5677 ι
1957 5629 2128 5683 Laeta-

551 5705 772 5771 buntur,
798 5715 850 5762 et
879 5724 973 5763 cor
1008 5727 1194 5767 eorum
1226 5717 1476 5783 gaudebit
1518 5717 1568 5771 in
1609 5718 1856 5783 υυιιιίηο,
1885 5721 2127 5775 dicentes

551 5812 673 5851 cum
701 5798 990 5870 Apostolo:
1025 5823 1042 5856 ‹
1073 5806 1185 5862 Non
1212 5817 1334 5863 sunt
1363 5810 1640 5882 condigme
1665 5813 1940 5880 passiones
1965 5812 2125 5882 hujus

2158 4576 2208 4636 D

2240 3327 2357 3382 lus:
2399 3347 2416 3379 ‹
2455 3329 2732 3400 Tanquam
2757 3334 2992 3402 parvulis
3016 3335 3067 3389 in
3091 3335 3324 3403 Christo,
3349 3337 3430 3393 lac
3456 3338 3614 3394 vobis
3642 3350 3818 3411 potum

2237 3418 2380 3484 dedi,
2410 3437 2513 3474 non
2544 3438 2745 3477 escam.
2783 3444 2800 3476 ι

2313 3529 2330 3562 ι
2369 3511 2435 3565 Ει
2465 3523 2822 3581 revertentur,
2847 3523 2903 3571 et
2941 3517 3195 3572 reducam
3235 3533 3329 3572 eos
3360 3519 3429 3574 de
3457 3527 3609 3575 terra
3658 3521 3816 3591 ng-

2235 3603 2336 3672 pti,
2375 3624 2391 3654 »
2427 3605 2477 3658 id
2523 3615 2609 3660 est
2647 3610 2712 3662 de
2750 3609 2986 3664 tenebris
3017 3611 3354 3680 ignorantiaa,
3392 3614 3445 3667 in
3477 3615 3686 3683 quibus
3714 3617 3816 3671 dia-

2236 3692 2392 3748 bolus
2419 3705 2630 3766 regnat.
2667 3716 2685 3748 ι
2721 3697 2787 3752 Ει
2829 3700 2895 3754 de
2926 3700 3164 3772 Assyriis
3191 3703 3534 3774 congregabo
3573 3722 3677 3762 eos
3712 3728 3730 3760 ι
3759 3711 3817 3762 de

2237 3787 2470 3854 superbo
2504 3802 2661 3842 sensu
2693 3791 2846 3858 pravi
2880 3791 3144 3861 dogmatis
3166 3794 3570 3850 haereticorum.
3615 3816 3636 3848 ι
3667 3797 3733 3851 Et
3759 3797 3817 3851 ad

2239 3882 2440 3928 terram
2484 3875 2687 3931 Galaad
2719 3888 2772 3933 et
2810 3879 2996 3934 Libani
3023 3880 3284 3936 adducam
3306 3899 3420 3940 eos.
3447 3895 3502 3938 et
3533 3901 3646 3940 non
3675 3889 3815 3941 inve-

2238 3965 2420 4020 nietur
2443 3967 2522 4023 eis
2551 3967 2722 4024 locus.
2760 3991 2779 4021 ι
2805 3969 3008 4025 Calaad
3040 3972 3426 4042 interpretatur
3447 3979 3815 4031 testimonium

2237 4056 2763 4126 transmigrationis,
2813 4058 3053 4115 Libanus
3114 4061 3402 4117 dealbatio.
3462 4063 3819 4120 “educuntur

2236 4163 2366 4218 ergo
2395 4149 2462 4202 ad
2502 4159 2700 4205 terram
2731 4151 2957 4217 Galaad,
2989 4155 3080 4223 qui
3111 4155 3176 4208 de
3203 4156 3512 4212 carnalibus
3538 4167 3818 4214 transeunt

2235 4239 2304 4294 ad
2328 4239 2646 4310 spiritualia,
2671 4243 2814 4296 etde
2844 4243 3075 4298 terrenis
3095 4243 3162 4298 ad
3181 4245 3441 4301 caelestia.
3461 4247 3820 4304 Adducuntur

2237 4332 2305 4386 ad
2355 4340 2552 4386 terram
2595 4331 2806 4396 Libani,
2835 4333 2928 4402 qui
2957 4334 3195 4404 deposita
3239 4337 3520 4406 nigredine
3567 4351 3819 4408 peccato-

2236 4438 2380 4487 rum,
2419 4423 2735 4477 dealbantur
2769 4424 3112 4494 baptismate,
3153 4436 3336 4496 postea
3373 4429 3555 4482 educti
3598 4432 3674 4485 de
3711 4447 3819 4486 cor-

2235 4531 2387 4584 pore,
2420 4516 2831 4583 dealbabuntur,
2859 4518 3188 4587 accipientes
3216 4521 3652 4578 immortalitatis
3699 4540 3820 4580 can-

2236 4607 2416 4662 didam
2452 4608 2666 4662 stolam.

2310 4726 2328 4757 α
2371 4707 2437 4760 Ει
2481 4708 2788 4762 transibunt
2838 4709 2889 4763 in
2937 4711 3103 4765 maris
3145 4711 3313 4776 freto,
3355 4720 3407 4767 et
3449 4716 3734 4782 percutiet
3772 4716 3819 4770 in

2236 4799 2373 4852 mari
2417 4797 2628 4862 fluctus,
2660 4807 2715 4851 et
2743 4799 3140 4854 confundentur
3175 4803 3354 4856 omnia
3405 4804 3688 4872 profunda
3725 4807 3818 4860 ﬂo-

2234 4890 2413 4944 tuinis.
2448 4890 2516 4943 Et
2555 4889 2926 4944 humiliabitur
2953 4893 3202 4960 superbia
3233 4892 3424 4957 Assur,
3453 4902 3508 4949 et
3536 4909 3818 4966 sceptrum

2234 4981 2448 5053 IEgypti
2502 4983 2738 5037 recedet.
2771 4983 3100 5038 Confortabo
3130 5000 3224 5040 eos
3273 4986 3326 5040 in
3378 4986 3644 5054 Domino,
3675 5001 3733 5044 et
3771 4993 3818 5044 in

2232 5075 2450 5128 nomine
2472 5073 2586 5140 ejus
2610 5075 2982 5140 ambulabunt,
3009 5077 3140 5132 dicit
3165 5078 3443 5134 Dominus.
3477 5098 3495 5130 ι
3531 5080 3709 5136 Juxta
3735 5085 3818 5138 lit-

2233 5173 2398 5220 teram
2453 5166 2671 5220 traditio
2723 5166 3085 5222 Hzebrteorum
3116 5178 3220 5232 est,
3261 5170 3401 5238 quod
3443 5172 3684 5240 populus
3733 5173 3818 5228 Ju-

2230 5256 2470 5310 dmornm
2497 5266 2688 5326 captus
2715 5258 2782 5312 ab
2804 5259 3042 5329 Assyriis
3069 5268 3123 5314 et
3148 5275 3176 5313 a
3193 5259 3478 5316 Chaldteis.
3505 5279 3616 5316 non
3644 5266 3816 5319 solum

2232 5349 2284 5402 in
2321 5349 2499 5403 Medos
2523 5359 2578 5403 et
2608 5349 2825 5415 Persas,
2857 5353 2968 5406 sive
3000 5353 3052 5405 in
3085 5352 3413 5422 Babylonem
3444 5355 3687 5409 traditus
3717 5368 3815 5419 est,

2230 5431 2321 5494 sed
2349 5440 2510 5494 etiam
2541 5439 2594 5493 in
2631 5440 3099 5509 septentrionalem
3131 5445 3339 5511 plagam
3370 5451 3425 5496 et
3466 5443 3519 5496 in
3572 5444 3819 5514 Bospho-

2231 5547 2370 5597 rum,
2395 5540 2449 5585 et
2480 5542 2662 5596 postea
2689 5547 2753 5586 ex
2786 5540 2940 5601 parte
2966 5530 3090 5586 inde
3116 5542 3360 5598 vocatus,
3393 5531 3484 5587 Dei
3516 5547 3615 5588 eos
3647 5538 3818 5605 resipi-

2230 5623 2406 5677 ciente
2427 5623 2730 5678 clementia.
2750 5625 2814 5678 Et
2838 5625 2941 5679 hoc
2953 5633 3036 5679 est
3050 5624 3191 5696 quod
3213 5624 3300 5679 hic
3320 5625 3519 5679 dicitur
3540 5643 3552 5676 :
3577 5627 3820 5681 «Trans-

2230 5715 2381 5770 ibunt
2417 5715 2470 5768 in
2521 5715 2687 5769 maris
2721 5714 2890 5778 freto,
2928 5735 2946 5766 ›
2974 5715 3025 5768 id
3052 5724 3132 5769 est
3163 5715 3218 5768 in
3249 5723 3482 5785 angusto
3513 5715 3658 5768 mari
3690 5715 3818 5768 Pro-

2228 5807 2501 5878 pontidis,
2553 5808 2641 5861 tibi
2696 5807 3145 5878 angustissimum.
3178 5805 3373 5861 fretum
3413 5805 3814 5861 Chalcedonern
