3950 6430
133 363 228 420 257

1043 352 1444 409 ENARRATIO
1486 352 1553 408 IN
1590 347 1994 407 ZACHARIAM
2033 349 2473 407 PROPHETAM.

3276 350 3383 407 258

135 485 183 532 et
204 467 515 544 Byzantium
542 465 752 533 dividit,
778 472 833 521 et
861 465 1125 535 percutiet
1165 465 1422 521 Dominus
1464 466 1520 520 in
1562 463 1699 520 mari
1729 462 1781 523 Α
1803 461 2027 530 phorice
2057 462 2437 518 suecidendum
2465 501 2482 530 ,
2520 461 2573 518 id
2603 470 2687 518 est
2729 462 2987 518 Romanis
3027 462 3389 535 pugnantibus

135 565 334 625 ﬂuctus,
357 565 560 614 vadens
586 567 710 612 ante
735 555 987 626 populum
1016 572 1195 624 suum,
1219 564 1273 610 et
1300 556 1699 611 confundentur

135 654 385 729 profunda
429 650 736 715 ﬂuviorum,
765 657 825 703 ut
862 648 1131 718 quondam
1177 647 1376 703 factum
1419 656 1536 712 est,
1575 663 1697 703 cum

133 760 271 802 mare
299 741 545 795 Rubrum
578 740 809 795 divisum
837 748 941 803 est,
968 746 1023 794 et
1051 739 1300 794 Iordanis
1331 739 1564 794 siccatus
1593 747 1695 794 est.

137 837 273 890 Tunc
301 830 676 887 humiliabitur
695 829 942 899 superbia
963 828 1327 898 Assyriorum,
1351 836 1402 882 et
1426 839 1699 898 sceptrum

138 923 341 998 {Egypti
370 921 586 977 tolletur
608 921 674 975 ab
705 920 814 984 eis,
848 918 1078 973 liberato
1109 916 1202 972 Dei
1240 917 1457 988 populo,
1488 928 1541 972 et
1571 934 1701 973 con-

138 1015 464 1073 fortabuntur
491 1013 546 1067 in
578 1011 826 1074 Domino,
858 1018 910 1064 et
954 1008 1012 1064 in
1056 1008 1270 1063 nomine
1299 1007 1414 1076 ejus
1463 1008 1701 1063 ambula-

136 1110 275 1171 bunt,
303 1110 645 1158 revertentes
688 1102 743 1155 in
774 1109 973 1155 terram
1001 1114 1174 1154 suam.
1208 1099 1331 1154 Haec
1354 1100 1507 1169 juxta
1540 1099 1701 1154 tradi-

138 1198 325 1253 tionem
355 1193 703 1247 llebraaorum
733 1191 875 1245 dicta
905 1190 1030 1244 sint.
1061 1187 1220 1244 Juxta
1265 1205 1481 1245 sensum
1512 1190 1702 1260 mysti-

136 1303 265 1352 cum,
296 1284 593 1339 transimus
622 1291 677 1336 et
714 1296 812 1336 nos
847 1281 899 1335 in
927 1290 1212 1351 angustum
1238 1280 1573 1348 mare'hujus
1605 1294 1706 1335 sae-

137 1378 252 1441 culi,
280 1376 425 1447 quod
454 1373 656 1429 sanctis
685 1373 1126 1444 angustissimum
1150 1382 1204 1427 et
1228 1370 1598 1442 periculorum
1624 1380 1706 1427 est

136 1471 336 1543 plenum
362 1486 377 1524 :
406 1468 743 1523 amatoribus
768 1476 947 1521 autem
978 1466 1137 1535 hujus
1166 1465 1349 1520 saeculi
1381 1465 1705 1521 latissimum

138 1568 231 1625 est,
259 1558 385 1628 quia
413 1556 521 1610 lata
548 1557 633 1610 via
661 1565 877 1625 estquae
902 1554 1051 1610 ducit
1076 1555 1143 1609 ad
1168 1562 1415 1620 mortem,
1443 1566 1590 1610 arcta
1615 1571 1710 1609 au-

130 1630 236 1707 Item
269 1659 352 1706 est
406 1665 528 1719 quae
571 1647 718 1703 ducit
774 1646 839 1702 ad
888 1648 1073 1702 vitam.
1128 1646 1185 1700 In
1225 1647 1361 1701 mari
1407 1648 1509 1703 hoc
1551 1645 1709 1715 hujus

138 1741 307 1797 sarculi
336 1748 568 1811 angusto
602 1747 658 1793 et
692 1738 1032 1803 turbulento,
1064 1738 1272 1808 primus
1316 1738 1570 1793 transivit
1604 1738 1708 1793 Re-

140 1835 376 1904 demptor
405 1802 612 1896 noster,
650 1830 844 1886 deinde
895 1830 1065 1886 secuti
1114 1839 1237 1884 sunt
1285 1845 1407 1884 eum
1455 1831 1707 1901 apostoli,
1740 1802 1785 1862 Β

141 1926 203 1981 de
226 1924 418 1996 quibus
445 1923 642 1977 dicitur
673 1941 685 1976 :
714 1921 813 1990 Qui
848 1922 1180 1976 descendunt
1207 1923 1431 1977 mare-in
1460 1921 1709 1989 navibus,

141 2015 237 2086 ipsi
257 2015 511 2081 viderunt
539 2027 703 2083 opera
753 2011 986 2065 Domini.
1017 2009 1169 2065 Tunc
1206 2011 1580 2067 humiliabitur
1619 2029 1708 2067 su-

143 2111 322 2183 perbia
359 2109 545 2174 Assur,
578 2107 632 2163 id
670 2117 754 2163 est
796 2106 1025 2171 diaboli,
1064 2115 1119 2161 et
1146 2106 1431 2177 imperium
1466 2105 1710 2178 Egypti,

141 2204 195 2258 id
221 2211 304 2259 est
338 2201 683 2257 tenebrarum
706 2208 761 2255 et
800 2199 1069 2254 aeriarum
1093 2207 1442 2269 potestatum,
1474 2199 1710 2266 recedet,

140 2309 255 2349 cum
296 2292 589 2348 novissima
622 2306 769 2345 mors
795 2291 1123 2353 destruetur,
1153 2298 1207 2344 et
1243 2289 1332 2343 ille
1363 2290 1455 2359 qui
1483 2290 1716 2344 habebat

140 2384 323 2439 mortis
357 2382 664 2454 imperium,
692 2380 971 2435 claudetur
1015 2379 1068 2433 in
1114 2379 1371 2449 gehennae
1417 2395 1711 2435 carcerem.

142 2475 317 2531 Sancti
353 2489 484 2530 vero
522 2471 972 2528 confortahuntur
1005 2470 1059 2524 in
1100 2468 1345 2534 Domino,
1389 2477 1444 2524 et
1486 2470 1711 2525 dicent:

142 2587 160 2618 ι
186 2564 467 2621 Fortitudo
515 2577 633 2619 mea
679 2572 734 2617 et
771 2561 889 2617 laus
932 2575 1071 2615 mea.
1102 2579 1121 2611 ι
1162 2559 1228 2613 Et
1268 2560 1620 2616 ambulabunt
1660 2560 1715 2615 in

137 2656 353 2711 nomine
383 2653 523 2723 ejus,
562 2654 617 2707 id
645 2660 729 2707 est
775 2652 829 2706 in
855 2650 1073 2707 nomine
1100 2649 1323 2716 Christi,
1353 2665 1382 2705 a
1422 2668 1530 2721 quo
1561 2652 1717 2706 Chri-

137 2747 287 2803 stia::i
318 2754 605 2811 vocantur,
635 2752 691 2800 et
715 2745 815 2800 sub
839 2743 1099 2815 dignitate
1125 2743 1287 2813 hujus
1310 2743 1447 2797 tituli
1478 2744 1717 2797 ambula-

136 2839 261 2895 bunt
283 2840 357 2895 de
395 2839 595 2893 virtute
639 2837 692 2891 in
738 2834 1019 2901 virtutem,
1067 2834 1235 2889 donec
1283 2834 1532 2888 videatur
1578 2834 1719 2890 Deus

136 2930 357 2985 deorum
385 2929 439 2984 in
465 2927 618 2984 Sion.

749 3056 978 3116 CAPUT
1025 3055 1113 3113 Xl.

207 3210 226 3243 ι
258 3189 452 3262 Aperi,
477 3188 701 3257 Libane,
733 3199 921 3261 portas
944 3196 1082 3253 tuas,
1109 3195 1165 3242 et
1192 3187 1441 3242 comedat
1471 3187 1608 3258 ignis
1633 3202 1721 3243 ce-
1746 3161 1792 3224 (ἶ

133 3281 257 3337 dros
281 3292 428 3338 tuas.
459 3301 477 3332 ι
515 3282 755 3337 Libanus
784 3295 938 3335 mons
967 3289 1053 3335 est
1078 3277 1376 3344 Phtenicis,
1410 3278 1498 3333 ubi
1534 3278 1712 3333 termi-

135 3391 233 3431 nus
253 3375 459 3431 Iudae
495 3385 684 3430 contra
732 3374 1156 3444 septentrionem
1188 3380 1288 3427 est.
1321 3370 1427 3429 Sed
1459 3374 1557 3429 hoc
1603 3372 1722 3429 loco

136 3470 395 3541 templum
421 3478 580 3524 vocat
606 3468 893 3535 Libanum,
925 3468 1068 3539 quod
1099 3467 1165 3522 de
1193 3465 1352 3538 lignis
1378 3466 1566 3523 Libani
1595 3483 1724 3523 con-

134 3571 406 3619 structum
425 3571 561 3618 erat.
576 3562 835 3617 Praedixit
849 3577 978 3633 ergo
998 3560 1260 3631 propheta
1274 3562 1415 3630 quod
1443 3562 1721 3632 templum,

134 3656 277 3725 quod
312 3656 527 3710 noviter
551 3653 728 3709 fuerat
755 3653 1080 3709 mdiﬂcatum
1111 3668 1141 3707 a
1163 3652 1463 3707 Zorobabel
1494 3660 1549 3707 et
1573 3651 1721 3719 Iesu,

134 3744 523 3799 destruendum
554 3751 696 3798 esset
726 3758 758 3797 a
781 3743 1112 3812 Vespasiano
1147 3752 1199 3796 et
1229 3742 1351 3797 Tito
1389 3742 1724 3813 principibus

133 3835 531 3890 Romanorum.
569 3855 587 3886 ι
618 3833 780 3905 Aperi
808 3834 1049 3907 (inquit),
1077 3834 1301 3899 Libane,
1336 3842 1521 3904 portas
1547 3845 1719 3900 tuas,i

131 3938 190 3983 ut
231 3930 506 3999 suscipias
548 3927 912 3997 ingredientes
955 3928 1159 3981 hostes.
1203 3926 1269 3981 Et
1320 3927 1463 3997 quod
1514 3926 1727 3981 dixerat

128 4019 432 4082 Libanum,
469 4025 652 4071 servat
695 4017 1097 4087 metaphoram,
1143 4019 1395 4083 subdens,
1425 4026 1480 4072 et
1508 4018 1730 4074 devoret

127 4109 282 4181 ignis
313 4109 506 4163 cedros
539 4116 678 4162 tuas.
730 4107 833 4162 Per
862 4108 1052 4162 cedros
1081 4118 1135 4165 et
1177 4110 1381 4165 abietes
1408 4119 1462 4164 et
1496 4126 1728 4181 quercus

124 4201 317 4256 Basan
343 4206 396 4254 et
422 4198 618 4253 saltum
647 4213 1010 4260 nemorosum,
1044 4199 1313 4269 principes
1336 4208 1389 4254 et
1419 4198 1729 4255 sacerdotes

125 4301 185 4347 et
215 4291 482 4363 pepulum
512 4290 778 4361 signiﬁcat
807 4288 1137 4346 Iudteorum.
1177 4307 1196 4341 ‹
1224 4288 1486 4346 Comedat
1512 4291 1727 4363 (inquit)

130 4385 279 4457 ignis
310 4384 503 4438 cedros
530 4391 668 4448 tuas,
700 4401 718 4433 ι
750 4389 810 4436 ut
834 4390 1029 4437 cuncta
1057 4382 1143 4437 vel
1169 4383 1419 4438 incendio
1440 4384 1523 4439 vel
1549 4384 1728 4439 hostili

1807 555 2220 609 devastandnm.

1883 665 1901 698 ε
1936 632 2047 702 Vox
2077 645 2317 702 ululatus
2342 656 2638 718 pastorum,
2671 650 2796 720 quia
2822 657 3031 706 vastata
3063 657 3146 705 est
3175 648 3384 721 magni-

1808 737 2023 793 ﬂcentia
2052 753 2259 792 eorum.
2293 759 2311 791 ι
2349 738 2494 806 Quos
2523 754 2683 809 supra
2715 743 2904 798 cedros
2926 742 3010 797 vel
3040 744 3244 798 abietes
3274 743 3387 798 sive

1808 842 2041 898 quercus
2062 828 2290 893 dixerat,
2320 845 2461 884 nunc
2495 830 2649 899 quasi
2691 847 2966 901 exponens
2996 833 3122 904 quid
3166 833 3385 897 dixerit,

1806 932 1907 989 per
1935 916 2091 971 aliam
2125 918 2498 987 metaphoram
2525 927 2680 972 vocat
2702 928 2971 988 pastores,
3006 923 3058 976 id
3103 930 3185 976 est
3209 938 3390 978 sacer-

1810 1007 1962 1063 dotes
1990 1014 2044 1062 et
2074 1008 2344 1078 principes
2369 1023 2576 1063 eorum.
2606 1006 2722 1063 Iam
2749 1011 2877 1065 dicit
2907 1013 3082 1067 audiri
3106 1014 3386 1079 ululatum,

1811 1095 2064 1170 quoniam
2108 1100 2506 1172 magnificentia
2550 1110 2604 1156 et
2650 1102 2815 1158 decus
2860 1102 3094 1168 illorum,
3134 1105 3390 1175 templum

1809 1190 2061 1245 videlicet
2090 1191 2145 1244 in
2185 1206 2291 1260 quo
2325 1190 2559 1246 maxime
2588 1190 2989 1263 gloriabantur,
3018 1192 3298 1249 incensum
3337 1202 3394 1250 et

1812 1281 2145 1336 destructum
2178 1285 2266 1339 sit.

1890 1389 1910 1423 ι
1939 1370 2055 1427 Vox
2077 1376 2285 1445 rugitus
2309 1376 2549 1445 leonum,
2582 1378 2835 1450 quoniam
2860 1387 3067 1435 vastata
3091 1387 3175 1435 est
3201 1395 3391 1451 super-

1812 1459 1902 1515 bia
1927 1461 2194 1519 Iordanis.
2228 1485 2247 1517 ι
2298 1465 2442 1532 Quos
2483 1469 2731 1537 superius
2771 1471 2994 1526 arbores
3022 1470 3106 1525 vel
3150 1480 3396 1541 pastores

1816 1552 2044 1620 dixerat,
2078 1570 2221 1612 nunc
2248 1566 2407 1613 vocat
2446 1559 2649 1625 leones,
2683 1570 2737 1616 et
2766 1562 2906 1617 sicut
2935 1561 3181 1632 superius
3207 1561 3393 1617 altitu-

1816 1642 1994 1698 dinem
2027 1646 2207 1716 templi
2237 1650 2569 1719 comparavit
2606 1649 2908 1707 celsitudini
2949 1653 3149 1707 montis
3181 1649 3392 1717 Libani,
3476 1696 3499 1727 ,ᾔ

1818 1748 1925 1803 quo
1954 1735 2086 1789 nihil
2114 1737 2402 1803 excelsius,
2442 1740 2682 1810 nihilque
2708 1742 3030 1798 condensius
3059 1752 3143 1799 est
3169 1745 3223 1799 in
3249 1754 3396 1800 terra

1812 1827 2266 1895 repromissionis,
2299 1830 2378 1885 sic
2408 1846 2549 1886 nunc
2585 1833 2820 1901 rugitum
2866 1815 3079 1889 leonum
3115 1844 3169 1890 et
3210 1851 3398 1907 snper-

1813 1914 1957 1969 biam
1986 1915 2235 1973 Iordanis
2261 1917 2471 1990 jungit,
2511 1922 2636 1991 quia
2677 1922 2730 1977 in
2771 1923 2859 1979 illa
2909 1925 3130 1997 regione
3155 1928 3396 1981 omnium

1750 2081 1759 2089 .
1810 2004 2092 2063 ﬂuminum
2132 2010 2406 2067 maximus
2448 2020 2532 2069 est
2568 2012 2844 2081 Iordanis,
2873 2013 3027 2084 juxta
3073 2033 3232 2087 quem
3282 2034 3399 2073 mo-

1815 2108 2007 2153 rantur
2035 2099 2239 2170 leones,
2286 2105 2400 2160 sive
2432 2115 2492 2160 ut
2519 2107 2768 2163 ardorem
2815 2108 2934 2164 sitis
2978 2124 3114 2180 aqua
3162 2109 3398 2167 ﬂuminis

1815 2189 2082 2259 relevent,
2117 2193 2228 2248 sive
2259 2194 2384 2264 quia
2430 2195 2665 2252 vicinum
2709 2207 2791 2254 est
2838 2199 3107 2256 desertum
3154 2210 3208 2256 et
3246 2209 3399 2257 vasta

1814 2281 2064 2337 solitudo.
2094 2284 2182 2339 Ait
2201 2301 2331 2354 ergo
2355 2288 2615 2359 propheta
2646 2308 2658 2343 :
2688 2308 2707 2342 ι
2727 2289 2845 2347 Vox
2874 2292 3085 2364 rugitus
3114 2292 3349 2361 leonum,
3371 2312 3393 2346 ι

1816 2370 1868 2427 id
1915 2381 1998 2429 est
2048 2377 2368 2446 optimatum
2414 2390 2468 2435 et
2516 2382 2817 2453 principum
2845 2425 2859 2449 ,
2908 2386 3164 2442 subaudis
3214 2386 3397 2443 audita

1815 2472 1919 2519 est.
1949 2485 1967 2516 ι
2005 2465 2141 2534 Quia
2175 2479 2383 2525 vastata
2414 2480 2497 2526 est
2529 2472 2780 2544 superbia
2808 2473 3079 2543 Iordanis,
3110 2499 3128 2530 ι
3164 2477 3268 2533 hoc
3291 2488 3394 2552 est,

1817 2558 2050 2629 dignitas
2100 2563 2282 2634 templi
2332 2564 2508 2621 deleta
2552 2577 2673 2623 est.
2719 2569 2862 2625 unde
2910 2571 3168 2625 auxilium
3216 2585 3399 2641 spera-

1817 2648 1996 2705 batur.

1895 2760 1913 2793 ο
1947 2742 2071 2800 Haec
2116 2746 2245 2802 dicit
2285 2748 2546 2805 Dominus
2592 2751 2733 2807 Deus
2763 2769 2958 2811 meus:
3006 2755 3175 2812 Pasce
3202 2771 3397 2828 pecora

1820 2835 2125 2901 occisionis,
2154 2853 2274 2911 qum
2302 2841 2392 2910 qui
2423 2843 2805 2913 possidebant,
2835 2846 3180 2913 occidebant,
3209 2857 3264 2905 et
3289 2863 3396 2905 non

1816 2921 2093 2987 dolebant.
2121 2935 2173 2981 et
2199 2931 2504 2986 vendebant
2524 2947 2608 2987 ea.
2645 2953 2664 2986 ι
2695 2932 2805 2990 Vox
2833 2936 3044 2992 Domini
3072 2938 3140 2993 ad
3164 2939 3400 3011 prophe-

1824 3020 1954 3068 tam.
1984 3014 2137 3070 Nnnc
2158 3018 2374 3091 (inquit)
2398 3021 2613 3077 interim
2642 3027 2912 3082 nutriatur
2936 3043 3068 3099 grex
3092 3037 3146 3084 et
3169 3040 3402 3097 crescat,

1824 3106 1913 3173 qui
1944 3114 2131 3174 postea
2157 3109 2225 3163 ah
2247 3111 2492 3167 hostibus
2513 3115 2778 3183 capiatur.
2803 3117 2932 3183 Quae
2956 3134 3151 3187 pecora
3175 3121 3404 3176 Romani

1822 3196 1913 3267 qui
1950 3198 2297 3266 possidebant
2341 3201 2361 3273 j
2389 3220 2464 3258 ire
2493 3204 2794 3272 victorum,
2825 3209 3170 3273 occidebant,
3205 3221 3259 3265 et
3287 3226 3395 3266 non

1823 3286 2119 3356 dolebant,
2181 3308 2279 3348 nec
2330 3295 2763 3364 miserebantur,
2814 3315 2933 3372 qua:
2986 3304 3275 3360 servabant
3327 3304 3397 3359 ad

1822 3377 2009 3445 vitam,
2039 3382 2370 3452 vendebant,
2399 3394 2451 3441 et
2478 3386 2832 3457 laetabantur,
2864 3412 2882 3446 ι
2918 3393 3201 3451 dicentes:
3233 3396 3405 3457 Bene-

1823 3470 2000 3529 dictus
2028 3474 2309 3545 Dominus,
2335 3479 2527 3537 divites
2555 3480 2683 3538 facti
2713 3500 2918 3543 sumus.
2951 3506 2969 3539 ι
3002 3487 3127 3546 [hec
3152 3489 3225 3544 ita
3254 3497 3407 3561 gesta

1825 3578 1945 3618 esse
1995 3567 2085 3636 qui
2135 3568 2415 3626 historiam
2467 3572 2695 3645 legerit,
2756 3577 3011 3634 inveniet.
3058 3580 3409 3656 Tr0pologice

1823 3664 2050 3725 possunt
2098 3657 2215 3713 hmc
2264 3661 2452 3718 referri
2509 3666 2574 3719 ad
2623 3667 2905 3739 episcopos
2957 3679 3013 3725 et
3060 3671 3409 3743 presbyteros

1825 3742 2277 3804 Christianorum.
2311 3749 2547 3809 Pascunt
2589 3757 2732 3811 enim
2767 3774 2933 3828 pecus
2958 3742 3248 3818 occisionis
3278 3762 3406 3819 mali

1825 3845 2101 3906 pastores,
2146 3855 2374 3909 quorum
2424 3845 2748 3922 negligentia
2806 3850 2949 3919 perit
2995 3867 3124 3919 grex
3171 3853 3407 3922 Domini,

1828 3927 1951 3982 dum
1994 3928 2265 3998 subjectos
2307 3935 2492 3990 vident
2536 3921 2740 4007 ire'per
2781 3942 3009 4010 abrupta
3042 3943 3327 4012 vitiorum,
3356 3954 3412 4001 et

1829 4033 1936 4073 non
1967 4022 2275 4092 corrigunt,
2311 4042 2410 4081 nec
2449 4031 2766 4101 emendant,
2799 4033 2925 4086 dum
2965 4044 3212 4090 metuunt
3253 4039 3414 4095 amit-

1830 4117 1945 4163 tere
1975 4113 2255 4167 commoda
2283 4116 2618 4186 temporalia,
2648 4134 2767 4187 qua:
2806 4120 3067 4193 diligunt,
3104 4124 3294 4195 sicque
3318 4142 3415 4197 pa-

1831 4210 1988 4255 scunt
2015 4216 2108 4256 eos
2137 4218 2241 4258 non
2272 4205 2341 4259 ad
2382 4207 2576 4273 vitam,
2615 4210 2711 4264 sed
2749 4211 2816 4266 ad
2854 4212 3200 4282 occisionem,
3239 4231 3415 4288 neque

1830 4300 2055 4360 possunt
2083 4289 2261 4348 dicere
2285 4309 2408 4350 cum
2443 4295 2702 4366 Apostolo
2730 4318 2743 4353 :
2781 4320 2800 4352 ί
2838 4300 2969 4368 Quis
2996 4304 3414 4375 scandalizatur,

1831 4387 1886 4435 et
1934 4396 2033 4452 ego
2081 4400 2187 4439 non
2249 4386 2413 4441 uror?
2457 4408 2476 4441 ι
2537 4387 2783 4447 Vendunt
2838 4410 3053 4466 quoque
3116 4398 3417 4473 submissos

132 4473 372 4545 imperio
399 4479 697 4538 vastentur,
734 4478 789 4527 et
822 4481 931 4527 tam
955 4471 1119 4528 duces
1141 4489 1301 4536 quam
1323 4475 1506 4544 populi
1536 4491 1727 4532 consu-
1756 4525 1808 4584 Β
1833 4473 2076 4543 populos,
2106 4492 2226 4531 cum
2257 4493 2318 4533 ex
2346 4478 2558 4536 illorum
2588 4482 2806 4539 interitu
2830 4486 2933 4541 sibi
2959 4487 3174 4544 divitias
3201 4471 3416 4560 parant,

276 4573 365 4584 .__._
1838 4561 2013 4584 f._--_.
2048 4580 2196 4584 ‘-__,
2255 4568 2310 4584 ,οι
2468 4569 2483 4584 ι
2580 4571 2592 4584 ι
2675 4580 2683 4584 .
3030 4578 3042 4584 -
3212 4580 3223 4584 -

135 4580 267 4620 man
276 4573 383 4619 ων.

213 4674 234 4707 ι
272 4654 463 4720 Ulula,
514 4654 701 4721 abies,
753 4656 880 4726 quia
938 4656 1134 4712 cecidit
1187 4657 1417 4722 cedrus,
1474 4659 1727 4729 quoniam

136 4746 417 4818 magniﬁci
442 4747 631 4800 vastati
658 4755 815 4813 sunt;
852 4749 1079 4815 ulutate,
1111 4764 1342 4819 quercus
1361 4748 1564 4813 Basan,
1599 4766 1731 4821 quo-

138 4836 289 4890 niam
339 4837 581 4891 succisus
624 4844 708 4892 est
753 4837 922 4892 saltus
950 4838 1214 4894 munitus.
1246 4859 1264 4892 ι
1300 4838 1477 4895 Mutua
1511 4836 1728 4915 (inquit)

139 4925 536 4981 lamentatione
581 4926 894 4982 sacerdotes
941 4934 994 4981 et
1042 4928 1312 4998 principes
1358 4944 1421 4984 ac
1462 4931 1727 5001 pepulus,

138 5026 388 5072 vestrum
424 5017 660 5088 plangite
707 5017 1010 5082 interitum,
1040 5026 1094 5073 et
1115 5020 1267 5087 quasi
1300 5033 1573 5089 quaereres
1604 5022 1731 5092 quid

139 5106 456 5179 signiﬂeeut
483 5109 655 5189 cedri,
681 5109 881 5179 quidve
906 5110 1114 5164 abietes
1143 5119 1199 5165 et
1232 5125 1483 5180 quercus,
1510 5128 1734 5183 respon-

138 5196 255 5263 det,
267 5198 565 5254 ostendens
579 5200 641 5253 de
656 5199 965 5254 hominibus
974 5214 1034 5254 se
1049 5200 1244 5261 dicere.
1260 5201 1513 5270 quoniam
1531 5203 1735 5274 magni-

143 5289 232 5343 tici
280 5291 482 5345 vastati
531 5300 674 5345 sunt.
727 5292 903 5347 Basan
950 5291 1197 5349 confusio
1241 5294 1460 5361 dicitur,
1504 5310 1733 5365 quercus

138 5394 277 5434 vero
302 5379 506 5445 Basan,
533 5381 778 5438 homines
804 5384 936 5438 dicit
960 5383 1294 5441 confusionis
1320 5395 1373 5439 et
1402 5386 1730 5457 ignominiaa,

142 5470 410 5540 quoniam
438 5472 680 5526 succisus
707 5480 791 5528 est
819 5474 987 5529 saltus
1018 5472 1279 5531 munitus.
1318 5476 1526 5531 Saltum
1557 5478 1733 5532 muni-

147 5573 262 5618 tum
315 5563 433 5618 sive
469 5579 845 5631 nemorosum,
878 5568 1053 5639 ipsum
1092 5569 1349 5641 templum
1396 5569 1559 5637 dicit,
1589 5569 1733 5640 quod

149 5655 552 5727 inexpugnabili
582 5658 835 5715 firmitate
861 5670 1228 5718 constructum
1253 5662 1429 5718 fuerat
1451 5679 1480 5718 a
1508 5663 1735 5721 diversis

147 5748 393 5820 regibus,
422 5756 477 5804 et
505 5748 573 5805 ad
596 5748 842 5805 ultimum
870 5752 938 5808 ab
969 5750 1200 5810 Herode.
1226 5753 1379 5824 Quod
1408 5756 1540 5815 dicit
1564 5764 1733 5813 meta-

1836 4561 2018 4617 favent
2047 4568 2425 4635 peccantibus,
2468 4569 2750 4629 laudantes
2778 4589 2872 4631 eos
2897 4578 3107 4648 praedas
3134 4580 3227 4650 qui
3251 4590 3419 4651 agunt

1834 4653 1900 4708 de
1929 4654 2160 4720 miseris,
2191 4668 2245 4713 et
2281 4658 2494 4731 iniquos
2520 4662 2921 4722 benedicentes.

1912 4763 1929 4796 ι
1960 4745 2025 4800 Et
2059 4758 2301 4818 pastores
2325 4768 2510 4808 eorum
2533 4771 2637 4809 non
2659 4759 2956 4826 parcebant
2979 4760 3080 4827 eis,
3108 4771 3164 4818 et
3185 4778 3287 4836 ego
3309 4781 3415 4823 non

1834 4858 2050 4913 parcam
2094 4843 2235 4898 ultra
2272 4862 2434 4916 super
2462 4849 2768 4908 habitantes
2809 4861 3045 4921 terram,
3082 4856 3210 4911 dicit
3237 4858 3421 4913 Domi-

1834 4949 1955 4988 nus.
1988 4953 2006 4984 ι
2042 4934 2177 5001 Quia
2222 4933 2437 5009 (inquit)
2484 4949 2732 5010 pastores
2769 4958 2876 4997 non
2919 4947 3216 5015 parcebant
3246 4948 3419 5019 gregi,

1839 5023 1933 5078 sed
1965 5024 2064 5093 ipsi
2099 5025 2257 5095 primi
2289 5028 2682 5089 devoraverunt
2706 5034 2963 5104 populum
2989 5051 3188 5104 meum,
3218 5039 3423 5095 idcirco

1838 5121 1893 5167 et
1937 5128 2038 5185 ego
2083 5129 2191 5169 non
2222 5131 2442 5187 parcam
2473 5119 2613 5174 ultra
2645 5138 2807 5193 super
2851 5126 3162 5182 habitantes
3199 5135 3419 5195 terrain,

1839 5204 2096 5262 subaudis
2122 5205 2382 5264 Iudmam.
2416 5209 2527 5267 Hoc
2559 5214 2703 5269 enim
2735 5217 2889 5287 juxta
2925 5217 3159 5273 litteram
3186 5219 3251 5274 de
3275 5226 3421 5276 terra

1838 5294 2164 5365 Iudaeorum,
2189 5309 2245 5356 et
2268 5317 2374 5356 non
2398 5303 2463 5356 de
2489 5306 2633 5359 omni
2660 5308 2793 5362 orbe
2814 5309 3031 5364 dicitur.
3060 5308 3175 5366 Non
3200 5310 3420 5383 (inquit)

1837 5400 2056 5456 parcam
2088 5389 2248 5456 ultra,
2282 5393 2375 5447 sed
2406 5394 2661 5452 continuo
2695 5396 2946 5465 ulciscar,
2975 5408 3029 5455 et
3057 5401 3265 5457 tradam
3303 5401 3423 5458 illos
3463 5393 3473 5399 ’

1838 5483 2103 5540 hostibus.
2133 5484 2286 5553 Quod
2321 5487 2597 5558 impletum
2626 5500 2711 5547 est
2745 5493 3157 5565 quadragesimo
3180 5498 3422 5555 secundo

1839 5589 1980 5629 anno
2013 5585 2132 5644 post
2168 5575 2505 5633 Dominicam
2536 5581 2866 5651 passionem,
2906 5586 3050 5655 quod
3088 5594 3298 5659 tempus
3327 5588 3423 5644 (la-

1842 5674 1953 5721 tum
1991 5665 2167 5723 fuerat
2203 5669 2308 5726 illis
2338 5672 2405 5727 ad
2441 5674 2706 5746 agendam
2738 5678 3133 5747 paenitentiam.

1918 5774 1936 5807 ι
1964 5755 2104 5815 Ecce
2151 5776 2250 5832 ego
2293 5764 2499 5819 tradam
2547 5764 2821 5830 homines,
2878 5783 3314 5841 unumquemque
3361 5771 3420 5828 it.
