3950 6486
494 369 600 427 259

501 546 729 633 terram,
755 573 810 620 et
837 578 943 618 non
973 574 1159 615 eruam
1176 557 1257 612 'de
1290 569 1454 609 manu
1481 564 1691 614 eorum,
1719 555 1775 603 et
1801 546 2087 616 depascam

505 675 674 733 pecus
697 652 1013 716 occisionis,
1049 656 1271 720 propter
1307 646 1429 709 hoc,
1454 659 1487 698 0
1520 654 1786 711 pauperes
1828 637 2023 707 gregis.
2063 654 2082 687 ι

509 726 786 805 Dimittam
817 740 1030 812 (inquit)
1064 738 1332 800 homines,
1366 744 1426 788 ut
1454 741 1638 786 mutua
1668 744 1725 783 se
1751 727 1897 782 ctede
1927 726 2093 779 inter-

510 841 712 894 ﬁciant.
756 834 1021 905 Legamus
1048 829 1341 897 Josephum
1360 866 1374 892 ,
1406 831 1461 879 et
1505 822 1841 875 inveniemus
1868 815 2011 885 quod
2039 812 2093 869 in

484 930 623 1003 'ipsa
663 926 945 984 obsidione
991 918 1329 977 Hierusalem
1371 924 1521 970 tanta
1562 913 1700 966 inter
1724 906 1937 963 Judzcos
1977 911 2096 1003 erat

509 995 777 1079 discordia
800 1027 855 1073 et
884 1015 1095 1077 seditio,
1124 1020 1183 1065 ut
1210 1010 1264 1065 in
1290 1017 1400 1063 tres
1425 1014 1607 1077 partes
1637 1000 1866 1072 populus
1892 995 2096 1051 divide-

484 1106 487 1111 Γ
513 1124 688 1177 retur,
715 1120 769 1167 et
796 1109 1028 1164 invicem
1061 1112 1249 1160 contra
1279 1116 1338 1157 se
1368 1103 1683 1176 pugnarent.
1719 1092 1787 1145 Et
1815 1086 2099 1145 concident

515 1203 737 1276 (inquit)
784 1210 984 1256 terram
1028 1195 1282 1253 Romani.
1331 1192 1483 1259 Quod
1530 1202 1659 1243 vero
1706 1183 1868 1246 dicit,
1907 1199 1926 1231 ι
1958 1180 2100 1276 regis

517 1271 632 1361 sui,
655 1315 674 1346 ι
716 1271 842 1347 tunc
882 1291 1096 1361 quidem
1124 1285 1293 1340 Judmi
1321 1297 1503 1353 regem
1535 1295 1638 1334 non
1680 1276 1968 1339 habebant,
2008 1271 2102 1327 sed

519 1400 702 1457 regem
740 1398 839 1455 pro
881 1360 1184 1452 protectore
1229 1383 1284 1430 et
1326 1372 1569 1443 principe
1609 1365 1808 1438 posuit.
1857 1360 2104 1457 Ostetrdit

521 1450 702 1530 autem
716 1450 845 1543 quid
872 1450 941 1525 sit
964 1469 1054 1523 illa
1079 1464 1341 1521 desolatio
1367 1471 1591 1522 (eterna,
1614 1471 1736 1512 cum
1763 1454 1929 1510 dicit:
1958 1450 2104 1507 «Non

520 1581 706 1621 eruam
735 1565 800 1617 de
821 1558 1068 1615 manibus
1094 1571 1306 1620 eorum,
1330 1574 1349 1605 ι
1384 1553 1438 1608 id
1458 1558 1542 1607 est
1561 1547 1949 1609 Romanorum,
1981 1556 2107 1614 pro-
2172 1608 2177 1615 .

490 1646 707 1730 .pterea
741 1653 865 1723 quia
915 1650 1008 1705 Dei
1051 1657 1135 1704 est
1176 1644 1443 1702 sententia
1490 1650 1549 1696 ut
1594 1641 1668 1695 ita
1717 1636 1830 1692 ﬁat.
1881 1636 1925 1691 Ο
1970 1650 2105 1705 pau-

525 1708 909 1823 periesvvgrlegis,
934 1739 1160 1812 justi-de
1188 1734 1376 1817 Israel,
1404 1735 1497 1807 qui
1528 1733 1583 1787 in
1613 1731 1899 1788 Dominum
1934 1728 2105 1823 Deum
2137 1811 2180 1823 ﬁ
2207 1727 2355 1822 ctum
2398 1726 2484 1773 est
2512 1716 2586 1820 .in
2633 1714 2718 1823 die
2740 1714 2873 1823 li‘lla,‘
2907 1721 2964 1767 et
2984 1716 3372 1823 fognoverunt
3402 1708 3498 1823 fit:
3526 1722 3793 1823 palpere!

526 1799 867 1905 credidistis,
897 1799 1169 1897 subaudis
1208 1799 1390 1888 audite
1421 1799 1488 1888 ἐι
1532 1825 1818 1899 iutelligite
1862 1837 1984 1894 qua:
2021 1821 2110 1877 di-
2135 1811 2184 1871 B
2209 1809 2528 1905 gregisjtui
2568 1806 2880 1905 custodiunt
2924 1802 3092 1905 mihi.
3137 1802 3273 1905 quia.
3306 1800 3532 1905 verbum
3579 1799 3794 1903 Domini

532 1940 749 1988 cuntur.

606 2041 626 2074 ι
656 2021 721 2077 Et
768 2017 1035 2089 assumpsi
1082 2015 1214 2071 mihi
1263 2015 1397 2069 duas
1439 2013 1658 2084 virgas.
1706 2024 1872 2066 unam
1920 1999 2114 2064 vocavi

529 2111 801 2175 decorem,
832 2118 887 2164 et
919 2107 1141 2163 alteram
1170 2105 1353 2161 vocavi
1394 2102 1708 2168 funiculum,
1738 2108 1795 2156 et
1834 2099 1955 2171 pavi
1984 2112 2111 2169 gre-

533 2218 677 2274 gem.
707 2222 727 2253 ›
781 2199 1009 2256 Creator
1045 2208 1101 2253 et
1140 2205 1325 2269 pastor
1364 2195 1622 2253 Dominus
1660 2193 1802 2249 Deus
1838 2193 1971 2247 duas
2002 2189 2109 2247 sibi

496 2300 505 2371 Ἀ
532 2291 828 2363 assumpsit
855 2293 1059 2362 virgas,
1090 2289 1145 2344 id
1182 2296 1267 2355 est
1295 2287 1430 2343 duos
1457 2284 1702 2357 populos.
1731 2283 1973 2361 Primam
2003 2281 2113 2337 vir-

532 2402 654 2458 gam
691 2383 897 2448 habuit,
931 2396 1090 2436 omne
1135 2378 1294 2434 simul
1324 2378 1603 2433 hominum
1646 2390 1816 2447 genus
1849 2374 1949 2429 sub
1976 2371 2107 2437 Noe,

500 2484 503 2487 '
531 2486 695 2546 quam
724 2473 936 2530 vocavit
976 2471 1256 2535 decorem,
1296 2469 1425 2540 quia
1456 2482 1630 2538 nuper
1659 2467 1958 2522 instaurata
1992 2471 2114 2534 post

498 2565 791 2620 ‘diluvium
819 2561 1054 2628 mundo,
1096 2560 1326 2615 necdum
1374 2557 1623 2614 homines
1667 2555 1961 2611 sceleribus
1997 2569 2113 2610 sor-

533 2657 793 2720 duerant,
812 2662 883 2710 .et
913 2651 1044 2707 nihil
1067 2650 1266 2719 iustius
1314 2665 1474 2719 quam
1501 2647 1870 2703 universitatis
1898 2655 2113 2702 creato-

535 2758 650 2797 rem
684 2755 873 2797 omnes
907 2740 1186 2810 aequaliter
1214 2752 1428 2802 vocare,
1460 2751 1597 2808 quos
1621 2734 1897 2806 generavit
1919 2733 2113 2804 :equali

506 2833 878 2899 conditione;
950 2829 1176 2885 alteram
1219 2829 1430 2884 vocavit
1482 2825 1818 2891 funiculum,
1864 2823 2111 2897 eligendo

508 2921 745 2991 plebem
791 2919 1144 2975 Israeliticam
1185 2919 1284 2974 sub
1321 2916 1613 2972 Abraham.
1656 2934 1675 2966 ‹
1710 2913 1935 2982 Quando
1969 2916 2112 2968 enim

535 3012 811 3067 dividebat
838 3010 1148 3091 Altissimus
1175 3015 1387 3080 gentes,
1410 3026 1429 3059 ι
1460 3016 1565 3063 etc.
1601 3024 1620 3058 ι
1650 3005 1716 3060 Ει
1743 3004 1863 3076 pavi
1896 3003 2113 3091 (inquit)

504 3123 509 3139 τ
535 3120 750 3176 gregem
778 3122 796 3155 ι
828 3103 941 3159 sive
964 3085 1150 3167 Israel,
1176 3101 1287 3157 sive
1310 3116 1470 3156 omne
1498 3115 1665 3171 genus
1695 3085 1995 3156 hominum.

978 353 1329 413 HAYMONIS
1368 344 1845 435 IIALBERSTAT.
1882 341 2098 399 EPISC.
2139 341 2292 399 ore.
2330 338 2513 396 PARS
2546 337 2700 399 1.1—-
2727 330 3081 417 COMMENT.
3121 328 3292 385 BIBL.

499 491 666 539 manu
685 472 916 547 proximi
942 469 1044 534 sui,
1073 476 1129 523 et
1154 467 1208 523 in
1228 478 1390 519 manu
1418 459 1565 530 regis
1593 457 1696 521 sui,
1722 463 1777 510 et
1797 452 2081 508 concident
2106 454 2156 515 Α
2186 459 2497 508 sternantur
2516 449 2570 503 in
2599 447 2837 546 deserto,
2859 452 2916 547 et
2946 442 3139 513 reliqui
3156 436 3791 547 vorent,‘u9mqu':g.!ue

2189 556 2407 598 carnem
2438 537 2671 613 proximi
2724 535 2827 591 sui.
2859 532 3152 589 Vertantur
3179 528 3396 602 (inquit)
3446 527 3507 583 in
3551 527 3789 585 seditio—

2189 649 2335 699 nem,
2368 642 2424 690 et
2460 631 2630 686 instar
2663 627 2957 683 bestiarum
2998 622 3201 678 mutuis
3247 621 3524 678 morsibus
3569 619 3789 675 lacera—

2189 725 2392 781 buntur
2415 762 2433 788 ,
2490 719 2775 788 nullusque
2836 723 3034 770 terram
3088 728 3275 768 eorum
3334 708 3791 781 repromissionis

2193 815 2447 870 introeat.

2271 920 2289 951 ι
2318 901 2386 956 Et
2423 898 2521 955 tuli
2557 897 2763 967 virgam
2795 908 2969 949 meam
2997 906 3120 961 quae
3151 891 3451 947 vocabatur
3485 889 3665 945 decus
3689 928 3706 953 ,
3739 896 3794 943 et

2196 993 2399 1050 abscidi
2430 1006 2570 1047 eam.
2595 1008 2612 1039 ι
2638 989 2769 1043 Post
2789 985 3211 1056 assumptionem
3238 981 3470 1048 Israelis,
3498 981 3623 1037 haec
3644 980 3790 1036 enim

2197 1096 2280 1143 est
2306 1085 2538 1141 secunda
2570 1082 2743 1152 virga,
2771 1094 2891 1149 qua!
2931 1076 3303 1148 appellabatur
3329 1073 3635 1153 funiculus,
3675 1073 3794 1127 tulit

2201 1176 2459 1247 Dominus
2486 1172 2717 1244 primam
2749 1170 2954 1238 virgam
2981 1182 3099 1237 quae
3126 1166 3424 1222 vocabatur
3443 1165 3792 1227 decorums-

2202 1267 2376 1323 tiones
2414 1263 2620 1319 scilicet
2648 1261 2812 1317 totius
2855 1257 3024 1323 orbis,
3049 1255 3174 1327 quia
3216 1254 3404 1309 relicto
3447 1254 3561 1307 Deo
3590 1259 3793 1306 secuta

2202 1366 2326 1414 sunt
2348 1356 2506 1422 idola,
2534 1364 2589 1411 et
2614 1363 2674 1408 ut
2698 1351 2984 1411 Psalmista
3011 1349 3176 1403 dicit:
3199 1367 3215 1398 ι
3246 1345 3447 1402 Omnes
3472 1345 3791 1401 declinare-

2203 1458 2361 1514 runt,
2407 1469 2426 1502 ι
2474 1455 2530 1503 et
2572 1445 2725 1516 quasi
2774 1457 3048 1513 exponens
3095 1454 3215 1509 quae
3260 1447 3408 1497 esset
3446 1439 3567 1495 btec
3616 1437 3793 1508 virga,

2205 1539 2487 1615 adjunxit:
2521 1557 2539 1588 ι
2572 1535 2645 1593 Ut
2671 1535 2884 1591 irritum
2923 1529 3161 1587 facerem
3195 1528 3372 1585 foedus
3408 1542 3619 1594 meum,
3654 1529 3793 1598 quod

2204 1628 2447 1701 percussi
2477 1641 2599 1682 cum
2628 1624 2881 1681 omnibus
2906 1621 3137 1693 populis,
3168 1627 3231 1695 et
3270 1620 3323 1673 in
3364 1619 3584 1675 irritum
3633 1618 3792 1674 dedu-

2213 1910 2316 1956 est.
2348 1920 2366 1952 ι
2403 1898 2522 1954 Mox
2557 1899 2699 1953 enim
2728 1903 2787 1951 ut
2832 1893 2994 1951 Israel
3040 1901 3347 1962 assumptus
3385 1900 3510 1958 est,
3555 1893 3795 1963 projects

2211 2002 2299 2066 est
2321 1991 2607 2048 multitudo
2634 1990 2895 2063 gentium,
2922 1996 2978 2042 et
3021 1972 3231 2042 irritum
3267 1984 3467 2040 factum
3496 1995 3579 2039 est
3626 1983 3794 2040 {tedas

2213 2084 2354 2154 quod
2398 2083 2623 2137 inieram
2648 2095 2770 2134 cum
2795 2078 3045 2136 omnibus
3069 2076 3407 2137 nationibus,
3442 2083 3496 2143 et
3526 2089 3791 2145 cognore

2214 2183 2339 2230 runt
2381 2174 2461 2230 sic
2501 2184 2768 2245 pauperes
2811 2168 3020 2241 gregis,
3060 2168 3111 2222 id
3146 2177 3229 2221 est
3276 2165 3458 2221 ﬁdeles
3507 2180 3576 2219 et
3611 2164 3795 2226 Israel.

2213 2268 2305 2340 qui
2342 2281 2461 2321 mea
2491 2266 2742 2320 mandata
2774 2262 3101 2318 custodiunt.
3130 2260 3268 2328 Quia
3312 2257 3540 2312 verbum
3582 2258 3796 2312 Domini

2212 2365 2315 2421 est,
2356 2355 2459 2410 hoc
2486 2363 2572 2409 est
2598 2353 2845 2407 voluntas
2888 2350 3006 2420 ejus
3040 2359 3099 2403 ut
3145 2358 3334 2421 gentes
3380 2345 3719 2415 abjiciantur
3750 2356 3794 2401 et

2210 2445 2377 2502 Israel
2408 2447 2458 2500 in
2486 2445 2760 2500 Abraham
2786 2442 3037 2513 eligatur.

2292 2555 2311 2588 ι
2343 2535 2410 2591 Ει
2441 2535 2551 2591 dixi
2583 2535 2650 2589 ad
2696 2548 2791 2591 eos
2817 2549 2830 2585 :
2858 2531 2913 2586 Si
2945 2532 3143 2586 bonum
3183 2537 3267 2586 est
3296 2528 3350 2584 in
3379 2526 3552 2583 oculis
3576 2529 3794 2592 vestris,

2211 2628 2400 2685 aderte
2429 2629 2731 2685 mercedem
2756 2641 2931 2687 meam
2959 2647 2972 2681 :
3002 2635 3057 2681 et
3085 2625 3129 2680 si
3159 2640 3288 2690 non,
3315 2624 3597 2694 quiescite.
3624 2642 3645 2674 ι
3683 2624 3793 2678 Dixi

2215 2719 2431 2791 (inquit)
2454 2719 2523 2785 ad
2552 2734 2661 2779 eos,
2693 2717 2744 2772 id
2776 2726 2860 2772 est
2890 2718 2955 2772 ad
2985 2731 3250 2787 pauperes
3278 2715 3455 2787 gregis
3484 2714 3793 2776 Israelitici.

2213 2808 2493 2882 postquam
2540 2818 2905 2880 cognoverunt
2945 2812 3166 2867 verbum
3209 2824 3331 2865 esse
3372 2808 3622 2872 Domini,
3654 2808 3794 2877 quod

2213 2900 2464 2954 videlicet
2485 2899 2734 2954 voluntas
2754 2905 2897 2953 esset
2924 2897 3157 2961 Domini,
3182 2906 3243 2952 ut
3270 2899 3522 2953 omnibus
3546 2897 3795 2968 gentibus

2215 2989 2461 3060 abjectis,
2484 2997 2535 3043 et
2564 2989 2678 3043 suis
2704 2988 2983 3059 promissis
3010 2987 3307 3053 erroribus,
3333 2988 3628 3057 eligeretur
3651 2988 3795 3041 natio

2214 3079 2399 3136 Israel.
2438 3096 2457 3131 ι
2490 3077 2549 3134 Si
2585 3080 2785 3135 bonum
2818 3087 2907 3134 est
2931 3079 2984 3133 in
3019 3078 3189 3133 oculis
3221 3078 3433 3143 vestris,
3468 3097 3486 3128 ι
3521 3078 3577 3131 id
3609 3089 3718 3142 esu
3750 3078 3792 3131 si

614 3159 727 3249 tulit
754 3194 957 3263 succidi
995 3159 1239 3265 pastores
1271 3199 1382 3248 tres
1425 3190 1479 3245 in
1499 3159 1712 3245 "mense
1741 3204 1866 3254 uno,
1892 3197 1949 3242 et
1988 3202 2116 3243 con-
2141 3159 2186 3222 (ἶ
2217 3173 2370 3265 νοδῖξ
2399 3169 3022 3265 P'ilcel._1ibemm_.enim
3058 3169 3222 3224 habet
3254 3168 3537 3265 arbitrium
3564 3167 3792 3238 eligendi

535 3293 707 3341 tracta
736 3291 819 3339 est
841 3284 1020 3338 anima
1052 3297 1171 3338 mea
1216 3282 1271 3336 in
1299 3282 1399 3346 eis,
1433 3280 1696 3351 siquidem
1724 3277 1902 3333 anima
1927 3291 2116 3332 eorum

533 3376 767 3432 variavit
796 3376 849 3430 in
880 3391 987 3438 me,
1016 3382 1073 3429 et
1101 3372 1232 3428 dixi.
1264 3394 1282 3426 ι
1316 3372 1452 3428 Tres
1484 3380 1757 3442 pastores,
1788 3364 2030 3440 Moysen,
2063 3376 2119 3425 et

448 3537 457 3544 _
516 3467 739 3534 Aaron,
783 3465 1115 3535 Mariamque
1160 3479 1403 3521 sororem
1449 3478 1637 3519 eorum
1679 3462 1938 3517 debemus
1976 3461 2119 3517 acci-

537 3571 687 3628 pere,
723 3570 954 3626 quorum
1001 3552 1169 3608 Maria
1215 3555 1392 3624 primo
1437 3566 1642 3616 mense,
1680 3549 1772 3621 qui
1815 3552 1955 3623 apud
1998 3551 2119 3609 illos

538 3654 763 3702 vocatur
805 3644 1004 3710 Nisau,
1050 3645 1189 3713 apud
1232 3644 1502 3698 Romanos
1536 3642 1767 3715 Aprilis,
1795 3651 2007 3698 mortua
2033 3648 2120 3698 est

536 3739 595 3793 in
625 3737 838 3792 deserto
884 3734 1001 3791 Sin.
1048 3734 1106 3789 In
1149 3734 1338 3789 eodem
1368 3748 1550 3787 mense
1574 3774 1591 3799 ,
1637 3742 1795 3804 atque
1828 3733 1882 3786 in
1929 3733 2120 3788 eodem

538 3827 681 3891 loco,
726 3824 935 3897 Moyses
980 3832 1035 3880 et
1076 3825 1253 3878 Aaron
1285 3823 1627 3878 condemnati
1659 3832 1819 3889 sunt,
1856 3836 1925 3877 ne
1954 3823 2122 3877 intra-

514 3926 666 3974 .rent
696 3917 750 3972 in
784 3926 983 3972 terram
1012 3915 1475 3986 repromissionis,
1510 3916 1635 3985 quia
1668 3931 1774 3970 non
1819 3914 2123 3971 sanctiﬁca-

540 4016 735 4065 verunt
782 4008 1066 4064 Dominum
1116 4008 1181 4063 ad
1206 4006 1389 4077 Aquas
1418 4005 1878 4060 coutradictionis.
1922 4004 2122 4077 Sicque

541 4100 740 4158 succisi
774 4109 902 4155 sunt
944 4107 1059 4153 tres
1089 4106 1337 4168 pastores
1384 4111 1490 4151 uno
1531 4110 1735 4159 mense,
1767 4094 1933 4148 Maria
1980 4110 2120 4165 pra:-

544 4191 687 4247 senti
713 4200 910 4255 morte,
936 4188 1147 4259 Moyses
1178 4196 1232 4243 et
1254 4189 1435 4242 Aaron
1463 4186 1729 4242 sententia
1762 4183 1954 4240 futurae
1980 4202 2125 4241 mor-

544 4285 636 4339 tis.
665 4301 683 4334 t
707 4284 775 4337 Et
798 4289 1080 4337 contracta
1100 4290 1184 4335 est
1205 4282 1386 4335 anima
1414 4295 1535 4335 mea
1557 4281 1611 4334 in
1638 4280 1770 4346 eis,»
1803 4277 1856 4333 id
1877 4287 1962 4334 est
1988 4279 2126 4335 indi-

512 4375 800 4447 .gnatione
827 4371 1060 4441 quadam
1090 4366 1303 4424 taediata
1338 4379 1423 4425 est
1450 4384 1612 4439 super
1649 4377 1759 4424 tres
1799 4368 1919 4424 illos
1947 4378 2125 4439 pasto—

2215 3263 2359 3335 quod
2402 3262 2674 3328 voluerit,
2727 3275 2828 3331 pro
2861 3259 3376 3329 hac'assumptionc
3419 3274 3528 3329 qua
3572 3258 3794 3327 ahjeutz

2215 3371 2403 3427 omnes
2429 3363 2642 3427 gentes,
2669 3361 2726 3409 et
2753 3368 2848 3410 vos
2873 3354 2927 3408 in
2954 3352 3280 3423 peculiarem
3305 3352 3436 3407 mihi
3462 3351 3601 3422 elegi
3630 3367 3797 3423 popu-

2216 3446 2349 3511 lum,
2381 3445 2586 3500 reddite
2612 3444 2743 3499 mibi
2775 3445 3078 3499 mercedem
3102 3457 3296 3508 meam,
3323 3443 3375 3497 id
3405 3451 3489 3497 est
3513 3457 3637 3497 mea
3665 3458 3800 3512 prze-

2217 3544 2371 3607 cepta
2408 3545 2639 3590 servate.
2693 3532 2788 3589 Sin
2831 3541 3009 3588 autem
3054 3548 3162 3588 non
3205 3533 3369 3587 vultis
3414 3548 3538 3587 meo
3586 3535 3795 3589 censeri

2216 3624 2458 3689 nomine,
2487 3638 2661 3693 neque
2682 3622 2860 3679 facere
2891 3639 3010 3693 quae
3036 3623 3285 3695 prtecepi,
3316 3622 3478 3680 facite
3507 3624 3801 3680 manifeste

2218 3731 2336 3786 quae
2362 3716 2540 3771 vultis.
2574 3714 2646 3769 At
2688 3714 2763 3769 illi
2814 3723 2940 3770 tunc
2981 3716 3196 3786 quidem
3226 3732 3350 3772 cum
3392 3718 3474 3773 eis
3510 3717 3627 3772 ista
3650 3718 3801 3775 diee-

2219 3814 2428 3873 rentur,
2460 3806 2854 3876 responderunt
2884 3805 3051 3879 Moysi
3080 3824 3094 3860 :
3133 3825 3151 3860 t
3182 3807 3372 3863 Omnia
3396 3824 3520 3878 qua:
3545 3810 3806 3879 praecepit

2221 3895 2377 3952 nobis
2406 3896 2665 3952 Dominus
2700 3894 2843 3952 Deus
2878 3906 3081 3963 noster,
3109 3896 3388 3953 faciemus.
3412 3917 3431 3950 ι
3473 3897 3532 3953 In
3564 3898 3676 3953 ﬁne
3714 3914 3807 3953 au-

2224 3993 2330 4040 tem
2370 3993 2670 4055 temporum
2717 4001 2816 4058 pro
2843 3988 3094 4043 omnibus
3120 4003 3238 4058 qua:
3269 3988 3349 4043 eis
3392 3988 3522 4054 feci,
3565 3990 3807 4045 liberans

2221 4089 2318 4131 eos
2347 4075 2413 4131 de
2442 4075 2700 4131 servitute
2728 4060 3067 4148 ASgyptiaca,
3109 4085 3166 4133 et
3210 4077 3341 4132 mihi
3386 4093 3482 4134 eos
3530 4078 3593 4133 in
3642 4096 3808 4151 pecu-

2224 4166 2412 4222 liarem
2441 4182 2726 4223 assumens
2761 4167 3034 4239 p0pulum.

2301 4299 2319 4334 t
2348 4280 2415 4336 Et
2443 4280 2813 4351 appenderunt
2849 4282 3150 4336 mercedem
3190 4294 3389 4346 meam,
3420 4300 3439 4332 ι
3477 4279 3679 4335 dantes
3718 4296 3809 4350 pm

2224 4386 2346 4429 meo
2376 4372 2634 4442 sanguine
2659 4368 2810 4425 Iudae
2836 4371 3081 4427 tradituri
3117 4388 3135 4423 ι
3168 4371 3390 4442 triginta
3418 4380 3739 4440 argenteos,
3762 4380 3813 4425 et

548 4479 660 4528 res,
690 4477 826 4532 quos
849 4476 1247 4532 prasposueram
1276 4462 1422 4532 gregi
1450 4477 1590 4517 meo.
1633 4460 1907 4532 Siquidem
1945 4463 2125 4518 anima
2153 4523 2196 4532 _
2228 4463 2362 4518 dixit
2401 4462 2658 4517 Dominus
2688 4462 2757 4516 ad
2797 4475 2915 4527 me,
2944 4479 2963 4513 ι
3002 4460 3271 4526 Salvator,
3304 4460 3459 4528 cujus
3483 4469 3618 4515 sunt
3649 4461 3810 4515 verba

548 4556 762 4611 illorum
790 4555 1024 4609 variavit
1067 4553 1121 4607 in
1154 4569 1239 4608 me
1277 4553 1601 4620 dubitando,
1638 4554 1762 4626 quia
1794 4570 1899 4610 non
1926 4553 2127 4625 gloriﬁ-
2152 4523 2204 4582 D
2230 4555 2528 4624 superiora,
2559 4572 2576 4603 ι
2596 4553 2797 4623 projice
2822 4523 2952 4609 illud
2972 4555 3038 4609 ad
3066 4523 3406 4619 statuariuni,
3428 4573 3448 4606 ι
3477 4553 3530 4611 id
3550 4563 3641 4609 est
3664 4554 3813 4609 licto-

512 4680 517 4684 ι
551 4654 811 4701 caverunt
851 4660 937 4700 me
985 4658 1168 4700 coram
1217 4643 1339 4699 ﬁliis
1378 4644 1544 4700 Israel
1590 4643 1657 4700 ad
1704 4661 1872 4716 aquas
1912 4655 2127 4700 contra—

552 4734 823 4790 dictionis.
862 4733 920 4788 Si
944 4748 1073 4790 vero
1111 4734 1177 4789 ad
1217 4732 1470 4804 populum
1508 4735 1613 4791 hoc
1656 4734 1862 4791 referre
1896 4734 2129 4790 volueri-

554 4838 698 4889 mus,
722 4823 827 4878 erit
859 4838 1052 4878 sensus
1076 4842 1090 4877 :
1120 4823 1324 4880 Idcirco
1350 4826 1658 4897 indignatus
1683 4842 1799 4882 sum
1819 4867 1833 4893 ,
1863 4825 1988 4897 quia
2014 4826 2131 4881 ani-

558 4928 644 4968 ma
669 4927 885 4981 eorum,
923 4914 976 4969 id
1007 4924 1090 4969 est
1116 4916 1317 4987 populi,
1342 4918 1572 4973 variavit
1599 4919 1653 4973 in
1682 4934 1767 4973 me
1785 4959 1800 4984 ,
1826 4916 2131 4973 ﬂuctuando

490 5046 523 5059 ..
557 5006 699 5061 inter
731 5020 818 5061 me
850 5015 906 5062 et
946 5006 1086 5063 idola
1106 5048 1121 5074 ,
1161 5017 1216 5064 et
1250 5010 1480 5064 diversis
1512 5010 1797 5081 pugnando
1826 5017 2013 5065 contra
2050 5024 2135 5064 me

557 5095 751 5151 modis.
768 5095 1136 5163 Quamobrem
1177 5099 1486 5170 indignatus
1534 5099 1643 5155 dixi
1674 5117 1727 5153 ει
1759 5099 1875 5155 Non
1916 5116 2133 5172 pascam

522 5227 529 5239 .
558 5198 687 5251 vos;
719 5203 739 5235 ι
778 5195 836 5241 et
877 5190 945 5242 ad
973 5187 1191 5260 Moysen
1236 5191 1399 5246 dixit:
1435 5210 1453 5242 ι
1486 5192 1706 5246 Dimitte
1733 5207 1819 5247 me
1849 5202 1910 5248 ut
1931 5193 2134 5248 deleam

559 5290 672 5335 eos.
702 5295 724 5331 ι
764 5278 937 5335 Iratus
979 5281 1194 5351 quidem
1236 5292 1388 5347 erat,
1428 5282 1522 5337 sed
1558 5283 1737 5337 adhuc
1768 5283 2136 5353 exspectabat,

560 5381 687 5429 nam
716 5385 840 5425 cum
861 5371 1009 5434 dicit,
1045 5391 1063 5423 ι
1094 5372 1304 5426 dimitte
1329 5386 1435 5437 me,
1466 5392 1484 5424 ι
1523 5381 1779 5442 provocat
1806 5372 1954 5429 illum
1982 5373 2049 5426 ad
2081 5388 2140 5428 se

562 5462 879 5530 rogandum,
911 5470 965 5517 et
993 5462 1229 5518 ostendit
1262 5477 1319 5517 se
1357 5477 1515 5531 posse.
1561 5463 1747 5517 teneri.
1787 5483 1805 5515 ‹
1837 5464 1989 5532 Quod
2022 5477 2137 5519 mo-

561 5550 725 5617 ritur,
754 5564 1021 5610 moriatur
1051 5571 1063 5605 :
1095 5560 1151 5607 et
1180 5554 1322 5619 quod
1352 5555 1666 5621 succiditur,
1698 5574 1716 5606 ι
1750 5572 1848 5626 per
1876 5564 2135 5621 mortem,

571 5657 593 5693 ι
619 5644 948 5708 succidatur,
973 5653 1029 5698 et
1075 5642 1263 5712 reliqui
1303 5644 1595 5711 devorent,
1626 5648 1995 5718 unusquisque
2021 5660 2141 5700 car-

2231 4662 2368 4712 rem,
2392 4647 2477 4702 vel
2523 4645 2773 4717 ﬁgulum,
2802 4662 2962 4716 quem
3010 4647 3177 4702 Deum
3210 4647 3447 4701 omnium
3485 4647 3733 4702 lictorem
3762 4655 3813 4700 et

2232 4738 2612 4810 plasmatorem
2638 4737 2950 4806 accipimus,
2969 4744 3029 4791 ut
3050 4736 3205 4792 istius
3230 4736 3432 4791 fictoris
3441 4735 3656 4805 judicio
3675 4752 3813 4793 mer-

2237 4844 2328 4884 ces
2343 4827 2547 4883 reddita
2563 4825 2909 4896 penderetur.
2927 4825 3127 4879 Deinde
3149 4839 3377 4880 cernens
3399 4834 3510 4879 tam
3525 4825 3619 4879 vili
3643 4826 3813 4895 pretio

2237 4921 2459 4991 triginta
2486 4926 2866 4989 argenteorum
2882 4917 3064 4971 mundi
3092 4917 3405 4971 Creatorem
3432 4924 3492 4972 et
3522 4916 3813 4971 Dominum

2236 5012 2614 5085 appretiatum,
2644 5026 2739 5080 per
2764 5009 2990 5064 ironiam
3024 5007 3201 5062 dixit:
3239 5027 3257 5058 ‹
3289 5010 3552 5064 Decorum
3580 5010 3812 5078 pretium

2235 5119 2344 5176 quo
2382 5103 2715 5174 appretiatus
2758 5116 2877 5156 sum
2918 5099 2987 5154 ab
3024 5099 3122 5153 eis.
3162 5117 3180 5150 ›
3216 5098 3295 5153 Ac
3331 5099 3374 5152 si
3411 5113 3538 5154 cum
3581 5101 3811 5168 quadam

2236 5196 2566 5268 indignantis
2593 5194 2843 5249 irrisione
2871 5193 3072 5249 diceret
3098 5208 3112 5245 :
3141 5192 3280 5247 Ecce
3306 5207 3415 5261 quo
3446 5193 3627 5262 pretio
3648 5206 3812 5262 popu-

2238 5287 2324 5342 lus
2356 5300 2508 5340 meus
2535 5282 2841 5353 specialiter
2860 5299 2888 5336 a
2912 5298 3000 5338 me
3027 5281 3275 5348 dilectus,
3299 5297 3573 5352 quemque
3602 5284 3659 5337 iu
3686 5282 3817 5337 ﬁlios

2240 5376 2642 5443 adoptaveram,
2671 5388 2756 5427 me
2770 5372 3106 5427 vendendum
3113 5371 3515 5440 iudicaverunt,
3545 5392 3564 5423 ι
3595 5373 3811 5436 eludi,»

2240 5466 2509 5536 Propheta
2534 5465 2727 5535 inquit,
2773 5482 2793 5514 ‹
2824 5464 3043 5534 triginta
3086 5474 3403 5532 argenteos,
3437 5482 3457 5514 ι
3488 5471 3549 5518 et
3576 5479 3689 5521 non
3725 5465 3820 5520 de—

2243 5557 2396 5628 posui
2425 5572 2541 5621 eos,
2577 5573 2596 5606 t
2626 5555 2719 5610 sed
2764 5551 2964 5623 proieci
2994 5565 3088 5607 eos
3133 5553 3187 5607 in
3227 5553 3445 5607 domum
3492 5553 3713 5608 Domini
3756 5552 3822 5607 ad

2242 5647 2565 5701 statuarium
2592 5664 2610 5696 ι
2644 5646 2745 5699 hoc
2769 5653 2874 5708 est,
2905 5643 3010 5699 feci
3052 5642 3179 5698 illud
3220 5644 3451 5712 pretium
3478 5659 3515 5697 τι
3545 5646 3822 5714 proditam

566 5746 692 5787 nem
739 5734 969 5804 proximi
1021 5733 1126 5790 sui.
1157 5753 1177 5789 ι
1212 5733 1462 5791 Omnium
1504 5737 1720 5811 (inquit)
1758 5753 1984 5809 corpora
2019 5752 2143 5808 pro-
2247 5736 2530 5807 deportare
2565 5735 2619 5790 in
2645 5735 2864 5793 domum
2888 5734 3135 5800 Domini,
3160 5742 3215 5788 ct
3245 5734 3392 5790 reddi
3422 5735 3819 5799 sacerdotibus.
