3950 6432
190 330 288 403 aut

1118 336 1517 396 ENARRATIO
1550 337 1617 395 iN
1653 330 2059 394 ZACHARIAM
2100 324 2543 397 PROPHETAM.

3350 348 3457 406 262

196 448 478 513 contuente
500 452 635 523 ipso,
659 450 902 522 «peccavi
926 450 1148 507 tradens
1169 451 1485 521 sanguinem
1503 452 1764 522 justum.»
1786 459 1848 516 Ἀ
1874 461 2037 517 super
2080 446 2294 518 oculum
2335 450 2452 520 ejus
2486 449 2762 526 dextrum,
2794 458 2853 506 ut
2875 452 3053 509 omnis
3080 453 3199 526 ejus
3227 456 3456 517 scientia

195 547 258 602 At
285 545 357 599 illi
389 526 678 599 noluerunt
711 543 841 596 illud
865 542 1080 598 mittere
1105 543 1159 598 in
1210 545 1523 607 corbouam,
1552 544 1657 598 hoc
1684 549 1770 598 est

174 638 248 691 'iu
270 634 850 708 gazophylacium,‘scd
873 634 1121 689 emerunt
1143 648 1210 689 ex
1237 649 1302 688 eo
1326 649 1514 704 agrum
1541 633 1686 706 figuli
1714 634 1767 687 in

194 725 517 795 sepulturam
556 725 983 795 peregrinorum.
1022 722 1133 780 Nos
1157 723 1302 778 enim
1334 723 1684 794 signabamur
1714 723 1767 798 in

174 816 289 868 'hoc
330 812 501 877 facto,
529 815 618 883 qui
667 815 937 885 peregrini
968 828 1188 869 eramus
1221 827 1251 866 a
1278 822 1603 868 testamento
1646 811 1763 876 Dei,

191 904 278 958 sed
330 901 589 972 redempti
642 905 877 972 pretioso
920 901 1041 958 Filii
1074 903 1188 974 ejus
1232 904 1573 974 sanguinein
1608 905 1767 959 domo

184 994 333 1066 ﬁguli
367 996 628 1049 creatoris
671 1007 725 1049 et
772 995 991 1050 factoris
1019 996 1291 1062 omnium,
1333 996 1385 1050 in
1427 998 1603 1067 pretio
1642 1012 1768 1053 sau-

191 1085 361 1156 guinis
386 1084 588 1149 Christi
622 1085 1031 1156 requiescimus.

260 1192 279 1225 ο
308 1175 376 1229 Et
402 1175 619 1246 praecidi
651 1177 855 1248 virgam
884 1190 1058 1231 meam
1086 1176 1411 1243 secundam,
1437 1193 1557 1248 quae
1586 1177 1767 1248 appel-

189 1266 397 1322 labatur
417 1265 712 1332 funiculus,
740 1275 797 1320 ut
825 1266 1765 1338 dissolveremgermanitateminter
1850 1274 1851 1281 ‘

188 1357 375 1412 ludam
404 1364 460 1412 et
496 1354 678 1411 israei.
710 1375 728 1407 ι
761 1355 1055 1428 PoStquam
1107 1357 1367 1413 Dominus
1408 1358 1625 1430 triginta
1671 1375 1764 1413 ar-

189 1447 392 1518 genteis
424 1445 754 1516 appretiatus
795 1454 911 1512 est,
942 1454 997 1501 et
1043 1446 1279 1517 pretium
1328 1446 1383 1501 in
1429 1446 1761 1518 sepulturam

188 1535 617 1607 peregrinorum,
648 1535 751 1590 hoc
779 1543 889 1601 est,
918 1536 1156 1607 gentium
1187 1548 1307 1605 quae
1337 1533 1525 1590 alienae
1552 1544 1707 1591 erant
1731 1552 1762 1591 a

188 1626 310 1688 Deo,
347 1624 607 1694 perfecit,
648 1624 865 1695 prmeidi
899 1623 1095 1697 (inquit
1135 1624 1412 1695 Dominus)
1441 1626 1646 1696 virgam
1678 1640 1764 1682 se.

170 1715 441 1778 'cundam,
485 1714 538 1770 id
568 1723 651 1769 est
676 1715 886 1784 plebem
916 1715 1062 1770 illam
1100 1716 1229 1771 mihi
1279 1715 1527 1772 dilectam
1568 1719 1765 1788 repuli,‘

1868 546 1924 592 et
1948 535 2272 602 intellectus,
2308 540 2375 594 de
2413 556 2519 610 quo
2561 522 2804 611 jac'labat
2849 557 2924 607 se,
2963 522 3182 601 («uternis
3216 549 3455 606 tenebris

1868 629 2212 685 obscuretur.
2241 630 2429 686 Potest
2450 642 2665 701 quoque
2693 633 2901 704 gladius
2924 635 3012 692 ille
3039 639 3232 709 accipi,
3257 640 3323 697 de
3344 626 3454 712 quo

1868 718 1996 775 alibi
2021 719 2220 774 dicitur
2245 738 2258 774 :
2289 740 2308 771 ι
2335 722 2639 777 inebriatus
2659 734 2742 779 est
2766 726 2817 779 in
2839 727 2976 782 coelo
2997 728 3205 799 gladius
3230 748 3397 789 meus.
3424 754 3443 787 ο

1852 808 1967 865 Ἠἰε
1992 810 2224 881 gladius,
2260 813 2480 866 verbum
2508 812 2715 867 scilicet
2756 816 2868 881 Dei,
2924 827 3214 887 penetrans
3245 822 3448 889 omnia,

1867 901 2237 958 fortitudinem
2289 902 2611 958 Antichristi
2654 918 2988 962 marcescere
3020 910 3213 978 faciet,
3241 922 3295 968 et
3321 929 3451 969 ocu-

1854 993 1976 1049 'ium
2001 993 2141 1063 ejus,
2165 995 2215 1050 id
2235 1002 2316 1049 est
2338 994 2508 1049 aciem
2534 993 2651 1064 ejus
2678 996 2898 1061 mentis,
2923 1014 3027 1067 qua
3054 1015 3111 1055 se
3137 1004 3448 1063 acutissime

1864 1089 2087 1158 putabat
2116 1088 2301 1144 videre
2345 1096 2684 1144 sacramenta
2733 1088 2861 1155 Dei,
2902 1101 3163 1161 perpetua
3205 1097 3447 1155 caecitate

1863 1174 2160 1233 damnabit.

2455 1310 2684 1370 CAPUT
2732 1311 2844 1368 XII.

1853 1464 1861 1473 υ
1937 1461 1956 1493 ι
1993 1441 2143 1497 Onus
2168 1444 2317 1498 verbi
2346 1442 2554 1499 Domini
2584 1461 2747 1516 super
2771 1445 2954 1501 israel.
2996 1447 3141 1502 Dixit
3179 1446 3442 1504 Dominus

1861 1536 2161 1589 extendens
2185 1535 2406 1601 coelum,
2436 1543 2493 1590 et
2520 1536 2750 1591 fundaus
2772 1548 2992 1602 terram,
3020 1548 3075 1593 et
3112 1538 3319 1611 fingens
3340 1540 3450 1609 spi-

1846 1624 2023 1678 ritum
2064 1624 2299 1681 hominis
2331 1626 2384 1680 in
2424 1641 2509 1682 eo.
2559 1627 2697 1683 Ecce
2736 1642 2834 1699 ego
2871 1644 3065 1699 ponam
3104 1628 3444 1686 Hierusalem

1852 1716 2276 1785 superlimiuare
2304 1718 2537 1788 crapulm
2575 1720 2829 1776 omnibus
2866 1721 3075 1792 populis
3109 1722 3161 1776 in
3191 1713 3441 1790 circuitu,

187 1814 245 1861 ut
268 1806 617 1862 dissolverem
644 1806 1051 1877 germanitatem
1078 1806 1225 1861 inter
1245 1805 1437 1861 Judam
1476 1815 1532 1862 et
1572 1808 1756 1876 israci,
1790 1797 1833 1857 Β
1858 1806 1955 1859 sed
1982 1805 2198 1861 et'Juda
2228 1808 2335 1862 erit
2364 1809 2419 1862 in
2446 1809 2723 1864 obsidione
2759 1819 2951 1866 contra
2988 1810 3344 1866 Hierusalem.
3375 1812 3446 1869 Et

190 1900 238 1953 id
259 1910 342 1953 est
364 1914 431 1954 ex
459 1898 549 1953 illo
575 1896 770 1968 populo
794 1912 1105 1968 separarem
1131 1898 1414 1953 credentes
1452 1913 1482 1952 a
1515 1914 1620 1953 non
1645 1914 1764 1956 cre-

189 1992 453 2059 dentibus,
482 1990 751 2060 apostolos
772 1989 1043 2054 videlicet,
1068 1995 1124 2044 et
1150 2004 1244 2044 eos
1271 1988 1362 2059 qui
1390 1990 1761 2060 paenitentiam

168 2088 428 2153 egerant,
454 2094 586 2149 quos
613 2088 810 2135 vocant
856 2078 1071 2145 Judam,
1103 2093 1413 2150 separarem
1441 2095 1535 2136 eos
1563 2081 1630 2135 ab
1654 2081 1762 2137 illis

140 2179 153 2189 ‘
190 2172 277 2240 qui
317 2170 710 2236 clamaverunt,
754 2189 774 2221 ι
803 2169 1078 2242 eruciiige,
1111 2189 1131 2223 ι
1182 2179 1237 2226 et
1286 2189 1305 2221 ι
1342 2184 1447 2224 non
1498 2170 1762 2227 habemus

168 2279 363 2335 regem
411 2264 515 2319 nisi
562 2262 868 2329 Ctesarem,
899 2281 918 2314 ι
969 2262 1169 2332 quique
1211 2262 1267 2316 in
1311 2275 1406 2317 sua
1449 2260 1789 2342 inﬁdelitate.

183 2342 497 2425 permanere
516 2354 814 2427 elegerunt.
846 2354 915 2409 Et
939 2355 1043 2410 hoc
1062 2363 1147 2410 est
1170 2354 1313 2424 quod
1340 2354 1472 2410 dicit
1497 2373 1510 2409 :
1546 2372 1565 2407 ‹
1586 2355 1762 2411 Nolite

182 2444 431 2499 arbitrari
462 2436 588 2513 quia
615 2443 734 2498 veni
761 2444 946 2514 pacem
975 2442 1190 2498 mittere
1228 2443 1283 2497 in
1312 2450 1535 2509 terram,
1583 2453 1686 2499 etc.
1732 2463 1754 2497 ι

252 2552 271 2585 ε
298 2533 371 2587 Et
403 2533 539 2588 dixit
577 2532 831 2589 Dominus
855 2534 923 2588 ad
942 2548 1030 2589 me
1059 2550 1073 2586 :
1101 2533 1295 2589 Adhuc
1327 2548 1481 2590 sume
1507 2534 1602 2591 tibi
1632 2551 1759 2592 vasa

177 2627 413 2697 pastoris
438 2625 622 2691 stulti,
646 2628 772 2696 quia
812 2639 939 2681 ecce
965 2641 1067 2696 ego
1098 2626 1370 2682 suscitabo
1403 2640 1674 2697 pastorem
1704 2629 1760 2684 in

178 2729 357 2788 terra,
399 2720 493 2791 qui
538 2720 791 2775 derelicta
834 2734 940 2774 non
981 2720 1258 2786 visitabit,
1310 2719 1608 2791 dispersum
1652 2736 1757 2778 non

160 2822 415 2880 quaeret,
443 2820 496 2866 et
538 2812 829 2867 contritum
867 2826 975 2866 non
1016 2811 1262 2876 sanabit,
1298 2819 1353 2865 et
1397 2812 1449 2866 id
1482 2813 1623 2882 quod
1653 2822 1761 2869 stat

177 2918 281 2956 non
308 2902 577 2966 enutriet,
604 2909 659 2957 et
685 2916 874 2957 carnes
899 2901 1176 2972 pinguium
1201 2901 1478 2967 comedet,
1504 2913 1561 2956 et
1587 2917 1761 2973 ungu-

175 2994 251 3049 las
287 3008 483 3048 eorum
524 2992 798 3048 dissolvet.
830 3011 851 3045 ι
895 2992 1089 3047 Pastor
1136 2991 1333 3046 stultus
1374 3000 1429 3044 et
1477 2991 1761 3060 imperitus

174 3086 545 3142 Antichristus
565 3094 664 3149 est,
686 3084 777 3154 qui
802 3085 855 3139 in
877 3083 1340 3140 consummatione
1363 3082 1544 3137 saeculi
1567 3082 1762 3138 dicitur

1860 1894 1967 1949 erit
1992 1896 2047 1949 iu
2081 1896 2168 1950 die
2200 1896 2320 1962 illa,
2365 1908 2560 1967 ponam
2607 1898 2943 1954 liierusaiem
2989 1900 3219 1971 lapidem
3259 1900 3444 1956 oneris

1862 1986 2071 2041 cunctis
2096 1987 2335 2057 populis;
2358 2002 2549 2045 omnes
2574 1989 2664 2061 qui
2690 1989 2946 2046 ievabunt
2967 2004 3113 2056 eum,
3135 1991 3446 2048 concisione

1862 2074 2265 2144 iaeerabuntur,
2306 2087 2363 2133 et
2413 2079 2735 2151 colligentur‘
2777 2081 3060 2137 adversum
3103 2097 3223 2138 eam
3258 2084 3443 2139 omnia

1846 2182 2027 2237 regna
2075 2176 2255 2223 terrae.
2291 2189 2309 2222 ι
2345 2169 2599 2225 Extendit
2644 2170 2904 2225 Dominus
2943 2171 3138 2227 coelum
3182 2172 3329 2228 velut
3364 2183 3445 2228 ta-

1861 2255 2233 2322 bernaculum,
2261 2267 2318 2313 et
2344 2259 2640 2314 secundum
2685 2260 3027 2316 Psalmistam
3058 2260 3198 2317 sicut
3220 2260 3441 2332 pellem.

1854 2342 2016 2400 Sicut
2033 2346 2178 2400 enim
2201 2347 2359 2416 pellis
2378 2362 2573 2420 corpus
2594 2350 2843 2406 animalis
2864 2351 3100 2421 undique
3120 2352 3441 2419 circumdat,

1861 2436 1946 2491 sic
1978 2437 2175 2492 omium
2220 2453 2320 2493 suo
2363 2440 2567 2495 ambitu
2609 2442 2872 2497 continet.
2916 2441 3183 2497 Fundavit
3217 2450 3442 2511 terram",

1838 2543 1982 2598 qua:
2018 2529 2194 2584 media
2240 2539 2296 2584 et
2334 2533 2443 2584 ima
2482 2542 2567 2587 est
2592 2530 2839 2587 omnium
2873 2532 3287 2599 elementorum,
3316 2536 3443 2604 quia

1861 2621 2191 2677 immobilem
2219 2639 2338 2678 eam
2365 2632 2420 2678 et
2448 2625 2503 2679 in
2549 2640 2645 2680 sua
2690 2625 2830 2681 mole
2869 2636 3102 2681 stantem
3131 2627 3438 2683 conatituit.

1860 2709 2045 2768 Finxit
2071 2712 2319 2783 spiritum
2352 2712 2589 2770 hominis
2617 2716 2670 2769 in
2697 2729 2780 2780 eo,
2803 2716 2853 2770 id
2880 2724 2965 2771 est
2991 2716 3227 2771 animam
3250 2717 3304 2771 in
3321 2725 3441 2782 ettr-

1860 2816 1990 2873 pore
2016 2804 2252 2859 hominis
2275 2806 2471 2875 posuit,
2501 2815 2560 2862 et
2586 2822 2654 2861 ex
2681 2807 2886 2862 duabus
2906 2808 3222 2886 substantiis
3249 2810 3442 2864 animae

1860 2902 1917 2948 et
1951 2894 2197 2963 corporis
2220 2934 2236 2961 ,
2278 2911 2443 2950 unum
2489 2898 2689 2952 animal
2718 2899 3003 2969 compegit.
3038 2899 3272 2970 Spiritus
3295 2898 3441 2955 enim

1860 2984 1951 3040 hic
1975 3000 2072 3054 pro
2095 2986 2274 3041 anima
2294 2988 2533 3056 ponitur.
2557 2988 2665 3045 iste
2693 2991 2870 3059 itaque
2886 2991 3255 3047 universitatis
3272 2991 3440 3047 Crea-

1863 3085 1949 3133 tor
1967 3086 2022 3131 et
2033 3076 2290 3132 Dominus
2310 3077 2461 3143 dicit,
2484 3079 2639 3149 juxta
2661 3079 2891 3134 litteram
2914 3082 3213 3150 positurum
3235 3096 3296 3136 se
3318 3080 3442 3136 ilic-

170 3194 290 3235 esse
315 3184 596 3232 venturus.
632 3152 770 3230 Vasa
794 3176 1025 3247 pastoris
1047 3174 1196 3230 stulti
1224 3173 1466 3229 habitum
1486 3181 1541 3227 et
1561 3182 1758 3232 caetera
1787 3152 2099 3225 Crusalem
2138 3170 2547 3240 superliminare
2581 3172 2813 3241 crapulm
2850 3172 3101 3226 omnibus
3128 3173 3338 3241 populis
3382 3174 3438 3228 in

154 3271 286 3341 ejus
337 3268 569 3339 insignia
612 3268 773 3333 dicit,
820 3281 1038 3337 peram,
1083 3265 1367 3333 baculum,
1419 3267 1653 3346 fistulam
1704 3277 1761 3323 et

173 3361 417 3426 sibilum,
450 3359 590 3414 sicut
632 3358 816 3423 isaias,
867 3366 939 3412 ut-
969 3357 1338 3428 captivitatem
1382 3358 1617 3415 futuram
1662 3375 1759 3416 suo

150 3452 365 3508 *babitu
390 3451 731 3516 ostenderet,
763 3449 1056 3505 ambulavit
1084 3450 1259 3504 nudus
1295 3458 1348 3504 et
1385 3450 1753 3518 discalceatus,

170 3545 251 3601 sic
284 3544 582 3599 Zacharias
608 3541 853 3597 habitum
898 3540 1045 3596 stulti
1088 3541 1322 3610 pastoris
1361 3541 1583 3610 jubetur
1608 3556 1758 3598 assu-

170 3652 349 3702 mere,
377 3642 435 3689 ut
467 3649 591 3690 eum
614 3647 774 3704 quem
803 3639 1087 3686 venturum
1117 3631 1418 3695 nuntiabat,
1445 3632 1599 3702 quasi
1628 3648 1758 3687 ven-

146 3736 331 3781 turus
359 3733 501 3780 esset
528 3723 856 3779 oetenderet.
881 3720 1017 3775 Nam
1045 3721 1172 3790 quia
1196 3720 1444 3791 superius
1468 3722 1641 3777 iratus
1663 3722 1758 3779 bo-

140 3832 277 3872 .nus
306 3824 494 3887 pastor
518 3814 752 3879 dixerat,
787 3832 806 3864 ι
836 3827 944 3868 non
972 3827 1191 3882 pascam
1222 3826 1338 3876 vos,
1357 3830 1378 3863 ι
1412 3812 1533 3866 idco
1561 3811 1754 3882 praedi-

167 3911 323 3966 citur
370 3915 552 3977 pastor
600 3905 796 3961 stultus
848 3920 969 3960 esse
1015 3914 1314 3970 venturus,
1372 3905 1464 3975 qui
1517 3905 1758 3960 stultitia:

168 4010 349 4058 tantae
395 3999 485 4063 sit,
535 4006 594 4049 ut
646 3996 700 4050 in
734 3995 929 4064 templo
973 3995 1065 4050 Dei
1114 3993 1329 4060 sedeat,
1374 3997 1661 4052 ostendens
1698 4011 1758 4051 se

135 4104 442 4162 “tanquam
484 4088 556 4143 sit
602 4087 776 4151 Deus,
810 4086 1010 4156 quique
1043 4102 1149 4142 non
1183 4086 1330 4142 venit
1361 4094 1420 4140 ut
1445 4096 1618 4152 sanet,
1664 4087 1757 4142 sed

167 4191 238 4237 ut
290 4178 481 4250 perdat
528 4191 745 4249 gregem
786 4174 978 4241 lsrael,
1020 4174 1176 4229 iluiic
1216 4175 1438 4229 stultum
1482 4183 1759 4245 pastorem

164 4271 479 4340 suscipient
526 4267 697 4323 Judaei
746 4265 896 4336 justo
950 4266 1043 4321 Dei
1088 4265 1329 4334 judicio,
1370 4275 1433 4320 ut
1484 4266 1607 4335 quia
1656 4282 1756 4322 no-

168 4366 403 4421 luerunt
437 4362 660 4417 credere
696 4359 930 4425 veritati,
970 4358 1196 4415 credant
1235 4358 1536 4413 mendacio.
1574 4357 1759 4425 Qualis

1861 3261 2112 3327 circuitu,
2158 3270 2219 3314 ut
2257 3262 2353 3332 qui
2401 3261 2562 3316 limen
2592 3261 2709 3332 ejus
2738 3261 3015 3332 attigerit,
3061 3261 3360 3315 inebrietur
3383 3273 3442 3316 ct

1861 3358 2098 3417 corruat,
2141 3350 2225 3406 vel
2253 3351 2416 3406 etiam
2454 3352 2628 3422 ipsum
2675 3348 3091 3421 superliminare
3115 3358 3335 3405 corruat
3383 3350 3439 3405 in

1858 3454 2019 3505 eum,
2048 3440 2141 3510 qui
2184 3456 2309 3496 cum
2366 3440 2625 3512 attigerit.
2666 3439 2773 3496 Sed
2813 3448 2870 3497 et
2909 3438 3076 3495 Judas
3124 3447 3317 3511 captus
3372 3441 3442 3496 ab

1859 3530 2126 3596 hostibus,
2152 3538 2206 3585 et
2233 3530 2287 3584 in
2312 3530 2528 3585 illorum
2554 3529 2825 3584 transiens
2853 3528 3191 3594 societatem,
3217 3529 3439 3585 obsessa

1860 3618 2199 3676 Hierusalem
2247 3620 2468 3675 civitate
2516 3634 2653 3686 sua,
2699 3630 2923 3691 cogetur
2966 3620 3215 3675 obsidere
3266 3620 3441 3690 ipsam

1859 3726 2012 3767 suam
2040 3713 2336 3768 civitatem.
2367 3711 2541 3767 Ponet
2564 3727 2779 3784 quoque
2811 3714 3070 3768 Dominus
3107 3714 3278 3784 ipsam
3309 3712 3439 3769 Hie-

1860 3803 2094 3858 rusalem
2122 3802 2359 3873 lapidem
2394 3803 2579 3858 oneris
2622 3803 2836 3858 eunetis
2876 3803 3120 3873 populis,
3155 3818 3316 3873 quam
3344 3805 3439 3873 qui

1858 3891 2036 3947 levare
2056 3892 2305 3958 voluerit,
2324 3891 2633 3947 concisione
2644 3892 2987 3947 lacerabitur.
2996 3891 3110 3946 Mos
3126 3900 3208 3946 est
3224 3892 3436 3945 urbium

1835 3972 2156 4043 Palaestina:
2185 3985 2269 4052 (ut
2293 3982 2425 4037 dicit
2448 3982 2638 4037 beatus
2664 3980 3045 4051 Hieronymus)
3076 3989 3134 4034 ut
3160 3982 3211 4034 in
3244 3982 3438 4036 castel-

1836 4075 1926 4129 .lis
1946 4082 2003 4131 et
2027 4075 2162 4129 vicis
2189 4083 2461 4142 ponantur
2486 4074 2700 4128 rotundi
2729 4073 2935 4142 lapides
2965 4074 3269 4144 gravissimi
3292 4088 3430 4144 pon-

1859 4165 2025 4231 deris,
2061 4165 2129 4221 ad
2172 4180 2310 4236 quos
2349 4167 2576 4236 juvenes
2606 4165 2847 4220 exaccri
2892 4158 3100 4231 solent,
3127 4173 3184 4221 et
3216 4178 3310 4220 eos
3336 4179 3439 4235 pro

1858 4273 2081 4314 suarum
2104 4258 2300 4313 virium
2337 4257 2517 4312 levare
2540 4257 2820 4326 qualitate,
2848 4256 3093 4326 aliusque
3132 4260 3200 4311 ad
3239 4270 3434 4327 genua,

1858 4348 1951 4405 alii
1976 4349 2049 4404 ad
2072 4333 2383 4405 umbilicum
2405 4388 2420 4414 ,
2447 4348 2768 4417 quibusdam
2795 4360 2968 4415 usque
3001 4345 3071 4399 ad
3100 4345 3357 4399 humeros
3380 4355 3437 4400 et

168 4462 362 4510 autem
413 4451 626 4506 futurus
696 4450 768 4505 sit
844 4449 1185 4520 apertissime
1236 4449 1497 4519 propheta
1551 4449 1755 4505 descri-
1784 4504 1831 4520 ἢ
1859 4447 2050 4511 caput,
2093 4437 2336 4495 nonnulli
2386 4454 2549 4509 super
2590 4437 2851 4493 verticem
2893 4435 3091 4490 erectis
3125 4435 3438 4504 junctisque

138 4504 640 4609 bitjﬁostenden‘s
679 4504 805 4597 eum
852 4504 949 4611 per
993 4540 1175 4596 omnia
1539 4504 1756 4599 Christo
1780 4504 1835 4581 Β
1858 4504 2107 4591 manibus
2127 4531 2403 4598 extollere,
2422 4504 2845 4602 magnitudinem
2873 4536 3091 4581 suarum
3118 4526 3310 4586 virium
3335 4526 3437 4580 huc

170 4647 367 4705 agere.
996 4682 999 4685 ,
1858 4625 2021 4683 modo
2047 4624 2358 4694 probantes.
2398 4623 2494 4678 Est
2530 4636 2660 4691 ergo
2699 4635 2928 4675 sensus:
2957 4619 3160 4673 Punam
3188 4617 3438 4673 Hierusa-

150 4752 157 4757 -
181 4711 195 4718 ’
252 4744 273 4777 ι
314 4723 360 4779 0
378 4732 563 4794 pastor
584 4729 639 4778 et
660 4720 860 4777 idolum
886 4721 1266 4792 derelinquens
1285 4736 1526 4792 gregem,
1547 4723 1755 4795 gladius
1830 4717 1962 4773 .lem
1991 4714 2147 4785 quasi
2173 4714 2551 4785 gravissimum
2577 4711 2807 4782 lapidem
2839 4710 3051 4765 cunctis
3078 4709 3349 4779 gentibus,
3376 4717 3437 4763 ut

173 4831 346 4888 super
371 4816 655 4871 brachium
673 4815 812 4885 ejus,
830 4823 888 4869 et
907 4829 1069 4884 super
1094 4814 1309 4870 oculum
1341 4815 1591 4870 dextmm
1612 4814 1750 4884 ejus.
1856 4805 2010 4877 quasi
2038 4803 2104 4857 ad
2129 4802 2313 4859 ludum
2342 4801 2654 4857 sublevandi
2680 4800 2890 4870 lapidis,
2918 4800 2998 4854 sic
3021 4800 3087 4853 ad
3117 4799 3434 4888 capiendam

173 4887 472 4963 Brachium
497 4905 615 4974 ejus
642 4906 894 4960 ariditate
924 4904 1236 4967 siccabitur,
1264 4912 1318 4959 et
1339 4903 1529 4959 oculus
1563 4904 1754 4958 dexter
1855 4913 1977 4956 cam
2000 4902 2419 4965 congregemur,
2451 4902 2505 4949 et
2532 4908 2685 4948 suam
2712 4895 2965 4946 virtutem
2994 4892 3299 4944 ostendant.
3328 4887 3435 4942 Sed

145 4997 298 5066 .ejus
350 4998 731 5051 tenebrescens
779 4993 1173 5049 obscurabitur.
1219 5011 1238 5043 ι
1272 4992 1554 5063 Descripto
1597 4992 1761 5050 stulto
1828 5002 2081 5045 necesse
2109 4986 2216 5040 erit
2238 4992 2298 5039 ut
2319 4986 2447 5039 dum
2480 4985 2692 5039 levatur
2726 4982 2884 5052 lapis,
2917 4981 2970 5035 id
2993 4988 3078 5035 est
3106 4980 3232 5034 dum
3260 4992 3433 5047 oppuo-

140 5126 149 5131 ι
173 5097 233 5144 et
258 5087 502 5159 pessimo
521 5095 758 5156 pastore,
782 5083 1189 5155 litapostropba
1221 5083 1289 5137 ad
1320 5083 1515 5153 ipsum,
1541 5082 1761 5138 dicitur-

174 5194 286 5249 que
313 5194 327 5231 :
364 5195 384 5230 ι
416 5175 461 5233 Ο
486 5187 670 5245 pastor
701 5183 757 5230 et
785 5174 1008 5230 idolum.
1047 5193 1066 5226 ι
1108 5171 1239 5227 Tam
1267 5172 1411 5227 enim
1441 5170 1758 5227 scehratum

170 5282 305 5327 eum
344 5268 599 5333 ostendit,
627 5275 823 5323 utnon
867 5266 1131 5321 cultorem
1155 5277 1279 5321 eum
1314 5261 1617 5326 idolorum,
1664 5261 1761 5317 sed

174 5360 365 5432 ipsum
411 5358 613 5417 idolum
641 5373 763 5416 eum
800 5365 987 5431 vocet,
1019 5356 1143 5411 dum
1176 5369 1238 5411 se
1262 5353 1375 5409 vult
1402 5362 1461 5411 ut
1494 5352 1661 5410 Deum
1689 5350 1755 5407 ab
1839 5393 1846 5399 .

140 5452 439 5509 'omnibus
464 5450 700 5517 adorari,
741 5450 835 5521 qui
871 5448 1196 5518 derelinquit
1244 5462 1458 5519 gregem
1497 5446 1759 5522 devoran-

142 5579 157 5587 ι
178 5541 314 5597 dum
342 5557 375 5594 a
400 5542 611 5607 bestiis,
641 5556 801 5611 quem
836 5539 1094 5595 Dominus
1127 5546 1275 5593 tanto
1310 5546 1549 5607 tempore
1572 5542 1757 5591 custo-

140 5654 151 5691 ,π
176 5631 382 5694 ibet-at.
407 5630 629 5689 Gladius
649 5648 812 5701 super
836 5630 1114 5686 brachium
1134 5628 1273 5698 ejus,
1299 5626 1352 5683 id
1371 5635 1455 5682 est
1474 5624 1758 5681 manifesta

147 5719 344 5789 abitio.
375 5731 436 5783 ut
462 5738 632 5792 omne
672 5724 839 5797 robur
877 5729 932 5779 et
969 5720 1225 5779 fortitudo
1268 5718 1411 5777 illius
1439 5725 1677 5776 arescat.
1703 5723 1760 5773 et

1830 5122 1835 5125 -
1856 5091 2052 5155 gnatur
2070 5078 2432 5142 Hierusalem,
2460 5078 2576 5147 ipso
2599 5076 2722 5130 nisu
2740 5085 2797 5130 et
2812 5073 3111 5128 eievatione
3144 5071 3433 5127 scissuram

1830 5172 1942 5228 .vel
1972 5184 2219 5227 rasuram
2249 5168 2488 5238 aliquam
2524 5167 2580 5223 in
2616 5165 2910 5222 levantium
2941 5163 3257 5234 corporibus
3280 5159 3436 5215 dere-

1854 5265 2086 5335 linquat.
3136 5260 3143 5266 ’

1937 5374 1957 5408 ι
1992 5356 2050 5411 ln
2087 5354 2176 5409 die
2207 5352 2334 5419 illa,
2361 5351 2493 5408 dicit
2537 5351 2826 5417 Dominus,
2872 5348 3168 5420 percutiam
3216 5358 3432 5400 omnem

1836 5458 2057 5514 equum
2074 5443 2140 5497 tiu
2164 5451 2459 5511 stuporem,
2478 5447 2532 5494 ct
2549 5452 2887 5494 ascensorem
2909 5435 3027 5505 ejus
3050 5434 3104 5490 in
3116 5432 3433 5497 amntium,

1842 5544 1914 5588 .et
1959 5547 2121 5601 super
2170 5533 2384 5587 domum
2432 5528 2569 5585 Juda
2617 5529 2855 5598 aperiam
2903 5526 3088 5581 oculos
3137 5538 3287 5579 meos
3315 5562 3332 5589 ,
3380 5532 3434 5580 et

1838 5640 2074 5683 omnem
2131 5637 2330 5693 equum
2368 5620 2697 5692 populorum
2752 5617 3048 5688 percutiam
3098 5614 3359 5672 mittite.
3409 5629 3431 5665 ι

1838 5715 1920 5773 .in
1949 5715 2037 5773 die
2075 5713 2189 5781 illa,
2221 5713 2324 5770 hoc
2356 5720 2443 5769 est
2478 5712 2535 5769 in
2574 5720 2814 5785 tempore
2847 5718 2956 5779 quo
3000 5706 3221 5767 obsessa
3266 5701 3434 5779 fuerit
