3950 6442
473 306 579 362 265

934 304 1306 361 ’11ΛΥΜοΝ18
1344 302 1822 361 HALBERSTAT.
1860 302 2075 359 EPlSC.

2193 301 2267 359 ’P.
2308 302 2487 360 PARS
2524 304 2565 361 Ι.
2591 335 2662 346 -
2691 304 3048 364 COMMENT.
3084 306 3256 363 BIBL.

3638 311 3743 371 266

475 418 837 484 Hierusalem,
865 416 938 472 ita
967 426 1027 472 ut
1049 416 1215 473 ludas
1241 430 1455 487 quoque
1480 416 1732 472 obsidere
1756 430 1877 473 eam
1899 430 2058 488 coga-
2084 418 2134 476 A
2162 412 2303 468 derit
2328 428 2519 484 pacem
2548 413 2827 480 Ecclesiae,
2854 422 2910 471 et
2938 414 3124 471 hostes
3146 413 3266 484 ejus
3302 413 3359 471 in
3387 420 3665 488 stuporem
3692 428 3746 475 et

477 519 587 577 tur,
616 508 886 581 percutiet
914 507 1171 564 Dominus
1191 518 1380 564 omnes
1400 522 1572 577 equos
1600 507 2054 563 adversariorum.

483 621 503 653 c
536 602 594 656 ln
623 612 922 671 stuporem,
960 619 979 652 ι
1009 597 1061 653 id
1099 606 1202 666 est,
1236 607 1295 654 ut
1329 606 1585 669 stupeant
1606 613 1796 654 omnes
1837 596 1928 668 qui
1967 611 2062 651 eos

479 696 714 751 viderint
725 710 843 751 esse
856 710 1141 764 percussos
1156 710 1172 757 ;
1188 694 1325 759 sive,
1346 716 1364 744 ι
1375 694 1639 763 percutiet
1656 693 1711 747 in
1726 701 2024 763 stuporem,
2036 710 2055 743 ι

481 796 541 841 ut
568 787 721 857 quasi
744 785 942 856 stupidi
964 794 1021 840 et
1040 786 1244 855 absque
1264 798 1426 841 sensu
1451 782 1770 850 efﬁciantur,
1790 790 1846 838 et
1871 796 2063 837 ascen-

481 897 631 937 sores
657 896 847 935 eorum
893 879 946 933 in
987 879 1249 945 amentia,
1280 879 1386 934 hoc
1410 886 1494 934 est
1521 886 1667 932 tanta
1698 874 2066 947 magnitudine

481 970 787 1027 formidinis
834 978 1171 1042 prementur,
1227 978 1288 1024 ut
1335 969 1709 1041 vertanturﬁn
1750 967 2061 1023 amentiam.

480 1060 657 1132 Super
703 1060 926 1115 domum
979 1059 1149 1123 Juda,
1201 1061 1295 1130 qui
1353 1070 1545 1117 contra
1592 1076 1744 1115 suam
1791 1058 2063 1114 civitatem

480 1148 661 1205 facere
705 1150 1009 1221 cogebant,
1062 1151 1267 1220 aperiet
1315 1152 1575 1206 Dominus
1620 1150 1837 1215 oculos,
1887 1150 1939 1205 id
1983 1157 2068 1205 est

479 1250 787 1312 respectum
837 1243 1236 1308 miserationis,
1279 1251 1339 1297 ut
1388 1259 1483 1299 eos
1527 1244 1719 1314 dignos
1763 1241 1928 1297 faciat
1969 1256 2067 1296 suo

482 1339 729 1401 aspectu,
756 1341 812 1387 et
839 1332 1115 1387 oculorum
1155 1347 1374 1388 suorum
1422 1333 1653 1389 illustret
1694 1334 1915 1389 lumine.
1947 1332 2070 1402 Spi-

484 1422 757 1478 ritualiter
777 1423 924 1492 equi,
950 1421 1164 1490 quando
1185 1424 1239 1479 in
1262 1422 1461 1481 malam
1486 1433 1692 1495 partem
1709 1424 2065 1494 accipiuntur,

485 1513 794 1568 luxuriosos
818 1521 980 1582 atque
1013 1514 1276 1582 superbos
1312 1514 1614 1584 designant.
1646 1513 1849 1568 Horum
1878 1528 2070 1569 ascen-

487 1619 641 1659 sores
683 1612 813 1660 sunt
848 1604 1117 1659 dmmones
1139 1644 1153 1670 ,
1189 1604 1272 1659 vel
1299 1603 1560 1660 falsorum
1604 1606 1916 1677 dogmatum
1952 1620 2069 1660 ma-

486 1699 677 1769 gistri,
709 1698 801 1768 qui
832 1713 1018 1754 omnes
1048 1706 1329 1754 vertentur
1370 1699 1424 1753 in
1463 1708 1736 1769 stuporem
1784 1706 1842 1755 et
1878 1713 2067 1753 amen-

2163 504 2218 560 in
2272 505 2562 559 amentiam
2592 506 2838 572 verterit,
2884 513 3045 561 erunt
3093 506 3258 562 duces
3302 505 3561 564 Ecclesia:
3606 509 3747 566 sicut

2163 594 2304 667 ignis
2352 594 2405 649 in
2438 594 2621 666 lignis,
2669 604 2726 652 et
2753 596 2896 653 sicut
2930 596 3076 653 faces
3121 596 3177 652 in
3212 597 3338 654 feno
3382 612 3749 673 excoquentes

2163 698 2323 738 omne
2346 683 2558 749 vitium,
2589 693 2644 739 et
2669 684 2810 754 ligna
2839 684 3193 752 infructuosa,
3217 686 3274 742 id
3305 696 3389 742 est
3412 689 3600 744 omnia
3629 705 3749 760 per-

2164 789 2324 829 versa
2370 774 2623 846 dogmata
2660 786 3070 844 consumentur,
3099 787 3156 834 et
3181 777 3519 836 devorabunt
3560 797 3591 835 a
3621 783 3750 836 dex-

2165 864 2268 919 tris
2297 874 2351 920 et
2378 882 2410 919 a
2434 866 2670 921 sinistris
2712 882 2807 923 eos
2834 865 2925 938 qui
2952 869 3241 925 noluerunt
3273 873 3507 929 medium
3534 874 3751 929 virtutis

2166 955 2271 1013 iter
2304 967 2507 1013 tenere.
2537 957 2727 1015 Omnis
2762 959 2906 1014 enim
2946 962 3121 1018 virtus
3160 962 3213 1016 in
3244 963 3547 1019 meditullio
3574 974 3680 1020 est.
3706 966 3751 1019 Α

2168 1047 2373 1105 dextris
2407 1059 2587 1105 autem
2610 1058 2664 1105 et
2689 1050 2923 1107 sinistris
2951 1063 3096 1120 sunt,
3128 1054 3219 1124 qui
3247 1064 3341 1109 aut
3370 1055 3490 1125 plus
3512 1058 3748 1126 sapiunt,

2168 1151 2262 1195 aut
2294 1141 2472 1197 minus
2493 1157 2654 1211 quam
2670 1151 2903 1212 oportet.
2919 1144 3070 1200 Tunc
3092 1144 3331 1201 Ecclesia
3360 1156 3650 1217 receptura
3674 1157 3755 1203 est

2168 1230 2450 1303 pristinam
2479 1232 2730 1304 gloriam,
2768 1241 2825 1289 et
2859 1234 3222 1301 tabernacula,
3249 1236 3304 1291 id
3348 1245 3435 1293 est
3456 1246 3754 1292 conventus

2172 1322 2431 1389 ﬁdelium,
2456 1340 2552 1395 per
2582 1333 2754 1381 totum
2793 1327 2981 1382 orbem
3002 1327 3476 1396 instaurahuntur,
3507 1344 3613 1384 nec
3654 1327 3752 1384 sibi

2172 1413 2412 1470 tribuent
2434 1415 2675 1487 magistri
2705 1416 2845 1472 hanc
2867 1416 3114 1489 gloriam,
3141 1427 3395 1489 tanquam
3420 1434 3517 1488 per
3541 1434 3641 1474 eos
3656 1434 3755 1489 pax

2172 1501 2288 1558 haec
2307 1502 2564 1560 Ecclesia:
2591 1506 2821 1571 venerit,
2844 1510 2937 1562 sed
2962 1507 3192 1563 Domino
3210 1507 3578 1579 assignabitur
3599 1522 3759 1563 omne

2171 1595 2423 1668 gaudium
2447 1604 2504 1651 et
2531 1598 2862 1668 prosperitas
2888 1599 3147 1655 ﬁdelium.

2248 1706 2268 1740 ι
2308 1686 2366 1743 In
2392 1688 2479 1744 die
2506 1688 2591 1743 illa
2622 1698 2868 1762 proteget
2894 1692 3155 1748 Dominus
3204 1692 3542 1749 habitatores
3570 1692 3760 1749 Hieru-

489 1764 644 1854 tiam,
671 1764 1142 1844 ut-convincantnr
1170 1788 1368 1844 nullam
1391 1764 1648 1875 habuisse
1677 1789 1984 1853 scientiam,
2015 1796 2072 1842 et
2099 1764 2146 1823 Β
2174 1775 2366 1875 ξθιθξιξν
2396 1786 2453 1833 Cl
2495 1778 2600 1875 θιξίι
2624 1780 2718 1849 qui
2758 1779 3046 1837 offenderit
3066 1795 3137 1837 ex
3170 1781 3249 1837 eis
3279 1782 3335 1837 in
3378 1783 3467 1838 die
3489 1782 3583 1838 illa
3608 1785 3761 1853 quasi

487 1880 800 1951 oppriment
840 1895 934 1935 eos
977 1879 1273 1950 palpabiles
1321 1880 1589 1943 tenebrae,
1631 1880 1773 1934 sicut
1805 1879 2076 1949 quondam

487 1973 807 2046 Egyptum.
849 1971 1023 2042 Super
1052 1953 1273 2029 domum
1299 1981 1481 2029 autem
1508 1971 1667 2037 Juda,
1698 1972 1749 2026 id
1789 1980 1874 2026 est
1909 1971 2079 2026 conli-

490 2076 669 2123 tentcs
703 2066 1024 2129 Dominum,
1072 2066 1282 2136 aperiet
1319 2065 1578 2120 Dominus
1607 2065 1792 2120 oculos
1820 2078 1983 2129 suos,
2024 2063 2078 2119 id

490 2166 577 2215 est
616 2156 968 2213 miserebitur
1005 2155 1080 2210 illi
1118 2155 1379 2213 clamanti
1408 2154 1476 2211 ad
1500 2169 1563 2211 se
1588 2172 1603 2210 :
1630 2154 1860 2225 Respice
1897 2154 1953 2210 in
1990 2166 2080 2209 me

494 2257 551 2305 et
579 2249 845 2305 miserere
872 2247 997 2303 mei.

573 2365 592 2399 ι
623 2347 691 2401 Et
711 2346 896 2401 dicent
916 2344 1079 2399 duces
1103 2342 1239 2401 Juda
1268 2344 1323 2399 in
1353 2345 1519 2401 corde
1540 2359 1640 2400 suo
1664 2362 1678 2399 :
1704 2342 2081 2401 Corfortentur

493 2439 628 2494 mihi
659 2436 991 2491 habitatores
1031 2434 1362 2491 Hierusalem
1395 2436 1447 2491 in
1480 2436 1708 2491 Domino
1743 2436 2080 2490 exercituum

492 2531 606 2586 Deo
621 2545 828 2586 eorum.
842 2548 861 2583 ι
879 2528 1014 2584 Cum
1027 2528 1246 2601 (inquit)
1259 2533 1534 2600 aperuerit
1547 2529 1808 2584 Dominus
1820 2527 2084 2600 superiu-

497 2623 623 2678 dam
654 2621 840 2676 oculos
863 2636 1008 2683 suos,
1028 2630 1084 2677 et
1098 2621 1353 2676 misertus
1381 2620 1761 2685 fueriteorum,
1778 2631 1907 2676 tunc
1918 2621 2085 2677 duces

495 2712 527 2769 J
534 2713 635 2768 uda
648 2712 741 2782 qui
765 2723 924 2768 erant
953 2712 1008 2767 in
1031 2711 1315 2768 obsidione
1329 2719 1517 2767 contra
1532 2710 1887 2775 Hierusalem,
1908 2710 2082 2767 coacti

498 2806 570 2861 ab
608 2805 892 2867 hostibus,
942 2803 1145 2859 facient
1187 2792 1312 2859 vota
1353 2803 1407 2858 in
1455 2805 1744 2870 cordibus,
1771 2804 1897 2873 quia
1935 2803 2083 2874 loqui

496 2895 667 2951 libere
718 2910 823 2950 non
870 2894 1163 2958 audebunt.
1217 2904 1277 2949 ut
1326 2910 1492 2966 super
1538 2895 1897 2960 Hierusalem,
1921 2911 2084 2965 quam

500 2986 775 3052 obsident,
802 2997 857 3041 et
883 2986 996 3057 ipse
1023 2984 1190 3042 Judas
1212 2987 1394 3042 vincat
1418 3002 1541 3042 cum
1565 2987 1775 3043 civibus
1801 2988 1934 3043 suis.
1958 2988 2091 3045 Tro-

502 3078 750 3149 pol‘ogice
786 3078 952 3132 duces
994 3075 1132 3133 Juda
1174 3086 1303 3134 sunt
1346 3078 1598 3149 apostoli,
1629 3079 1731 3133 viri
1778 3079 2083 3150 apostolici,

497 3171 794 3241 cmterique
824 3168 1095 3233 doctores,
1124 3170 1215 3239 qui
1242 3179 1484 3240 praesunt
1511 3171 1840 3227 exercitibus
1862 3170 2084 3228 Christi.

503 3258 567 3314 Hi
600 3258 789 3313 nolunt
818 3260 1018 3313 habere
1046 3258 1183 3314 alios
1212 3260 1584 3325 auxiliatores,
1617 3261 1720 3315 nisi
1755 3262 2090 3317 habitatores

503 3350 877 3414 Hierusalem,
913 3349 967 3404 id
1005 3357 1091 3405 est
1126 3351 1464 3407 orthodoxos
1499 3361 1556 3406 et
1594 3352 1893 3408 catholicos
1921 3355 2089 3421 viros,

503 3456 707 3509 eosque
759 3449 951 3510 optant
996 3439 1294 3495 confortari
1342 3441 1396 3495 in
1435 3444 1664 3497 Domino
1704 3444 1817 3498 Deo
1849 3461 1967 3501 suo.
2013 3446 2092 3502 De

507 3528 595 3583 his
621 3529 849 3583 ducibus
886 3544 1024 3583 unus
1055 3528 1160 3582 fuit
1190 3530 1416 3595 Petrus,
1465 3533 1559 3600 qui
1605 3533 1809 3589 invenit
1853 3535 2090 3592 Marcum

506 3618 869 3674 habitatorem
899 3618 1233 3675 Hierusalem
1262 3634 1276 3674 :
1306 3621 1504 3676 Paulus
1523 3639 1739 3694 quoque
1765 3635 1820 3680 et
1842 3626 1956 3698 ipse
1984 3628 2089 3684 dux

494 3707 761 3777 .egregius
784 3708 972 3763 habuit
1016 3708 1393 3779 Timotheum,
1421 3714 1601 3769 Titum
1624 3756 1640 3782 ,
1670 3716 1890 3784 Lucam,
1938 3736 2096 3777 veros

416 3816 421 3829 ·
496 3798 975 3871 Hierosolymitas,
1004 3808 1062 3858 et
1090 3817 1214 3859 cum
1243 3806 1325 3860 eis
1350 3805 1537 3861 orbem
1566 3816 1832 3864 terrarum
1860 3813 2098 3868 subdidit

508 3887 743 3947 Christo.

586 4003 606 4034 ε
640 3983 698 4038 ln
742 3984 830 4039 die
882 3984 974 4042 iho
1013 4000 1211 4056 ponam
1258 3988 1424 4045 duces
1451 3988 1589 4045 Juda
1636 3992 1776 4048 sicut
1827 3995 2098 4049 caminum

508 4074 650 4146 ignis
683 4075 735 4130 in
766 4075 946 4145 lignis,
978 4086 1033 4134 et
1061 4079 1203 4135 sicut
1229 4078 1406 4137 facem
1432 4082 1573 4152 ignis
1593 4082 1647 4137 in
1681 4082 1828 4150 feno,
1857 4093 1911 4140 et
1940 4088 2098 4142 devo-

512 4167 712 4245 rabunt
739 4168 805 4222 ad
831 4169 1111 4224 dexteram
1138 4180 1198 4226 et
1214 4173 1303 4227 -ad
1344 4173 1621 4229 sinistram
1660 4189 1848 4231 omnes
1880 4179 2103 4249 populos

512 4262 569 4316 in
609 4262 861 4324 circuitu,
910 4272 967 4318 et
1018 4265 1350 4320 habitabitur
1398 4267 1733 4325 Hierusalem
1777 4286 1990 4326 rursum
2047 4273 2101 4327 in

2177 1864 2381 1932 David,
2431 1874 2487 1922 et
2526 1868 2720 1924 domus
2760 1871 2931 1925 David
2976 1872 3131 1940 quasi
3175 1871 3305 1938 Dei,
3358 1874 3501 1929 sicut
3543 1875 3763 1947 angelus

2178 1956 2391 2014 Domini
2423 1960 2476 2013 in
2520 1971 2812 2032 conspectu
2840 1963 2957 2033 ejus
2987 1962 3243 2037 [eorum|.
3281 1985 3300 2017 ι
3333 1966 3390 2020 ln
3426 1966 3516 2022 illo
3544 1969 3761 2040 (inquit)

2180 2059 2441 2122 tempore,
2472 2066 2597 2106 cum
2629 2053 2859 2109 Domino
2876 2055 3173 2111 auxiliante
3202 2054 3342 2112 Juda
3360 2057 3647 2113 victoriam
3672 2060 3764 2115 ob-

2181 2142 2426 2208 tinuerit,
2455 2152 2700 2214 proteget
2734 2142 2991 2202 Dominus
3043 2148 3377 2203 habitatores
3403 2148 3765 2215 Hierusalem,

2182 2234 2275 2305 qui
2303 2234 2713 2301 obsidebantur.
2745 2248 2801 2291 et
2828 2238 2909 2294 sic
2930 2240 3114 2294 omnia
3154 2241 3506 2297 mutabuntur
3556 2242 3612 2296 in
3651 2258 3765 2298 me-

2180 2325 2308 2392 lius,
2330 2335 2393 2381 ιιι
2418 2327 2508 2396 qui
2537 2325 2826 2382 oll‘enderit
2852 2343 2921 2384 ex
2951 2330 3031 2385 eis
3064 2330 3256 2398 Deum,
3295 2341 3349 2387 et
3371 2340 3601 2402 putatur
3622 2327 3767 2391 vilis-

2181 2418 2373 2483 simus,
2402 2418 2475 2474 sit
2500 2420 2655 2488 quasi
2684 2419 2873 2485 David,
2908 2421 2962 2476 id
2982 2430 3067 2478 est
3094 2423 3249 2492 quasi
3285 2421 3492 2478 familia
3520 2428 3689 2496 regia,
3715 2437 3769 2480 et

2181 2509 2276 2580 qui
2302 2510 2370 2564 de
2414 2510 2577 2567 domo
2620 2519 2705 2566 est
2758 2511 2926 2581 regia,
2956 2513 3028 2567 sit
3071 2514 3227 2583 quasi
3272 2514 3340 2569 de
3372 2513 3535 2571 domo
3567 2517 3684 2582 Dei,
3715 2517 3765 2571 id

2182 2612 2270 2659 est
2288 2604 2434 2660 sicut
2456 2604 2680 2660 nuntius
2708 2605 2918 2662 Domini
2951 2607 3005 2660 in
3029 2618 3320 2679 conSpectu
3343 2625 3531 2665 eorum
3563 2611 3654 2680 qui
3677 2626 3768 2666 eos

2184 2694 2276 2749 illo
2315 2702 2557 2766 tempore
2584 2694 2860 2750 videbunt.
2889 2694 3082 2753 Altiori
3129 2713 3317 2765 sensu,
3358 2715 3481 2755 cum
3511 2699 3768 2756 Dominus

2185 2786 2483 2842 Ecclesiam
2515 2801 2667 2840 suam
2692 2786 2760 2842 de
2799 2796 3204 2857 persecutorum
3233 2791 3483 2846 manibus
3509 2790 3770 2847 liberave-

2186 2880 2280 2946 rit,
2312 2880 2365 2934 hi
2401 2878 2494 2948 qui
2538 2878 2596 2934 in
2641 2881 3017 2949 persecutione
3069 2890 3380 2938 constantes
3421 2884 3767 2948 exstiterunt,

2188 2981 2300 3027 tam
2350 2970 2570 3043 gloriosi
2621 2986 2758 3042 apuo
2816 2986 3006 3028 omnes
3048 2982 3226 3037 erunt,
3282 2981 3341 3028 ut
3380 2975 3473 3043 qui
3515 2975 3772 3030 minimus

2191 3063 2373 3129 fuerit,
2400 3071 2456 3118 et
2491 3064 2635 3118 sicut
2663 3064 2825 3120 homo
2855 3066 2947 3135 qui
2976 3066 3143 3122 verbo
3168 3066 3252 3122 vel
3302 3065 3445 3122 facto
3476 3068 3644 3122 Deum
3693 3067 3774 3123 of.

2113 3118 2160 3181 C
2190 3153 2443 3220 fenderit,
2475 3155 2546 3210 sit
2589 3155 2642 3209 in
2670 3118 2891 3210 ordinet
2909 3156 3289 3228 magistrorum
3321 3171 3335 3211 :
3368 3158 3619 3228 magistri
3647 3174 3775 3214 vero

2189 3248 2299 3302 sint
2327 3247 2482 3319 quasi
2513 3247 2705 3304 domus
2729 3248 2843 3314 Dei,
2871 3256 2926 3303 et
2952 3249 3093 3304 sicut
3111 3248 3333 3321 angelus
3356 3249 3776 3307 transforrnatus

2190 3342 2245 3398 in
2271 3342 2637 3414 evangelicam
2657 3342 2997 3413 dignitatem.

2266 3464 2286 3497 ι
2332 3444 2403 3500 Ει
2442 3443 2571 3508 erit,
2614 3444 2669 3497 iu
2715 3442 2803 3497 die
2848 3442 2937 3497 illa
2974 3456 3215 3512 quaeram
3258 3450 3542 3499 conterere
3590 3459 3781 3501 omnes

2194 3545 2402 3608 gentes,
2449 3549 2569 3605 qua:
2620 3534 2843 3589 veniunt
2899 3542 3090 3588 contra
3142 3532 3499 3589 Hierusalem.
3550 3554 3574 3587 ι
3628 3535 3783 3603 Quod

2195 3630 2345 3692 dicit.
2374 3641 2620 3699 qurerere
2645 3642 2704 3682 se
2727 3634 3012 3682 conterere
3037 3640 3226 3681 omnes
3252 3638 3463 3697 gentes,
3495 3626 3550 3681 in
3584 3628 3783 3683 bonam

2196 3729 2401 3790 partem
2448 3718 2822 3788 accipiendum
2873 3724 2976 3772 est.
3025 3715 3270 3772 Conterit
3318 3716 3463 3771 enim
3523 3716 3788 3772 Dominus

2197 3827 2303 3866 non
2334 3811 2399 3864 all
2425 3810 2803 3880 perditionem,
2834 3807 2929 3862 sed
2956 3807 3024 3862 ad
3057 3806 3517 3872 emendationem,
3554 3817 3621 3862 ut
3656 3808 3791 3863 desi—

2198 3910 2346 3957 stant
2370 3900 2622 3971 persequi
2646 3898 3007 3965 Hierusalem,
3036 3906 3093 3954 et
3117 3913 3184 3953 ex
3208 3897 3460 3953 hostibus
3479 3896 3793 3955 efﬁciantur

2197 4007 2347 4047 ονθε.

2277 4101 2297 4134 ι
2354 4082 2420 4137 Et
2465 4079 2735 4137 effundam
2799 4095 2960 4152 super
3013 4081 3233 4137 domum
3286 4079 3477 4146 David,
3532 4087 3591 4135 et
3635 4094 3795 4151 super

2202 4174 2535 4231 habitatores
2564 4173 2899 4229 Hierusalem
2922 4174 3172 4245 spiritum
3202 4174 3391 4246 gratia:
3412 4181 3468 4228 et
3492 4189 3747 4244 precum.
3772 4192 3789 4222 ι

2204 4266 2309 4322 Per
2341 4265 2620 4321 eﬁusionis
2647 4264 2954 4336 largitatem
2995 4265 3175 4321 dantis
3209 4265 3470 4329 ostendit,
3496 4266 3633 4334 quia
3656 4265 3797 4320 Dens

512 4353 635 4409 loco
665 4369 764 4408 suo
806 4354 859 4407 in
900 4354 1254 4421 Hierusalem,
1284 4367 1341 4414 et
1379 4360 1609 4416 salvahit
1637 4362 1892 4418 Dominus
1923 4365 2104 4418 taber-
2205 4360 2437 4431 gratiam
2468 4357 2703 4430 Spiritus
2725 4360 2900 4414 sancti
2928 4359 3136 4425 tribuit,
3166 4361 3235 4414 de
3258 4375 3364 4429 qua
3387 4357 3595 4413 Paulus
3620 4359 3794 4413 dicit:

513 4444 708 4537 uacula
739 4443 912 4537 Juda,
954 4447 1096 4503 sicut
1134 4448 1187 4503 in
1238 4451 1534 4522 principio,
1577 4465 1635 4508 ut
1679 4470 1785 4509 non
1821 4456 2104 4527 magnilice
2134 4477 2184 4537 υ
2213 4470 2234 4502 ι
2271 4450 2526 4506 Charitas
2552 4449 2646 4505 Dei
2678 4448 2872 4505 diffusa
2913 4458 2997 4504 est
3041 4449 3095 4504 in
3119 4448 3374 4505 cordibus
3404 4448 3641 4504 nostris.
3682 4467 3701 4537 i
3735 4446 3801 4501 Et

512 4533 778 4603 glorietur
824 4536 1015 4592 domus
1062 4539 1251 4605 David,
1287 4551 1344 4596 et
1372 4542 1541 4613 gloria
1582 4544 1940 4599 habitantium
1979 4545 2104 4601 Hie—
2134 4533 2167 4537 ⁷
2207 4556 2307 4614 per
2349 4541 2514 4596 alium
2544 4542 2865 4611 prophetam
2910 4540 3145 4595 dicitur:
3186 4557 3205 4590 ι
3243 4537 3530 4593 Effundam
3573 4538 3651 4593 de
3680 4536 3802 4606 Spi—

515 4624 752 4679 rusalem
778 4635 969 4681 contra
991 4627 1203 4685 Judam.
1240 4650 1257 4681 ι
1296 4631 1431 4687 Cum
1458 4633 1651 4703 inquit,
1674 4635 1838 4689 duces
1861 4635 1913 4690 in
1943 4632 2101 4701 Juda,

515 4715 612 4785 qui
638 4719 959 4775 necessitate
989 4736 1111 4776 cum
1139 4722 1383 4779 hostibus
1425 4734 1584 4780 erant
1626 4735 1815 4781 contra
1852 4726 2106 4782 Hierusa-

516 4805 646 4870 lem,
676 4808 790 4863 hzec
814 4817 938 4864 vota
993 4811 1257 4880 fecerunt,
1295 4823 1421 4869 tunc
1467 4830 1568 4887 ego
1613 4815 1873 4871 Dominus
1903 4825 2105 4873 tantam

516 4897 602 4953 eis
630 4896 773 4951 dabo
802 4897 1196 4968 fortitudinem,
1226 4912 1289 4957 ut
1319 4905 1475 4973 quasi
1525 4905 1664 4976 ignis
1694 4905 1857 4974 ligna,
1885 4915 1942 4961 et
1968 4907 2109 4961 sicut

520 4987 612 5043 fax
653 4987 856 5056 fenum,
887 4991 965 5045 sic
1005 4992 1265 5049 devorent
1310 5009 1501 5050 omnes
1530 4996 1870 5052 adversarios
1908 4997 1960 5051 in
2002 4998 2109 5053 cir-

518 5082 692 5149 cuitu,
724 5091 787 5137 ut
822 5094 1043 5154 peracta
1073 5086 1299 5141 victoria
1327 5086 1601 5142 habitetur
1624 5103 1814 5143 rursus
1853 5088 2109 5146 Hierusa-

519 5175 648 5239 lem,
679 5183 736 5230 et
781 5176 1152 5232 instaurentur
1180 5178 1530 5233 tabernacula
1576 5178 1733 5246 Iuda,
1777 5180 1830 5236 id
1874 5189 1958 5237 est
1990 5197 2109 5238 cas-

523 5269 671 5334 tella,
697 5269 805 5325 vici
856 5278 913 5326 et
946 5270 1149 5341 oppida
1193 5286 1313 5340 qu
1364 5280 1573 5326 vastata
1632 5271 1867 5339 fuerant,
1899 5282 1960 5328 ut
2004 5274 2105 5330 do-

521 5377 646 5417 mus
663 5359 798 5418 Iuda
811 5363 891 5433 (id
915 5371 998 5417 est
1018 5361 1218 5416 familia
1242 5362 1407 5432 regia,
1431 5378 1551 5431 quae
1584 5363 1649 5418 de
1677 5362 1845 5419 David
1875 5364 2102 5419 descen-

522 5454 679 5521 dunt)
704 5464 759 5508 et
787 5453 970 5524 inclyti
997 5466 1063 5506 ac
1087 5442 1335 5520 potentes
1371 5452 1438 5506 de
1478 5452 1810 5508 Hierusalem
1855 5470 1960 5509 non
1986 5455 2105 5525 glo-

524 5541 739 5597 rientur
766 5550 954 5597 contra
979 5540 1194 5605 ludam,
1226 5549 1483 5609 tanquam
1513 5557 1610 5598 suo
1648 5543 1874 5613 imperio
1901 5553 1957 5598 et
1978 5561 2107 5600 con-

518 5634 663 5692 siliis
688 5643 926 5705 regatur,
951 5632 1045 5688 sed
1071 5631 1246 5687 sciant
1269 5633 1395 5703 quia
1421 5633 1681 5712 Dominus
1704 5636 1774 5691 sit
1795 5650 1889 5691 rex
1916 5650 2106 5692 eorum

523 5735 688 5799 atque
714 5725 961 5782 victoria.
1009 5723 1169 5781 Juxta
1194 5723 1526 5795 allegoriam,
1576 5744 1696 5786 cum
1732 5729 1990 5786 Dominus
2017 5729 2107 5785 de-

2210 4633 2317 4688 ritu
2369 4647 2491 4687 meo
2528 4647 2692 4703 super
2725 4647 2941 4687 omnem
2986 4645 3224 4687 carnem.
3284 4649 3301 4682 ι
3352 4629 3423 4685 Et
3455 4629 3621 4694 bene,
3674 4644 3802 4685 cum

2208 4724 2439 4780 dixisset
2479 4743 2499 4775 ‹
2554 4725 2804 4795 spiritum
2845 4725 3053 4796 gratim,
3099 4742 3119 4776 ι
3160 4722 3368 4778 addidit
3401 4740 3421 4773 ι
3470 4736 3735 4792 precum,
3778 4741 3797 4773 ι

2210 4817 2337 4886 quia
2368 4830 2507 4887 quos
2534 4814 2769 4885 Spiritus
2805 4824 3025 4871 sanctus
3049 4813 3362 4884 repleverit,
3386 4827 3486 4867 eos
3509 4812 3704 4867 statim
3736 4810 3806 4865 ad

2212 4908 2547 4965 adorandum
2574 4907 2842 4962 accendit.
2867 4906 2993 4961 Haec
3009 4915 3066 4961 et
3088 4907 3140 4959 in
3165 4905 3366 4961 Christi
3390 4904 3805 4959 resurrectione

2211 4999 2432 5069 impleta
2483 5006 2639 5062 sunt,
2684 5009 2739 5053 et
2784 4997 3024 5067 quotidie
3086 4995 3377 5067 implentur
3426 4996 3484 5049 in
3525 4994 3801 5050 Ecclesia.

2217 5109 2238 5143 ε
2282 5090 2351 5144 Ει
2386 5090 2648 5159 aspicient
2683 5088 2751 5143 ad
2780 5103 2905 5157 me,
2956 5102 3116 5157 quem
3143 5085 3504 5148 confixerunt,
3545 5094 3605 5139 et
3642 5085 3803 5155 plan-

2211 5190 2340 5255 gent
2378 5196 2501 5237 eum
2535 5180 2751 5251 planctu
2779 5181 2934 5249 quasi
2979 5194 3144 5249 super
3172 5177 3528 5247 unigenitum,
3556 5184 3619 5230 et
3656 5175 3808 5231 dole-

2209 5275 2344 5329 hunt
2390 5286 2555 5341 super
2601 5284 2744 5336 eum,
2782 5278 2844 5323 ut
2877 5269 3048 5325 doleri
3092 5268 3231 5323 solet
3272 5267 3325 5321 in
3375 5274 3557 5321 morte
3594 5268 3809 5336 prime-

2210 5363 2401 5435 geniti.
2444 5382 2464 5413 ι
2500 5361 2794 5416 lntroducit
2822 5362 3084 5432 propheta
3112 5360 3288 5430 ipsum
3316 5357 3411 5412 Dei
3448 5356 3656 5413 Filium
3687 5372 3810 5413 ma-

2213 5454 2564 5511 nifestissime
2611 5454 2679 5509 de
2712 5468 2769 5508 se
2813 5453 3157 5523 loquentem:
3195 5469 3218 5502 ‹
3271 5448 3555 5521 Aspicient
3612 5451 3690 5506 ad
3720 5464 3814 5505 me

2213 5560 2373 5616 quem
2422 5542 2782 5600 contixerunt.
2820 5562 2839 5595 ι
2884 5542 2998 5597 Hoc
3023 5551 3201 5596 autem
3228 5550 3283 5596 et
3324 5541 3391 5595 ad
3441 5550 3669 5610 tempus
3704 5540 3816 5595 Do-

2215 5636 2427 5692 minicae
2450 5633 2737 5705 passionis,
2765 5641 2820 5688 et
2848 5634 2916 5687 ad
2937 5632 3078 5689 diem
3104 5632 3380 5689 novissimi
3406 5630 3600 5701 indicii
3622 5640 3819 5713 potest

2215 5726 2430 5784 referri.
2465 5725 2693 5783 Domino
2718 5726 2864 5782 enim
2898 5724 2951 5780 in
2980 5739 3144 5782 cruce
3186 5725 3382 5795 posito,
3413 5723 3549 5780 nulli
3572 5723 3813 5780 dubium
