3950 6444
237 386 341 443 265

1175 396 1572 456 ENARBATIO
1609 398 1677 453 ΙΝ
1714 400 2110 462 ΖΑΕΗΑΒΙΑΜ
2160 409 2600 473 PROPHETAM.

3381 429 3486 486 266

237 513 364 567 quin
418 500 492 568 pii
540 515 755 570 quoque
810 511 860 557 et
929 504 1112 562 fideles
1156 522 1280 563 eum
1330 511 1695 580 aspiciebant,
1752 518 1808 567 et
1834 517 1885 576 Α
1910 511 2060 605 dicii,
2091 531 2212 573 cum
2255 519 2412 578 Iesus
2454 524 2702 583 Christn
2735 525 2790 582 in
2829 526 3106 599 majestate
3130 546 3227 590 sua
3250 537 3482 605 venerit,

228 590 470 659 [maximo
504 606 669 661 super
700 609 820 648 eum
850 598 1205 654 movebantur
1232 599 1625 660 viscerabiliter
1658 604 1808 660 dolo-

236 695 323 745 re;
354 682 448 735 sed
473 699 578 736 non
608 684 877 752 injudicio
907 689 1168 758 aspicient
1191 691 1255 746 ad
1283 707 1404 747 eum
1426 694 1478 748 in
1510 694 1808 763 majestatis

235 785 344 825 suae
378 771 547 841 gloria
595 775 922 842 venientem,
967 795 1125 848 quem
1173 782 1509 841 confixerunt
1554 786 1606 841 in
1647 803 1806 846 cruce

234 858 420 924 clavis,
464 869 518 916 et
547 862 802 936 plangent
845 882 910 921 ac
948 868 1203 926 dulebunt
1236 874 1471 930 maximo
1505 877 1720 946 planctu
1751 887 1809 935 et

232 950 450 1013 dolore,
511 955 671 1009 sicuti
722 954 777 1010 in
828 967 1005 1013 morte
1053 962 1345 1032 unigeniti,
1400 966 1555 1033 cujus
1610 969 1805 1027 acerbo

233 1040 404 1097 funeri
432 1044 620 1114 ingens
652 1058 681 1100 a
718 1050 1032 1115 parentibus
1056 1051 1233 1109 luctus
1261 1055 1606 1126 impenditur.
1641 1058 1801 1117 Plan-

230 1141 354 1201 gent
400 1134 581 1205 itaque
628 1136 797 1194 Judzei
837 1142 991 1209 quasi
1050 1158 1213 1215 super
1254 1148 1552 1218 unigenito,
1602 1152 1708 1218 vel,
1743 1160 1804 1207 ut

229 1223 577 1296 Septuaginta
610 1230 1021 1299 transtulerunt,
1043 1252 1062 1285 ε
1092 1235 1472 1308 primogenito.
1507 1261 1525 1293 ι
1554 1242 1801 1301 Christus

227 1314 367 1370 enim
394 1316 701 1387 unigenitus
725 1327 808 1375 est
836 1322 1128 1379 secundum
1157 1329 1540 1397 proprietatem
1556 1342 1794 1392 naturae:

224 1418 321 1474 per
370 1404 703 1463 divinitatem
751 1412 941 1468 unicus
993 1412 1205 1481 Patris,
1262 1434 1359 1487 per
1408 1422 1797 1482 humanitatem

226 1492 414 1549 unicus
442 1498 651 1553 matris.
684 1500 779 1554 Est
802 1511 856 1557 et
880 1504 1286 1576 primogenitus,
1312 1511 1457 1579 quia,
1483 1523 1542 1568 ut
1562 1514 1796 1575 Joannes

224 1585 351 1640 dicit
384 1604 398 1639 :
435 1606 455 1641 r
498 1587 891 1669 P_rimogenitus
932 1604 1017 1650 est
1063 1611 1129 1651 ex
1154 1601 1402 1669 mortuis,
1447 1612 1503 1659 et
1540 1608 1794 1680 princeps

226 1689 405 1747 regum
444 1686 625 1734 terrae.
673 1701 692 1733 ι

292 1788 311 1820 ε
356 1769 417 1823 ln
441 1770 527 1826 die
556 1772 641 1826 illa
669 1790 895 1847 magnus
939 1779 1045 1834 erit
1071 1780 1317 1850 planctus
1347 1784 1400 1840 in
1425 1785 1786 1860 Hierusalem,

1910 610 1966 658 et
1988 604 2238 675 stigmata
2264 611 2534 679 passionis
2560 613 2616 670 in
2642 630 2870 687 corpore
2905 634 3004 676 suo
3026 623 3275 679 omnibus
3301 604 3482 683 osten-

1908 692 2067 759 derit,
2100 695 2272 766 ipsam
2308 714 2524 770 quoque
2573 718 2789 761 crucem
2828 710 3076 767 manibus
3102 714 3360 783 angelicis
3387 717 3483 773 de-

1906 791 2174 853 portatam
2217 787 2285 842 ab
2321 790 2468 844 omni
2515 795 2715 849 mundo
2743 796 2912 854 videri
2946 799 3159 868 fecerit,
3199 805 3480 879 eritplan-

1905 881 2025 929 ctus
2083 874 2561 948 incomparabilis,
2596 882 2976 956 plangentibus
3027 895 3281 951 omnibus
3327 874 3478 968 quod

1904 960 2162 1019 Dominus
2206 976 2261 1022 et
2296 967 2521 1027 Creator
2557 987 2687 1030 suus
2719 982 2867 1033 tanta
2903 988 2958 1035 et
2988 990 3093 1037 tam
3124 960 3478 1060 indigna-pro

1902 1049 2136 1123 indignis
2161 1062 2215 1109 ct
2233 1061 2606 1126 peccatoribus
2620 1064 2958 1123 sustinuerit.
2985 1070 3156 1129 Erunt
3188 1049 3476 1150 itdqueihi

1901 1154 2135 1211 quatuor
2159 1148 2378 1207 ordines
2416 1152 2785 1226 plangentium
2814 1174 2831 1216 :
2871 1175 2969 1230 per
2992 1162 3253 1223 familiam
3284 1148 3478 1229 domus

1898 1230 2091 1301 David,
2134 1237 2448 1310 designatur
2488 1245 2622 1300 ordo
2663 1248 2861 1319 regalis
2902 1258 2958 1305 et
3007 1255 3248 1311 omnium
3290 1261 3474 1317 sieculi

1898 1323 2255 1394 dignitatum;
2289 1330 2343 1385 in
2381 1333 2485 1389 hoc
2528 1335 2719 1392 ordine
2767 1338 2986 1407 quidam
3040 1355 3200 1400 erunt
3247 1346 3380 1417 justi
3419 1359 3474 1407 et

1896 1411 2075 1479 electi,
2101 1417 2191 1484 qui
2218 1418 2473 1490 populum
2516 1423 2615 1480 sibi
2646 1428 3016 1498 commissum,
3043 1436 3337 1492 secundum
3377 1438 3472 1497 Dei

1896 1504 2246 1576 voluntatem,
2269 1511 2405 1567 bene
2432 1530 2620 1585 regere
2646 1518 2987 1590 studuerunt,
3003 1525 3095 1595 qui
3120 1527 3473 1599 designantur

1892 1609 1990 1666 per
2009 1597 2153 1653 viros
2172 1617 2184 1653 :
2209 1614 2308 1669 per
2327 1600 2586 1659 familiam
2600 1607 2800 1665 domus
2820 1609 3049 1680 Nathan,
3076 1597 3316 1675 indicant
3335 1622 3471 1678 ordo

1892 1688 2170 1763 doctorum
2197 1691 2469 1750 Ecclesiae.
2514 1696 2727 1754 Nathan
2756 1704 2953 1773 quippe
2977 1707 3240 1779 propheta
3270 1718 3471 1785 tempo-
3506 1698 3511 1707 ’

1891 1776 2043 1834 ribus
2088 1779 2293 1848 David,
2340 1792 2394 1838 et
2432 1785 2635 1844 idcirco
2673 1804 2771 1859 per
2819 1808 2943 1849 eum
2983 1776 3231 1856 doctores
3272 1776 3467 1862 intelli-

219 1862 358 1919 sicut
378 1864 631 1935 planctus
655 1866 1041 1938 Hadremmon,
1072 1874 1127 1928 in
1154 1890 1345 1945 campo
1367 1878 1705 1953 Magcddom,
1730 1894 1774 1941 el

1886 1876 2104 1938 guntur,
2135 1887 2271 1942 quos
2312 1878 2588 1945 apostolus
2616 1880 2815 1939 Paulus
2852 1889 3145 1957 prophetas
3184 1905 3373 1957 vocat;
3409 1898 3466 1954 in

219 1955 468 2026 plangent
516 1965 674 2014 terra:
723 1959 982 2029 familiae,
1030 1974 1086 2019 et
1132 1966 1350 2023 familiae
1385 1986 1628 2030 seorsum
1659 1994 1671 2030 :
1699 1975 1785 2032 fa-

222 2046 379 2100 miliae
421 2048 609 2104 domus
648 2051 817 2107 David
863 2069 1111 2111 seorsum
1136 2096 1150 2123 ,
1200 2066 1256 2113 et
1297 2060 1552 2118 mulieres
1598 2080 1785 2123 eorum

223 2152 461 2193 seorsum
494 2157 506 2193 :
540 2140 757 2197 familiae
794 2145 982 2200 domus
1018 2146 1231 2204 Nathan
1276 2165 1547 2220 seorsum,
1576 2164 1632 2211 et
1667 2174 1786 2213 mu-

217 2228 373 2286 lieres
391 2246 577 2287 eorum
602 2248 845 2290 seorsum
874 2255 887 2290 :
909 2235 1125 2294 familiae
1146 2243 1337 2298 domus
1355 2243 1483 2300 Levi
1517 2262 1781 2316 seorsum,

209 2330 265 2375 et
282 2323 538 2381 mulieres
557 2341 742 2381 eorum
765 2344 1008 2385 seorsum
1033 2348 1049 2387 :
1072 2331 1289 2390 familia:
1309 2335 1488 2393 Semei
1515 2353 1779 2409 seorsum,

206 2424 261 2467 et
288 2416 544 2473 mulieres
563 2434 751 2476 eorum
788 2438 1056 2480 seorsum.
1093 2445 1111 2479 ι
1148 2426 1511 2487 Hadremmon
1541 2434 1671 2491 urbs
1697 2444 1781 2492 est

206 2504 356 2572 juxta
410 2506 651 2576 Jezrael,
701 2527 819 2582 quae
872 2532 1014 2572 nunc
1051 2516 1520 2591 Maximianopolis
1559 2525 1777 2596 dicitur,

206 2596 303 2650 sita
350 2597 405 2655 in
434 2615 628 2672 campo
656 2602 932 2675 Mageddo,
970 2609 1026 2662 in
1066 2624 1174 2678 quo
1224 2613 1438 2671 occisus
1481 2624 1564 2673 est
1602 2617 1780 2676 Josias

203 2703 293 2742 rex
320 2688 656 2769 iustissimus
684 2711 713 2750 a
740 2696 1020 2756 Pharaone
1045 2700 1282 2769 Necbao,
1307 2720 1471 2776 super
1496 2725 1604 2780 quo
1629 2710 1780 2768 Jere-

202 2781 339 2835 mias
381 2781 583 2839 luctum
630 2788 924 2844 maximum
966 2790 1114 2857 fecit,
1147 2795 1301 2865 cujus
1334 2798 1497 2853 etiam
1534 2803 1778 2859 meminit

201 2869 250 2922 in
306 2871 449 2926 libro
492 2872 988 2947 Lamentationum,
1039 2882 1226 2939 dicens
1278 2901 1292 2939 :
1330 2905 1348 2938 ι
1388 2885 1622 2957 Spiritus
1665 2894 1777 2949 oris

197 2963 373 3017 nostri
407 2962 654 3022 Christus
683 2967 942 3024 Dominus
989 2980 1178 3042 captus
1204 2982 1287 3029 est
1318 2974 1372 3031 in
1411 2980 1648 3046 peccatis
1672 2997 1774 3037 no-

196 3053 349 3119 stris,
371 3055 459 3109 cui
486 3056 722 3114 diximus
746 3078 757 3113 :
786 3058 897 3116 Sub
920 3060 1110 3116 umbra
1137 3072 1227 3119 tua
1254 3064 1495 3124 vivemus
1525 3070 1577 3123 in
1604 3073 1775 3139 genti-

194 3142 313 3207 bus,
358 3163 377 3195 ι
407 3144 533 3200 licet
553 3148 677 3212 hoc,
706 3147 860 3216 juxta
884 3151 1217 3241 spiritualem
1241 3169 1480 3224 sensum,
1504 3160 1774 3218 referatur

193 3234 257 3289 ad
288 3236 578 3292 Dominum
609 3234 957 3297 salvatorem.
1000 3241 1153 3299 Sicut
1179 3244 1343 3316 igitur
1374 3255 1500 3305 tunc
1545 3266 1771 3324 magnus

192 3321 291 3379 fuit
348 3325 596 3395 planctus
638 3328 692 3383 in
746 3330 879 3385 urbe
934 3331 1294 3389 Hadremmon
1328 3375 1343 3402 ,
1404 3337 1476 3393 ita
1537 3321 1770 3410 magnus

188 3415 440 3484 planctus
454 3419 808 3487 revocabitur,
825 3423 1003 3478 occiso
1019 3422 1175 3478 Salva
1184 3432 1318 3493 tore,
1334 3427 1388 3483 iu
1408 3428 1765 3488 Hierusalem.

190 3503 347 3572 Quod
382 3522 509 3564 vero
556 3510 801 3579 sequitur
833 3531 846 3566 :
873 3533 891 3566 ‹
927 3514 1184 3587 plangant
1213 3516 1433 3574 familiae
1464 3529 1518 3575 et
1549 3521 1770 3581 familiae

187 3595 460 3665 seorsum;
490 3619 511 3652 ι
538 3600 641 3657 hoc
673 3601 849 3658 innuit
875 3606 1015 3673 quod
1045 3606 1096 3659 in
1137 3615 1378 3678 tempore
1407 3611 1769 3671 tribulationis

188 3705 297 3745 non
347 3690 566 3758 debent,
610 3693 700 3763 qui
746 3710 941 3750 uxores
977 3696 1211 3764 habent,
1260 3700 1409 3769 Operi
1459 3704 1768 3773 nuptiarum

185 3786 417 3843 servire.
445 3786 579 3843 Nam
611 3796 664 3844 et
698 3791 750 3844 in
783 3789 976 3847 Genesi
1005 3792 1223 3864 legitur,
1252 3795 1378 3862 quia
1425 3795 1769 3864 impendente

184 3877 394 3934 diluvio
437 3879 636 3934 dicitur
672 3881 740 3935 ad
787 3881 895 3937 Noe
926 3901 938 3938 :
967 3884 1254 3955 Ingredere
1300 3884 1355 3939 in
1403 3900 1585 3942 arcam
1629 3895 1684 3942 tu
1714 3896 1769 3943 et

183 3969 282 4023 filii
317 3970 418 4036 tui,
439 3985 575 4025 uxor
601 3979 686 4025 tua
712 3981 765 4026 et
789 3987 984 4029 uxores
1006 3974 1242 4029 filiorum
1266 3984 1476 4032 tuorum
1495 3994 1510 4043 ;
1532 3978 1768 4048 primum

177 4073 399 4129 ponens
432 4068 639 4129 patrem
677 4078 800 4117 cum
830 4064 973 4129 filiis,
1008 4066 1201 4122 deinde
1226 4071 1516 4138 separatim
1540 4086 1767 4126 uxorem

178 4147 361 4220 patr‘s
388 4158 441 4204 et
470 4166 666 4206 uxores
698 4151 946 4207 filiorum.
977 4155 1045 4208 Et
1074 4172 1214 4211 nunc
1254 4158 1415 4227 igitur
1444 4169 1768 4230 separantur

178 4245 251 4299 ab
283 4244 548 4300 uxoribus
577 4243 777 4300 familia
810 4248 996 4314 David,
1019 4257 1075 4303 et
1097 4247 1295 4303 familia
1320 4250 1510 4306 domus
1530 4250 1763 4318 Nathan,

177 4344 237 4390 ct
274 4333 481 4390 familia
514 4337 703 4392 domus
740 4338 887 4404 Levi,
918 4350 972 4395 et
1009 4339 1213 4395 familia
1244 4340 1434 4398 domus
1478 4342 1679 4409 Semei,
1708 4352 1767 4400 ut

179 4427 445 4498 plangant
469 4428 801 4499 unigenitum
836 4432 1131 4497 Christum,
1157 4440 1346 4487 contra
1383 4448 1542 4505 quem
1569 4434 1768 4491 clama-

178 4526 401 4585 verunt,
445 4537 465 4573 ι
518 4519 748 4592 Sanguis
789 4521 904 4591 ejus
948 4539 1112 4594 super
1160 4539 1277 4589 nos,
1324 4534 1380 4580 et
1422 4541 1588 4596 super
1626 4526 1764 4584 filios

180 4619 426 4666 nostros.
472 4629 490 4662 ι
542 4611 596 4666 1η
646 4613 812 4669 David
839 4614 1054 4683 quidem
1101 4615 1291 4669 domus
1327 4616 1500 4687 regia,
1552 4616 1652 4672 hoc
1679 4625 1760 4673 est

182 4701 363 4756 tribus
411 4699 567 4766 Juda,
608 4703 913 4772 accipitur;
966 4705 1041 4781 in,
1076 4703 1286 4758 Nathan
1340 4706 1658 4775 prophetia;
1703 4708 1757 4763 in

181 4790 313 4845 Levi
356 4790 489 4845 ordo
520 4791 885 4856 sacerdotalis,
930 4793 1055 4864 quia
1101 4794 1167 4847 de
1203 4794 1328 4848 Levi
1370 4796 1537 4865 stirpe
1575 4807 1757 4852 ortum

178 4892 266 4939 est
302 4884 665 4937 sacerdotium
711 4884 952 4952 illorum;
1006 4887 1060 4940 in
1099 4885 1277 4941 Semei
1322 4887 1571 4943 doctores
1612 4888 1755 4943 desi-

177 4962 467 5047 gnantur;
514 4977 638 5046 quia
681 4978 851 5032 tribus
892 4979 956 5032 de
984 4994 1090 5049 qua
1136 4977 1238 5033 fuit
1276 4979 1453 5035 Semei
1495 4981 1752 5036 doctrinae

178 5075 233 5119 et
284 5065 582 5136 magisterii
640 5067 978 5139 privilegium
1043 5068 1231 5122 tenuit.
1286 5068 1439 5135 Quod
1488 5086 1618 5126 vero
1666 5084 1752 5125 se-

178 5158 405 5226 quitur:
612 5158 615 5159 ⁷

256 5268 274 5298 σ
312 5248 513 5303 Omnes
534 5248 767 5311 familiae,
792 5251 1012 5320 reliqua:
1034 5249 1268 5316 familiae,
1291 5259 1346 5306 et
1366 5250 1582 5307 familiae
1607 5268 1756 5311 seor-

177 5357 323 5404 sum,
354 5349 408 5393 et
439 5341 695 5397 mulieres
725 5358 909 5398 eorum
939 5359 1206 5409 seorsum,
1248 5364 1267 5396 ι
1302 5359 1491 5401 omnes
1521 5345 1756 5417 reliquas

180 5431 418 5487 familias
442 5442 735 5506 συνονυμῶς
781 5435 1204 5503 comprehendit,
1250 5451 1370 5505 quae
1415 5436 1617 5491 nullum
1651 5437 1748 5490 ha-

175 5527 309 5580 bent
332 5525 668 5597 privilegium
690 5527 985 5597 dignitatis.
1011 5527 1136 5582 Haec
1150 5527 1288 5582 dicta
1310 5534 1431 5582 sunt
1457 5526 1747 5582 secundum

176 5618 322 5688 quod
368 5617 437 5673 ab
461 5617 701 5674 Hebraeis
740 5629 1101 5689 exponuntur.
1131 5618 1423 5675 Dicendum
1445 5626 1593 5673 nunc
1622 5632 1751 5689 quo—

176 5710 339 5766 modo
387 5724 416 5765 a
462 5710 771 5765 doctoribus
798 5709 1050 5766 Ecclesize
1086 5710 1154 5765 ad
1206 5710 1344 5766 diem
1379 5710 1567 5781 judicii
1611 5707 1749 5765 refe-

178 5807 390 5854 rantur.
431 5798 489 5854 ln
535 5798 621 5853 die
662 5798 877 5870 (inquit)
919 5798 1027 5861 illa,
1068 5801 1171 5856 hoc
1200 5809 1282 5857 est
1311 5800 1363 5856 in
1401 5809 1641 5871 tempore
1660 5796 1747 5869 ju-

458 5891 732 5955 ΡΔΤΒΟΙ..
777 5891 1022 5955 CXVII.

1887 1955 1990 2011 hoc
2015 1973 2229 2030 quoque
2252 1963 2442 2020 ordine
2481 1967 2572 2023 alii
2617 1980 2743 2027 sunt
2768 1976 2922 2044 quasi
2953 1955 3085 2046 viri,
3117 1985 3339 2042 verbum
3363 1988 3463 2047 Dei

1886 2048 2097 2107 sincere
2123 2056 2505 2127 praedicantes;
2532 2061 2586 2116 hi
2609 2064 2949 2136 accipiuntur
2972 2088 3057 2143 per
3088 2076 3254 2146 viros,
3278 2082 3370 2138 alii
3394 2100 3464 2139 ex

1885 2155 1981 2194 sua
2003 2144 2382 2212 praedicatione
2422 2150 2636 2209 laudem
2667 2157 2750 2212 vel
2788 2164 3026 2221 muneris
3062 2144 3367 2228 mercedem
3391 2175 3463 2232 ab

1884 2232 2194 2303 homnibus,
2232 2254 2339 2295 non
2369 2257 2399 2296 a
2428 2244 2539 2299 Deo
2566 2259 2891 2318 quaerentes,
2930 2255 3023 2326 qui
3047 2258 3336 2330 signantur
3364 2279 3462 2336 per

1884 2326 2138 2383 mulieres
2168 2348 2181 2384 :
2217 2346 2318 2401 per
2343 2332 2605 2393 familiam
2642 2340 2834 2400 domus
2871 2344 3021 2413 Levi,
3057 2326 3303 2410 in'nuitur
3324 2326 3459 2415 ordo

1882 2419 2251 2488 sacerdotalis,
2300 2433 2356 2480 et
2402 2428 2580 2486 omnis
2636 2433 3128 2498 ecclesiasticornm
3190 2447 3458 2515 graduum

1880 2507 2135 2579 dignitas.
2156 2510 2312 2579 inter
2358 2516 2458 2574 hos
2492 2534 2703 2592 quoque
2744 2525 2997 2585 similiter
3035 2531 3127 2589 alii
3173 2507 3301 2593 sunt
3341 2539 3453 2597 Deo

1878 2597 2172 2670 placentes,
2198 2614 2253 2660 et
2278 2607 2508 2667 viriliter
2542 2613 2603 2681 in,
2626 2614 2902 2676 lucrandis
2936 2623 3223 2684 animabus
3260 2630 3457 2705 invigi—
3516 2689 3537 2708 ,

1876 2687 2072 2760 lautes,
2124 2695 2219 2751 alii
2268 2701 2429 2769 quasi
2476 2701 2691 2762 feminae
2743 2713 3018 2769 enerviter
3073 2717 3339 2789 viventes,
3375 2687 3457 2782 oet

1877 2786 2236 2853 perditionem
2263 2793 2565 2853 animarum
2608 2801 2834 2860 minime
2853 2816 3139 2878 curantes;
3174 2829 3274 2884 per
3293 2814 3454 2873 fami-

1876 2871 2004 2927 liam
2027 2875 2218 2935 domus
2262 2880 2465 2951 Semei,
2506 2886 2820 2961 designatur
2840 2896 2975 2952 ordo
3002 2871 3239 2970 laicatis;
3269 2904 3452 2964 Semei

1874 2979 2089 3035 quoque
2131 2970 2187 3024 in
2229 2975 2405 3030 medio
2443 2980 2625 3049 populi
2665 2982 2965 3055 habitabat,
3010 2998 3067 3046 et
3109 2993 3302 3053 domus
3338 3013 3453 3056 sua

1874 3064 2053 3114 tamen
2080 3075 2264 3118 curam
2308 3069 2546 3137 gerebat,
2577 3072 2698 3128 ideo
2739 3092 2838 3145 per
2866 3079 3009 3137 hunc
3044 3083 3122 3139 illi
3166 3088 3452 3160 signantur

1874 3151 1967 3221 qui
2009 3154 2254 3210 szeculari
2288 3159 2487 3230 degunt
2524 3168 2969 3238 conversatione;
3014 3177 3107 3230 sed
3142 3179 3196 3233 in
3215 3151 3346 3238 vhoc
3366 3199 3453 3240 or-

1799 3233 1843 3296 C
1875 3241 2000 3298 dine
2030 3253 2155 3299 sunt
2180 3246 2304 3302 boni
2330 3251 2421 3320 qui
2463 3254 2802 3325 appellantur
2822 3259 2924 3315 viri
2942 3233 2966 3327 ;'
2982 3273 3108 3319 sunt
3145 3275 3201 3322 et
3234 3233 3451 3340 reprobi

1872 3333 1965 3402 qui
1994 3336 2246 3393 mulieres
2274 3338 2527 3397 dicuntur
2562 3362 2575 3399 :
2606 3346 2685 3402 sic
2729 3356 2855 3405 tunc
2892 3350 2947 3407 in
2997 3351 3204 3421 judicio
3249 3360 3449 3433 singuli

1870 3440 1971 3496 pro
2014 3428 2334 3486 meritorum
2361 3434 2621 3505 qualitate
2662 3438 2932 3498 distinctis
2970 3447 3313 3518 stationibus,
3340 3428 3451 3511 alii

1871 3520 1936 3575 ad
1969 3522 2245 3579 dexteram
2277 3525 2681 3587 collocabantur
2706 3537 3024 3615 coronandi,
3068 3540 3159 3596 alii
3201 3551 3447 3602 statuen-

1873 3620 1959 3667 tur
1980 3615 2046 3669 ad
2073 3615 2350 3674 sinistram
2372 3620 2683 3680 damnandi.
2721 3625 2924 3683 Omnes
2948 3629 3129 3701 itaque
3163 3632 3446 3707 plangent,

1870 3707 1961 3763 sed
1986 3706 2254 3777 justorum
2282 3712 2532 3783 planctus
2558 3725 2802 3774 vertetur
2827 3719 2880 3774 in
2911 3729 3173 3780 aeternam
3198 3706 3446 3783 exsulta-

1873 3798 2092 3864 tionem,
2131 3804 2484 3872 reproborum
2529 3817 2709 3867 autem
2752 3811 2804 3866 in
2841 3829 3115 3887 nunquam
3154 3817 3445 3879 finiendam

1869 3886 2248 3955 plorationem.
3368 3918 3371 3925 λ

2445 4032 2675 4090 CAPUT
2715 4036 2847 4092 XIII.

1944 4174 1964 4207 ‹
2011 4155 2065 4209 In
2090 4157 2175 4212 die
2210 4158 2295 4212 illa
2328 4160 2433 4214 erit
2462 4160 2582 4218 fons
2614 4174 2807 4235 patens
2833 4168 3014 4225 domui
3049 4171 3238 4241 David,
3269 4185 3327 4237 et
3351 4180 3445 4235 ba-

1868 4241 2169 4301 bitantibus
2197 4247 2552 4318 Hierusalem,
2604 4254 2658 4309 in
2698 4257 3027 4316 ablutionem
3058 4269 3360 4333 peccatoris
3388 4280 3446 4326 et

1869 4344 2235 4393 menstruatae.
2297 4358 2315 4391 ι
2365 4342 2510 4399 Fons
2551 4346 2656 4402 iste
2698 4357 2889 4417 patens
2918 4349 3098 4408 domui
3138 4354 3331 4424 David,
3356 4376 3445 4418 se-

1866 4428 2098 4483 cundum
2139 4429 2354 4487 beatum
2402 4434 2813 4509 Hieronymum,
2836 4442 3061 4500 scientia
3088 4454 3171 4503 est
3196 4446 3443 4521 Scriptu-

1867 4533 2071 4584 rarum,
2105 4522 2193 4591 qui
2222 4521 2344 4579 fons
2368 4535 2518 4595 patet
2552 4529 2735 4584 domui
2766 4531 2954 4599 David,
2978 4537 3127 4590 omni
3159 4537 3434 4599 Ecclesia.

1863 4604 1981 4676 lpsa
2004 4598 2253 4665 est‘enim
2288 4614 2479 4671 domus
2509 4617 2699 4685 David,
2728 4620 2853 4690 quia
2884 4622 2939 4676 in
2959 4637 3023 4678 ea
3045 4624 3253 4682 habitat
3273 4598 3438 4686 manu

1865 4697 2019 4753 fortis
2048 4710 2102 4755 et
2129 4702 2247 4756 visu
2277 4704 2673 4764 desiderabilis.
2718 4708 2817 4766 Hic
2846 4719 2931 4767 est
2958 4710 3078 4769 fons
3116 4731 3276 4785 quem
3299 4718 3436 4775 Eze-

1863 4789 2004 4844 chiel
2063 4794 2322 4862 propheta
2378 4812 2436 4852 se
2493 4798 2695 4855 vidisse
2769 4801 2902 4857 dicit
2954 4805 3318 4874 egredientem
3367 4812 3437 4867 de

1860 4878 2079 4949 templo,
2098 4882 2187 4949 qui
2212 4884 2379 4938 crevit
2405 4885 2459 4939 in
2482 4901 2735 4961 magnum
2756 4888 2998 4957 ﬂuvium,
3021 4900 3075 4947 et
3097 4897 3338 4964 perrexit
3362 4898 3433 4951 ad

1861 4969 2200 5025 solitudinem
2224 4975 2481 5044 gentium,
2514 4985 2570 5031 ut
2598 4978 2742 5033 illam
2770 4979 3021 5052 irrigaret
3041 4983 3235 5040 divinae
3255 4985 3432 5041 scien-

1860 5058 1947 5112 tiae
1982 5057 2216 5114 fluentis.
2271 5062 2370 5120 Hic
2418 5063 2539 5121 fons
2584 5076 2733 5137 patet
2779 5070 2832 5123 in
2880 5070 3210 5127 ablutionem
3231 5088 3428 5145 pecca-

1859 5149 1992 5204 toris
2018 5159 2070 5204 et
2101 5161 2464 5221 menstruatae,
2493 5165 2570 5222 ut,
2619 5167 2872 5229 percepta
2909 5160 3039 5227 fide,
3074 5177 3428 5223 renascamur

1814 5300 1817 5303 δ
1856 5237 1909 5293 in
1940 5239 2178 5309 Christo,
2217 5253 2273 5299 et
2318 5246 2369 5301 in
2396 5262 2589 5317 aquam
2628 5250 2886 5321 baptismi
2913 5262 3098 5310 nostra
3135 5253 3429 5313 abluantur

1858 5328 2071 5385 delicta.
2126 5331 2432 5389 Secundum
2476 5338 2692 5394 beatum
2752 5339 3108 5411 Gregorium,
3154 5340 3277 5397 fons
3322 5340 3428 5399 ista

1855 5422 2155 5495 largissima
2199 5434 2280 5481 est
2320 5427 2414 5483 Dei
2455 5427 2843 5497 misericordia,
2884 5440 3074 5502 patens
3099 5432 3425 5490 domuiDa-

1855 5513 1966 5579 vid,
1991 5513 2044 5569 id
2070 5523 2150 5570 est
2180 5516 2443 5574 universae
2483 5518 2772 5588 Ecclesiae;
2808 5521 2861 5575 in
2899 5520 3230 5578 ablutionem
3266 5537 3421 5580 meu-

1855 5616 2099 5676 struatae,
2150 5621 2204 5666 et
2236 5610 2352 5683 ejus
2397 5613 2487 5683 qui
2525 5612 2641 5684 jam
2673 5614 3014 5684 concupitum
3057 5614 3234 5671 scelus
3261 5629 3425 5688 opere

1853 5701 2207 5772 perpetravit,
2254 5717 2413 5775 quem
2457 5712 2614 5760 vocat
2659 5712 3017 5776 peccatorem,
3068 5712 3123 5761 et
3169 5718 3292 5761 eum
3330 5705 3425 5776 qui

1855 5792 2054 5850 malum
2083 5809 2217 5865 opus
2246 5795 2300 5850 in
2327 5795 2505 5852 animo
2531 5810 2597 5852 ex
2626 5794 3010 5852 deliberatione
3032 5796 3301 5866 concepit,
3328 5795 3421 5853 sed
