3950 6442
504 381 602 487 sui

967 424 1055 478 ilA
1068 421 1320 479 vuoxrs
1336 441 1341 447 ο
1358 400 1836 477 llALBEllSTAT.
1877 417 2066 474 EPlSC

2170 419 2280 475 ῬΡ.
2320 421 2498 478 PARS
2535 422 2676 477 1.-
2700 421 3055 479 COMMENT.
3095 421 3267 478 BlBL.

3651 424 3752 477 238

504 541 735 598 necdum
763 542 827 591 ad
870 512 1119 588 effectum
1166 510 1442 606 per‘duxit,
1488 549 1648 605 quam
1683 534 1893 589 vocavit
1927 547 2076 587 inen-
2104 534 2152 595 Α
2179 535 2349 601 cruci,
2379 534 2521 589 velut
2545 537 3091 607 pseudoprophetam,
3122 546 3176 592 et
3206 539 3307 592 hoc
3336 546 3420 592 cst
3440 538 3585 607 quod
3608 540 3752 594 dixe-

508 639 791 687 struatam.
823 628 1152 693 Menstruata
1195 626 1395 680 etenim
1430 634 1486 680 et
1526 625 1748 679 alterius
1770 630 1942 679 ‘carne
1966 637 2075 677 non

508 724 766 794 tangitur,
808 727 861 787 et
908 732 1002 773 sua
1039 731 1205 773 carne
1244 717 1582 787 inquinatur.
1626 716 1771 771 Talis
1799 723 1878 770 est
1898 716 2077 769 anima

507 813 845 885 passionibus
883 809 1137 864 vitiorum
1183 815 1238 863 et
1289 809 1580 863 voluntatis
1622 808 1779 862 malae
1829 805 2081 861 sordibus

507 905 721 958 fmdata.
754 899 1015 957 Omnibus
1037 912 1166 967 ergo
1195 906 1342 968 patet
1369 896 1737 952 misericordia
1774 894 1885 949 Dei.

581 1013 599 1044 ι
631 993 698 1048 Et
725 992 831 1048 erit
858 991 912 1045 in
955 990 1042 1045 die
1078 989 1192 1055 illa,
1236 989 1366 1044 dicit
1411 974 1670 1044 Dominus
1700 987 2072 1042 exercituum:

501 1085 816 1155 Disperdam
862 1082 1079 1138 nomina
1129 1081 1392 1137 idolorum
1436 1081 1502 1136 de
1546 1088 1710 1146 terra,
1739 1089 1793 1134 ct
1823 1094 1926 1133 non
1959 1094 2073 1134 mc-

502 1175 858 1231 morabuntur
886 1172 1050 1237 ultra,
1081 1180 1136 1227 et
1180 1171 1677 1240 pseudoprophetas
1727 1178 1780 1223 et
1826 1168 2074 1237 spiritum

500 1266 839 1322 immundum
866 1262 1105 1319 auferam
1131 1262 1196 1318 de
1225 1270 1423 1316 terra.»
1450 1261 1506 1314 ln
1528 1260 1612 1314 die
1643 1259 1751 1323 illa,
1775 1275 1894 1313 cum
1920 1257 2075 1313 Chri-

498 1366 615 1412 stus
639 1356 935 1411 Ecclesium
981 1368 1135 1409 suam
1182 1350 1492 1416 salvaverit,
1538 1350 1809 1420 disperdet
1859 1349 2072 1403 nomina

499 1446 764 1501 idolorum
815 1445 882 1499 de
920 1453 1089 1508 terra,
1138 1442 1252 1497 sive
1293 1456 1410 1511 quae
1434 1455 1592 1495 manu
1616 1438 1839 1494 artificis
1863 1438 2071 1509 sculpta

496 1543 646 1601 sunt,
680 1535 794 1590 sive
833 1533 972 1589 idola
996 1546 1282 1604 pravorum
1311 1532 1644 1603 dogmatum,
1676 1544 1793 1598 quae
1816 1529 1884 1583 ab
1910 1529 2074 1584 haere-

498 1624 620 1680 ticis
650 1627 879 1681 conficta
908 1632 1050 1679 sunt.
1076 1621 1229 1678 Sicut
1252 1622 1397 1677 enim
1423 1622 1559 1677 fiunt
1589 1620 1728 1676 idola
1757 1636 1918 1675 manu
1941 1620 2073 1676 arti-

495 1716 640 1782 ficis,
667 1716 741 1771 ita
778 1715 1152 1771 bzcretieorum
1194 1728 1452 1784 perversa
1505 1712 1748 1767 doctrina
1782 1712 1833 1766 in
1871 1711 2070 1766 idolum

472 1809 747 1874 'vcrtitur,
777 1807 867 1877 qui
895 1822 991 1876 pro
1033 1805 1251 1860 Christo
1276 1805 1506 1859 adorant
1529 1802 1937 1857 Antichristum.
1961 1801 2070 1854 Au-

495 1895 634 1950 feret
661 1910 875 1966 quoque
920 1894 1214 1966 prophetas
1249 1891 1432 1957 falsos,
1456 1892 1511 1947 id
1534 1900 1616 1947 est
1669 1890 1933 1946 idolorum
1984 1906 2070 1945 sa-
2100 1891 2145 1949 B

493 1988 765 2054 cerdotes,
808 2003 944 2058 quos
996 1986 1197 2041 e'bnici
1240 1986 1532 2057 pr0phetas
1585 1983 1668 2039 vel
1714 1992 1864 2039 vates
1891 1983 2071 2054 appel-

493 2080 624 2134 lant.
657 2079 880 2135 Auferet
928 2087 982 2135 et
1018 2076 1265 2148 spiritum
1314 2077 1667 2141 immundum,
1717 2076 1808 2145 qui
1859 2076 1913 2130 in
1964 2076 2069 2130 im-

476 2172 817 2225 mundorum
840 2168 1093 2224 cordibus
1124 2167 1437 2238 requiescit,
1466 2177 1523 2221 ut
1544 2165 1655 2236 jam
1681 2167 1951 2222 neminem
1972 2182 2070 2238 per

470 2260 760 2315 "fanaticos
785 2270 839 2314 ct
864 2258 1075 2313 divinos
1099 2256 1313 2312 valeant
1349 2256 1618 2325 decipere.

542 2371 586 2403 »ι
619 2352 686 2407 Ει
728 2352 854 2419 erit,
885 2365 1005 2406 eum
1035 2347 1441 2419 prOphetaverit
1472 2346 1740 2418 quispiam
1767 2346 1910 2402 ultra
1938 2365 1949 2400 :
1985 2347 2067 2403 di-

489 2451 613 2498 cent
638 2443 687 2498 ei
709 2452 865 2514 pater
882 2440 998 2510 ejus
1025 2448 1079 2495 et
1105 2448 1277 2495 mater
1298 2438 1434 2509 ejus,
1463 2439 1555 2510 qui
1581 2449 1881 2509 genuerunt
1904 2454 2067 2497 eum:

490 2533 604 2589 Non
635 2533 809 2599 vives,
836 2531 965 2602 quia
1009 2529 1349 2586 mendacium
1399 2529 1609 2586 locutus
1652 2545 1713 2586 es
1752 2529 1806 2583 in
1853 2530 2069 2585 nomine

488 2626 702 2682 Domini
729 2632 833 2691 ;~et
866 2622 1138 2695 configent
1168 2638 1292 2678 eum
1325 2631 1479 2693 pater
1508 2621 1623 2692 ejus
1648 2629 1704 2678 et
1728 2629 1901 2677 mater
1930 2622 2065 2692 ejus,

489 2716 759 2786 genitorcs
802 2712 936 2783 ejus,
967 2728 1089 2769 eum
1131 2713 1551 2784 prophetaverit.
1597 2732 1615 2765 ι
1641 2712 1775 2769 Cum
1807 2714 1921 2768 btec
1948 2728 2069 2783 qua:

490 2821 654 2876 supra
703 2806 844 2861 dicta
884 2812 1009 2859 sunt
1052 2788 1271 2873 impleta
1316 2803 1537 2869 fuerint,
1562 2811 1618 2859 et
1641 2802 1858 2859 nomina
1879 2818 2067 2859 eorum

490 2900 753 2969 dispersa,
785 2897 904 2952 falsi
931 2896 1433 2968 quoqueprophetae
1456 2905 1512 2952 et
1537 2896 1799 2952 immundi
1822 2896 2062 2967 spiritus,

488 2992 582 3062 qui
612 3008 710 3062 per
728 3007 822 3046 eos
848 2989 1218 3060 loquebantur,
1250 2988 1450 3045 fuerint
1494 2988 1710 3055 sublati,
1749 2988 1793 3043 si
1830 2988 1950 3058 quis
1987 2988 2067 3043 ul-

489 3091 575 3135 tra
605 3096 672 3136 ex
700 3095 926 3150 persona
956 3080 1166 3135 Domini
1192 3080 1511 3150 prophetare
1542 3080 1855 3146 tentaverit,
1888 3080 2063 3136 conti-

489 3188 596 3228 nuo
624 3182 778 3242 pater
798 3179 851 3227 et
878 3179 1051 3225 mater
1072 3170 1222 3225 obliti
1246 3172 1450 3240 paterni
1475 3179 1527 3228 et
1554 3172 1786 3227 materni
1816 3171 2060 3237 affectus,

2179 635 2350 679 runt:
2399 644 2416 676 ι
2475 625 2584 681 Nos
2624 623 2797 697 legem
2839 628 3125 694 habemus,
3154 635 3210 683 et
3251 629 3547 683 secundum
3580 628 3750 700 legem

2178 717 2336 773 debet
2364 718 2519 773 mori.
2556 738 2575 770 ι
2607 718 2717 773 Lex
2742 718 2883 774 enim
2908 734 3016 774 non
3062 726 3272 773 tantum
3318 718 3392 775 illi
3427 720 3668 790 quinque
3692 722 3752 777 li-

2175 804 2258 860 bri
2292 806 2480 877 Moysi,
2509 807 2602 861 sed
2637 818 2693 862 et
2725 807 3001 878 propheta:
3026 817 3080 863 et
3108 808 3299 879 psalmi
3337 790 3425 864 lex
3449 810 3706 866 dicuntur
3733 830 3749 865 :

2177 896 2317 952 unde
2345 897 2604 952 Dominus
2633 898 2685 952 in
2721 897 3009 967 Evangelio
3052 915 3066 952 :
3106 917 3123 950 ι
3160 898 3349 955 Nonne
3376 899 3594 972 (inquit)
3617 903 3752 958 scri—

2175 996 2326 1057 ptum
2371 996 2454 1042 est
2480 988 2533 1042 in
2557 989 2672 1058 lege
2701 997 2879 1043 vestra
2911 1008 2922 1043 :
2974 989 3085 1059 Ego
3107 990 3237 1052 dixi,
3264 991 3344 1045 Dii
3391 992 3537 1053 estis,
3579 1012 3599 1042 ι
3629 1009 3749 1047 cum

2175 1079 2277 1135 hoc
2298 1080 2350 1132 in
2375 1079 2594 1148 psalmis
2616 1079 2871 1150 scriptum
2901 1080 3003 1135 sit?
3023 1079 3382 1150 Respondebit
3404 1082 3490 1136 ille
3513 1101 3528 1135 :
3561 1100 3579 1133 ε
3600 1094 3652 1138 et
3673 1084 3751 1138 di-

2176 1179 2261 1226 cet
2298 1187 2312 1223 :
2340 1171 2433 1226 llis
2455 1172 2699 1243 plagatus
2720 1187 2837 1226 sum
2866 1171 2919 1225 in
2951 1172 3110 1226 domo
3136 1188 3321 1227 eorum
3344 1174 3431 1243 qui
3462 1174 3752 1243 diligebant

2173 1276 2280 1317 me.
2324 1281 2342 1313 ›
2368 1262 2480 1329 Qua
2506 1262 2854 1332 responsione
2898 1271 3103 1316 tantam
3134 1262 3223 1316 illo
3253 1258 3497 1333 tempore
3515 1265 3752 1320 ostendit

2172 1352 2418 1406 veritatis
2441 1351 2675 1406 futuram
2703 1352 3026 1419 custodiam,
3054 1360 3108 1405 ut
3138 1366 3236 1407 nec
3267 1352 3354 1407 ille
3382 1353 3471 1422 qui
3495 1369 3597 1410 suo
3624 1354 3750 1409 vitio

2174 1443 2461 1498 damnatus
2497 1442 2692 1507 fuerat,
2745 1442 2941 1496 audeat
2969 1443 3184 1497 mentiri
3209 1482 3223 1506 ,
3257 1444 3348 1497 sed
3374 1453 3518 1497 recte
3546 1458 3607 1498 se
3626 1459 3749 1515 per-

2172 1549 2387 1604 pessum
2413 1534 2594 1588 omnia
2618 1532 2869 1588 fateatur.
2900 1532 3023 1588 Hcce
3066 1532 3285 1605 (inquit)
3317 1533 3540 1588 vulnera
3566 1535 3649 1590 vel
3674 1536 3750 1589 ci-

2172 1627 2402 1681 catrices
2424 1626 2475 1680 in
2493 1627 2650 1680 domo
2672 1634 2954 1695 parentum
2978 1627 3181 1695 accepi,
3199 1626 3289 1696 qui
3315 1641 3399 1681 me
3423 1626 3748 1698 diligebant;

2171 1717 2561 1771 condemnatus
2589 1730 2693 1770 non
2725 1716 3042 1783 odientium,
3072 1717 3167 1772 sed
3210 1717 3505 1772 amantium
3551 1731 3640 1773 me
3672 1718 3755 1788 ju-

2173 1806 2332 1861 dicio.

2267 1896 2287 1928 ι
2352 1875 2579 1933 Framea
2637 1877 2898 1933 suscitare
2977 1893 3139 1948 super
3196 1885 3467 1947 pastorem
3538 1893 3752 1942 meum,

2164 1976 2223 2021 et
2275 1983 2438 2034 super
2482 1969 2657 2023 virum
2700 1970 3060 2024 eohzerentcm
3114 1970 3267 2031 mihi,
3315 1969 3445 2024 dicit
3494 1970 3755 2024 Dominus

2170 2059 2503 2114 exercituum
2549 2077 2562 2111 :
2615 2068 2835 2130 percute
2906 2069 3209 2129 pastorem,
3265 2068 3318 2112 ct
3379 2060 3756 2130 dispergcntur

2169 2164 2343 2205 oves:
2399 2160 2453 2206 et
2493 2159 2802 2204 convertam
2856 2166 3070 2205 manum
3111 2166 3283 2205 meam
3315 2152 3380 2205 ad
3422 2153 3697 2219 parvulos.
3729 2173 3751 2206 ι

2168 2238 2763 2310 Fremea,rhomph:ea,
2789 2241 2840 2294 id
2863 2241 3170 2311 cstgladius
3199 2240 3284 2295 his
3312 2250 3526 2304 acutus,
3557 2258 3752 2311 quam-

2168 2333 2250 2388 vis
2298 2332 2514 2403 quidam
2564 2332 2806 2387 lanceam
2836 2332 3001 2387 velint
3030 2333 3297 2401 accipere.
3353 2334 3586 2403 imperat
3625 2349 3756 2404 ergo

2168 2424 2429 2480 Dominus
2444 2422 2678 2489 framea),
2695 2433 2752 2477 ut
2768 2424 3056 2478 suscitetur
3077 2437 3236 2493 super
3261 2432 3558 2493 pastorem,
3594 2441 3756 2494 quem

2168 2516 2351 2572 nullus
2374 2516 2584 2572 dubitat
2609 2532 2728 2570 esse
2761 2515 3057 2571 Christum.
3090 2515 3234 2570 Deus
3261 2517 3407 2570 enim
3434 2516 3600 2571 Pater
3631 2533 3755 2587 pro-

2168 2616 2289 2677 pter
2315 2607 2538 2662 nimiam
2584 2608 2903 2662 charitatcm
2958 2622 3063 2676 qua
3110 2622 3279 2677 genus
3322 2607 3621 2663 humanum
3674 2610 3757 2663 di-

2168 2700 2323 2766 lexit,
2371 2699 2756 2770 praeordinavit
2792 2708 2917 2754 ante
2967 2699 3160 2754 saecula
3216 2714 3315 2770 per
3352 2698 3476 2753 Filii
3522 2708 3754 2755 mortem

2166 2791 2424 2846 mundum
2472 2790 2761 2855 redimere,
2827 2790 2991 2844 etiam
3041 2790 3095 2843 in
3149 2789 3485 2860 plenitudine
3547 2798 3757 2859 temptr

2167 2897 2288 2937 rum
2335 2896 2475 2952 opus
2514 2896 2626 2936 sum
2668 2880 3055 2937 misericordiae
3111 2882 3384 2937 accelerat
3437 2881 3753 2951 adimplere.

2167 2970 2423 3041 Praecipit
2452 2972 2634 3041 itaque
2660 2971 2879 3026 frameas
2924 2972 3037 3026 sive
3078 2971 3276 3041 gladio,
3309 2986 3468 3041 quem
3507 2970 3593 3025 vel
3636 2986 3756 3038 pas-

2167 3061 2338 3117 sionis
2366 3061 2626 3127 dolorem,
2649 3060 2733 3115 vel
2769 3070 3015 3125 mortem,
3047 3061 3130 3115 vel
3156 3069 3308 3117 certe
3348 3062 3519 3132 ipsam
3543 3058 3758 3116 Judzco-

2167 3172 2286 3213 rum
2322 3155 2578 3212 malitiam
2606 3171 2894 3226 possumus
2917 3156 3181 3226 accipere,
3217 3156 3283 3211 de
3305 3171 3407 3226 qua
3428 3156 3544 3227 ipse
3566 3155 3635 3210 ad
3656 3155 3759 3210 Pa-

490 3271 549 3317 ut
583 3264 675 3319 Dei
697 3263 949 3334 impleant
978 3262 1328 3326 voluntatem,
1357 3263 1633 3332 proferunt
1678 3271 1863 3319 contra
1896 3263 2064 3317 ﬁlium
2093 3253 2136 3314 (Ἰ
2171 3248 2592 3318 tremloquitur:
2619 3266 2636 3298 ι
2658 3247 3060 3303 Erueaframea
3076 3249 3308 3303 animam
3327 3264 3554 3304 meama
3580 3247 3762 3304 Suscio

490 3350 679 3410 mortis
702 3353 1044 3419 sententiam,
1073 3368 1173 3409 nec
1203 3356 1608 3425 exspectabitur
1630 3354 1902 3424 publicum
1919 3355 2062 3426 judi-

490 3445 652 3509 cium,
676 3444 770 3499 sed
796 3444 1035 3513 ipsorum
1075 3443 1499 3513 propinquorum
1536 3442 1740 3513 judicio
1780 3445 2062 3501 damnabi-

491 3551 593 3598 llll',
618 3533 711 3602 qui
733 3549 897 3589 ausus
926 3530 1088 3588 fuerit
1120 3534 1462 3604 prophetare.

564 3645 583 3676 ι
608 3626 675 3680 Ει
699 3626 834 3681 erit:
863 3626 922 3681 In
949 3626 1035 3682 die
1055 3625 1142 3681 illa
1164 3627 1561 3684 confundcntur
1581 3630 1871 3702 prephette,
1900 3645 2065 3687 unus-

491 3717 719 3787 quisque
764 3732 830 3771 ex
880 3717 1087 3773 visione
1137 3733 1236 3773 sua
1300 3734 1422 3774 cum
1465 3722 1870 3792 prophetaverit
1915 3740 1927 3776 :
1965 3738 2065 3778 nec

491 3810 801 3879 aperientur
819 3810 980 3882 pallio
1003 3812 1242 3877 sacciuo,
1272 3822 1331 3866 ut
1358 3814 1708 3869 mentiantur.
1747 3835 1767 3867 ι
1796 3815 1929 3870 Cum
1962 3817 2066 3887 (in.

490 3900 624 3973 quit)
655 3902 932 3957 convictus
958 3902 1119 3957 fuerit
1145 3903 1231 3958 ille
1264 3903 1384 3959 talis
1418 3904 1676 3976 pr0pheta
1702 3905 1843 3975 quod
1871 3904 2064 3962 falsum

486 3996 699 4047 locutus
742 4000 825 4046 est
878 3991 932 4046 in
984 3992 1203 4048 nomine
1261 3992 1498 4061 Domini,
1558 4009 1739 4049 rerum
1787 3996 2065 4053 contrario

478 4081 649 4146 exitu,
687 4080 1044 4137 confundetur
1070 4098 1135 4137 ex
1166 4081 1299 4137 falsa
1330 4099 1425 4138 sua
1453 4083 1679 4149 visione,
1725 4100 1827 4139 nec
1852 4088 2062 4156 operie-

488 4180 577 4226 tur
604 4172 769 4241 pallio
805 4173 1043 4227 saecino.
1093 4172 1192 4227 llic
1218 4174 1362 4228 enim
1389 4182 1506 4228 erat
1534 4174 1749 4231 habitus
1780 4177 2068 4246 propheta-

458 4266 463 4272 ‘
487 4276 605 4315 rum
632 4275 647 4313 :
676 4261 1048 4317 vestiebantur
1075 4261 1270 4326 cilicio,
1300 4277 1422 4316 cum
1449 4264 1643 4333 populo
1691 4266 2066 4335 paenitentiam

486 4354 897 4419 annuntiabant,
930 4353 1066 4409 sicut
1106 4354 1335 4422 legimus
1380 4354 1577 4411 fecisse
1616 4356 1806 4412 Isaiam
1837 4361 2064 4431 prophe-

488 4451 620 4496 tam.
648 4442 796 4511 Ergo
816 4443 1285 4513 pseudopropheta
1314 4445 1459 4501 hunc
1491 4446 1735 4503 habitum
1766 4464 1872 4504 non
1899 4451 2066 4506 aude—

486 4532 568 4587 bit
597 4548 891 4599 assumere,
917 4544 971 4589 et
997 4535 1251 4592 simulare
1278 4552 1336 4592 se
1357 4552 1476 4594 esse
1507 4540 1849 4610 prophetam.

2165 3345 2312 3393 tatur
2334 3339 2450 3394 haec
2475 3337 2678 3393 framea
2703 3354 2866 3408 super
2886 3346 3157 3409 pastorem
3182 3338 3459 3395 Christum
3487 3350 3762 3412 praecepto

2160 3427 2358 3494 Patris,
2376 3429 2444 3486 ad
2453 3443 2614 3499 quem
2627 3427 2824 3484 dicitur
2841 3447 2853 3481 :
2874 3428 3041 3497 Quem
3059 3439 3113 3485 tu
3127 3429 3464 3499 percussisti,
3483 3427 3763 3500 persecuti

2163 3529 2307 3576 sunt.
2327 3520 2635 3576 Suscitatur
2657 3528 2711 3574 et
2726 3536 2885 3590 super
2901 3522 3076 3576 virum
3098 3523 3461 3577 cohazrentem
3478 3522 3583 3588 illi,
3610 3523 3663 3577 id
3678 3534 3765 3579 est

2164 3611 2275 3667 Deo
2301 3611 2449 3666 Patri
2480 3629 2495 3665 :
2524 3612 2667 3667 filius
2702 3612 2845 3666 enim
2888 3626 3103 3682 semper
3140 3612 3378 3668 cohaeret
3412 3612 3590 3680 Patri,
3620 3614 3769 3669 sicut

2165 3704 2280 3774 ipse
2328 3704 2498 3760 dicit:
2531 3723 2547 3755 ι
2583 3703 2694 3774 Ego
2727 3704 2781 3757 in
2810 3702 2991 3769 Patre,
3030 3710 3085 3758 et
3131 3701 3292 3758 Pater
3349 3703 3402 3758 in
3456 3720 3544 3759 me
3598 3716 3705 3760 est.
3741 3725 3761 3757 ι

2165 3795 2412 3852 Cohaeret
2450 3803 2631 3851 autem
2660 3794 2757 3861 illi,
2799 3810 2906 3850 non
2934 3810 3031 3865 per
3057 3795 3513 3866 conjunctionem,
3537 3797 3639 3852 sed
3669 3812 3769 3866 per

2167 3889 2404 3960 ejusdem
2425 3888 2740 3943 substantia!
2759 3888 3046 3943 unitatem.
3070 3888 3138 3943 Et
3158 3889 3455 3944 notandum
3482 3890 3636 3959 quod
3676 3891 3767 3946 hic

2166 3978 2328 4034 Pater
2350 3979 2716 4033 introducitur
2736 3979 3077 4050 prmcipiens,
3097 3996 3148 4034 in
3173 3979 3632 4051 Evangeliavero
3662 3984 3770 4038 Do—

2166 4071 2345 4126 minus
2366 4070 2479 4140 ipse
2505 4070 3058 4140 loquensinducitur:
3087 4090 3105 4121 ‹
3127 4071 3432 4126 Percutiam
3456 4081 3763 4142 pastorem,

2167 4166 2222 4215 et
2249 4161 2623 4230 dispergentur
2640 4176 2787 4215 oves.
2827 4180 2845 4212 ι
2871 4161 3168 4231 Postquam
3208 4177 3337 4233 ergo
3365 4165 3542 4219 bonus
3570 4176 3769 4236 pastor

2166 4264 2453 4320 percussus
2479 4259 2581 4315 est,
2605 4258 2662 4305 et
2687 4251 2768 4305 vir
2788 4252 3068 4307 cohaerens
3097 4251 3208 4307 Deo
3244 4254 3296 4307 in
3339 4269 3504 4310 cruce
3529 4271 3768 4326 snspen-

2168 4355 2260 4397 sus
2287 4350 2390 4409 est,
2422 4341 2680 4412 dispersae
2700 4352 2825 4397 sunt
2846 4358 2976 4399 oves
3004 4344 3253 4414 apostoli,
3295 4354 3349 4399 et
3382 4344 3426 4399 si
3463 4347 3557 4414 qui
3602 4355 3768 4402 erant

2167 4433 2532 4500 credentium,
2560 4443 2689 4490 tunc
2711 4436 2877 4491 vertit
2906 4452 3124 4493 manum
3148 4440 3215 4494 ad
3246 4439 3522 4509 parvulos,
3554 4444 3767 4511 quibus

2170 4526 2381 4582 dixerat
2410 4543 2423 4579 :
2467 4544 2485 4575 ι
2524 4525 2700 4582 Nolite
2726 4527 2949 4591 timere,
2978 4529 3207 4598 pusillus
3232 4546 3382 4600 grex,
3428 4551 3446 4583 ι
3479 4541 3593 4588 etc.
3629 4533 3767 4587 Par-

565 4640 587 4673 ι
621 4623 725 4679 Sed
740 4625 885 4680 dicet
915 4644 932 4676 ι
967 4626 1108 4695 quod
1130 4628 1375 4698 sequitur
1399 4648 1411 4683 :
1450 4647 1469 4681 ι
1502 4604 1625 4685 1-\'ou
1645 4646 1762 4686 sum
1787 4631 2067 4702 pr0pheta,
2095 4604 2146 4664 Ῑ)
2175 4616 2281 4670 VU“
2310 4625 2467 4670 eram
2492 4617 2741 4686 θροειοιίν
2766 4618 3053 4688 οωιετίίιυθ
3073 4618 3286 4674 θοῐηίυί
3311 4629 3645 4688 “cultores,
3670 4625 3766 4694 (ιυί

485 4715 651 4770 homo
681 4716 917 4787 agricola
960 4732 1060 4786 ego
1084 4734 1200 4773 sum
1226 4737 1239 4773 :
1268 4721 1522 4790 quoniam
1558 4721 1728 4776 Adam
1765 4723 2067 4791 exemplum

486 4820 668 4862 meum
711 4809 780 4863 ab
809 4808 1169 4865 adolescentia
1207 4826 1344 4865 mea.
1376 4812 1444 4865 Et
1481 4812 1689 4866 dicetur
1723 4812 1791 4867 ei.
1843 4832 1861 4865 ι
1896 4812 2067 4871 Homo

488 4899 706 4974 (inquit)
748 4914 868 4956 sum
914 4902 1171 4973 agricola,
1220 4912 1419 4959 terram
1465 4905 1712 4959 scindens
1748 4914 2066 4971 vomcrc,-et

487 4989 564 5045 illi
594 4988 846 5058 subjaceo
871 4993 1173 5059 sententia},
1197 5008 1317 5063 quae
1344 4994 1543 5049 emissa
1570 4994 1727 5049 estin
1748 4994 1917 5049 Adam
1939 5011 2062 5067 pec-

487 5084 724 5146 cantem,
778 5082 991 5151 quando
1013 5080 1069 5157 ei
1096 5083 1231 5139 dixit
1260 5080 1538 5151 Dominus,
1574 5103 1591 5137 ι
1629 5084 1685 5139 1η
1724 5085 1918 5140 sudore
1947 5086 2063 5141 vul-

486 5172 699 5236 tus‘tui,
728 5189 746 5222 ι
767 5182 873 5229 etc.
891 5172 1022 5228 Cum
1045 5188 1103 5229 se
1129 5174 1405 5244 professus
1427 5174 1589 5231 fuerit
1615 5177 1929 5247 pr0phetam
1954 5195 2061 5233 non

486 5279 627 5331 esse,
666 5265 758 5320 s'ed
787 5266 1098 5335 agricolam,
1123 5268 1476 5339 interrogabit
1500 5284 1622 5323 eum
1648 5269 1862 5338 aliquis,
1906 5279 1961 5325 et
1988 5266 2073 5325 di?

485 5366 573 5412 (et
602 5375 614 5410 :
649 5378 666 5409 ‹
696 5357 833 5425 Quid
861 5369 985 5415 sunt
1013 5354 1182 5432 plagae
1214 5360 1327 5415 istm
1355 5363 1408 5415 in
1446 5362 1623 5417 medio
1652 5347 1905 5417 manuum
1948 5373 2064 5418 tua—

488 5451 650 5504 rum?
693 5471 711 5503 ι
757 5451 865 5507 Cur
888 5452 1103 5525 (inquit)
1137 5453 1379 5510 confixus
1408 5472 1466 5511 es
1505 5456 1706 5512 clavis?
1735 5458 1869 5514 Nam
1899 5476 2060 5530 supra

484 5534 706 5607 dicitur,
751 5546 891 5615 quod
945 5542 1218 5616 genitores
1271 5548 1351 5601 sui
1383 5563 1505 5603 eum
1554 5549 1890 5607 eonfixcrant
1936 5569 2058 5609 cum

474 5634 852 5703 prophetaret.
905 5635 962 5690 Si
1009 5650 1140 5706 ergo
1171 5634 1287 5709 (ait)
1328 5636 1432 5693 non
1483 5655 1542 5695 es
1590 5641 1871 5711 propheta,
1916 5642 2059 5713 quod

484 5728 717 5794 peccasti
773 5736 826 5779 tu
852 5735 911 5780 ut
960 5728 1084 5782 huic
1127 5745 1301 5800 pernae
1338 5731 1679 5800 suhjaecrcs?
1703 5734 1929 5805 Propter
1955 5736 2058 5791 hoc

485 5815 731 5871 fortassis
759 5814 1027 5873 Christum
1066 5819 1347 5876 Dominum
1397 5821 1563 5909 .ludtei
1618 5823 2060 5893 adjudicaverunt

2170 4709 2442 4779 simplices
2488 4719 2545 4764 et
2592 4710 2906 4766 innocentes
2952 4719 3010 4766 et
3056 4711 3258 4766 malitia
3287 4712 3518 4782 parvuli,
3548 4714 3645 4769 vel
3670 4716 3767 4785 qui

2130 4837 2137 4845 .
2170 4800 2345 4860 adhuc
2372 4802 2439 4857 ad
2463 4804 2923 4873 comparationem
2965 4804 3279 4870 infidelium,
3311 4806 3401 4874 qui
3433 4806 3767 4863 innumera-

2168 4892 2303 4947 biles
2329 4901 2506 4960 erant,
2537 4895 2847 4962 paucissimi
2887 4895 3227 4951 videbantur.
3263 4895 3341 4950 Ad
3370 4897 3469 4951 hos
3502 4913 3765 4963 manum,

2168 4981 2220 5035 id
2247 4989 2333 5038 est
2370 4984 2737 5053 operationem
2767 4985 3054 5051 convertit,
3087 4994 3149 5040 ut
3179 4985 3299 5042 illos
3324 4986 3585 5054 salvaret,
3619 4999 3680 5045 et
3708 4991 3766 5045 in

2164 5071 2269 5127 illis
2310 5074 2578 5143 passionis
2604 5091 2715 5129 suae
2738 5077 3022 5132 utilitatem
3065 5075 3408 5147 fructumque
3436 5079 3765 5148 perficeret.

2165 5162 2318 5218 Unde
2348 5165 2593 5232 sequitur
2619 5183 2631 5218 :

2243 5293 2262 5325 ι
2315 5274 2383 5329 Ει
2421 5285 2582 5331 erunt
2613 5278 2663 5330 in
2695 5280 2840 5334 omni
2873 5289 3039 5345 terra,
3072 5282 3201 5336 dicit
3228 5281 3492 5338 Dominus
3523 5303 3539 5338 :
3566 5294 3770 5355 partes

2167 5365 2284 5420 dua:
2312 5367 2363 5453 in
2394 5383 2457 5422 ea
2507 5368 2885 5440 disperdentur
2931 5383 2985 5427 et
3038 5364 3309 5441 deficient,
3340 5385 3391 5431 et
3423 5377 3585 5433 tertia
3631 5392 3769 5448 pars

2167 5456 2503 5530 relinquetur
2540 5463 2592 5515 in
2650 5477 2731 5516 ea.
2779 5485 2796 5517 ι
2839 5465 2969 5520 Duce
2997 5474 3179 5535 partes
3208 5476 3334 5522 sunt
3356 5466 3682 5525 Iudaeorum
3708 5480 3767 5525 ct

2164 5550 2464 5619 gentilium,
2511 5567 2631 5623 quae
2666 5556 2872 5624 pariter
2914 5556 3192 5628 perierunt
3227 5569 3282 5614 et
3308 5559 3661 5628 defecerunt,
3707 5573 3768 5617 et

2163 5641 2441 5711 impletum
2495 5653 2577 5699 est
2619 5648 2761 5714 quod
2797 5648 2850 5702 in
2883 5650 3105 5720 psalmis
3146 5651 3346 5707 dictum
3392 5660 3474 5707 est
3508 5670 3521 5706 :
3570 5671 3591 5704 σ
3636 5653 3764 5710 Sal-

2163 5750 2288 5789 vum
2317 5752 2403 5791 me
2452 5735 2555 5801 fac,
2600 5740 2845 5807 Domine,
2897 5745 3152 5812 quoniam
3202 5745 3399 5802 defecit
3442 5759 3696 5807 sanctus.
3736 5768 3755 5802 ι

2166 5826 2349 5886 Tertia
2386 5839 2575 5887 autem.
2594 5847 2719 5904 pars
2763 5844 2845 5891 est
2892 5836 3006 5894 haec
3050 5839 3383 5895 credentium
3413 5850 3523 5897 tam
3555 5855 3627 5899 ex
3655 5840 3761 5895 Ju-
