3950 6480
180 530 280 589 269

1075 523 1481 581 ENARRATIO
1516 520 1585 577 IN
1623 521 2024 578 ZACHARIAM
2064 524 2506 583 PROPHETAM.

3251 609 3254 612 ἑ
3328 532 3433 587 ero

78 670 89 681 -
175 648 300 705 dzeis
329 659 490 716 quam
518 658 586 700 ex
628 636 878 714 gentibus
913 635 1130 711 pupulis
1175 636 1397 695 reﬁctus
1421 638 1544 692 vitae
1583 646 1640 692 et
1663 652 1747 692 sa-
1774 640 1824 700 Α
1850 651 2160 709 exsurgere,
2204 640 2290 694 vel
2336 656 2464 696 cum
2493 653 2709 700 sanctos
2741 644 2798 700 in
2841 646 3183 703 tribulatione
3234 651 3438 719 positos

175 738 290 794 luti.

246 846 265 879 ι
299 825 364 881 Et
406 825 599 881 ducam
651 824 864 879 tertiam
891 830 1099 895 partem
1137 837 1238 892 per
1277 822 1476 894 ignem,
1505 828 1558 876 et
1590 834 1749 876 "uram

172 935 266 980 eos
287 921 430 976 sicut
450 919 631 974 uritur
653 925 968 988 argentum;
998 925 1055 970 et
1079 915 1318 984 probabo
1340 929 1432 969 eos
1461 914 1600 969 sicut
1626 928 1752 983 pro-

173 1016 330 1072 batur
355 1027 570 1068 aurum.
609 1030 625 1062 ι
655 1010 776 1080 Ipsa
807 1009 1026 1081 (inquit)
1059 1008 1221 1062 tertia
1241 1022 1392 1083 pars,
1423 1021 1544 1076 quae
1582 1005 1747 1060 relin-

173 1115 366 1178 quetur
387 1105 446 1158 in
471 1111 638 1168 terra,
683 1102 909 1155 ducetur
933 1114 1030 1169 per
1057 1098 1238 1169 ignem
1257 1089 1260 1091 ’
1281 1095 1666 1160 tribulationis,
1695 1101 1753 1150 et

171 1197 481 1259 tentabitur,
498 1204 661 1265 atque
673 1191 955 1262 allligetur;
972 1205 1077 1245 non
1093 1196 1572 1252 utconsumantur,
1583 1187 1678 1242 sed
1692 1193 1752 1241 ut

172 1287 465 1358 probentur
505 1291 566 1338 ut
616 1297 809 1336 aurum
837 1289 892 1336 et
916 1288 1222 1351 argentum,
1258 1287 1316 1333 et
1337 1278 1544 1348 possint
1571 1277 1750 1332 dicere

167 1393 288 1435 cum
301 1375 590 1430 Psalmista
600 1389 622 1428 ~:
644 1392 660 1423 ι
671 1371 919 1428 Probasti
935 1385 1056 1435 nos,
1072 1371 1233 1435 Deus,
1245 1387 1266 1421 ο
1287 1376 1394 1424 etc.
1413 1367 1540 1422 Sive
1553 1366 1754 1422 ducen-

172 1477 254 1523 tur
279 1482 385 1536 sper
405 1466 584 1538 ignem
610 1463 758 1518 illum
784 1478 944 1532 quem
970 1462 1229 1517 Dominus
1269 1461 1418 1516 misit
1443 1461 1500 1514 in
1529 1470 1750 1525 terram,

167 1570 224 1616 et
250 1559 316 1614 de
341 1573 447 1628 quo
479 1557 674 1613 dicitur
698 1572 714 1608 :
739 1574 756 1605 ‹
777 1554 870 1608 Ille
893 1568 989 1608 vos
1007 1553 1300 1624 baptizabit
1325 1553 1380 1607 in
1401 1551 1608 1622 Spiritu
1622 1565 1749 1604 san-

165 1663 254 1706 cto
283 1659 338 1704 et
372 1649 514 1717 igne.
555 1666 572 1698 ι
608 1647 882 1701 Ducentur
929 1645 1113 1712 itaque
1155 1659 1254 1713 per
1292 1643 1468 1712 ignem
1520 1640 1754 1710 Spiritus

171 1739 367 1804 sancti,
388 1746 453 1793 ut
475 1735 736 1807 quidquid
766 1735 824 1789 in
849 1734 930 1790 eis
947 1732 1141 1803 fragile
1174 1740 1257 1787 est
1284 1740 1340 1787 et
1377 1730 1599 1786 ﬂuidum
1627 1743 1753 1784 are-

169 1839 286 1883 scat
329 1836 384 1882 et
427 1825 711 1890 solidetur,
747 1833 806 1878 ut
830 1823 989 1878 nullis
1017 1823 1189 1893 possit
1217 1821 1632 1878 adversitatibus
1658 1835 1753 1875 su-

174 1920 378 1990 perari.
415 1938 431 1970 ι
465 1919 582 1988 Ipse
628 1917 844 1973 vocabit
888 1931 1083 1971 nomen
1105 1931 1306 1980 meum,
1351 1922 1410 1971 et
1456 1929 1557 1986 ego
1583 1929 1752 1969 exau-

1851 725 2067 792 liberat,
2099 726 2186 782 vel
2215 743 2338 782 eum
2381 740 2759 800 persecutores
2790 735 3001 791 illorum
3033 735 3180 805 justa
3232 738 3438 796 ultione

1845 817 2198 872 condemnat.
2229 819 2319 874 Ait
2340 833 2476 891 ergo
2497 819 2787 893 Pmpheta,
2841 841 2862 876 ι
2903 825 3224 897 Egredietur
3251 827 3436 885 Domi-

1852 922 1974 973 nus,
2009 926 2028 960 ›
2064 909 2165 963 hoc
2183 917 2272 964 est
2308 909 2654 966 clementiam
2682 927 2837 969 suam
2863 924 2918 970 et
2941 919 3433 987 mansuetudinem,

1851 1013 2014 1068 quam
2041 1013 2139 1070 per
2163 1008 2413 1056 naturam
2436 1002 2620 1070 habet,
2643 1004 2962 1062 dimittenda
3006 1019 3226 1078 peccata
3263 1013 3438 1067 mani-

1849 1087 2088 1144 festabit.
2111 1089 2248 1145 Cum
2272 1091 2417 1146 enim
2456 1092 2570 1163 ipse
2590 1095 2910 1151 naturaliter
2931 1099 3101 1156 dulcis
3123 1104 3211 1169 sit,
3253 1113 3440 1160 nostro

1851 1181 1984 1236 vitio
2013 1181 2075 1235 lit
2118 1197 2356 1251 amarus,
2379 1183 2506 1254 quia
2529 1185 2684 1242 nobis
2707 1187 2849 1242 mala
2859 1203 2960 1258 pro
2971 1193 3207 1260 peccatis
3227 1197 3439 1264 patien-

1851 1269 1999 1326 tibus
2037 1287 2256 1329 amarus
2298 1288 2418 1330 esse
2473 1275 2705 1332 videtur.
2766 1277 3029 1336 Dominus
3075 1284 3168 1354 qui
3223 1299 3438 1358 semper

1853 1359 1998 1415 idem
2041 1371 2144 1430 est,
2189 1363 2282 1432 qui
2310 1363 2550 1435 loquitur
2591 1381 2690 1438 per
2718 1366 3090 1440 PrOpbetam:
3127 1391 3146 1425 ι
3179 1373 3292 1446 Ego
3319 1391 3436 1433 sum

1853 1457 2102 1525 Deus,et
2138 1475 2245 1515 non
2287 1469 2494 1528 mutor,
2531 1481 2550 1513 ι
2585 1478 2728 1519 nunc
2764 1463 2963 1520 dicitur
2987 1469 3171 1540 egredi
3201 1477 3255 1524 et
3301 1486 3432 1541 pra:-

1851 1549 1978 1604 liari
2029 1551 2170 1606 sicut
2222 1551 2278 1606 in
2320 1552 2408 1608 die
2460 1555 2793 1623 certaminis,
2839 1559 3052 1629 quando
3087 1576 3188 1632 pro
3242 1563 3436 1633 popqu

1854 1641 2022 1697 Israel
2053 1642 2350 1709 dimicavit,
2379 1653 2434 1699 et
2463 1642 2802 1702 Pharaonem
2830 1648 3141 1705 submersit.
3177 1671 3194 1704 ι
3231 1652 3299 1707 Et
3329 1649 3440 1709 sta-

1851 1730 1990 1786 bunt
2007 1732 2173 1801 pedes
2195 1733 2331 1804 ejus.
2369 1753 2388 1787 ι
2419 1735 2576 1791 Stare
2603 1739 2893 1808 pugnantis
2921 1749 2975 1795 et
2999 1739 3308 1810 adjuvantis
3331 1754 3435 1801 est.

1856 1821 2092 1880 Stabunt
2136 1825 2317 1894 itaque
2340 1827 2513 1895 pedes
2541 1827 2776 1895 Domini,
2812 1830 2918 1887 illis
2948 1841 3005 1888 et
3048 1849 3147 1904 pro
3185 1835 3293 1892 illis
3335 1853 3434 1909 pro

1856 1917 2054 1986 quibus
2072 1917 2388 1988 pugnabat;
2428 1919 2668 1974 ambulat
2695 1938 2909 1993 quoque
2935 1932 2990 1979 et
3016 1931 3283 1995 mbvetur,
3315 1929 3437 1998 qui-

169 2010 315 2064 diam
361 2024 501 2064 cum.
546 2006 1030 2077 DicamzPopulus
1072 2021 1224 2061 meus
1247 2014 1418 2072 es;et
1441 2005 1555 2074 ipse
1571 2004 1748 2059 dicet:
1782 1999 1956 2065 Bbus
1981 2010 2152 2066 iratus
2193 2019 2299 2078 est,
2347 2012 2485 2066 sicut
2512 2013 2578 2068 de
2621 2013 2791 2068 Adam
2827 2014 3073 2085 legimus,
3113 2025 3235 2086 post
3279 2018 3432 2088 cujus

170 2098 431 2154 Dominus
489 2099 631 2154 Deus
695 2112 868 2152 meus.
928 2117 947 2148 ι
1001 2095 1136 2151 Cum
1198 2095 1458 2167 (inquit)
1512 2094 1730 2165 probati

168 2191 372 2245 fuerint
423 2189 650 2260 parvuli,
700 2189 768 2244 ad
811 2203 948 2258 quos
993 2189 1270 2243 convertit
1328 2203 1546 2242 manum
1594 2201 1749 2242 suam

164 2279 449 2346 Dominus,
489 2288 544 2335 et
575 2294 675 2350 per
704 2295 797 2334 eos
824 2279 1000 2334 omnis
1025 2278 1300 2332 nationum
1326 2277 1480 2333 turba
1506 2277 1750 2332 credide-

162 2368 256 2434 rit,
290 2377 417 2424 tunc
448 2370 502 2424 in
543 2383 602 2423 se
629 2368 962 2423 credentium
986 2367 1218 2437 populus
1241 2367 1482 2434 vocabit,
1527 2367 1630 2421 hoc
1663 2375 1749 2422 est

157 2459 437 2516 invocabit
466 2459 738 2516 Christum
770 2460 988 2514 nomine
1013 2473 1133 2524 suo,
1182 2459 1324 2527 quod
1354 2466 1437 2514 est
1459 2455 1642 2523 Jesus,
1689 2457 1746 2512 id

159 2560 245 2607 est
279 2549 547 2618 Salvator,
593 2551 736 2620 quod
778 2557 1026 2604 sanctum
1073 2543 1489 2619 nomen,'quod
1525 2555 1748 2602 vocatur

153 2641 352 2711 Iesus,
385 2642 621 2698 salvator
654 2643 724 2697 sit
762 2642 1006 2696 omnium
1046 2639 1385 2696 saeculorum.
1435 2639 1554 2710 Ipse
1580 2639 1746 2693 etiam

154 2731 306 2788 Deus
336 2734 628 2790 ostendens
649 2733 904 2804 placitam
940 2732 1045 2787 sibi
1087 2746 1281 2786 eorum
1323 2729 1482 2785 ﬁdem
1501 2736 1558 2784 et
1583 2729 1747 2784 devo-

157 2825 389 2890 tionem,
415 2826 558 2880 dicet
587 2843 602 2880 :
633 2823 712 2878 Tu
727 2839 786 2879 es
802 2823 1033 2894 populus
1059 2837 1231 2886 meus,
1247 2837 1407 2892 quem
1422 2820 1545 2876 novi
1558 2834 1624 2875 ex
1643 2835 1744 2875 no-

149 2919 328 2985 minc,
353 2915 690 2988 populusque
718 2915 1092 2986 respondebit:
1111 2912 1369 2970 Dominus
1393 2911 1537 2967 Deus
1566 2925 1739 2968 meus.

729 3036 960 3092 CAPUT
1019 3023 1158 3089 XIV.

227 3156 247 3188 ι
281 3135 429 3191 Ecce
479 3133 593 3189 dies
634 3129 852 3185 venient
883 3126 1122 3192 Domini,
1149 3135 1210 3180 et
1239 3124 1546 3180 dividentur
1574 3121 1742 3192 spolia

142 3238 242 3284 tua
295 3230 355 3284 in
408 3227 584 3282 medio
631 3225 706 3280 tui
731 3240 747 3290 ;
776 3231 831 3279 et
869 3221 1210 3292 congregabe
1243 3234 1433 3275 omnes
1461 3226 1647 3288 gentes
1674 3217 1742 3273 ad

137 3320 457 3376 Jerusalem
483 3319 537 3372 in
567 3316 810 3388 praelium
830 3355 845 3379 ,
875 3322 928 3369 et
955 3312 1201 3383 capietur
1227 3311 1440 3377 civitas,
1466 3317 1524 3365 et
1561 3317 1740 3364 vasta-

138 3411 361 3467 buntur
390 3409 598 3471 domus,
629 3414 686 3460 et
712 3403 966 3458 mulieres
996 3400 1374 3466 violabuntur;
1405 3408 1460 3454 et
1490 3398 1733 3468 egredie-

139 3513 235 3558 tur
265 3501 449 3558 media
467 3514 599 3570 pars
627 3496 863 3553 civitatis
889 3495 944 3550 in
973 3492 1362 3564 captivitatem,
1387 3500 1441 3546 et
1473 3489 1741 3560 rdiquum

132 3593 341 3664 populi
370 3606 478 3646 non
509 3588 787 3644 auferetur
805 3602 878 3640 ex
903 3585 1056 3640 urbe.
1094 3603 1112 3635 ι
1143 3582 1436 3653 Postquam
1477 3581 1741 3652 propheta

133 3686 208 3738 de
234 3681 500 3754 passione
523 3677 736 3734 Domini
768 3675 1070 3731 introduxit
1091 3673 1400 3744 loquentem
1432 3672 1602 3726 Deum
1639 3671 1744 3726 Pa-

127 3783 316 3840 trem,
359 3779 758 3842 consequenter
785 3775 838 3822 et
860 3769 925 3823 de
941 3767 1154 3822 excidio
1169 3764 1499 3820 Hierusalem
1516 3775 1589 3819 ex
1612 3777 1743 3820 vooe

125 3864 400 3935 ejusdem
427 3862 641 3918 Domini
671 3859 817 3928 loqui
841 3858 1050 3927 incipit,
1074 3867 1136 3912 ut
1161 3857 1410 3912 ostendat
1433 3856 1742 3911 subversio-

119 3958 272 4016 θείη
309 3957 460 4010 illam
482 3962 701 4024 propter
730 3951 1065 4005 Dominicam
1098 3964 1286 4004 necem
1315 3948 1585 4003 evenisse.
1617 3947 1742 4002 Dies

114 4061 340 4106 autem
357 4061 508 4116 quos
519 4052 774 4099 venturos
794 4041 1174 4105 comminatur,
1192 4048 1400 4109 tempus
1422 4039 1549 4093 illud
1572 4037 1744 4093 estde

111 4153 255 4211 quo
289 4134 466 4189 Isaias
482 4133 611 4187 dicit
643 4149 654 4184 :
685 4131 808 4185 Dies
831 4129 1428 4198 Deminiiudignationc
1444 4130 1654 4200 plenus,
1688 4137 1744 4184 et

112 4229 233 4284 ira:
248 4222 567 4290 Furorisque
579 4221 646 4275 ad
659 4218 936 4289 ponendas
947 4226 1133 4288 gentes
1145 4217 1198 4270 in
1210 4215 1570 4282 solitudinem,
1585 4232 1742 4287 aper-

113 4316 367 4375 tissime
381 4323 589 4384 tempus
605 4313 790 4367 dicens
806 4310 1004 4365 ultima:
1025 4309 1372 4381 captivitatis.
1393 4309 1545 4377 Quod
1562 4319 1742 4365 autem

117 4410 277 4466 dicit
300 4423 318 4461 :
340 4404 656 4461 Dividentur
670 4402 840 4473 spolia
865 4402 920 4457 in
945 4401 1124 4457 medio
1154 4401 1303 4456 urbis
1324 4410 1510 4471 captae,
1529 4417 1633 4456 non
1662 4418 1744 4458 so-

115 4501 248 4558 Ium
284 4496 538 4566 capietur
560 4493 916 4558 Hierusalem,
947 4491 1041 4547 sed
1063 4502 1118 4546 et
1145 4499 1334 4546 cuncta
1361 4489 1567 4545 nefaria
1592 4491 1645 4544 in
1676 4507 1739 4548 ea

113 4584 628 4662 perpetrabantur.
660 4581 1027 4637 Vastabuntur
1056 4580 1245 4635 domus
1272 4579 1659 4644 habitatorum,
1684 4589 1738 4635 et

117 4681 412 4740 mulieres
454 4677 819 4738 violabantur,
854 4674 924 4728 ad
946 4672 1205 4741 majorem
1242 4671 1481 4727 dolorem
1518 4671 1734 4726 marito-

114 4790 286 4839 rum,
325 4769 418 4840 qui
449 4769 561 4824 suis
582 4767 841 4822 uxoribus
867 4765 1151 4821 subvenire
1171 4780 1274 4819 non
1287 4771 1600 4834 potuerunt,
1619 4777 1732 4833 quo

115 4865 274 4922 nihil
303 4860 586 4918 crudelius
611 4858 822 4914 hostilis
850 4858 1158 4912 immanitas
1184 4872 1343 4926 agere
1364 4867 1558 4927 potest.

203 4978 225 5010 ‹
275 4955 355 5012 ΕΙ.
383 4953 688 5024 egredietur
735 4951 1015 5016 Dominus,
1067 4958 1120 5005 et
1154 4949 1484 5020 praeliabitur
1542 4959 1733 5005 contra

113 5055 339 5120 gentes
365 5042 506 5108 illas,
531 5042 671 5097 sicut
695 5040 968 5110 praeliatus
986 5047 1071 5095 est
1104 5040 1156 5094 in
1193 5039 1281 5094 die
1301 5038 1612 5094 certaminis
1637 5057 1650 5092 :
1681 5047 1736 5094 et

114 5138 376 5196 stabunt
399 5133 562 5205 pedes
587 5131 704 5201 ejus
749 5131 803 5186 in
840 5132 926 5186 die
973 5129 1060 5186 illa
1105 5144 1268 5200 super
1290 5138 1527 5184 montem
1561 5128 1735 5184 Oliva-

113 5245 281 5290 rum,
319 5225 420 5296 qui
445 5233 529 5279 est
554 5232 740 5279 contra
765 5222 1099 5278 Hierusalem
1123 5220 1190 5276 ad
1218 5220 1503 5275 orientem.
1543 5240 1562 5272 ι
1595 5217 1728 5274 Cum

111 5320 406 5376 audimus
448 5315 631 5386 egredi
668 5315 750 5370 vel
778 5324 927 5369 stare
957 5315 1144 5378 Deum,
1195 5315 1308 5367 sive
1361 5310 1564 5381 aliquid
1601 5311 1728 5376 tale,

111 5427 240 5466 non
269 5406 545 5462 debemus
570 5405 624 5460 in
651 5420 718 5460 eo
745 5419 940 5475 corpus
969 5413 1060 5459 aut
1100 5403 1332 5472 aliquem
1372 5410 1576 5457 motum
1607 5416 1730 5456 cor-

107 5498 397 5574 poralem
425 5495 681 5566 cogitare.
699 5493 841 5549 Deus
861 5494 1005 5548 enim
1033 5493 1382 5563 incorporeus
1406 5499 1507 5556 est,
1537 5491 1602 5548 (le
1624 5505 1732 5560 quo

106 5586 481 5663 Apostolus:
514 5584 646 5656 Regi
673 5592 853 5640 autem
882 5583 1218 5648 smeulorum,
1239 5590 1344 5636 etc.
1376 5581 1441 5635 Et
1465 5581 1518 5636 in
1557 5581 1731 5636 Evan-

105 5682 274 5756 gelio
303 5677 576 5735 Dominus
599 5694 618 5734 ,ε
651 5693 670 5726 ο
705 5676 847 5730 Deus
883 5674 1098 5745 (inquit)
1138 5675 1360 5746 spiritus
1394 5681 1496 5728 est.
1541 5693 1558 5724 ι
1594 5672 1727 5729 Cum

105 5790 262 5846 ergo
299 5771 570 5826 Dominus
609 5768 662 5822 in
709 5766 1003 5838 Scripturis
1025 5775 1173 5822 stare
1204 5765 1287 5821 vel
1317 5766 1611 5831 ambulare,
1644 5766 1727 5822 vel

107 5883 254 5924 cum
291 5863 548 5918 membra
574 5861 808 5914 humana
839 5857 1040 5912 habere
1065 5857 1408 5921 describitur,
1427 5870 1524 5926 pro
1541 5871 1726 5912 causa-

111 5941 251 6013 rum
301 5950 574 6008 varietate
601 5949 773 6020 accipi
803 5947 980 6006 debet.
1022 5947 1216 6020 Egredi
1244 5947 1390 6005 enim
1418 5949 1614 6006 dicitur
1641 5948 1728 6007 vel

1847 2109 2135 2172 peccatum
2162 2101 2544 2158 deambulabat
2567 2104 2825 2159 Dominus
2845 2105 2916 2159 ad
2939 2121 3126 2161 auram
3160 2116 3283 2178 post
3316 2123 3435 2163 me-

1852 2191 2066 2246 ridiem.
2095 2191 2288 2247 Stabat
2313 2201 2498 2248 autem
2539 2209 2646 2249 non
2692 2195 2747 2249 in
2777 2195 2933 2262 valle,
2964 2197 3060 2253 sed
3089 2213 3253 2268 super
3277 2215 3434 2255 mon-

1849 2289 1960 2338 tem
1987 2283 2286 2357 Olivarum,
2323 2291 2414 2361 qui
2443 2290 2679 2358 luminis,
2721 2294 2896 2364 pacis,
2939 2302 2998 2349 et
3044 2297 3431 2352 misericordiae

1849 2372 2001 2431 locus
2023 2386 2132 2443 est,
2147 2381 2289 2435 unde
2315 2389 2369 2436 et
2395 2395 2428 2434 a
2451 2381 2822 2438 misericordia
2847 2399 3042 2439 nomen
3065 2385 3292 2455 accepit.
3310 2385 3430 2457 Ipse

1849 2481 2063 2538 quoque
2074 2485 2233 2526 mons
2245 2480 2334 2526 est
2349 2482 2536 2528 contra
2548 2473 2889 2530 Hierusalem
2903 2477 2973 2532 ad
2985 2477 3248 2534 orientem
3259 2520 3274 2544 ,
3289 2479 3436 2535 unde

1843 2557 2004 2614 nobis
2027 2560 2208 2616 oritur
2235 2561 2316 2617 sol
2337 2563 2584 2633 justitiaa.
2611 2565 2749 2620 Hinc
2772 2567 3034 2637 propheta
3066 2585 3081 2622 :
3121 2586 3142 2620 ‹
3177 2567 3342 2625 Vobis
3372 2570 3436 2626 ti-

1848 2651 2119 2707 mentibus
2147 2668 2349 2709 nomen
2384 2669 2568 2710 meum
2607 2657 2817 2712 orietur
2848 2657 2931 2712 sol
2963 2653 3208 2729 justitiaE,
3249 2669 3304 2715 et
3344 2676 3432 2716 sa-

1847 2739 1990 2797 nitas
2015 2742 2070 2796 in
2096 2744 2290 2814 pennis
2317 2743 2453 2815 ejus.
2484 2766 2507 2800 ι
2539 2745 2648 2803 Iste
2676 2763 2833 2802 mons
2876 2746 3150 2805 Olivarum
3177 2750 3426 2810 Christus

1843 2841 1929 2887 est
1949 2833 2188 2890 consitus
2214 2835 2321 2892 illis
2342 2837 2520 2905 olivis,
2545 2838 2610 2894 de
2636 2839 2833 2909 quibus
2857 2840 2911 2894 in
2937 2841 3148 2912 psalmo
3169 2843 3368 2899 dicitur
3408 2863 3423 2900 :

1850 2937 1872 2972 ι
1901 2921 2022 2976 Filii
2069 2924 2146 2978 tui
2201 2925 2340 2980 sicut
2382 2926 2607 2983 novella:
2662 2929 2948 2984 olivarum.
3005 2951 3025 2984 ι
3069 2932 3188 3004 Ipse
3240 2936 3424 2991 oriens

1844 3009 2101 3080 splendor
2127 3012 2322 3069 Patris.
2353 3014 2669 3071 Sicutenim
2717 3019 2831 3089 ipse
2879 3030 2963 3075 est
3004 3020 3193 3091 janua,
3230 3035 3285 3081 et
3315 3027 3431 3096 ipse

1839 3099 2066 3169 janitor,
2109 3102 2222 3173 ipse
2266 3104 2349 3159 via
2397 3121 2496 3174 per
2539 3123 2702 3177 quam
2722 3111 2977 3166 venimus
3018 3113 3086 3168 ad
3117 3114 3310 3184 ipsum,
3345 3117 3426 3173 sic

1842 3189 1960 3259 ipse
2017 3193 2111 3263 qui
2158 3201 2290 3261 stat,
2347 3195 2463 3266 ipse
2521 3212 2677 3253 mons
2725 3214 2890 3269 super
2915 3215 3076 3270 quem
3115 3211 3242 3258 stat.
3290 3224 3308 3257 σ
3357 3207 3428 3261 Et

1843 3284 2122 3340 sciudetur
2158 3302 2314 3343 mons
2362 3287 2640 3344 Olivarum
2703 3305 2769 3346 ex
2807 3292 2982 3349 media
3025 3303 3182 3363 parte
3223 3296 3305 3351 sui
3358 3298 3427 3353 ad

1768 3365 1812 3430 C
1839 3375 2108 3432 orientem
2137 3386 2192 3434 et
2231 3379 2299 3433 ad
2337 3379 2694 3447 occidentem,
2724 3390 2998 3452 praerupto
3025 3385 3214 3456 grandi
3246 3386 3424 3454 valde,

1839 3475 1901 3522 et
1925 3469 2266 3538 separabitur
2285 3470 2519 3526 medium
2542 3473 2740 3528 montis
2767 3473 2834 3529 ad
2856 3474 3184 3546 aquilonem,
3217 3485 3272 3532 et
3314 3494 3424 3534 me-

1846 3561 1993 3617 dium
2026 3561 2141 3631 ejus
2161 3565 2235 3619 ad
2263 3565 2568 3622 meridiem.
2605 3584 2624 3618 ι
2659 3565 2812 3623 Mons
2833 3566 3050 3635 Oliveti,
3082 3585 3243 3640 quem
3284 3571 3423 3627 disi-

1841 3668 1965 3709 mus
1993 3653 2268 3710 Christum
2297 3656 2626 3727 signiﬁcare,
2670 3675 2793 3715 cum
2824 3676 2963 3716 unus
2997 3661 3247 3732 idemque
3283 3679 3426 3721 sem~

1841 3759 1942 3815 per
1961 3746 2053 3812 sit,
2079 3748 2375 3815 sciudetur,
2405 3751 2508 3806 hoc
2532 3758 2614 3806 est
2644 3752 2964 3809 divisionem
2999 3753 3162 3811 faciet
3188 3757 3423 3814 duorum

1839 3839 2162 3909 populorum
2181 3856 2282 3910 per
2311 3841 2487 3896 media
2513 3858 2527 3908 ;
2556 3858 2682 3912 pars
2709 3860 2829 3914 qua:
2850 3846 3128 3902 sciudetur
3152 3849 3220 3904 ad
3244 3851 3421 3906 orien-

1845 3939 1956 3985 tem
1999 3930 2297 3986 Ecclesiam
2343 3932 2622 4004 designat,
2675 3936 2730 3990 in
2783 3953 2946 4007 quam
2994 3939 3248 4010 plantatae
3296 3953 3423 4000 sunt

1843 4020 1998 4076 oliva:
2028 4022 2095 4077 de
2147 4023 2416 4093 gentibus,
2470 4041 2700 4095 quarum
2753 4043 2857 4081 una
2903 4028 3140 4098 loquitur
3180 4049 3193 4084 :
3242 4050 3260 4083 ι
3308 4034 3422 4107 Ego

1842 4121 2024 4169 autem
2055 4114 2195 4168 sicut
2219 4115 2384 4181 oliva,
2406 4123 2510 4172 etc.
2532 4133 2546 4182 ;
2571 4136 2589 4168 ι
2619 4117 2724 4173 alia
2749 4135 2877 4191 pars
2900 4121 3096 4189 media,
3129 4137 3248 4192 quae
3277 4126 3422 4184 scin-

1843 4204 2000 4259 detur
2019 4205 2087 4260 ad
2107 4205 2463 4272 occidentem,
2491 4218 2761 4278 pnnrupta
2800 4211 2988 4281 grandi
3018 4211 3172 4280 valle,
3192 4215 3422 4273 circum-
3469 4244 3471 4266 ;

1841 4295 2062 4351 cisionis
2117 4305 2200 4354 est
2245 4298 2492 4368 populus,
2528 4301 2863 4356 occidentem
2886 4318 3117 4375 sequens
3156 4305 3415 4366 litteram.
3467 4297 3471 4303 ’

1843 4389 1911 4444 Et
1939 4406 2045 4445 non
2069 4391 2200 4448 dicit
2241 4392 2556 4463 simpliciter
2587 4413 2604 4445 ι
2633 4395 2924 4462 sciudetur,
2948 4416 2966 4449 ι
3019 4399 3113 4455 sed
3155 4400 3370 4458 additur
3400 4421 3414 4458 :
3458 4460 3462 4464 .

1847 4502 1863 4534 ε
1890 4493 2159 4553 praerupta
2186 4485 2373 4556 grandi
2402 4485 2560 4552 valle,
2588 4507 2606 4538 ι
2642 4487 2742 4543 hoc
2767 4497 2849 4543 est
2879 4505 3072 4562 magna
3099 4494 3419 4562 perditionis
3457 4477 3463 4485 λ

1840 4576 2124 4646 voragine;
2148 4576 2213 4631 de
2239 4591 2346 4648 quo
2384 4576 2638 4634 Michmas
2662 4581 2924 4650 prepheta
2952 4595 2968 4635 :
2998 4601 3016 4634 ‹
3047 4583 3337 4648 Detraham
3360 4588 3419 4645 in

1840 4668 2030 4724 vallem
2060 4668 2262 4739 lapides
2288 4668 2425 4738 ejus,
2457 4691 2474 4722 ι
2508 4671 2560 4726 id
2590 4681 2674 4726 est
2704 4671 3061 4742 Hierusalem,
3100 4697 3116 4729 ι
3147 4687 3202 4734 et
3222 4678 3416 4738 funda-

1835 4767 2016 4814 menta
2043 4757 2158 4828 ejus
2189 4760 2458 4815 revelabo.
2499 4781 2517 4814 ι
2541 4762 2608 4817 Et
2630 4765 2968 4832 separabitur
2998 4769 3231 4825 medium
3256 4788 3412 4830 mon-

1838 4843 1920 4904 tis'
1939 4850 2006 4904 ad
2035 4851 2361 4920 aquilonem,
2386 4860 2440 4906 et
2462 4853 2697 4907 medium
2719 4853 2835 4922 ejus
2859 4857 2925 4910 ad
2952 4859 3250 4914 meridiem.
3276 4853 3410 4920 Cum

1836 4956 1991 4995 mons
2012 4939 2204 4996 Oliveti
2233 4942 2421 5012 grandi
2471 4945 2727 5016 voragine
2775 4957 3077 5018 praeruptus
3105 4949 3287 5020 fuerit,
3336 4951 3412 5010 ita

1835 5041 1895 5086 ut
1920 5046 2022 5085 una
2059 5047 2184 5102 pars
2217 5033 2489 5102 voraginis
2510 5035 2578 5090 ad
2613 5036 2944 5106 aquilonem,
2991 5038 3159 5096 altera
3207 5043 3275 5098 ad
3314 5059 3412 5099 au-
3472 5043 3480 5050 ’

1836 5130 2006 5195 strum
2039 5119 2315 5190 respiciat,
2340 5131 2560 5191 repente
2589 5123 2641 5177 in
2686 5124 2800 5194 ipsa
2829 5127 3085 5199 voragine
3119 5139 3173 5185 et
3202 5145 3408 5201 praeru-

1837 5221 1949 5281 pto,
1991 5212 2093 5266 alia
2121 5227 2318 5282 vorago
2358 5221 2654 5283 rumpetur,
2686 5225 2741 5268 et
2766 5231 2923 5270 unam
2951 5228 3160 5288 partem
3198 5235 3409 5290 separa-

1839 5305 1918 5359 bit
1948 5305 2014 5359 ad
2042 5303 2368 5374 aquilonem,
2397 5303 2552 5358 aliam
2581 5305 2648 5360 ad
2687 5314 2948 5372 austrum,
2977 5316 3031 5362 et
3067 5308 3160 5364 ﬁet
3211 5325 3410 5380 praeru-

1837 5405 1985 5467 ptum
2043 5395 2484 5465 quadrangulum,
2555 5405 2613 5450 ut
2666 5396 2999 5466 quadrifaria
3063 5399 3119 5452 in
3176 5408 3408 5470 quatuor

1839 5490 2021 5547 mundi
2051 5491 2234 5561 plagas
2267 5504 2466 5560 vorago
2489 5489 2575 5544 illa
2607 5491 2874 5545 tendatur.

1913 5601 1931 5635 ‹
1965 5582 2031 5638 Et
2070 5581 2285 5652 fugietis
2307 5582 2376 5636 ad
2405 5580 2592 5636 vallem
2623 5581 2884 5636 montium
2911 5596 3120 5648 eorum,
3149 5585 3400 5656 quoniam

1831 5670 2182 5743 conjungetur
2209 5672 2360 5726 vallis
2400 5673 2657 5726 montium
2699 5686 2866 5740 usque
2896 5673 2960 5726 ad
2993 5675 3319 5742 proximum.
3377 5697 3396 5728 ι

1829 5763 1944 5820 Duo
1969 5773 2125 5819 erant
2174 5773 2404 5828 montes,
2447 5763 2697 5818 videlicet
2734 5777 2889 5817 mons
2918 5765 3119 5836 templi,
3163 5774 3216 5820 et
3246 5782 3400 5822 mons

1829 5854 1979 5922 Sion,
2006 5855 2096 5927 qui
2125 5856 2215 5909 Dei
2245 5865 2454 5910 montes
2498 5856 2845 5910 vocabantur.
2877 5854 2987 5911 Hoc
3021 5865 3101 5912 est
3131 5858 3272 5929 quod
3321 5858 3402 5930 di:

1827 5949 1900 6042 cit
1944 5965 1956 6038 ;
1997 5966 2017 6005 ς
2045 5947 2381 6042 Fugietisad
2405 5946 2603 6007 vallem
2641 5947 2905 6011 montium
2935 5964 3160 6045 eorum.)
3183 5968 3203 6001 ›
3246 5946 3398 6042 Quod
