3950 6454
501 508 604 565 Ti!

973 497 1324 556 HAYMONIS
1364 495 1841 563 HALBEBSTAT.
1880 492 2091 552 EPISC.
2133 492 2283 549 OPP.
2323 490 2506 547 PARS
2542 490 2581 546 ι.
2624 520 2695 532 ——
2726 488 3080 547 COMMENT.
3119 486 3293 544 BlBL.

3659 488 3778 545 272

504 631 691 678 autem
723 618 994 689 sequitur:
1029 635 1047 667 ‹
1070 616 1335 682 Quoniam
1358 612 1718 685 eonjungetur
1749 613 1902 668 vallis
1930 627 2084 667 mon-
2118 616 2165 675 Α
2193 623 2301 680 que
2327 609 2497 663 sancti
2521 624 2646 664 cum
2669 623 2753 665 eo.
2785 609 2850 664 Et
2870 610 2976 664 erit
3006 611 3062 664 in
3108 608 3328 675 dieillo,
3360 626 3466 666 non
3508 613 3619 668 erit
3654 612 3780 678 lux,

481 718 644 775 ,tium
673 727 842 782 usque
861 711 926 764 ad
952 709 1279 779 proximum,
1314 726 1337 758 ι
1357 707 1589 762 ostendit
1611 707 1878 775 quomodo
1915 703 2090 767 vallis,

507 819 629 874 qtae
644 800 929 872 praeruptis
956 796 1080 857 hinc
1099 795 1220 851 inde
1244 796 1521 851 montibus
1540 795 1827 858 scinditur,
1843 807 2013 863 usque
2025 792 2093 847 ad

420 936 423 937 ν
510 898 752 948 montem
803 889 1013 959 templi,
1058 887 1148 958 qui
1187 894 1409 941 sanctus
1433 893 1542 949 est,
1585 900 1735 940 suam
1783 882 2093 953 voraginem

512 984 715 1041 trahet.
753 999 775 1033 ι
822 981 892 1037 Εῑ
929 980 1143 1050 fugietis
1188 979 1329 1034 sicut
1356 976 1571 1048 fugistis
1597 992 1627 1031 a
1657 976 1795 1030 faeie
1819 983 2095 1030 teri-azmo-

482 1084 602 1139 ,tus
629 1074 682 1128 in
716 1070 1083 1147 diebustize
1125 1069 1265 1138 regis
1308 1066 1465 1123 Juda.
1517 1087 1536 1121 ι
1579 1067 1773 1138 Tangit
1810 1067 2092 1122 historiam

515 1164 659 1221 illius
674 1161 956 1235 temporis,
971 1161 1187 1231 quando
1201 1160 1379 1224 Ozias,
1399 1156 1747 1228 rexJuda,qui
1760 1157 2098 1214 alio‘nomine

486 1310 493 1317 ,
519 1255 700 1310 dictus
727 1260 812 1310 est
828 1252 1080 1316 Azarias,
1122 1250 1364 1304 illicitum
1398 1248 1761 1304 sacerdotium
1787 1248 1890 1303 sibi
1917 1248 2095 1304 vindi-

518 1361 647 1401 care
684 1352 914 1400 conatus
956 1350 1061 1407 est,
1093 1349 1147 1397 et
1192 1342 1260 1394 ob
1296 1341 1396 1395 hoc
1417 1339 1564 1410 lepra
1589 1354 1898 1409 percussus,
1937 1349 1993 1395 et
2033 1340 2100 1396 de

493 1435 725 1511 ‘templo
753 1449 785 1489 a
815 1432 1184 1489 sacerdotibus
1206 1440 1207 1443 ‘
1231 1431 1434 1502 ejectus
1462 1440 1574 1496 est;
1606 1431 1676 1486 ob
1719 1446 1879 1500 quam
1912 1432 2100 1502 impie-

520 1537 690 1583 tatem
719 1534 1054 1583 terraemotus
1081 1524 1253 1578 factus
1270 1530 1372 1578 est.
1405 1522 1650 1577 Meminit
1703 1523 1862 1593 hujus
1914 1532 2099 1577 terra:-

492 1593 898 1693 .m0tus'Amos
944 1617 1204 1688 prepheta
1235 1617 1289 1670 in
1312 1615 1578 1686 principio
1605 1616 1687 1671 sui
1710 1615 2104 1680 voluiuiuis,di-

526 1725 699 1766 cens:
744 1729 762 1762 σ
814 1709 989 1764 Verba
1017 1708 1181 1764 Amos
1215 1708 1306 1778 qui
1336 1707 1436 1761 fuit
1482 1707 1536 1761 in
1573 1707 1933 1776 pasmralibus
1965 1708 2104 1763 The~

529 1790 664 1869 eum,
693 1819 813 1874 qua:
846 1803 979 1858 vidit
1005 1818 1167 1872 super
1213 1801 1397 1857 Israel.
1429 1801 1481 1855 in
1527 1800 1717 1856 diebus
1754 1800 1918 1866 Gaiae,
1964 1800 2104 1871 regis

528 1892 689 1960 Juda,
720 1896 1002 1952 anteduos
1035 1888 1206 1950 annos
1232 1901 1590 1949 terrmmotus.
1619 1912 1637 1944 ι
1678 1893 1803 1948 limo
1823 1894 1975 1964 juxta
2000 1893 2105 1948 lle-

2194 702 2286 755 scd
2317 700 2486 770 frigus
2522 711 2577 755 et
2598 701 2744 771 gelu,
2763 709 2819 756 et
2847 701 2950 757 erit
2983 702 3099 757 dies
3128 718 3234 757 una
3258 718 3377 773 quae
3404 714 3532 760 nota
3560 714 3646 761 est
3668 707 3786 762 Do—

2195 793 2503 854 mino,uon
2527 792 2643 847 dies
2670 805 2846 863 neque
2887 807 3025 859 nox,
3066 802 3124 848 et
3170 794 3232 848 in
3271 803 3513 866 tempore
3555 801 3779 868 vesperi

2195 884 2437 938 eritlnx.
2483 903 2510 937 ι
2551 883 2689 939 Cum
2732 884 2996 941 Dominus
3023 868 3248 942 'venerit
3287 889 3354 943 ad
3378 889 3669 957 judicium,
3720 903 3782 948 ut

2194 973 2434 1031 Joannes
2452 976 2504 1029 in
2528 975 2848 1048 Apocalypsi
2884 977 3015 1033 dicit
3045 994 3059 1032 :
3086 979 3229 1035 Ecce
3252 983 3430 1038 veniet
3464 999 3590 1039 cum
3618 986 3783 1039 nubi-

2196 1065 2317 1128 bus,
2349 1065 2401 1120 id
2429 1074 2511 1120 est
2538 1082 2658 1121 cum
2689 1066 2894 1138 angelis
2924 1069 3188 1126 ministris
3227 1073 3358 1133 suis.
3388 1083 3442 1129 et
3486 1078 3780 1145 apostolis,

2195 1163 2249 1210 et
2277 1156 2571 1226 prophetis,
2619 1157 2674 1211 in
2722 1157 2809 1213 illa
2846 1158 2939 1213 die
2959 1161 3219 1216 adventus
3249 1163 3363 1231 ejus
3386 1182 3493 1220 non
3526 1169 3635 1222 erit
3661 1168 3780 1237 lux,

2197 1247 2291 1299 sel
2338 1246 2508 1314 frigus
2550 1256 2605 1301 et
2638 1248 2780 1319 gelu,
2810 1248 3201 1322 refrigescente
3225 1255 3284 1308 in
3317 1254 3570 1314 onmibus
3599 1261 3784 1316 cbari»

2200 1348 2313 1393 tate
2330 1347 2384 1394 et
2428 1340 2604 1395 calore
2634 1340 2758 1397 fidei
2793 1341 3179 1412 intepescente.
3239 1345 3533 1418 Postquam
3588 1366 3787 1409 omnes

2201 1429 2413 1497 reprobi
2461 1429 2706 1515 damnati
2741 1430 2910 1503 frigus
2959 1448 3117 1488 suum
3172 1434 3236 1490 in
3287 1437 3504 1494 inferno
3546 1441 3788 1512 geluque

2200 1521 2562 1587 portaverint,
2579 1522 2685 1575 erit
2709 1538 2814 1577 una
2840 1524 2955 1578 dies
2983 1534 3243 1595 perpetua
3291 1541 3630 1595 sanctorum,
3677 1549 3787 1589 non

2201 1611 2318 1666 dies
2360 1626 2534 1681 neque
2570 1629 2709 1680 nox,
2757 1629 3094 1687 nequaquam
3133 1616 3236 1673 sibi
3265 1620 3504 1676 vicissim
3537 1634 3706 1678 nocte
3733 1634 3793 1679 et

2202 1706 2289 1760 die
2318 1706 2750 1763 succedentibus.
2797 1707 2928 1775 Qum
2963 1710 3078 1765 dies
3103 1719 3230 1767 nota
3257 1722 3341 1768 est
3379 1714 3635 1781 Domino,
3662 1717 3796 1786 quia

2206 1796 2462 1851 Dominus
2502 1797 2617 1853 dies
2655 1799 2900 1853 omnium
2932 1800 3249 1868 electortnn,
3280 1803 3349 1859 de
3372 1805 3677 1874 quolsaias
3704 1809 3791 1862 di-

2206 1888 2318 1942 cit:
2355 1908 2372 1940 ‹
2409 1888 2524 1943 Νοη
2548 1890 2657 1945 erit
2677 1890 2836 1945 solad
2859 1890 3144 1947 iacendum
3172 1909 3269 1964 per
3290 1895 3454 1960 diem,
3482 1912 3585 1965 nec
3612 1898 3798 1967 splen-

528 1990 798 2043 ],morum
842 1988 1186 2043 traditionem
1232 1987 1297 2041 ad
1349 1987 1601 2051 liuet-am,
1635 2002 1754 2055 quae
1797 1987 1978 2041 omnia
2018 1986 2103 2040 illi
2135 1986 2180 2045 Β
2209 1979 2308 2034 dor
2326 1978 2463 2034 luna:
2489 1980 2806 2036 illuminabit
2829 1990 2898 2048 te,
2935 1984 3028 2038 sed
3052 1984 3193 2041 Deus
3219 1993 3342 2041 tuus
3368 1988 3475 2043 erit
3497 1990 3596 2046 tibi
3626 1991 3684 2045 in
3714 1992 3795 2045 l’u-

506 2087 725 2151 _putant
746 2080 799 2134 in
822 2080 1052 2136 adventu
1078 2078 1276 2135 Christi
1308 2078 1597 2146 implenda.
1623 2076 1922 2132 Videndum
1962 2093 2107 2133 nunc

510 2173 661 2244 ,qttid
687 2172 984 2245 spiritualis
1011 2173 1288 2228 doctorum
1316 2170 1575 2225 Ecclesia}
1597 2170 1948 2242 intelligentia
1981 2186 2110 2226 cou-

514 2263 707 2327 tiueat
736 2281 750 2317 :
782 2271 1018 2319 montem
1049 2262 1242 2317 Oliveti
1294 2260 1528 2316 diximus
1563 2261 1871 2330 signiﬁcare
1925 2263 2109 2318 Domi-

533 2370 663 2410 num
696 2354 968 2409 Christum
994 2370 1008 2420 ;
1034 2369 1153 2409 cum
1183 2368 1312 2424 ergo
1340 2368 1493 2408 mons
1519 2353 1619 2408 iste
1647 2354 1850 2410 divisus
1875 2354 2034 2410 fuerit
2058 2356 2110 2410 in

533 2445 797 2502 orientem
840 2454 895 2502 et
941 2446 1297 2511 occidentem,
1347 2445 1448 2500 hoc
1477 2453 1560 2500 est
1586 2461 1708 2500 cum
1758 2455 1945 2517 gentes
1977 2449 2115 2519 (quae

528 2553 640 2608 per
666 2537 929 2593 orientem
946 2536 1329 2608 designantur)
1357 2536 1560 2602 electae,
1584 2544 1639 2591 et
1658 2535 1836 2591 Judaei
1868 2537 1985 2608 (qui
2021 2552 2117 2606 per

518 2631 873 2699 occidentem
910 2626 1306 2699 intelliguntur)
1357 2626 1555 2682 fuerint
1596 2628 1889 2697 reprobati,
1930 2642 2118 2682 rursus

537 2720 928 2776 alia‘scissura
981 2720 1073 2776 fiet
1116 2718 1385 2789 aquilonis
1421 2719 1595 2789 partis
1647 2726 1701 2774 et
1746 2719 2017 2784 australis,
2064 2730 2121 2775 et

540 2811 721 2882 aquilo
748 2810 1006 2884 jungetur
1039 2810 1329 2875 occidenti,
1353 2818 1535 2866 auster
1550 2810 1806 2865 orientali
1836 2811 2004 2881 plaga:
2033 2827 2120 2866 so»

539 2903 792 2967 eiabitur,
843 2910 900 2957 et
957 2901 1023 2956 ad
1092 2900 1369 2956 sinistram
1418 2901 1583 2956 stabit
1622 2901 1998 2966 circumcisio,
2053 2900 2119 2955 ad

542 2993 820 3049 dexteram
843 2991 1077 3063 populus
1103 2990 1464 3046 Christianus.
1512 2988 1645 3045 Nam
1688 3005 1785 3059 per
1822 2991 2120 3055 sinistram,

533 3083 851 3154 aquilonem
881 3080 1288 3153 frigidissimum
1324 3079 1675 3151 etglaeialem
1725 3088 1962 3145 ventum,
2008 3080 2122 3135 dia-

543 3174 699 3231 bolus
723 3173 1060 3245 intelligitur,
1088 3179 1250 3243 caput
1268 3172 1505 3227 omnium
1530 3172 1900 3240 reproborum,
1924 3171 2013 3240 qui
2056 3171 2121 3227 ad

548 3267 823 3322 sinistram
875 3264 1169 3320 collocandi
1216 3271 1340 3318 sunt
1390 3264 1442 3317 in
1485 3261 1708 3331 judicio.
1740 3262 1852 3319 Per
1877 3271 2120 3317 austrum

2211 2084 2328 2125 cem
2352 2071 2750 2140 sempiternam.
2788 2093 2806 2124 ι
2832 2074 2899 2129 Ει
2923 2073 3205 2132 l‘sahnista
3236 2095 3249 2131 :
3287 2097 3306 2129 ‹
3342 2078 3641 2137 Melior‘est
3682 2084 3803 2140 dies

2210 2174 2349 2225 una,
2379 2168 2483 2215 etc.
2530 2180 2550 2214 ο
2588 2181 2608 2213 α
2637 2162 2703 2217 Et
2736 2165 2786 2219 in
2814 2172 3054 2235 tempore
3088 2170 3423 2238 vespericrit
3451 2171 3542 2227 lux
3570 2190 3587 2241 ;
3621 2193 3639 2226 ι
3672 2191 3799 2230 cum

2213 2267 2401 2308 omnes
2428 2256 2686 2324 reprobus
2730 2272 2919 2328 vesper
2963 2267 3017 2314 et
3073 2261 3309 2316 tenebrae
3355 2265 3795 2333 obsecraverint,

2215 2346 2321 2400 erit
2348 2346 2432 2401 lux
2470 2349 2671 2404 sanctis
2717 2350 2903 2406 electis
2940 2351 3053 2407 Dei.
3104 2352 3196 2407 llla
3234 2369 3360 2426 ergo
3391 2358 3511 2412 dies
3556 2371 3686 2414 nota
3718 2372 3800 2415 est

2219 2436 2474 2502 Domino;
2504 2454 2608 2493 non
2640 2455 2768 2510 ergo
2792 2450 2966 2511 potest
2991 2443 3238 2513 ignorare
3258 2446 3403 2515 quod
3426 2448 3543 2518 ipse
3568 2450 3800 2505 creavit.

2214 2525 2350 2579 Cum
2392 2535 2568 2582 autem
2614 2530 2792 2585 dicit:
2826 2549 2846 2581 r
2883 2530 3019 2586 Nota
3054 2544 3137 2588 est
3181 2536 3429 2603 Domino,
3483 2558 3503 2591 ι
3561 2542 3803 2596 ostendit

2220 2616 2397 2685 ignota
2422 2631 2541 2673 esse
2571 2619 2877 2676 hominibus
2914 2622 3149 2693 ipsisque
3178 2626 3404 2696 angelis,
3434 2627 3659 2684 dicente
3695 2630 3798 2684 Do-

2220 2709 2366 2763 mino
2397 2727 2410 2763 :
2445 2730 2463 2761 «
2500 2710 2574 2765 De
2595 2711 2681 2765 illa
2714 2713 2799 2768 die
2820 2727 2974 2768 nemo
3011 2716 3177 2781 novit,
3208 2733 3383 2788 neque
3408 2721 3613 2791 angeli.
3656 2742 3677 2774 ›

2216 2826 2223 2829 ~
2295 2818 2312 2850 ι
2344 2801 2405 2854 Et
2422 2803 2526 2856 erit
2555 2803 2607 2856 iu
2638 2803 2724 2857 die
2750 2803 2840 2858 illa
2860 2823 2871 2858 :
2893 2804 3127 2860 Exibunt
3161 2822 3313 2876 aqum
3341 2811 3475 2863 viva!
3505 2812 3572 2866 de
3604 2812 3803 2868 Hieru-

2219 2892 2417 2957 salem;
2444 2893 2678 2947 medium
2701 2909 2885 2949 earum
2915 2897 2981 2950 ad
3006 2913 3154 2953 mare
3181 2900 3461 2965 orientale,
3481 2911 3539 2956 et
3565 2905 3805 2960 medium

2222 3001 2405 3040 earum
2436 2987 2500 3039 ad
2532 3002 2679 3041 mare
2717 2989 3067 3044 novissimum
3088 3031 3101 3056 ,
3140 2990 3192 3045 in
3230 3001 3419 3047 testate
3445 3003 3505 3048 et
3533 2995 3588 3048 in
3613 2997 3807 3067 hyeme

2222 3086 2401 3131 erunt.
2431 3077 2498 3132 Et
2524 3079 2629 3133 erit
2658 3077 2920 3136 Dominus
2956 3095 3050 3135 rex
3079 3096 3240 3151 super
3265 3097 3482 3138 onlnem
3515 3094 3745 3140 terram.
3779 3106 3799 3138 ι

2224 3167 2370 3223 Mare
2424 3169 2725 3235 orientale,
2773 3168 2931 3239 juxta
2980 3171 3217 3227 litteram
3248 3213 3267 3239 ,
3319 3189 3476 3229 mare
3529 3174 3803 3231 Mortuum

2227 3260 2379 3324 dicit,
2407 3261 2550 3330 quod
2578 3260 2764 3316 Graece
2794 3263 2937 3334 λίμνη
2979 3264 3256 3335 ἀσφάλτου,
3295 3264 3349 3319 id
3375 3275 3459 3320 est
3489 3265 3650 3323 lacus
3676 3270 3810 3324 bitu.

549 3373 680 3412 vero
743 3358 1015 3420 dextrum,
1069 3354 1199 3409 solis
1252 3368 1466 3423 semper
1488 3353 1628 3408 luce
1675 3360 1730 3406 et
1777 3352 1957 3408 calore
1996 3352 2119 3407 illu-
2153 3348 2196 3409 C
2230 3353 2389 3407 minis
2418 3353 2639 3428 dicitur,
2666 3369 2698 3407 a
2721 3353 2875 3409 nobis
2904 3353 3171 3410 Mortuum
3210 3370 3358 3412 mare
3387 3367 3647 3425 vocatur,
3675 3362 3809 3430 quod

550 3456 803 3512 stratum,
845 3446 1018 3501 sancti
1053 3446 1352 3516 figurantur
1404 3443 1667 3498 charitate
1717 3442 2005 3509 ferventes,
2071 3452 2127 3499 et

551 3537 664 3591 veri
694 3536 821 3591 solis
850 3536 1022 3604 gratia
1060 3533 1402 3604 refulgentes,
1432 3533 1523 3603 qui
1553 3533 1621 3588 ad
1665 3534 1939 3591 dexteram
1985 3535 2131 3606 judi-

554 3630 634 3684 eis
656 3626 922 3683 statuendi
949 3635 1091 3682 sunt.
1144 3626 1280 3681 Hinc
1307 3640 1503 3695 sponsa
1539 3625 1594 3680 in
1621 3625 1858 3683 Cantieis
1897 3628 2131 3684 cantico-

557 3736 677 3775 rum
710 3720 873 3775 dicit:
906 3738 923 3770 ι
951 3717 1143 3788 Surge,
1170 3718 1369 3788 aquilo,
1393 3727 1445 3772 et
1474 3718 1618 3784 veni,
1639 3728 1841 3787 auster,
1877 3740 1894 3772 ι
1930 3722 2133 3776 deside-

560 3810 1012 3880 ransaquilouem
1044 3809 1317 3879 frigidum,
1344 3808 1397 3863 id
1435 3816 1518 3863 est
1548 3810 1817 3866 diabolum
1858 3811 2130 3879 recedere,

560 3913 617 3959 et
644 3911 905 3968 austrum,
944 3902 996 3956 id
1025 3909 1109 3957 est
1149 3899 1418 3956 fervorem
1463 3902 1789 3967 dilectionis,
1820 3904 2004 3959 venire
2034 3920 2048 3970 ;
2083 3912 2134 3959 et

556 4013 657 4068 per
707 3995 958 4053 Ilabaeuc
1010 3994 1245 4051 dicitur:
1283 4012 1302 4046 ι
1337 3995 1478 4049 Deus
1518 3997 1586 4049 ab
1634 4005 1820 4050 austro
1876 3997 2075 4052 veniet.
2110 4016 2129 4050 ι

559 4090 690 4143 Cum
725 4105 853 4159 ergo
894 4093 1040 4142 tanta
1070 4086 1231 4142 fuerit
1276 4086 1468 4143 divisio
1518 4086 1745 4142 duorum
1797 4087 2136 4157 populorum,

561 4194 616 4233 ct
646 4180 736 4235 alii
776 4181 842 4237 ad
868 4180 1129 4234 orientem
1158 4188 1211 4233 ct
1235 4188 1502 4239 austrum.
1532 4179 1621 4233 alii
1652 4180 1719 4235 ad
1748 4181 2051 4250 aquilonem
2085 4190 2141 4237 et

565 4273 899 4327 occidentem
928 4271 1129 4327 fuerint
1163 4272 1420 4341 separati,
1448 4271 1697 4340 jubemur
1718 4271 1900 4343 fugere
1925 4275 1993 4329 ad
2031 4274 2142 4329 val-

564 4362 669 4416 lem
702 4362 964 4418 montium
987 4362 1104 4428 Dei,
1144 4362 1245 4416 hoc
1278 4363 1452 4417 estad
1481 4362 1586 4417 duo
1613 4364 1978 4432 Testamenta,
2010 4383 2144 4438 quo-

567 4455 711 4508 niam
730 4452 903 4517 vallis,
919 4452 1069 4507 idest
1085 4467 1283 4523 vorago
1298 4469 1415 4523 qum
1430 4452 1601 4521 prima
1621 4452 1759 4510 facta
1772 4464 1855 4511 est
1867 4457 2144 4526 utriusque

579 4543 801 4607 montis,
835 4540 1094 4613 jungctur
1120 4543 1185 4596 ad
1215 4543 1540 4613 proximum,
1567 4545 1772 4609 sive,ut
1796 4544 2144 4616 Septuaginta

572 4630 988 4697 transtuierunt,
1018 4634 1083 4686 ad
1114 4633 1329 4687 domum
1365 4633 1482 4696 Dei,
1529 4633 1835 4702 paradisum
1879 4635 2144 4701 videlicet,

2229 3446 2365 3500 nihil
2393 3446 2447 3500 in
2490 3462 2557 3501 eo
2584 3446 2754 3516 possit
2784 3446 2984 3501 vivere.
3031 3446 3181 3502 Mare
3216 3458 3399 3503 autem
3428 3452 3809 3515 novissimum,

2230 3551 2385 3591 mare
2410 3536 2608 3590 dicitur
2649 3535 3010 3606 Tyrrhenum,
3045 3537 3186 3605 quod
3212 3538 3358 3593 ducit
3384 3539 3451 3593 ad
3486 3538 3812 3611 Egyptian,

2234 3632 2287 3679 et
2315 3623 2447 3679 facit
2471 3624 2649 3678 littora
2674 3624 2990 3679 Palmstinaz.
3022 3624 3133 3679 Hoc
3160 3633 3242 3680 est
3273 3626 3419 3695 quod
3438 3627 3573 3683 dicit
3600 3646 3618 3681 :
3654 3629 3815 3699 Aqua:

2234 3733 2354 3787 qua;
2385 3717 2727 3789 egredientur
2774 3717 2910 3772 vivte
2957 3719 3023 3773 de
3064 3716 3421 3785 Hierusalem,
3469 3720 3659 3775 media
3694 3737 3814 3791 pars

2237 3826 2424 3866 earum
2462 3811 2559 3864 ibit
2589 3819 2774 3866 contra
2822 3810 3200 3876 orientem,'et
3221 3813 3377 3866 cadet
3414 3812 3466 3866 in
3492 3828 3657 3867 mare
3685 3812 3817 3867 Mar.

2234 3913 2412 3968 tuum,
2457 3902 2509 3956 in
2565 3902 2709 3972 quol
2757 3901 3006 3957 Iordanis
3053 3901 3226 3957 influit
3257 3905 3473 3969 ;media
3533 3904 3653 3958 alia
3700 3922 3819 3975 pars

2238 3995 2491 4050 deeurret
2529 3994 2582 4049 in
2619 4008 2770 4048 mare
2815 3993 3170 4060 occidentale,
3200 3995 3343 4064 quod
3387 4005 3551 4050 vocat
3586 3998 3822 4051 novissi-

2241 4105 2410 4152 mum,
2438 4089 2561 4157 quia
2605 4088 2680 4143 ibi
2722 4087 2844 4143 finis
2883 4096 2967 4142 est
2996 4086 3209 4143 Iudaeae.
3244 4088 3300 4141 In
3324 4096 3514 4142 testate
3538 4097 3601 4142 et
3628 4089 3819 4160 hyeme

2242 4189 2440 4245 erunt,
2496 4190 2555 4235 ut
2610 4195 2709 4234 nec
2756 4179 2874 4250 gelu
2927 4180 3136 4251 hyemis
3184 4180 3681 4250 constringantur,
3731 4196 3821 4235 nec

2244 4272 2447 4328 aestatis
2488 4271 2653 4326 nimio
2699 4268 2910 4326 fervore
2957 4270 3248 4335 siccentur,
3289 4270 3379 4324 sed
3419 4284 3647 4340 semper
3672 4270 3824 4339 pleno

2246 4365 2397 4420 alveo
2442 4363 2627 4419 ﬂuant.
2674 4363 2914 4431 Cumque
2954 4362 3059 4416 hoc
3103 4361 3305 4416 factum
3344 4360 3525 4425 fuerit,
3563 4363 3686 4415 erit
3731 4362 3825 4416 Do—

2247 4456 2427 4510 minus
2476 4470 2569 4509 rex
2610 4469 2772 4523 super
2818 4468 3037 4508 onmem
3090 4465 3313 4508 terram.
3372 4451 3534 4509 Juxta
3596 4469 3824 4510 sensor-

2246 4547 2533 4618 mysticum
2588 4562 2741 4616 aqum
2776 4562 2899 4616 quae
2950 4548 3300 4618 egrediuntur
3344 4546 3410 4601 de
3454 4544 3824 4610 Hierusalem,

2249 4637 2352 4691 hoc
2399 4646 2482 4691 est
2522 4638 2588 4693 de
2629 4638 2888 4702 Ecclesia,
2925 4637 3167 4693 doctrina
3197 4646 3281 4692 est
3307 4637 3651 4704 Salvatoris;
3703 4638 3828 4693 dicit

572 4732 627 4778 e't
657 4722 928 4779 caelestem
955 4722 1305 4778 Hierusalem.
1357 4724 1506 4791 Quod
1530 4699 1679 4779 ivero
1705 4739 1867 4795 supra
1914 4699 2147 4797 positum
2178 4699 2228 4759 θ
2255 4725 2398 4782 enim
2418 4726 2684 4796 Propheta
2724 4745 2735 4780 :
2776 4747 2794 4778 ε
2827 4699 2904 4782 De
2928 4726 3257 4781 Sionexibit
3287 4726 3393 4791 lex,
3428 4745 3446 4777 ι
3479 4735 3584 4780 etc.
3626 4699 3829 4781 lla-um

574 4824 659 4870 est
691 4830 705 4869 :
746 4833 763 4865 ι
800 4815 979 4885 Usque
1004 4814 1069 4867 ad
1094 4815 1420 4885 proximum,
1474 4833 1490 4866 ι
1526 4815 1796 4886 significat
1818 4817 2002 4887 juncta
2046 4821 2147 4874 sibi

569 4921 696 4961 esse
721 4907 826 4961 duo
850 4908 1217 4972 Testamenta,
1247 4907 1341 4961 sed
1372 4921 1475 4960 non
1506 4906 1577 4961 ita
1608 4914 1666 4960 ut
1695 4922 1857 4963 unum
1899 4910 2007 4964 sint
2056 4926 2151 4980 per

578 4994 781 5059 omnia,
823 4997 913 5051 sed
936 4997 1105 5066 magis
1126 4996 1321 5051 vicina.
1347 4994 1569 5050 Multum
1591 4996 1735 5051 enim
1758 5013 1823 5053 ex
1847 5001 2013 5054 veteri
2039 5000 2155 5069 lege

579 5087 879 5145 auiisimus,
915 5103 1011 5141 nec
1046 5088 1397 5143 observamus
1421 5087 1471 5140 in
1519 5087 1687 5155 Novo,
1717 5097 1771 5144 et
1797 5091 1939 5145 sicut
1968 5100 2154 5147 terrae-

578 5185 763 5231 motus
811 5177 911 5255 sui)
941 5175 1068 5231 Ozia
1105 5191 1231 5247 rege
1285 5177 1591 5231 mortalium
1632 5179 1794 5232 corda
1838 5181 2152 5248 perterruit,

582 5267 656 5321 ita
702 5266 972 5339 separatio
1002 5268 1246 5329 duorum,
1287 5268 1513 5323 orientis
1566 5276 1620 5322 et
1674 5270 1993 5331 occidentis,
2023 5287 2156 5342 geu~

582 5358 721 5412 tium
754 5364 807 5412 et
850 5354 1179 5422 Judaeorum,
1214 5366 1268 5410 et
1317 5373 1529 5411 rursum
1569 5358 1902 5413 credentium
1936 5360 1987 5414 in
2021 5376 2156 5416 vana

588 5449 695 5504 fide
721 5448 973 5513 societas,
1001 5463 1161 5518 quam
1191 5448 1486 5518 designavit
1533 5449 1758 5503 orientis
1807 5459 1862 5503 et
1898 5454 2161 5508 australis

588 5538 869 5594 divisionis
896 5530 1222 5607 coniunctio,
1256 5538 1308 5591 in
1358 5547 1628 5605 stuporem
1684 5546 1992 5610 metumque
2032 5556 2157 5598 cou-

589 5636 766 5684 vertet
794 5628 1025 5693 animos,
1075 5626 1479 5685 inscrutabilem
1532 5628 1781 5696 abyssum
1830 5628 2159 5699 judiciorum

595 5718 688 5772 Dei
719 5717 1123 5772 admirantium.
1155 5715 1288 5770 Cum
1320 5724 1498 5770 autem
1522 5716 1623 5771 hoc
1648 5717 1844 5773 factum
1872 5718 2056 5789 fuerit,
2105 5733 2160 5780 et

594 5795 762 5860 Judtei
789 5813 1082 5876 gentesque
1120 5805 1177 5860 in
1226 5821 1387 5861 unum
1414 5805 1624 5888 fuerint.
1653 5808 1862 5876 sociati,
1897 5821 2024 5868 tunc
2057 5832 2076 5864 ι
2110 5823 2163 5870 et

597 5896 775 5950 veniet
805 5893 1061 5950 Dominus
1092 5894 1232 5953 Deus
1255 5908 1402 5953 meus
1436 5918 1453 5951 ι
1489 5899 1554 5952 ad
1593 5897 1853 5968 judicium
1893 5921 1909 5953 ι
1951 5918 2165 5960 omnes-

2257 4817 2432 4871 media
2460 4832 2584 4886 pars
2620 4817 2717 4871 ibit
2765 4817 2832 4871 azl
2877 4831 3026 4871 mare
3058 4815 3337 4879 orientale,
3363 4815 3416 4869 id
3452 4816 3639 4869 estad
3665 4832 3831 4887 popu-

2257 4907 2368 4960 lum
2387 4906 2708 4969 Judacorum,
2727 4908 2817 4977 qui
2840 4909 3045 4978 primus
3068 4906 3248 4961 lumen
3270 4906 3463 4961 divina:
3476 4908 3829 4977 cognitionis,

2257 4998 2413 5067 quasi
2438 5008 2613 5053 ortum
2656 5000 2866 5069 accepit
2906 5000 2957 5053 in
2991 4999 3270 5069 apostolis,
3300 5009 3355 5054 et
3393 5014 3491 5069 per
3517 5012 3616 5053 eos
3639 5001 3831 5055 ductus

2259 5098 2343 5143 (λι
2388 5090 2455 5143 ad
2503 5089 2702 5153 fidem;
2728 5091 2964 5144 medium
3005 5099 3185 5144 autem
3213 5103 3403 5144 earum
3445 5089 3544 5143 ibit
3570 5092 3647 5143 ad
3691 5106 3831 5144 mare

2260 5179 2609 5233 novissimum
2627 5219 2641 5243 ,
2674 5180 2724 5234 id
2753 5189 2845 5237 est
2869 5179 3217 5245 occidentale,
3241 5180 3345 5234 hoc
3373 5187 3455 5233 est
3484 5179 3553 5232 ad
3583 5182 3831 5250 gentium

2262 5272 2523 5325 nationes.
2559 5271 2661 5327 Per
2694 5272 2796 5327 has
2830 5281 3010 5329 autem
3040 5273 3225 5343 plagas
3250 5273 3474 5326 orientis
3496 5281 3555 5326 et
3577 5275 3835 5329 occiden-

2261 5361 2560 5426 tis,'omnes
2605 5363 2787 5416 mundi
2830 5373 3012 5433 partes
3041 5363 3296 5417 debemus
3333 5362 3600 5431 accipere,
3636 5362 3697 5417 in
3728 5364 3837 5433 qui-

2264 5452 2364 5506 bus
2393 5468 2543 5523 aquia
2566 5455 2758 5510 divinae
2798 5456 3035 5510 scientia:
3072 5454 3325 5508 derivata:
3369 5464 3516 5507 sunt.
3548 5453 3713 5510 Unde
3742 5456 3838 5509 Do—

2266 5544 2442 5599 minus
2471 5562 2483 5598 :
2527 5565 2543 5595 l
2586 5545 2756 5607 Multi,
2785 5545 2976 5614 inquit,
3015 5546 3082 5600 ab
3111 5546 3319 5599 oriente
3352 5553 3404 5598 et
3449 5544 3518 5598 ab
3550 5547 3838 5601 occidente

2269 5636 2501 5697 venient,
2529 5644 2583 5688 et
2614 5636 2931 5691 recumbeut
2958 5650 3080 5690 cum
3110 5634 3405 5697 Abraham,
3445 5653 3462 5684 ι
3494 5644 3600 5689 etc.
3636 5636 3839 5691 Possu-

2269 5739 2386 5777 mus
2408 5738 2620 5794 quoque
2635 5740 2732 5794 per
2752 5742 2902 5781 mare
2928 5724 3190 5782 orientale
3210 5733 3265 5777 et
3287 5738 3437 5778 mare
3458 5725 3841 5790 novissimum,

2269 5825 2557 5885 utrumque
2588 5815 2990 5874 Testamentum
3016 5819 3151 5887 legis
3171 5829 3225 5875 et
3268 5806 3542 5885 Evangelii
3568 5820 3841 5893 accipere.

2271 5907 2410 5977 quod
2440 5921 2658 5964 necesse
2684 5918 2765 5965 est
2808 5918 2869 5966 ut
2892 5909 3186 5967 Salvatoris
3210 5911 3444 5981 lltuuine,
3482 5912 3534 5968 id
3565 5919 3657 5967 est
3688 5910 3846 5984 spiri-

3022 6088 3047 6104 η
