3950 6486
171 404 260 464 273

1050 421 1448 483 ENARitATIO
1485 428 1547 482 ΙΝ
1585 427 1984 485 ZACHARIAM
2022 432 2461 490 PHOI’HETAM.
3070 455 3101 478 '

3276 440 3383 495 274

169 525 480 623 tnli'sensu,
510 532 840 600 didcescant,
884 547 940 592 et
985 542 1394 598 amaritudinem
1434 544 1707 615 deponant
1737 547 1784 606 Α
1810 558 1928 613 quae
1953 554 2035 599 est
2059 545 2412 611 Hierusalem,
2447 552 2513 605 de
2545 552 2759 606 deserto
2802 562 3086 622 consurget
3109 554 3174 609 ad
3198 554 3382 623 colles,
3434 546 3447 557 “

165 619 437 676 occidentis
487 623 697 680 litterae.
743 627 837 683 Ha:
880 645 1033 699 aqua
1084 633 1141 687 in
1188 642 1375 690 aestate
1416 644 1470 690 et
1512 637 1706 707 hyeme

166 720 323 776 aunt,
351 715 474 784 quia
516 732 613 773 nec
659 720 713 773 in
758 723 1139 793 prosperitate,
1169 741 1289 796 quas
1319 742 1415 797 per
1441 740 1704 796 aestatem,

165 817 319 876 neque
338 807 390 861 in
411 809 737 867 adversitate
760 819 1166 885 persecutionis,
1192 836 1310 890 quze
1332 837 1431 890 per
1462 824 1706 894 hyemcm

167 894 473 964 designatur,
496 901 739 958 doctrina
757 907 992 963 caelestis
1009 925 1237 964 manare
1267 912 1493 967 desistit.
1510 913 1711 969 Notan-

164 983 278 1039 dum
317 990 457 1056 quod
497 990 551 1044 in
581 992 930 1066 Septuaginta
966 1013 1070 1052 non
1117 1001 1347 1056 habetur
1392 1003 1449 1056 in
1495 1005 1707 1075 hyeme,

171 1093 191 1124 ι
222 1076 305 1131 sed
340 1077 395 1132 in
425 1093 546 1134 rere
585 1092 648 1137 et
691 1082 744 1138 in
770 1095 956 1141 a'state
980 1097 1159 1154 erunt,
1189 1111 1208 1142 ι
1238 1100 1295 1145 et
1316 1093 1516 1149 idcirco
1546 1111 1713 1166 aquas

168 1167 303 1225 viras
336 1171 554 1241 quidam
576 1177 651 1230 ad
692 1178 1015 1246 baptismum
1048 1181 1302 1247 refenmt,
1332 1188 1475 1255 quod
1505 1188 1556 1241 in
1586 1205 1711 1243 vcre

163 1264 288 1317 etin
312 1272 517 1331 testate,
558 1267 621 1322 id
666 1278 749 1324 est
776 1271 829 1325 in
860 1272 1064 1328 Pascha
1096 1283 1148 1328 et
1181 1275 1238 1330 in
1269 1273 1583 1335 Pentecoste
1618 1286 1731 1350 ge-‘

166 1356 403 1411 neraliter
444 1360 513 1414 ab
532 1361 686 1415 muni
731 1360 970 1419 Ecclesia
1005 1364 1326 1422 celebratur.
1360 1387 1379 1419 ι
1412 1368 1469 1424 In
1507 1372 1592 1426 die
1626 1374 1713 1426 illa

163 1445 262 1500 erit
283 1445 537 1502 Dominus
583 1463 743 1515 mnus,
773 1459 828 1506 et
868 1454 978 1508 erit
1025 1470 1218 1511 nomen
1264 1458 1379 1528 cjus
1419 1476 1620 1515 unum:
1661 1471 1732 1516 ct'

165 1548 454 1595 revertetur
476 1542 651 1616 omnis
676 1552 821 1598 terra
847 1560 1016 1616 usque
1044 1549 1110 1602 ad
1140 1550 1411 1605 desertum
1431 1592 1445 1615 ,
1474 1553 1539 1608 de
1582 1554 1716 1609 colle

164 1628 449 1687 Rhemmon
482 1611 569 1686 ἵει
611 1642 853 1689 austrum
884 1611 1212 1693 Hierusalem
1242 1650 1335 1694 :et
1371 1611 1713 1707 excitabitur,

162 1728 216 1774 et
246 1718 504 1775 habitabit
542 1721 594 1774 in
637 1723 753 1778 loco
782 1739 877 1778 suo
909 1740 937 1777 a
969 1736 1122 1795 porta
1150 1728 1425 1800 Benjamin
1455 1736 1623 1802 asque
1649 1736 1715 1788 ad

164 1810 328 1865 locum
361 1820 532 1881 portae
577 1813 788 1882 prioris,
832 1819 887 1871 et
930 1834 1100 1887 usque
1140 1821 1205 1875 ad
1246 1832 1456 1892 portam
1492 1827 1713 1899 angulo-

1812 642 1866 690 et
1890 635 1956 689 de
1998 635 2223 691 collibus
2268 639 2334 692 ad
2379 641 2589 694 excelsa
2621 643 2949 710 proﬁciendo
2994 644 3059 697 de
3090 644 3288 699 virtute
3323 646 3375 700 in

1813 729 2084 789 virtutem.
2128 745 2228 786 nec
2258 732 2359 788 hoc
2404 735 2508 788 ﬁne
2543 745 2814 800 contenta,
2852 740 3130 807 perveniet
3176 741 3241 795 ad
3285 738 3397 794 nn—'

1812 819 2030 873 stralcm
2061 820 2296 889 plagam,
2326 823 2415 877 ubi
2461 822 2640 883 fervor
2669 825 2973 881 dilectionis
2996 833 3050 881 et
3079 827 3381 897 splendoris

1812 912 2023 975 aeterni,
2069 911 2264 967 divinae
2316 908 2524 968 scilicet
2574 914 2798 968 visionis
2845 916 3109 981 societas,
3157 919 3227 973 de
3275 933 3390 987 qua

1815 1000 2095 1056 Psalmista
2141 1022 2154 1057 :
2202 1023 2221 1055 r
2267 1002 2518 1060 Satiabor
2561 1020 2682 1061 cum
2734 1006 3164 1063 manil’estabitur
3214 1010 3381 1080 gloria

1815 1101 1926 1147 tua.
1953 1115 1972 1146 ι
1995 1095 2288 1151 Rhemmon
2312 1112 2521 1167 quoque
2537 1097 2923 1168 interpretatur
2940 1099 3384 1170 malogranatum,

1816 1198 1936 1252 quae
1963 1193 2043 1237 cst
2069 1186 2252 1251 arbor,
2284 1186 2438 1257 cujus
2458 1200 2674 1256 pomum
2695 1187 3137 1257 pulcherrimum,
3166 1190 3380 1259 plenum

1816 1275 1997 1341 granis
2042 1290 2161 1344 qua:
2189 1276 2536 1330 continentur
2557 1277 2782 1331 diversis
2808 1277 3033 1342 cellulis,
3062 1278 3384 1348 quibusdam

1818 1363 2204 1419 membranulis
2226 1367 2425 1420 cortice
2455 1366 2909 1435 puniceo.Fcrtur
2938 1377 3127 1423 autem
3140 1367 3390 1424 fervores

1819 1456 2079 1509 stomachi
2131 1470 2344 1521 sanare,
2393 1466 2446 1511 et
2491 1466 2799 1526 corruptum
2853 1468 3095 1513 ventrem
3133 1476 3387 1531 purgare,

1818 1545 2173 1614 omnibusque
2188 1546 2480 1600 visceribus
2494 1545 2764 1616 prodesse.
2782 1546 2905 1601 Haec
2919 1549 3233 1616 spcciositas
3244 1550 3389 1618 pomi

1819 1637 2067 1690 convenit
2099 1635 2350 1691 Ecclesia:
2377 1637 2431 1691 in
2461 1638 2655 1691 rubore
2682 1640 2998 1693 verecundae
3032 1640 3301 1708 pudicitiae
3333 1640 3407 1692 in-

1818 1744 2106 1797 granorum
2152 1730 2362 1793 ordine,
2408 1731 2606 1800 gradus
2654 1738 2711 1785 et
2751 1732 2992 1786 membra
3026 1733 3187 1787 totius
3214 1733 3389 1788 θεοισε-

1821 1818 2021 1873 siastici
2071 1820 2312 1889 corporis
2351 1834 2447 1889 per
2494 1820 2700 1890 singula
2749 1818 2920 1875 cilicia
2976 1822 3282 1878 distributa.
3319 1824 3411 1877 De-

163 1915 276 1954 cum
295 1920 305 1954 :
327 1909 382 1955 et
407 1916 437 1954 a
467 1910 612 1957 turre
637 1903 913 1960 Anauchcl
940 1923 1110 1977 usque
1140 1910 1519 1967 adtorcularia
1554 1917 1714 1987 regis.

1828 1909 1955 1964 colle
1979 1918 2157 1965 autem
2187 1910 2485 1965 Rhemmon
2515 1910 2780 1980 incipiunt
2814 1912 2947 1968 ﬁnes
2967 1913 3237 1977 Ecclesitr,
3264 1916 3393 1985 quia

164 1992 231 2048 Et
256 1993 569 2049 habitabant
608 1995 662 2049 in
688 2011 774 2061 ea,
807 2007 861 2051 et
888 1999 1170 2055 anathema
1197 2017 1303 2056 non
1340 2005 1443 2057 erit
1466 2006 1716 2074 amplius,

164 2086 258 2139 sed
304 2084 505 2140 sedebit
547 2084 884 2143 Hierusalem
927 2104 1141 2145 secura.
1195 2111 1214 2143 ι
1261 2091 1386 2147 Hmc
1426 2096 1605 2149 omnia
1652 2095 1719 2151 de

166 2176 529 2232 exstructione
573 2175 907 2233 Hierusalem
949 2186 1195 2246 terrenae,
1244 2190 1299 2236 et
1351 2181 1418 2236 de
1459 2198 1737 2254 aquarum

165 2267 484 2336 egressione,
512 2281 632 2337 quae
668 2269 736 2323 ad
765 2277 1048 2339 utrumque
1076 2271 1313 2327 deﬂuant
1352 2290 1519 2338 mare,
1552 2273 1719 2328 ιιιόωὶ

163 2368 219 2415 et
244 2359 476 2417 breretici
517 2360 893 2429 judaizantes,
939 2378 1075 2435 quos
1096 2364 1382 2422 Chiliastas
1427 2376 1652 2432 vocant,
1690 2383 1719 2421 a

165 2467 383 2507 nurnero
438 2453 587 2508 mille
637 2469 943 2521 annorum,
998 2456 1193 2525 quibus
1254 2472 1312 2511 se
1353 2465 1545 2527 putant
1599 2472 1722 2514 eum

163 2544 375 2601 Christo
421 2560 520 2600 suo
565 2544 795 2601 feliciter
825 2556 1140 2618 regnaturos
1182 2547 1235 2601 in
1271 2548 1375 2603 ﬁne
1412 2549 1590 2604 saeculi
1621 2550 1722 2605 sibi

167 2637 557 2707 repromittunt.
574 2637 711 2692 Dicit
734 2638 876 2693 enim
899 2639 1041 2708 quod
1065 2654 1186 2694 cum
1207 2638 1425 2695 Christo
1450 2640 1501 2694 in
1527 2641 1723 2696 Hieru-

164 2728 327 2783 salem
368 2743 533 2784 aurea
563 2737 619 2785 et
648 2737 914 2800 gemmata
960 2730 1450 2801 rcgnaverint,jam
1476 2749 1580 2787 non
1617 2735 1727 2790 sint

166 2819 326 2887 idola,
368 2835 467 2876 nec
497 2821 712 2877 diversa
750 2822 978 2887 cultura,
1013 2822 1106 2877 sed
1140 2822 1246 2877 erit
1274 2821 1529 2880 Dominus
1565 2842 1721 2890 unus,

161 2921 222 2967 et
244 2912 356 2982 ipse
383 2911 528 2968 solus
553 2913 937 2978 nominabitur,
967 2920 1021 2966 et
1054 2913 1230 2967 omnis
1259 2921 1403 2968 terra
1429 2924 1729 2970 revertetur

162 3002 234 3058 ad
256 3003 534 3072 antiquum
580 3010 803 3065 statum.
828 3003 1042 3072 quando
1071 3003 1246 3057 omnis
1276 3012 1416 3058 terra
1449 3005 1648 3060 inculta
1676 3015 1726 3061 et

164 3095 377 3148 deserta
401 3091 523 3146 erit.
570 3091 954 3162 Ponunturque
985 3091 1238 3147 vocabula
1278 3092 1538 3157 locorum,
1568 3110 1597 3148 a
1624 3111 1731 3164 quo

94 3218 105 3227 -
164 3183 282 3239 loco
324 3197 492 3255 usque
540 3183 607 3239 ad
657 3183 832 3239 locum
885 3182 1217 3239 Hierusalem
1263 3184 1571 3240 aediﬁcanda
1627 3188 1718 3252 sit,

163 3244 423 3330 videlicet
443 3275 508 3330 de
527 3273 664 3329 colle
692 3272 991 3330 Rbemmon
1040 3289 1211 3345 usque
1234 3274 1300 3330 ad
1330 3286 1570 3331 austrum
1599 3244 1723 3333 Hie;
1753 3244 1799 3307 ο

165 3368 419 3432 rusalem,
444 3376 502 3423 et
524 3366 848 3423 exaltabitur
868 3367 932 3422 in
953 3366 1181 3437 pristino
1203 3383 1234 3423 a
1265 3377 1418 3438 porta
1449 3365 1726 3436 Benjamin

162 3472 338 3530 usque
379 3458 448 3514 ad
490 3467 701 3529 portam
743 3459 1079 3531 angulorum,
1114 3468 1169 3515 et
1205 3476 1236 3515 a
1284 3470 1431 3515 turre
1458 3459 1730 3517 Ananehel

162 3567 339 3623 usque
366 3553 434 3609 ad
457 3552 744 3607 toreularia
768 3553 927 3624 regis.
963 3570 982 3604 ‹
1022 3552 1088 3608 Et
1111 3552 1394 3608 anathema
1430 3569 1535 3608 non
1558 3554 1680 3619 erit,
1705 3575 1723 3605 ι

160 3641 223 3696 id
266 3649 350 3698 est
392 3640 568 3696 nullus
607 3650 802 3709 metus,
849 3641 1028 3700 nullus
1073 3642 1306 3698 hostium
1352 3644 1603 3713 impetus,
1637 3645 1730 3699 scd

160 3732 377 3789 sedebit
443 3747 631 3789 secura
695 3740 752 3789 et
814 3734 988 3813 otiosa
1052 3732 1389 3791 Hierusalem
1458 3735 1511 3789 in
1575 3751 1727 3806 pace.

157 3824 469 3880 Anathema
514 3834 690 3880 autem
729 3823 974 3882 Graecum
994 3833 1082 3881 est
1106 3826 1348 3890 verbum,
1383 3825 1570 3881 Latine
1599 3827 1730 3883 alie-

156 3916 314 3971 natio
335 3916 439 3971 dici
464 3922 659 3986 potest.
680 3915 908 3972 Tractus
929 3923 1110 3971 autem
1130 3931 1309 3972 sermo
1337 3932 1371 3971 a
1396 3918 1576 3981 rebus,
1599 3928 1734 3987 quas

156 4008 417 4063 homines
467 4004 599 4081 vota"
638 4005 895 4061 facientes
917 4006 1136 4075 templis
1177 4006 1482 4079 adigebant,
1524 4016 1577 4063 et
1616 4025 1643 4061 a
1676 4023 1734 4063 se

154 4098 347 4152 aliena
382 4094 677 4160 faciebant,
714 4094 959 4150 videlicet
984 4097 1084 4151 ἀπὸ
1111 4103 1201 4153 τοῦ
1236 4100 1536 4161 avertebat,
1568 4099 1617 4152 id
1651 4108 1735 4153 est

155 4206 190 4243 τι
225 4202 448 4243 sursum
498 4185 763 4255 ponendo,
813 4185 898 4241 vni
945 4187 1334 4257 suspendendo.
1388 4190 1513 4244 Haec
1556 4190 1630 4244 illi
1669 4191 1736 4245 ad

154 4282 409 4334 litteram
453 4277 632 4332 futura
681 4277 1039 4347 suspicantur,
1089 4292 1186 4332 nos
1212 4293 1426 4333 sensum
1455 4280 1736 4350 mysticum

154 4377 594 4443 perscrutemur,
640 4376 695 4423 et
737 4383 856 4437 quae
910 4367 985 4422 illi
1042 4368 1109 4423 de
1148 4376 1358 4423 terrena
1403 4368 1738 4424 Hierusalem

157 4458 507 4531 conﬁngunt,
555 4459 971 4528 interpretemur
1023 4457 1090 4512 de
1128 4472 1358 4529 superna
1409 4465 1465 4514 et
1508 4458 1735 4514 caelesti.

1821 2001 1889 2055 ab
1919 2000 2218 2056 humilitate
2246 2011 2301 2057 et
2325 2018 2354 2056 a
2386 2002 2683 2057 minoribus
2706 2003 2944 2069 inchoat,
2974 2015 3031 2060 ut
3071 2008 3203 2062 ordo
3223 2008 3416 2062 coclea

1821 2091 2071 2147 siasticus
2099 2093 2419 2161 quibusdam
2464 2093 2793 2163 profectibus
2829 2103 3193 2151 construatur.
3228 2098 3389 2152 Exal-

1823 2182 2025 2238 labitur
2049 2193 2228 2238 autem
2271 2184 2536 2254 incipiens
2577 2202 2613 2241 a
2656 2186 2901 2249 collibus,
2940 2194 3014 2240 ct-
3040 2187 3305 2242 habitabit
3333 2190 3391 2242 in

1821 2272 1940 2328 loco
1995 2289 2094 2328 suo
2145 2275 2198 2328 in
2249 2275 2482 2330 statione
2539 2275 2907 2345 perfectionis.
2970 2278 3046 2331 De
3105 2277 3209 2333 hoc
3273 2278 3392 2333 loco

1821 2362 2105 2419 Psalmi’sta
2149 2365 2316 2420 dicit:
2347 2385 2367 2417 ι
2419 2366 2475 2420 ln
2520 2366 2637 2422 loco
2678 2365 2897 2438 (inquit)
2931 2383 3157 2437 pascuae.
3187 2369 3269 2424 ibi
3307 2384 3395 2423 me

1823 2457 2122 2513 collocavit.
2157 2476 2175 2510 ›
2211 2456 2499 2528 Sequitur:
2530 2476 2551 2509 r
2587 2474 2614 2513 a
2640 2468 2796 2530 porta
2823 2459 3102 2531 Benjamin
3129 2472 3297 2530 usque
3322 2462 3389 2514 ad

1823 2548 1999 2603 locum
2054 2558 2224 2617 porta
2278 2548 2497 2619 prioris.
2568 2568 2587 2601 ι
2654 2548 2932 2617 Beniamin
2996 2552 3385 2622 interpretatur

1825 2636 1966 2692 ﬁlius
2001 2636 2228 2703 dextrae,
2250 2638 2376 2708 quia
2413 2648 2599 2695 sancta
2619 2639 2916 2695 Ecclesiae
2949 2641 3147 2696 virtute
3172 2641 3391 2711 incipit,

1824 2742 1984 2798 quam
2040 2730 2309 2800 signiﬁcat
2366 2730 2603 2794 dextera,
2660 2740 2717 2786 et
2780 2734 3025 2802 pervenit
3065 2734 3130 2789 ad
3179 2743 3391 2804 portatu

1823 2819 2081 2889 priorem,
2128 2821 2181 2876 id
2223 2828 2307 2879 est
2335 2820 2517 2887 ﬁdem,
2551 2830 2612 2876 ut
2644 2837 2741 2892 per
2772 2839 2891 2878 eam
2931 2823 3298 2895 ingredianqu
3323 2826 3409 2878 ad:

1827 2915 2063 2985 reliquas
2089 2914 2335 2970 virtutes.
2363 2913 2558 2971 Statim
2595 2918 2832 2971 occurrit
2866 2924 3018 2986 porta
3051 2917 3391 2989 angulorum,

1828 3006 1880 3061 id
1905 3014 1989 3061 est
2013 3005 2260 3061 Christus
2286 3006 2420 3076 lapis
2454 3008 2745 3078 angularis,
2775 3009 3058 3065 continens
3082 3018 3139 3065 et
3173 3008 3397 3078 conjun-

1830 3110 1961 3168 gens
1986 3095 2087 3151 sibi
2118 3095 2253 3152 duos
2281 3097 2538 3166 parietes.
2588 3097 2763 3167 Super
2808 3099 2951 3151 hunc
2973 3098 3202 3169 lapidem
3230 3100 3397 3155 aediﬁ-

1830 3194 2023 3243 cantur
2063 3185 2154 3241 alii
2198 3186 2482 3258 angulares
2524 3187 2745 3257 lapides,
2804 3187 3031 3257 apostoli
3065 3188 3314 3244 videlicet
3340 3197 3396 3243 et

1830 3276 2107 3348 apostolici
2150 3276 2273 3342 viri,
2303 3278 2646 3333 continentes
2686 3276 2922 3346 reliquos
2957 3277 3182 3348 angulos
3214 3278 3398 3334 Eccle—

1831 3370 1943 3435 size,
1962 3369 2156 3440 quibus
2185 3368 2426 3439 loquitur
2454 3369 2651 3424 Paulus
2675 3387 2729 3426 ι(
2765 3369 2907 3423 Εει.ἰς
2921 3370 3070 3425 cives
3088 3379 3398 3425 sanctorum

1831 3471 1886 3516 et
1920 3460 2202 3517 domestici
2229 3460 2342 3522 Dei,
2370 3468 2474 3516 etc.
2513 3478 2533 3513 ι
2573 3459 2895 3516 Αὲἀίῐίρθῑιιι*
2918 3474 3132 3531 quoque
3157 3459 3397 3515 Ecclesia

1834 3568 1864 3605 a
1916 3559 2065 3606 turre
2112 3550 2425 3617 Ananehel,
2479 3550 2570 3621 qui
2618 3551 3007 3619 interpretatur
3059 3548 3417 3619 gratissimus.

1835 3642 1952 3708 Dei,
1985 3641 2382 3696 ﬁrmamentum
2405 3640 2656 3695 videlicet
2680 3639 2824 3704 ﬁdei,
2851 3639 2987 3710 spei,
3010 3647 3065 3693 et
3094 3639 3399 3699 cbaritatis.

1832 3732 1901 3786 ad
1944 3732 2088 3802 quod
2132 3746 2191 3787 se
2236 3732 2547 3802 pervenisse
2584 3729 2954 3802 gratulabatur
2990 3730 3296 3795 Psalmista,
3324 3731 3403 3784 di-

1832 3836 1963 3878 cens
1989 3840 2003 3876 :
2037 3843 2056 3875 ι
2090 3822 2363 3878 Deduxisti
2385 3837 2471 3876 me
2490 3822 2614 3891 quia
2646 3821 2821 3877 factus
2843 3836 2902 3876 es
2927 3836 3050 3891 spes
3071 3837 3210 3883 mea,
3237 3822 3402 3876 turris

1833 3913 2161 3970 fortitudinis
2203 3930 2234 3968 a
2282 3914 2421 3968 facie
2448 3913 2671 3967 inimici.
2715 3932 2734 3964 ι
2791 3913 2905 3977 Qua
2943 3920 3091 3965 turre
3126 3912 3401 3967 nihil.Deo

1834 4008 2060 4081 gratius.
2088 4006 2226 4062 Hinc
2253 4006 2499 4076 pervenit
2522 4004 2806 4065 tediﬁeatio
2827 4004 2893 4057 ad
2923 4003 3213 4058 toreularia
3234 4005 3397 4073 regis,

1835 4101 1889 4156 in
1941 4098 2139 4167 quibus
2182 4095 2504 4165 exprimitur
2551 4093 2820 4146 vindemia
2861 4090 3083 4157 Christi,
3130 4105 3250 4160 qua:
3287 4092 3404 4159 ipse

1836 4188 2043 4259 primus
2071 4186 2321 4242 calcavit.
2352 4184 2505 4241 Unde
2522 4192 2576 4238 et
2603 4197 2699 4253 per
2723 4181 3178 4260 lsaiamdicitpr:
3213 4197 3231 4232 ι
3267 4179 3402 4235 Tor-

1837 4280 1987 4337 cular
2010 4278 2225 4335 calcavi'
2257 4276 2421 4340 solus,
2462 4296 2482 4328 ι
2518 4284 2621 4331 etc.
2670 4274 2728 4329 In
2766 4274 2860 4328 his
2893 4272 3254 4328 torcularibus
3294 4272 3406 4327 cal-

1837 4380 2029 4428 cantur
2055 4370 2192 4426 botri
2213 4377 2527 4439 martyrum,
2558 4365 2649 4436 qui
2666 4365 2887 4435 vestigia
2916 4364 3182 4435 passionis
3203 4363 3403 4418 Christi

1839 4470 2154 4535 sequuntur,
2197 4469 2251 4516 ct
2288 4462 2428 4515 sicut
2469 4458 2556 4513 ille
2583 4472 2682 4528 pro
2709 4457 2791 4513 eis
2824 4455 3058 4511 animam
3093 4455 3295 4526 posuit,
3321 4457 3400 4510 sic

151 4550 302 4608 Cum
328 4552 472 4607 enim
519 4549 680 4606 fuerit
727 4549 983 4605 Dominus
1026 4548 1182 4605 Jesus
1209 4563 1303 4604 rex
1336 4564 1496 4620 super
1522 4565 1736 4606 omnem
1763 4588 1815 4648 Β
1841 4556 1939 4628 ipsi
1968 4570 2068 4627 pro
2089 4552 2204 4622 ejus
2229 4551 2515 4607 dileCtione
2548 4555 2777 4604 mortem
2803 4545 2987 4601 subire
3006 4559 3115 4600 non
3141 4553 3403 4600 metuunt.

152 4655 394 4711 terram,
436 4655 492 4699 et
534 4660 726 4701 nomen
754 4642 871 4713 ejus
899 4659 1086 4708 unum,
1114 4651 1174 4698 ut
1208 4643 1322 4714 ipse
1345 4642 1490 4699 solus
1522 4644 1737 4699 invoce-
1763 4634 1810 4648 “’
1837 4646 1971 4702 Cum
2018 4658 2147 4711 ergo
2172 4641 2364 4698 civitas
2403 4639 2496 4695 Dei
2541 4636 2804 4693 aediﬁcata
2833 4635 3139 4707 pervenerit
3168 4634 3234 4689 ad
3265 4635 3408 4703 regis

154 4749 257 4792 tur
287 4745 345 4792 et
374 4735 582 4791 colatur
626 4735 788 4801 Deus,
836 4734 979 4790 omni
1025 4732 1155 4787 falsa
1205 4731 1465 4801 religione
1496 4733 1728 4796 sublata,
1837 4736 2039 4793 Christi
2077 4732 2384 4795 toreularia,
2425 4731 2537 4799 jam
2586 4742 2693 4784 non
2732 4728 2836 4783 erit
2876 4726 3179 4789 anathema,
3225 4725 3279 4781 id
3322 4735 3408 4780 est

151 4827 557 4895 impletumqne
603 4824 765 4879 fuerit
805 4825 946 4894 quod
994 4822 1272 4877 Psalenista
1328 4822 1395 4875 ad
1448 4821 1740 4877 Dominum
1837 4825 2144 4882 maledictio
2166 4824 2249 4880 vel
2283 4822 2560 4885 alienatio,
2594 4819 2687 4876 sed
2710 4819 2817 4873 erit
2845 4817 3178 4874 Hierusalem
3211 4831 3401 4872 secura

150 4919 339 4973 dicit:
373 4935 391 4967 ι
428 4915 649 4970 Domine
678 4915 934 4971 Dominus
948 4916 1153 4976 uester,
1176 4919 1305 4975 etc.,
1339 4929 1357 4963 ι
1394 4920 1520 4964 tunc
1546 4926 1732 4966 rever-

152 5018 313 5065 tetur
336 5007 510 5063 omnis
538 5015 680 5062 terra
701 5004 768 5059 ad
791 5005 1080 5066 desertum,
1108 5002 1157 5057 id
1180 5010 1261 5055 est
1278 5016 1408 5067 gens
1431 5000 1734 5054 Judmornm

152 5098 447 5155 incredula
486 5097 606 5161 erit,
657 5097 797 5151 sicut
835 5094 1103 5166 quondam
1151 5092 1361 5146 fuerant
1405 5101 1589 5160 gentes
1617 5106 1737 5159 quae

150 5201 438 5247 vocantur
483 5191 772 5251 desertum,
824 5198 881 5244 et
934 5186 1177 5242 notitiam
1211 5185 1303 5239 Dei
1358 5200 1461 5239 non
1517 5185 1735 5238 habent.

149 5282 375 5336 Gentes
425 5295 553 5334 vero
600 5280 882 5333 credentes
923 5278 975 5331 in
1026 5275 1298 5331 Christum
1361 5273 1535 5327 locum
1589 5273 1738 5327 illum

148 5368 451 5426 habebunt
494 5368 631 5439 apud
685 5366 873 5430 Deum,
911 5381 1068 5436 quem
1120 5363 1389 5433 quondam
1440 5361 1737 5415 habuerunt

148 5460 369 5517 Judmi.
405 5458 536 5514 Hinc
561 5474 652 5529 per
681 5460 869 5513 Isaiam
895 5458 1118 5511 dicitur:
1152 5475 1169 5506 ι
1196 5454 1551 5509 Convertctur
1580 5452 1740 5507 Lila-

148 5572 268 5610 uus
299 5555 359 5610 in
382 5552 653 5617 Chermcl,
679 5562 731 5607 et
754 5551 999 5607 Cbermel
1027 5550 1077 5604 in
1106 5549 1298 5603 saltum
1329 5548 1681 5614 reputabitur.
1718 5565 1735 5596 ι

147 5644 498 5701 “evertetur
542 5652 719 5698 autem
752 5644 817 5697 de
858 5641 993 5697 colle
1040 5640 1338 5695 Rhemmon
1385 5638 1451 5692 ad
1499 5645 1740 5691 austrum

148 5734 536 5791 Hierusalem.
570 5734 869 5788 Rbemmon
910 5734 1295 5802 interpretatur
1326 5729 1618 5792 excelsum,
1660 5727 1740 5780 vel

149 5826 632 5900 malogranatum,
665 5840 760 5895 per
787 5824 926 5895 quod
947 5822 1277 5895 signiﬁcatur
1306 5822 1443 5892 quod
1476 5820 1737 5885 Ecclesia,

1792 4972 1798 4977 ,
1838 4925 2000 4987 atque
2027 4914 2305 4971 conﬁdens
2326 4929 2345 4966 ι
2376 4930 2394 4963 ι
2440 4908 2761 4965 Benedictus
2797 4908 2940 4964 enim
2969 4906 3050 4963 vir
3070 4906 3164 4977 qui
3185 4904 3421 4963 conlidt.

1838 5006 1894 5060 in
1921 5003 2168 5059 Domino.
2205 5020 2225 5053 ι

1916 5111 1937 5144 ι
1972 5092 2038 5147 Et
2072 5091 2186 5146 brae
2210 5090 2314 5144 erit
2336 5088 2489 5158 plaga
2515 5102 2619 5155 qua
2646 5084 2915 5156 percutiet
2941 5082 3203 5140 Dominus
3219 5095 3408 5139 omnes

1842 5191 2030 5252 gentes
2064 5196 2187 5250 qua:
2226 5184 2597 5248 pugnaverunt
2633 5184 2823 5230 contra
2850 5172 3228 5233 Hierusalem:
3265 5170 3423 5231 tabe,

1844 5281 1958 5331 seet
1982 5287 2109 5328 caro
2132 5269 2553 5339 uniuscujusque
2591 5266 2785 5322 stantis
2806 5279 2967 5333 super
2991 5264 3156 5335 pedes
3181 5276 3330 5323 suos,
3357 5269 3413 5323 et

1845 5363 1982 5420 oculi
2015 5360 2130 5430 ejus
2156 5360 2539 5415 contabescent
2578 5357 2632 5411 in
2667 5355 3019 5412 foraminibus
3054 5353 3188 5417 suis,
3212 5360 3268 5409 et
3305 5350 3406 5405 liu-

1842 5471 1943 5526 gua
1968 5466 2153 5508 eorum
2184 5450 2531 5505 contabescet
2576 5448 2629 5501 in
2669 5461 2765 5502 ore
2801 5447 3060 5516 ipsorum.
3090 5462 3109 5496 ι
3152 5442 3254 5499 Hic
3282 5456 3407 5512 per-

1841 5546 2023 5615 spicue
2067 5541 2369 5599 ostenditur
2401 5553 2539 5594 vana
2592 5552 2712 5595 esse
2744 5536 2925 5593 omnia
2976 5549 3096 5605 qua».
3132 5531 3305 5592 Judzei
3340 5533 3425 5599 de,

1844 5644 2058 5691 terrena
2088 5631 2419 5687 Hierusalem
2447 5629 2752 5700 opinantur.
2793 5624 2924 5680 Nam
2962 5622 3186 5680 Romani
3228 5622 3405 5675 novis-

1843 5726 1976 5782 sime
2030 5731 2402 5795 pugnaverunt
2444 5722 2726 5778 adversum
2776 5717 3105 5775 Hierusalem
3160 5730 3387 5782 eamque

1843 5817 2080 5873 funditus
2109 5813 2441 5882 deleverunt,
2488 5827 2587 5867 nec
2624 5811 2912 5882 quidquam
2945 5809 3050 5864 tale
3088 5808 3231 5880 passi
3262 5813 3425 5873 sunt._
