3950 6512
566 413 672 470 275

1030 415 1382 471 ilAYMONiS
1422 414 1896 472 HALBERSTAT.
1937 413 2148 474 EPISC.
2189 414 2335 474 0H".
2379 415 2559 474 PARS
2589 415 2629 474 1.
2667 447 2741 458 —-
2774 416 3127 477 COMMENT’.
3167 421 3336 478 BIBL.

3721 428 3814 486 276

566 523 834 579 Cancrum
897 523 964 579 de
1010 523 1446 594 persecutoribus
1505 524 1783 591 Ecclesiae,
1844 526 1937 595 qui
1989 526 2134 581 omni
2162 532 2210 591 Α
2237 525 2479 592 Patrem,
2491 535 2547 583 et
2566 527 2782 595 Filium,
2805 538 2861 586 et
2889 530 3150 602 Spiritum
3174 544 3418 592 sanctum
3433 551 3549 593 non
3565 542 3810 600 credunt.

566 616 821 670 instantia
853 615 1109 669 adversus
1139 629 1258 670 eam
1304 624 1701 685 pugnaverunt,
1738 615 1922 672 dicere
1951 632 2140 688 possu-
2240 616 2390 670 Asini
2414 625 2541 671 sunt
2565 618 2850 688 immundi,
2873 637 2982 677 non
3004 624 3318 682 resistentes
3336 628 3685 698 passionibus
3707 649 3811 690 car-

564 720 709 770 mus,
756 706 878 775 quia
915 705 968 760 in
999 706 1079 760 eis
1107 706 1271 760 etiam
1310 708 1663 778 cerporaliter
1695 710 1810 763 inec
1847 709 2142 778 saepissime
2237 707 2324 762 nis
2349 722 2479 763 suae.
2513 707 2609 764 liis
2651 711 2906 768 omnibus
2949 715 3082 771 utile
3128 725 3211 772 est
3259 727 3320 773 ut
3359 731 3581 776 corruat
3631 724 3692 778 in
3741 729 3812 783 eis

561 795 779 866 impleta
820 804 945 850 sunt
991 813 1008 852 :
1057 813 1208 864 nam,
1259 804 1321 852 ut
1365 806 1641 854 taceamus
1691 800 1755 855 de
1809 799 2139 855 cruciatibus
2236 799 2379 869 quod
2405 798 2542 854 male
2571 801 2768 868 stabat,
2791 812 3054 872 quatenus
3081 818 3364 878 surgentes
3387 823 3733 869 mansuetum
3763 818 3808 872 in

561 903 697 957 quos
742 887 796 941 in
841 887 1055 944 inferno
1107 897 1229 959 post
1275 898 1504 944 mortem
1543 891 1932 956 sustinuerunt,
1973 891 2133 944 etiam

557 975 614 1030 in
651 977 754 1032 hac
780 977 890 1031 vita
933 976 1224 1033 multorum
1253 993 1449 1035 carnes
1484 989 1949 1051 computruerunt,
1992 979 2131 1035 oculi

467 1077 472 1082 ‘
555 1068 954 1123 contabuerunt
987 1069 1040 1123 in
1080 1070 1192 1124 suis
1237 1069 1618 1138 foraminibus,
1673 1072 1849 1142 lingua
1891 1072 1944 1126 in
1976 1080 2131 1142 puto-

551 1171 670 1211 rem
697 1163 753 1210 et
790 1156 997 1212 saniem
1035 1156 1292 1213 dissoluta
1331 1167 1431 1214 est.
1473 1159 1854 1230 Spirituaiiter,
1885 1160 1974 1229 qui
2021 1167 2129 1214 stat

549 1262 714 1317 super
743 1249 909 1318 pedes
938 1262 1087 1314 suos,
1117 1257 1173 1303 et
1201 1249 1330 1304 dicit
1358 1265 1479 1305 cum
1506 1249 1788 1305 Psalmista
1821 1264 1834 1302 :
1869 1268 1886 1300 ι
1925 1248 2126 1304 Statuit

548 1338 812 1394 Dominus
841 1355 1001 1409 supra
1054 1348 1262 1411 petram
1315 1343 1480 1410 pedes
1530 1356 1699 1405 meos,
1743 1360 1766 1392 ι
1794 1340 2033 1396 defluunt
2067 1342 2122 1396 in

549 1443 616 1482 eo
649 1430 886 1486 carnalia
931 1431 1091 1496 vitia,
1137 1439 1197 1485 ut
1237 1430 1483 1485 oriantur
1527 1430 1833 1501 spirituales
1872 1431 2118 1488 virtutes.

547 1517 722 1584 Oculi,
760 1521 853 1590 qui
903 1521 1044 1575 male
1093 1535 1191 1590 per
1240 1521 1704 1590 concupiscentias
1745 1521 2118 1589 versabantur,

546 1613 746 1668 cadunt
785 1622 845 1667 ut
876 1614 1126 1669 meliores
1152 1622 1441 1684 ponantur,
1479 1622 1534 1669 et
1562 1613 1705 1670 dicat
1742 1631 1756 1668 :
1793 1632 1812 1665 ‹
1846 1613 1928 1668 Ad
1960 1623 2012 1670 te
2039 1613 2117 1670 ie-

543 1703 666 1756 vavi
718 1703 902 1759 oculos
949 1719 1117 1769 meos,
1147 1704 1238 1773 qui
1297 1704 1509 1759 habitas
1555 1704 1611 1760 in
1654 1703 1823 1759 caelis.
1862 1723 1880 1756 ι
1915 1703 2117 1776 Lingua

540 1793 858 1864 blasphcma
915 1795 968 1849 in
1017 1795 1184 1850 Deum
1235 1794 1470 1861 deﬁciet,
1525 1803 1587 1850 ut
1631 1804 1950 1851 renascatur
1999 1812 2119 1867 qute

2233 905 2293 946 se
2321 892 2615 962 suscipiant
2651 895 2841 965 Deum,
2869 913 2901 953 a
2929 915 3038 971 quo
3064 901 3388 961 inducantur
3432 907 3488 962 in
3528 909 3807 965 caelestem

2231 979 2589 1040 Hierusalem.

2305 1090 2324 1123 ι
2353 1072 2420 1130 Et
2443 1089 2648 1141 omnes,
2677 1076 2770 1146 qui
2796 1079 2988 1150 reliqui
3014 1081 3213 1139 fuerint
3241 1084 3308 1140 de
3333 1087 3606 1146 universis
3631 1095 3808 1163 genti-

2226 1159 2328 1216 bus
2370 1179 2490 1232 quae
2523 1176 2785 1223 venerunt
2818 1181 3004 1226 contra
3033 1172 3395 1242 Hierusalem,
3421 1159 3720 1237 ascendent
3746 1187 3811 1238 ab.

2226 1265 2368 1306 anno
2417 1253 2473 1307 in
2502 1248 2729 1321 annum;
2756 1266 2816 1311 ut
2845 1259 3071 1316 adorent
3113 1278 3294 1333 regem
3320 1265 3609 1322 Dominum
3661 1287 3808 1326 exer-

2223 1339 2450 1407 cituum,
2476 1351 2530 1396 et
2555 1345 2830 1402 celebrent
2873 1349 3223 1408 festivitatem
3253 1357 3800 1418 tabernaculorum.»

2221 1431 2511 1488 Festivitas
2554 1437 3050 1507 tabernaculorum,
3082 1460 3202 1513 qua:
3247 1445 3436 1502 Graece
3479 1456 3806 1525 scenopcgia

2221 1523 2440 1591 dicitur,
2471 1528 2730 1596 agebatur
2777 1530 2830 1584 in
2875 1547 3060 1589 mense
3091 1537 3349 1605 septimo,
3380 1540 3570 1608 quinta
3595 1523 3806 1600 decima

2219 1616 2304 1673 die
2336 1619 2567 1686 mensis,
2614 1621 2668 1675 in
2697 1626 3010 1680 memoriam
3039 1627 3182 1682 illius
3223 1631 3482 1700 temporis
3505 1637 3730 1701 quando
3753 1638 3809 1692 in

2219 1705 2452 1772 deserto,
2477 1709 2565 1764 ubi
2600 1726 2706 1766 non
2729 1723 2884 1768 erant
2921 1716 3132 1783 domus,
3155 1719 3210 1775 in
3235 1720 3597 1779 tabernaculis
3621 1726 3805 1796 hospi-

2216 1799 2468 1854 tabantur
2511 1817 2608 1872 per
2654 1806 3008 1877 quadraginta
3037 1825 3227 1866 annos.
3271 1813 3338 1866 Et
3392 1830 3490 1870 nos
3521 1820 3800 1888 mystice:

539 1884 804 1953 gloriﬁcet
827 1885 1014 1941 Deum.
1053 1885 1128 1940 ita
1157 1887 1456 1956 probantur
1476 1885 1682 1958 ﬂagella
1723 1886 1815 1941 Dei
1853 1903 1959 1942 non
1988 1903 2110 1944 esse
2140 1892 2186 1952 Β
2216 1893 2451 1960 quandiu
2481 1910 2667 1951 sumus
2693 1897 2747 1950 in
2789 1901 3104 1968 certamine,
3147 1910 3203 1957 et
3252 1905 3514 1962 novimus.
3547 1884 3654 1964 nos
3682 1927 3804 1967 esse

537 1975 897 2043 crudelitatis,
924 1976 1019 2032 sed
1053 1977 1466 2044 misericordiae,
1487 1986 1575 2044 ut,
1607 1979 1914 2049 exstirpatis
1935 1980 2121 2048 malis,

535 2075 886 2123 succrescant
914 2067 1076 2123 bona.

546 2177 552 2181 ·
613 2177 632 2210 ι
661 2159 718 2214 in
748 2161 834 2216 dic
862 2161 951 2217 illa
974 2163 1079 2217 erit
1102 2162 1358 2217 tumultus
1381 2162 1595 2219 Domini
1615 2179 1842 2235 magnus
1863 2164 1914 2219 in
1937 2165 2115 2221 eiszet

535 2255 905 2324 apprehendet
931 2257 1012 2310 vir
1041 2272 1256 2312 manum
1285 2257 1517 2326 proximi
1570 2258 1673 2323 sui,
1710 2265 1765 2313 et
1799 2267 2115 2314 conseretur

529 2360 724 2402 manus
755 2347 871 2418 ejus
922 2363 1082 2417 super
1124 2363 1344 2403 manum
1388 2350 1618 2419 proximi
1660 2350 1763 2404 sui.
1795 2369 1813 2403 ι
1843 2348 1966 2404 Haec
1994 2365 2115 2420 qua:

527 2439 697 2496 Judaei
723 2451 777 2496 et
800 2443 1142 2513 judaizantes
1167 2444 1408 2498 hmretici
1440 2445 1506 2499 ad
1550 2444 1787 2499 litteram
1815 2444 2110 2515 accipiunt,

527 2541 876 2589 transeuntes
926 2533 1226 2589 referamus
1274 2534 1628 2604 spiritualiter
1679 2535 1746 2590 ad
1797 2534 2116 2591 felicitatem.

525 2621 801 2690 Ecclesiae,
830 2624 972 2694 quod
998 2640 1121 2680 cum
1153 2624 1228 2678 illi
1255 2625 1455 2681 fuerint
1497 2626 1680 2682 hostes
1713 2625 1957 2695 subjecti,
1987 2642 2112 2682 sus-

527 2721 682 2782 cepta
709 2713 820 2771 ﬁde
853 2714 1052 2771 Christi
1073 2757 1088 2782 ,
1119 2715 1212 2770 ﬁat
1242 2717 1502 2772 tumultus
1529 2725 1580 2773 et
1616 2717 1834 2772 mir-atio
1866 2717 2106 2774 omnium

524 2803 580 2858 in
613 2815 721 2860 tam
763 2806 938 2863 subita
985 2821 1165 2861 rerum
1197 2809 1513 2863 mutatione.
1543 2809 1611 2864 Et
1646 2817 1776 2865 tunc
1807 2810 2106 2880 apprehen-

524 2899 629 2970 det.
663 2900 748 2955 vir
773 2916 991 2956 manum
1021 2901 1254 2972 proximi
1298 2901 1400 2969 sui,
1429 2912 1746 2958 conseretur
1769 2918 1960 2958 manus
1980 2918 2104 2958 cum

520 3006 687 3048 manu
723 2992 887 3058 illius,
917 3001 976 3048 ut
1002 2993 1254 3050 dexteras
1284 3002 1484 3050 mutuae
1513 2993 1788 3049 societatis
1830 2993 1931 3048 sibi
1974 2993 2108 3049 dent-

519 3087 576 3143 in
601 3087 705 3143 ﬁde
728 3088 950 3153 Christi,
995 3097 1048 3144 et
1076 3088 1240 3158 quasi
1268 3088 1471 3144 tirones
1510 3088 1694 3159 jurent
1720 3102 2104 3158 permansuros

517 3194 578 3235 se
605 3180 660 3234 in
688 3178 804 3248 ejus
835 3180 982 3236 cultu
1023 3189 1076 3234 et
1109 3179 1388 3252 religione.
1419 3180 1574 3246 Quod
1611 3188 1790 3234 autem
1817 3179 2058 3248 sequitur
2081 3192 2109 3232 :-

2215 1983 2534 2052 peregrinos
2559 1992 2620 2039 et
2657 1985 3098 2060 hospites‘super
3151 2000 3370 2060 terram,
3402 1995 3830 2055 babitamusiu'

2215 2072 2604 2140 tabernaculis,
2621 2075 2938 2134 conﬁtentes
2953 2081 3076 2149 quia
3103 2099 3122 2132 ι
3153 2097 3260 2138 non
3285 2084 3545 2142 habemus
3566 2089 3658 2143 hic
3683 2107 3800 2144 ma.-

2213 2171 2432 2219 nentem
2478 2165 2771 2234 civitatem,
2816 2169 2910 2225 sed
2934 2168 3168 2226 futuram
3200 2172 3555 2243 inquirimus,
3592 2195 3611 2228 ι
3643 2186 3705 2232 ει
3733 2182 3804 2234 ad

2213 2267 2330 2310 eam
2374 2264 2484 2312 toto
2513 2258 2676 2314 corde
2731 2259 3080 2330 suspiramus,
3113 2263 3353 2320 dicentes
3399 2281 3523 2321 cum
3561 2267 3795 2326 Psalmi-

2212 2357 2292 2404 sta
2323 2367 2335 2403 :
2370 2369 2388 2401 ι
2419 2349 2532 2406 Heu
2568 2351 2744 2408 mihi!
2781 2353 2909 2422 quia
2957 2355 3399 2414 incolatusmeus
3441 2361 3799 2432 prolongatus

2210 2450 2314 2496 est.
2349 2461 2368 2494 ›
2400 2441 2533 2498 Cum
2578 2459 2707 2499 vero
2739 2447 3151 2515 pervenerimus
3173 2449 3240 2504 ad
3273 2453 3528 2520 patriam,
3555 2463 3611 2507 et
3632 2465 3790 2523 pote-

2210 2531 2376 2586 rimus
2401 2530 2580 2588 dicere
2603 2551 2616 2586 :
2638 2552 2658 2586 ι
2686 2534 2834 2590 Beati
2858 2537 2948 2607 qui
2972 2538 3218 2594 habitant
3245 2539 3298 2594 in
3325 2543 3487 2596 domo
3506 2553 3620 2609 tua,
3651 2565 3673 2597 ι
3695 2555 3750 2600 et
3773 2563 3799 2601 ε..

2213 2641 2231 2674 ι
2245 2622 2414 2678 Unam
2438 2625 2570 2695 petii
2589 2641 2620 2680 a
2639 2624 2894 2692 Domino,
2909 2629 3046 2685 hanc
3061 2630 3528 2700 rcquiram,.etc.,p
3551 2644 3682 2688 tunc
3697 2651 3788 2690 ce-

2206 2709 2415 2767 lebrare
2442 2714 2725 2769 conveniet
2751 2715 3098 2772 festivitatem
3139 2719 3636 2788 tabernaculorum,
3685 2724 3787 2780 hoc

2206 2813 2288 2859 est
2316 2805 2368 2859 in
2420 2807 2679 2863 memoria
2723 2822 2934 2880 semper
2983 2810 3184 2866 habere
3213 2813 3792 2882 tempusliberationis

2205 2903 2425 2962 nostrae,
2472 2907 2527 2952 ct
2577 2906 2792 2955 aeterna:
2835 2899 2979 2956 illius
3007 2902 3239 2972 quietis,
3257 2919 3378 2974 qua:
3427 2914 3549 2973 post
3601 2908 3784 2961 seculi

2203 2996 2392 3043 aetates
2420 2989 2576 3044 nobis
2600 2990 2828 3061 septima
2856 2999 3110 3062 tanquam
3133 2994 3187 3047 in
3216 3009 3323 3048 uno
3349 2995 3573 3050 sabbato
3603 3012 3780 3066 reproo

2201 3078 2453 3146 mittitur,
2492 3089 2766 3136 sumentes
2806 3081 2975 3138 nobis.
3006 3097 3188 3138 ramos
3229 3083 3358 3154 ligni
3410 3085 3785 3154 pulcherrimi,

2200 3169 2254 3224 id
2281 3177 2364 3225 est
2386 3169 2684 3239 sapientiae,
2708 3171 2762 3224 in
2809 3172 3234 3227 marcescibilem
3265 3173 3520 3238 virorem,
3549 3174 3600 3228 in
3627 3176 3780 3246 cujus

596 3289 615 3322 ι
763 3266 995 3325 etludas
1014 3241 1270 3342 pugnabit
1287 3241 1476 3326 contra
1499 3269 1864 3325 Hierusalem:
1925 3269 2097 3339 signi-
2125 3241 2170 3304 (ἶ
2201 3260 2360 3316 laude
2386 3259 2605 3316 dicitur.
2646 3281 2664 3313 ε
2693 3260 2921 3333 Lignum
2952 3263 3076 3317 vitae
3104 3271 3188 3318 est
3233 3263 3317 3318 his
3360 3264 3449 3333 qui
3479 3241 3777 3334 apprehen-

515 3361 646 3415 ficat
668 3361 794 3430 quia
833 3359 994 3414 multi
1018 3375 1082 3414 ex
1114 3359 1199 3415 his
1233 3361 1324 3429 qui
1358 3368 1515 3416 antea
1561 3359 1956 3414 conﬁtebantur
2000 3374 2106 3412 no-.

515 3463 643 3504 men
661 3448 900 3512 Christi,»
916 3449 1239 3503 necessitate
1261 3449 1652 3518 persecutionis
1675 3449 1864 3514 coacti,
1897 3448 2097 3504 facient

518 3547 710 3593 contra
738 3538 1068 3604 Ecclesiam,
1089 3540 1334 3608 quamvis
1362 3539 1414 3594 in
1446 3538 1794 3612 Septuaginta
1831 3541 2093 3610 interpre-

517 3629 662 3683 tibus
676 3644 782 3683 non
796 3629 894 3684 sit‘:
925 3647 940 3681 t
967 3629 1238 3700 Pngnahit
1256 3638 1442 3686 contra
1468 3629 1817 3695 Hierusalem,
1834 3631 1946 3697 sed,
1965 3647 2096 3701 prae-

513 3721 794 3789 parabitur
825 3722 877 3776 in
918 3721 1273 3789 Hierusalem,
1310 3743 1327 3776 ι
1355 3732 1414 3778 ut
1449 3724 1729 3780 sitsensus
1754 3743 1767 3779 :
1795 3725 1918 3794 quia
1965 3741 2094 3781 eon-

513 3813 730 3870 ﬁtentes
774 3816 1063 3871 Dominum
1113 3818 1556 3888 praeparabuntur
1601 3819 1657 3874 in
1711 3819 1986 3885 Ecclesia,
2034 3827 2102 3875 ur

511 3919 702 3962 contra
728 3909 1068 3966 adversarios
1107 3910 1223 3980 ejus
1247 3909 1520 3965 dimicent.
1554 3911 1705 3966 Tunc
1737 3931 1755 3963 ‹
1790 3921 1845 3966 ει
1869 3927 2094 3983 congre-

511 3997 781 4068 gabuntur
821 3999 1021 4055 divitiae
1049 3999 1290 4055 omnium
1320 4000 1560 4070 gentium
1586 4000 1640 4054 in
1667 4001 1916 4068 circuitu,
1951 4020 1970 4052 ι
2003 4016 2101 4056 su-

505 4087 704 4146 haudis
749 4091 802 4145 in
829 4090 1088 4158 Ecclesia,
1121 4108 1141 4142 ‹
1172 4106 1384 4154 aurum,
1421 4111 1440 4143 ι
1472 4090 1573 4147 Ιιοε
1621 4099 1716 4146 εει
1744 4107 1954 4159 sensus,
1987 4110 2005 4143 ι
2037 4099 2111 4147 ει

506 4189 812 4252 argentum,
842 4200 860 4233 ›
889 4181 942 4236 id
990 4190 1073 4237 est
1098 4166 1396 4247 sermonis;
1428 4201 1445 4234 ι
1475 4190 1529 4237 ει
1573 4191 1750 4239 vestes
1787 4181 1968 4238 multa:
2007 4197 2100 4237 sa-

510 4269 613 4334 tis,
657 4289 676 4321 ι
705 4269 989 4325 diversitas
1042 4271 1297 4325 virtutum
1337 4270 1535 4340 quibus
1588 4271 1870 4327 decoratur
1907 4270 2096 4328 Eccle-

587 4470 604 4502 ‹
633 4451 700 4505 Ει
727 4451 806 4506 sic
826 4452 933 4506 erit
958 4451 1114 4506 ruina
1143 4454 1286 4522 equi,
1303 4461 1358 4507 et
1379 4452 1826 4518 muli,et'cameli,
1850 4461 1904 4508 et
1924 4454 2081 4519 asini,

511 4547 568 4594 et
589 4540 830 4595 omnium
851 4539 1239 4608 jumentorum,
1268 4559 1386 4613 qua:
1413 4542 1612 4599 fuerint
1643 4543 1697 4598 in
1735 4543 1931 4599 castris
1958 4544 2090 4612 illis,

507 4631 653 4686 sicut
678 4630 833 4686 ruina
862 4631 995 4686 haec.
1031 4651 1050 4684 ι
1071 4632 1262 4689 Omnia
1289 4632 1425 4688 mala
1451 4649 1571 4704 quae
1596 4634 1744 4703 prius
1765 4642 1950 4690 contra
1980 4634 2083 4690 Ec-

506 4719 728 4775 clesiam
776 4721 1121 4786 dimicabant,
1153 4725 1516 4794 przedicuntur
1551 4738 1823 4790 corruere,
1861 4732 1922 4777 ut
1943 4724 2096 4780 bona.

498 4803 732 4881 "repente
756 4821 1100 4881 consurgant.
1150 4812 1252 4880 Qui
1282 4814 1434 4884 prius
1479 4813 1654 4868 fuerat
1695 4828 1866 4882 equus
1912 4814 2084 4884 impa-

507 4904 649 4959 tiens
677 4905 743 4960 ad
773 4904 1070 4971 libidinem,
1093 4908 1300 4962 corruit
1326 4907 1378 4961 in
1415 4922 1480 4964 eo
1505 4906 1735 4972 luxnria,
1760 4915 1814 4961 et
1838 4907 2012 4978 surgit
2030 4906 2082 4962 in

505 5006 572 5049 eo
601 4996 846 5062 castitas,
886 5005 941 5050 et
985 4996 1173 5067 incipit
1220 4998 1419 5052 habere
1463 5011 1729 5053 sessorem
1756 4996 2084 5064 Dominum;

504 5086 599 5156 qui
649 5086 802 5156 prius
849 5097 1005 5142 erant
1065 5087 1196 5142 muli
1245 5088 1582 5154 steriles,.et
1633 5087 1774 5143 ﬁlios
1820 5088 2085 5144 bonorum

504 5189 730 5246 operum
780 5191 885 5232 non
923 5177 1202 5243 habentes,
1249 5187 1581 5242 evertuntur,
1633 5187 1689 5233 et
1728 5184 2087 5248 progenerant

499 5267 836 5338 spiritualem
863 5268 1123 5334 sobolem,
1147 5277 1205 5324 et
1229 5269 1423 5324 dicitur
1457 5270 1574 5324 eis:
1608 5287 1626 5320 σ
1658 5267 1778 5322 Filii
1823 5268 1898 5322 tui
1943 5267 2086 5322 sicut

498 5358 729 5414 novellae
766 5360 1049 5415 olivarum.
1092 5381 1110 5415 ι
1145 5361 1367 5426 Camel-i,
1420 5364 1510 5431 qui
1559 5363 1711 5434 gravi
1767 5362 1925 5433 gibbo
1966 5377 2082 5432 pre-

500 5458 745 5515 muntur,
772 5452 1046 5506 ruminant
1067 5452 1413 5520 quidem,sed
1435 5453 1686 5523 ungulam
1714 5467 1818 5506 non
1846 5450 2076 5517 ﬁndunt,

499 5540 805 5609 signiﬁcant
830 5557 924 5597 eos
951 5558 1086 5613 quos
1129 5543 1310 5613 gravia
1352 5553 1570 5613 peccata
1620 5543 1944 5613 deprimunt.
1978 5543 2078 5597 Le-

495 5641 629 5700 gunt
661 5631 990 5703 Scripturas,
1018 5635 1111 5689 sed
1137 5651 1256 5704 qua:
1281 5635 1349 5688 ibi
1379 5636 1578 5705 scripta
1610 5645 1734 5690 sunt
1768 5637 2075 5708 negligunt;

495 5722 780 5792 chignant
809 5733 862 5778 et
901 5724 1136 5789 Judzeos,
1163 5725 1256 5795 qui
1297 5726 1466 5796 legem
1514 5725 1611 5781 Dei
1647 5728 1942 5791 ruminant,
1971 5728 2079 5782 hoc

491 5823 578 5868 est
627 5816 977 5883 meditantur,
1012 5819 1102 5872 sed
1133 5818 1384 5890 ungulam
1425 5834 1530 5874 non
1569 5819 1826 5883 dividunt,
1861 5818 1982 5888 quia
2020 5819 2072 5872 in

2200 3351 2382 3406 derint
2415 3367 2556 3407 eam.
2592 3371 2612 3404 ι
2643 3352 2844 3408 Ramos
2888 3367 3099 3423 quoque
3143 3353 3467 3424 palmarum,
3499 3353 3557 3408 in
3585 3356 3778 3423 quibus

2197 3443 2406 3514 signum
2454 3445 2695 3500 victoriae
2745 3453 2802 3501 et
2851 3447 3132 3516 praemium
3185 3446 3509 3501 continetur.
3575 3445 3781 3504 Ramos

2196 3537 2356 3592 etiam
2407 3538 2617 3594 arboris
2665 3539 2953 3595 densarum
3000 3541 3293 3605 frondium,
3332 3556 3492 3612 quem
3539 3551 3772 3613 myrtum

2195 3628 2362 3686 Judaei
2392 3639 2602 3702 putant,
2632 3640 2695 3688 ut
2718 3631 3107 3689 mortiﬁcemus
3133 3634 3186 3688 in
3213 3634 3372 3689 nobis
3398 3635 3667 3689 incentiva
3694 3637 3772 3690 vi-

2196 3723 2418 3789 tiorum,
2449 3725 2589 3793 quod
2617 3724 2779 3778 etiam
2804 3724 3049 3794 signatur
3073 3739 3167 3794 per
3191 3724 3385 3780 salices
3409 3725 3474 3778 de
3511 3733 3770 3787 torrente,

2195 3831 2334 3886 quas
2351 3815 2596 3872 similiter
2624 3816 2965 3886 praecipimur
2985 3832 3217 3872 sumere.
3242 3816 3376 3871 Nam
3407 3815 3583 3871 fertur
3607 3834 3635 3870 a
3667 3834 3773 3872 me-

2194 3908 2331 3963 dicis
2357 3907 2499 3978 quod
2536 3909 2580 3962 si
2613 3908 2732 3977 quis
2772 3906 2955 3963 florem
3002 3908 3180 3963 salicis
3209 3923 3330 3962 eum
3361 3922 3499 3976 aqua
3551 3909 3770 3962 mistnm

2192 3998 2410 4065 biberit,
2434 3998 2622 4054 omnis,
2656 3998 2709 4052 in
2751 4013 2814 4052 eo
2857 3999 3122 4068 genuinus
3160 3997 3475 4067 refrigescat
3503 3997 3677 4062 calor,
3719 4006 3768 4052 et

2191 4105 2397 4147 venena
2419 4090 2658 4146 libidinis
2685 4091 2975 4152 siccentur,
3006 4097 3067 4144 ut
3093 4089 3230 4144 ultra
3260 4105 3364 4143 non
3399 4098 3644 4158 generet.
3670 4089 3766 4154 Qui

2192 4195 2324 4236 vero
2370 4179 2713 4234 festivitatem
2742 4178 3208 4234 tabernaculorum
3239 4177 3349 4231 vult
3384 4177 3686 4243 celebrare,
3706 4179 3766 4232 de

2192 4271 2494 4342 huiusmodi
2517 4270 2800 4326 arboribus
2827 4271 2929 4325 sibi
2959 4269 3268 4324 umbracula
3295 4268 3481 4323 faciat.

2269 4380 2288 4413 ε
2329 4362 2395 4417 Ει
2419 4361 2525 4417 erit
2552 4379 2567 4415 :
2600 4361 2820 4431 quinon
2846 4361 3151 4416 ascenderit
3174 4360 3239 4414 de
3269 4354 3487 4414 familiis
3516 4368 3680 4415 terra:
3702 4360 3766 4416 ad

2190 4451 2545 4517 Hierusalem,
2570 4460 2630 4506 ut
2669 4451 2857 4506 adoret
2878 4467 3057 4521 regem
3092 4450 3373 4506 Domium
3404 4451 3761 4516 exercituum,

2190 4558 2297 4597 non
2323 4541 2426 4596 erit
2457 4554 2619 4610 super
2657 4554 2764 4594 eos.
2790 4539 2982 4594 imber.
3015 4559 3032 4591 ι
3064 4539 3398 4594 Hierusalem
3425 4538 3665 4594 caelestis
3695 4541 3764 4594 ci-

2192 4633 2330 4687 vitas
2371 4639 2454 4687 est
2484 4631 2626 4701 regis
2672 4629 2892 4708 Domini.
2912 4630 3080 4684 nostri
3125 4629 3250 4684 Jesu
3296 4630 3516 4692 Christi,
3549 4631 3616 4684 de
3662 4647 3764 4699 qua

2190 4725 2515 4795 Apostolus:
2543 4724 2632 4780 illa
2658 4725 2872 4795 (inquit)
2899 4741 3018 4794 qua:
3045 4741 3256 4780 sursum
3284 4734 3366 4780 est
3403 4724 3766 4790 Hierusalem,

2191 4817 2360 4872 libera
2385 4823 2485 4880 est,
2517 4829 2635 4884 quae
2655 4824 2737 4870 est
2763 4824 2935 4869 mater
2958 4824 3159 4869 nostra.
3187 4815 3266 4869 Ad
3289 4814 3427 4869 hanc
3455 4815 3766 4884 quicunque

2191 4904 2302 4959 vnit
2325 4906 2528 4968 venire,
2557 4919 2778 4960 necesse
2805 4912 2890 4958 est
2916 4905 3224 4960 ascendere.
3259 4903 3371 4958 Non
3399 4904 3545 4958 enim
3586 4906 3636 4959 in
3665 4907 3760 4959 hu-

2190 4997 2303 5052 mili
2333 4996 2468 5061 loco,
2499 4997 2592 5052 sed
2617 4997 2672 5051 in
2694 4996 2908 5051 excelso
2931 5005 3112 5050 monte
3140 4997 3238 5050 sita
3269 5004 3370 5049 est.
3406 4995 3481 5049 De
3505 5011 3612 5064 qua
3656 4996 3762 5051 Do-

2189 5089 2385 5157 minus,
2422 5107 2440 5139 ε
2475 5086 2590 5142 Νοη
2617 5095 2794 5158 potest
2831 5087 3020 5142 civitas
3042 5085 3300 5141 abscondi
3325 5087 3492 5154 supra
3523 5097 3759 5140 montem

2187 5179 2380 5250 posita.
2418 5199 2436 5231 ι
2468 5177 2625 5234 Cives
2672 5178 2852 5248 itaque
2877 5177 3207 5232 Hierusalem
3249 5177 3551 5231 ascendunt
3583 5187 3644 5231 ut
3675 5179 3760 5231 ad-

2185 5279 2344 5326 orent
2364 5285 2543 5341 regem
2568 5270 2855 5324 Dominnm
2873 5269 3205 5324 exercituum
3225 5269 3344 5339 :‘qui
3367 5283 3496 5323 vero
3514 5285 3622 5324 non
3641 5277 3759 5323 sunt

2184 5360 2348 5424 cives,
2371 5359 2465 5413 sed
2507 5359 2572 5413 de
2611 5357 2828 5412 familiis
2857 5367 2910 5412 ct
2933 5357 3196 5421 tribubus,
3223 5357 3412 5426 quales
3435 5368 3566 5411 sunt
3594 5355 3760 5412 σιτεόξεί

2181 5458 2236 5505 ει
2266 5448 2525 5513 haeretici,
2551 5447 2638 5502 isti
2671 5439 2784 5500 non
2807 5445 3190 5508 ascenderunt,
3213 5455 3267 5499 et
3294 5445 3496 5499 idcirco
3535 5461 3650 5497 non
3669 5459 3760 5498 ve-

2180 5542 2259 5595 nit
2303 5555 2467 5609 super
2508 5554 2602 5594 eos
2645 5537 2816 5591 imber
2864 5535 3257 5607 przezlicationis
3303 5533 3650 5604 apostolicre;
3702 5533 3762 5585 de

2179 5633 2371 5705 quibus
2393 5633 2593 5689 dictum
2624 5639 2708 5686 est
2732 5649 2743 5683 :
2766 5649 2783 5680 ι
2810 5629 3047 5684 Nubibus
3075 5627 3342 5684 mandabo
3369 5642 3436 5680 ne
3463 5627 3652 5697 pluant
3678 5641 3764 5682 su-

2178 5741 2275 5794 per
2299 5739 2416 5779 eam
2449 5724 2694 5777 imbrem.
2730 5741 2746 5772 ι

2254 5837 2269 5868 ι
2308 5814 2456 5883 Quod
2480 5823 2533 5870 et
2561 5814 2602 5871 si
2636 5813 2833 5870 familia
2854 5811 3067 5884 .liigypti
3095 5827 3198 5868 non
3226 5809 3556 5890 ascenderit,
3576 5816 3626 5864 et
3658 5821 3766 5862 non
