3950 6436
189 389 289 448 277

1098 387 1503 446 ENARRATIO
1541 388 1607 443 1N
1648 384 2050 443 MALACHIAM
2085 388 2524 447 PROPHETAM.

3338 389 3444 446 278

184 501 425 560 venerit:
450 513 551 557 nec
575 513 738 572 super
764 513 859 556 eos
883 500 1006 565 erit,
1034 501 1127 558 sed
1167 502 1273 558 erit
1297 501 1474 566 ruina,
1503 517 1608 572 qua
1634 516 1750 572 per-
1790 505 1835 565 Α
1865 518 2047 558 coram
2075 503 2252 560 altari.
2282 505 2348 560 Et
2379 508 2482 564 erit
2502 508 2680 565 omnis
2706 506 2852 564 lebes
2873 507 2925 564 in
2949 506 3283 565 Hierusalem
3309 515 3366 565 et
3389 510 3442 564 in

185 596 347 653 cutiet
379 594 641 649 Dominus
671 607 861 647 omnes
888 603 1094 663 gentes,
1127 610 1248 663 qua:
1288 609 1393 648 non
1420 593 1761 649 ascenderint

185 690 248 745 ad
302 687 680 745 celebrandam
758 684 1103 740 festivitatem
1177 685 1663 741 tabernaculorum.
1736 705 1756 737 ι

184 782 462 853 Egyptus,
486 777 745 842 tenebrae,
761 775 845 832 vel
866 790 1071 830 mceror
1092 777 1492 847 interpretatur.
1511 776 1612 844 Qui
1631 792 1761 846 ergo

185 871 447 942 Egyptus
473 875 577 934 est,
611 868 715 922 hoc
763 875 848 921 est
904 866 958 920 in
1012 867 1251 922 tenebris
1302 866 1617 939 ignorantiae
1667 865 1761 921 Dei

185 963 262 1017 vel
302 960 571 1017 scelerum
601 958 948 1023 constitutus,
978 972 1086 1013 non
1137 966 1319 1028 potest
1363 958 1654 1013 ascendere
1694 957 1761 1012 ad

186 1049 533 1115 Hierusalem,
576 1063 683 1103 non
711 1047 916 1103 habens
957 1047 1136 1103 lumen
1166 1048 1448 1119 praevium,
1486 1048 1628 1118 quod
1682 1048 1761 1102 di-

182 1143 293 1199 cit:
332 1158 354 1192 (
385 1138 674 1195 Ambulate
718 1138 842 1193 dum
889 1137 1063 1192 lucem
1100 1138 1331 1194 habetis.
1376 1158 1394 1191 ι
1424 1138 1538 1194 Νοη
1587 1146 1763 1208 potest

182 1232 379 1287 habere
414 1228 667 1300 gaudium
703 1228 770 1283 de
812 1243 908 1298 spe
952 1226 1277 1285 futurorum.
1334 1229 1460 1284 Ideo
1510 1245 1616 1285 non
1672 1245 1761 1285 ve-

181 1322 288 1376 niet
315 1335 481 1390 super
503 1334 626 1375 cum
654 1318 829 1375 imber
848 1319 1089 1375 celestis
1125 1320 1534 1378 benedictionis.

250 1431 269 1464 ι
301 1412 417 1468 Hoc
440 1412 545 1467 erit
570 1419 849 1482 peccatum
881 1411 1095 1482 Egypti,
1125 1421 1180 1467 et
1218 1411 1321 1468 hoc
1344 1422 1625 1484 peccatum
1646 1430 1761 1470 om-

179 1506 320 1559 nium
364 1505 606 1576 gentium
636 1520 759 1575 quae
785 1520 890 1560 non
921 1505 1262 1561 ascenderint
1297 1507 1364 1561 ad
1386 1507 1761 1562 celebrandam

179 1597 525 1654 festivitatem
576 1597 1067 1653 tabernaculorum.
1110 1619 1128 1651 ι
1161 1598 1613 1679 Ammonitarum,
1656 1601 1759 1657 sci-

176 1694 297 1749 licet
347 1701 404 1749 et
433 1692 812 1759 Moabitarum,
846 1691 1206 1765 Assyriorum,
1233 1693 1631 1759 Chaldaeorum,
1652 1709 1759 1750 ere-

177 1795 520 1853 teraruntque
551 1784 810 1853 gentium,
839 1799 939 1854 per
976 1799 1113 1852 quas
1143 1784 1493 1856 designantur
1532 1785 1621 1854 qui
1666 1784 1759 1840 eli-

1860 590 1997 649 Juda
2021 595 2392 652 sanctificatus
2421 598 2647 675 Domino
2673 600 3028 656 exercituum.
3059 620 3078 654 ι
3116 599 3362 664 Lebetes,
3391 600 3444 655 id

1862 692 1948 740 est
1988 685 2106 742 ollae
2135 702 2308 750 terea},
2341 688 2393 741 in
2427 690 2623 759 quibus
2651 693 3022 763 coquebantur
3060 676 3256 750 carnes
3288 693 3443 748 victi-

1864 792 2074 831 marum
2103 795 2116 830 :
2143 787 2299 833 erunt
2337 788 2514 834 autem
2539 781 2613 835 ita
2643 793 2843 839 sanctze
2881 793 2934 840 et
2980 784 3326 841 veneratione
3362 785 3442 839 di-

1862 867 2158 936 gnissimte,
2186 868 2325 923 sicut
2366 870 2559 941 phiala:
2599 888 2798 939 aurem,
2831 876 2885 930 in
2931 877 3128 946 quibus
3154 877 3440 944 libationcs

1861 967 1915 1013 et
1938 969 2184 1015 aromata
2207 961 2433 1018 Domino
2463 963 2845 1021 ollerebantur.
2888 969 2990 1023 Per
3016 972 3158 1040 quod
3203 972 3440 1027 ostendi—

1862 1057 1950 1104 tur
1969 1052 2114 1123 quod
2132 1053 2309 1109 onmis
2335 1055 2565 1111 carnalis
2593 1056 2811 1112 traditio
2827 1067 2881 1114 et
2904 1060 3210 1117 observatio
3229 1061 3442 1117 Judam—

1864 1159 1982 1199 rum
2033 1147 2393 1201 convertenda
2430 1148 2500 1202 sit
2545 1148 2599 1203 in
2653 1149 3009 1219 spiritualem,
3036 1161 3101 1221 et
3138 1154 3441 1209 virulentia:

1862 1237 2107 1292 carnium
2143 1238 2434 1293 succedant
2460 1247 2705 1294 aromata
2732 1238 3024 1311 spiritualis
3049 1240 3436 1312 intelligentize.

1862 1326 1937 1382 De
1979 1329 2064 1384 his
2103 1329 2296 1398 phialis
2332 1329 2460 1385 dicit
2497 1329 2732 1386 Joannes
2757 1330 2953 1387 vidisse
2997 1348 3055 1387 se
3082 1331 3278 1407 viginti
3301 1348 3438 1402 qua-

1863 1428 1985 1473 tuor
2028 1420 2269 1475 seniores
2305 1420 2564 1476 habentes
2600 1422 2840 1476 citharas
2893 1430 2946 1475 et
2998 1421 3207 1493 phialas
3252 1421 3440 1493 plenas

1861 1509 2355 1575 odoramentorum,
2382 1527 2501 1581 quae
2529 1520 2656 1567 sunt
2682 1512 2898 1585 (inquit)
2926 1512 3198 1569 orationes
3227 1519 3438 1567 sancto—

1861 1606 2086 1662 rum,.et
2117 1598 2169 1652 in
2198 1598 2436 1655 Canticis
2493 1601 2826 1656 canticorum
2882 1601 3175 1656 secundum
3206 1600 3437 1671 Septua-

1859 1688 2005 1759 ginta
2036 1704 2050 1742 :
2077 1688 2313 1746 Dilectus
2347 1707 2499 1747 meus
2537 1692 2893 1748 descendit‘in
2931 1694 3146 1748 hortum
3184 1708 3340 1749 suum
3371 1693 3445 1750 ad

1860 1779 2068 1847 phialas
2100 1790 2426 1849 aromatum,
2455 1793 2511 1837 ut
2535 1792 2793 1851 pascatur
2819 1784 2873 1838 in
2904 1785 3076 1840 hortis
3101 1793 3156 1840 et
3183 1783 3292 1839 lilia
3321 1784 3435 1839 col—

172 1883 299 1952 εᾳηι
353 1884 673 1946 permanere
706 1875 762 1929 in
796 1875 1093 1939 erroribus,
1120 1886 1176 1930 ει
1223 1866 1409 1930 natum
1455 1876 1635 1946 egredi
1683 1876 1748 1931 de
1783 1868 1825 1928 Β
1857 1869 2002 1941 ligat.
2061 1870 2262 1927 Phialae
2304 1888 2535 1945 namque
2584 1882 2887 1930 aromatum
2942 1874 3278 1946 receptacula
3313 1883 3439 1930 sunt

175 1972 320 2020 terra
357 1980 471 2029 sua,
501 1974 561 2019 ut
587 1964 806 2020 veniant
834 1966 900 2019 ad
924 1965 1234 2021 societatem
1262 1966 1537 2031 Ecclesiae,
1560 1975 1613 2021 et
1636 1966 1750 2021 elli-
1798 2036 1803 2041 ο

177 2055 389 2111 ciantur
408 2055 683 2121 Israelitae,
704 2062 758 2111 et
777 2055 924 2111 cives
948 2056 1182 2111 cmlestis
1218 2055 1573 2112 Hierusalem.

247 2166 266 2199 ι
292 2146 351 2202 In
379 2147 466 2203 die
506 2146 594 2202 illa
619 2148 726 2204 erit
752 2148 896 2219 quod
921 2163 1084 2218 super
1111 2147 1323 2203 frenum
1353 2150 1481 2219 equi
1501 2157 1752 2214 est,san-

170 2247 318 2295 ctum
342 2238 587 2295 Domino.
619 2258 638 2291 ι
663 2238 873 2296 Hebraei
908 2256 1059 2297 more
1089 2259 1186 2298 suo
1214 2241 1368 2311 juxta
1407 2243 1641 2299 litteram
1668 2244 1751 2299 di-

169 2341 313 2394 cunt,
344 2330 492 2401 quod
519 2338 803 2401 postquam
835 2347 954 2387 cum
976 2333 1231 2402 aequitate
1256 2350 1349 2389 rex
1381 2348 1568 2389 eorum
1592 2349 1752 2389 vene-

168 2420 258 2485 ru,
298 2428 356 2474 et
383 2422 690 2491 regnaverit
719 2420 773 2475 in
802 2438 965 2478 aurea
1003 2422 1359 2498 Hierusalem,
1394 2439 1528 2493 pace
1556 2433 1749 2480 cuncta

165 2511 462 2576 obtinente,
519 2528 628 2567 non
677 2512 782 2566 erit
831 2528 968 2582 opus
1016 2515 1170 2584 equis
1215 2522 1307 2569 aut
1340 2515 1601 2585 equitatu,
1654 2514 1750 2571 sed

166 2599 315 2655 frena
340 2608 397 2656 et
416 2610 643 2657 ornatus
661 2601 1004 2672 phalerarum
1027 2602 1093 2659 ad
1118 2603 1318 2659 cultum
1338 2605 1547 2661 Domini
1576 2614 1748 2662 trans-

167 2690 533 2759 ferentur;et
584 2692 636 2746 in
689 2706 755 2748 eo
809 2693 952 2764 quod
980 2693 1179 2749 dicitur
1209 2714 1223 2750 :
1259 2715 1278 2748 ι
1322 2711 1485 2766 super
1536 2696 1749 2754 frenum

161 2782 306 2852 equi,
348 2802 368 2835 ι
398 2796 613 2837 omnem
657 2782 908 2839 bellicum
931 2792 1181 2839 ornatum
1227 2786 1610 2857 intelligamus.
1645 2786 1744 2843 Se-

162 2875 407 2930 cundum
444 2888 663 2931 sensum
711 2877 1021 2946 mysticum,
1052 2875 1264 2932 frenum
1312 2877 1593 2949 disciplina
1634 2894 1745 2935 cm-

156 2967 309 3022 lestis
332 2976 421 3022 est
451 2967 771 3038 magisterii,
801 2983 905 3038 qua
931 2967 1207 3024 insaniens
1228 2969 1395 3025 libido
1419 2979 1474 3025 et
1498 2969 1750 3039 petulans

159 3056 389 3113 lascivia
413 3057 752 3123 refrenatur;
777 3056 844 3113 de
871 3073 977 3127 qua
999 3057 1283 3114 Psalmista
1311 3077 1323 3113 :
1356 3077 1375 3109 ι
1394 3059 1450 3113 In
1478 3059 1671 3115 chamo
1693 3066 1748 3114 et

158 3147 311 3203 freno
349 3147 598 3202 maxillas
639 3162 825 3203 eorum
867 3147 1196 3219 constringe.
1235 3148 1401 3203 rIIoc
1446 3147 1658 3203 frenum
1690 3150 1743 3205 in

153 3253 247 3293 ore
267 3238 399 3308 equi
421 3238 657 3309 ponitur,
689 3247 767 3302 ut,
791 3236 993 3293 relictis
1014 3238 1185 3292 errori
1212 3237 1563 3304 anfractibus,
1595 3248 1743 3295 recta

156 3333 444 3403 gradiatur
470 3332 578 3398 via,
606 3339 661 3386 et
686 3329 866 3386 mollia
901 3331 968 3387 ad
996 3330 1291 3386 sedendum
1322 3338 1471 3401 terga
1505 3330 1742 3401 prtebeat

155 3423 457 3481 Salvatori.
486 3423 639 3478 Talia
667 3432 988 3479 ornamenta
1027 3432 1084 3480 et
1115 3424 1221 3479 tale
1256 3424 1488 3488 frenum,
1519 3438 1652 3478 auro
1682 3430 1744 3478 et

154 3527 413 3597 argento,
459 3516 512 3571 id
561 3523 646 3570 est
692 3529 852 3570 sensu
879 3523 936 3570 et
962 3513 1177 3585 eloquio
1231 3514 1508 3578 decorata,
1554 3522 1741 3569 sancta

152 3617 278 3664 sunt
304 3609 557 3674 Domino,
580 3615 633 3663 et
659 3606 775 3676 ejus
800 3607 963 3663 cultui
993 3608 1210 3678 proprie
1234 3614 1568 3664 consecrata.
1594 3607 1738 3662 Sane

149 3700 296 3769 quod
329 3698 383 3753 in
409 3698 588 3753 libello
616 3698 942 3754 inventionis
970 3707 1169 3753 sanctae
1195 3698 1372 3753 crucis
1398 3697 1610 3768 legitur,
1636 3698 1739 3753 hoc

151 3798 285 3845 tunc
338 3787 617 3859 impletum
644 3787 832 3853 fuisse,
864 3788 1083 3858 quando
1111 3787 1308 3844 Helena
1335 3787 1591 3858 Augusta,
1620 3802 1737 3842 ma-

153 3887 239 3933 ter
267 3877 613 3933 Constantini
660 3878 1023 3947 imperatoris,
1059 3877 1240 3933 clavos
1280 3877 1570 3933 Dominicre
1616 3890 1737 3931 cru-

141 3970 230 4023 cis
261 3967 385 4022 ﬁeri
424 3967 683 4021 salivares
713 3967 766 4020 in
803 3966 956 4020 freno
991 3969 1114 4037 equi
1150 3969 1291 4038 regis
1308 3967 1471 4036 jussit
1499 3984 1513 4032 ;
1547 3967 1737 4023 beatus

145 4058 521 4127 Hieronymus
575 4056 664 4125 pio
701 4055 917 4125 quidem
970 4072 1152 4123 sensu,
1181 4058 1275 4113 sed
1330 4056 1558 4112 ridicqu
1608 4056 1738 4112 dicit

132 4150 278 4200 esse
318 4144 627 4199 confictam.

217 4235 292 4292 Et
341 4243 503 4291 erunt
540 4235 742 4292 lebetes
792 4236 845 4291 in
882 4236 1042 4293 domo
1086 4237 1297 4293 Domini
1346 4239 1499 4307 quasi
1546 4236 1737 4306 phialae

1856 1971 2162 2017 sanctarum
2193 1964 2521 2031 animarum,
2562 1965 2717 2035 plena
2744 1966 3001 2020 virtutum
3031 1976 3085 2021 ct
3113 1964 3439 2021 mundarum

1853 2055 2156 2110 orationum
2189 2056 2545 2121 aromatibus,
2581 2056 2646 2111 de
2695 2056 2890 2128 quibus
2932 2057 3171 2128 quotidie
3208 2055 3437 2111 Domino

1852 2143 2028 2199 bonus
2056 2144 2191 2201 odor
2220 2144 2557 2200 diffunditur.
2592 2145 2725 2202 Cum
2766 2162 2895 2218 ergo
2922 2146 3125 2202 lebetes
3158 2161 3436 2203 conversa

1852 2230 2053 2289 fuerint
2081 2236 2134 2289 in
2166 2235 2394 2305 phialas,
2427 2245 2482 2291 et
2523 2237 2761 2293 carnalia
2810 2237 3181 2309 spiritualibus
3217 2251 3435 2307 permu-

1853 2332 1983 2389 tata,
2015 2334 2141 2380 tunc
2172 2327 2350 2381 omnis
2394 2326 2541 2383 lcbes
2572 2336 2923 2383 consecratus
2974 2326 3077 2382 erit
3106 2325 3333 2382 Domino
3377 2324 3433 2379 in
3518 2344 3521 2353 ι

1851 2411 2189 2470 Hierusalem
2218 2424 2273 2470 et
2304 2416 2355 2469 in
2387 2415 2539 2482 Iuda,
2578 2416 2680 2472 hoc
2702 2426 2785 2472 est
2810 2416 2863 2471 in
2892 2414 3154 2482 Ecclesia,
3204 2428 3323 2485 quae
3350 2424 3435 2469 est

1850 2506 1988 2561 visio
2015 2507 2188 2577 pacis,
2219 2516 2272 2563 et
2308 2508 2397 2563 ubi
2429 2516 2554 2563 sunt
2581 2508 2925 2575 conﬁtentes,
2953 2510 3057 2564 hoc
3085 2515 3169 2563 est
3214 2506 3433 2561 laudan-

1851 2606 1940 2653 tes.
1978 2599 2280 2654 Dominum.
2318 2618 2336 2651 ι
2380 2600 2449 2653 Et
2492 2601 2709 2655 venient
2762 2615 2950 2657 omnes
2988 2598 3352 2663 immolantes,
3377 2605 3435 2653 et

1850 2700 2062 2746 sument
2090 2708 2161 2746 ex.
2186 2694 2288 2758 eis,
2309 2701 2363 2748 et
2391 2701 2623 2762 coquent
2650 2693 2705 2747 in
2731 2693 2811 2748 eis
2837 2712 2851 2747 :
2874 2702 2929 2748 et
2955 2708 3059 2747 non
3090 2691 3194 2745 erit
3224 2705 3432 2745 merca-

1851 2792 1936 2839 tor
1962 2784 2099 2840 ultra
2132 2785 2183 2839 in
2216 2786 2376 2841 domo
2408 2786 2617 2841 Domini
2667 2786 3005 2852 exercituum
3039 2785 3093 2838 in
3134 2784 3221 2838 die
3252 2781 3364 2838 illo.
3404 2802 3424 2835 ι

1848 2872 1981 2929 Cum
2011 2874 2229 2947 (inquit)
2261 2875 2460 2930 lebetes
2490 2876 2630 2932 versi
2659 2876 2860 2931 fuerint
2895 2877 2947 2931 in
2978 2876 3205 2947 phialas,
3231 2882 3285 2931 et
3311 2889 3429 2930 ear-

1850 2963 1989 3018 nalis
2030 2979 2221 3020 sensus
2259 2965 2310 3019 in
2340 2965 2636 3035 spiritualis
2674 2966 3035 3037 intelligentiae
3075 2966 3429 3021 subtilitatem

1852 3052 2147 3117 transierit,
2175 3060 2301 3107 tunc
2332 3054 2548 3109 venient
2575 3069 2762 3108 omnes
2812 3054 3151 3109 immolantes
3179 3053 3429 3117 Domino,

1851 3143 1952 3198 hoc
1975 3153 2057 3198 est
2078 3144 2283 3214 seipsos
2306 3143 2674 3199 holocaustum
2704 3144 3033 3213 acceptabile
3056 3143 3335 3198 facientes.
3362 3143 3429 3197 Et

1771 3216 1816 3280 (ἶ
1847 3245 2059 3292 sument
2108 3245 2163 3294 et
2207 3245 2440 3307 coquent
2492 3238 2545 3291 in
2593 3238 2673 3292 eis
2723 3252 2921 3293 carnes
2963 3236 3323 3299 victimarum,
3369 3245 3433 3293 ut

1846 3324 2104 3396 quidquid
2135 3324 2188 3380 in
2218 3324 2299 3381 eis
2344 3339 2599 3380 carneum
2625 3333 2678 3379 et
2716 3324 2917 3380 lluxmn
2960 3333 3064 3387 est,
3094 3332 3428 3393 excoquatur

1844 3416 1967 3486 igne
1996 3417 2168 3472 sancti
2192 3414 2441 3487 Spiritus.
2465 3416 2598 3471 Nam
2629 3416 2760 3472 etin
2787 3415 2903 3487 lege
2931 3414 3276 3488 perhibemur
3302 3429 3427 3470 car-

1841 3522 1939 3563 nes
1960 3508 2082 3579 agni
2114 3508 2385 3579 paschalis
2413 3508 2610 3563 crudas
2637 3506 2939 3583 comedere,
2967 3506 3069 3561 hoc
3110 3513 3192 3560 est
3213 3504 3422 3560 Pascha

1842 3616 1964 3656 cum
1987 3600 2186 3658 Judzcis
2208 3601 2500 3658 carnaliter
2519 3601 2812 3657 celebrare.
2844 3600 2994 3656 Tunc
3017 3584 3169 3654 tanta
3187 3614 3252 3654 ex
3277 3598 3423 3670 phia-

1840 3690 1908 3746 lis
1938 3691 2225 3747 exhibetur
2252 3691 2381 3747 boni
2430 3690 2612 3747 odoris
2656 3690 2969 3762 fragrantia,
3019 3698 3080 3745 ut
3126 3688 3303 3746 nullus
3352 3686 3424 3743 sit

1840 3783 1933 3854 qui
1959 3782 2311 3839 mereimonia
2343 3782 2396 3837 in
2423 3783 2582 3838 domo
2610 3782 2821 3839 Domini
2845 3784 3038 3837 audeat
3066 3795 3339 3847 exercere,
3367 3788 3421 3836 et

1841 3874 2075 3930 vendere
2120 3873 2193 3928 ibi
2239 3874 2407 3929 boves
2453 3882 2511 3929 et
2550 3888 2681 3929 oves
2722 3882 2776 3928 et
2810 3873 3082 3929 columbas
3114 3892 3125 3925 :
3154 3872 3422 3927 timebunt

1840 3969 1985 4023 enim
2015 3983 2083 4022 ne
2113 3968 2251 4025 sicut
2295 3976 2423 4021 tunc
2470 3966 2598 4023 fecit
2633 3966 2898 4038 ﬂagellum
2928 3967 2995 4021 de
3041 3966 3332 4032 resticulis,
3365 3976 3420 4020 et

1841 4072 2031 4115 omnes
2055 4058 2213 4128 eiecit
2231 4056 2296 4111 de
2321 4057 2535 4126 templo,
2554 4057 2630 4112 sic
2655 4073 2796 4112 nunc
2821 4056 3173 4127 Spiritualiter
3196 4056 3420 4135 veniens

1843 4145 2079 4202 nefarios
2107 4156 2433 4201 mercatores
2462 4146 2711 4201 excludat
2737 4162 2767 4201 a
2801 4145 2996 4216 templo
3024 4157 3271 4214 supernae
3299 4142 3421 4198 Ilie-

1848 4237 2102 4293 rusalcm.

159 4363 3413 4392 mm

1030 4499 1138 4578 IN
1220 4498 1819 4578 MALACHI‘AM
1896 4498 2542 4577 PROPHETAM.

210 4702 535 4758 Malachiam
588 4701 904 4772 prophetam
958 4701 1205 4757 ultimum
1259 4703 1545 4758 duodecim
1594 4718 1724 4772 prn—
1752 4700 2124 4772 Dprophetae.
2179 4700 2332 4757 Sicut
2362 4700 2477 4770 jam
2524 4701 2578 4758 in
2607 4702 3035 4773 praecedentibus
3073 4703 3275 4759 dictum
3302 4716 3410 4771 est,

136 4796 451 4866 phetarum,
499 4793 710 4848 Hebraei
756 4801 948 4864 putant
974 4809 1093 4850 esse
1136 4793 1363 4851 Esdram
1407 4794 1724 4866 prophetam

136 4900 195 4945 et
222 4889 585 4945 sacerdotem.
611 4887 710 4943 Hic
734 4887 1075 4957 prophetavit
1118 4886 1308 4941 eodem
1346 4895 1588 4957 tempore
1616 4902 1724 4959 quo

138 4991 193 5039 et
218 4983 454 5053 Aggaeus
480 4989 536 5037 et
573 4981 887 5037 Zacharias.
924 4980 1081 5037 Unde
1124 4994 1224 5035 nec
1253 4988 1464 5049 tempus
1504 4980 1725 5050 ponitur

138 5073 193 5129 in
228 5072 408 5129 titulo.
436 5072 826 5142 Interpretatur
854 5071 1082 5142 angelus
1101 5070 1333 5133 Domini,
1362 5071 1477 5124 sive
1498 5070 1722 5141 angelus

136 5179 316 5229 meus,
344 5165 467 5233 quia
494 5172 652 5218 tanta:
678 5162 773 5218 fuit
805 5161 1162 5225 auctoritatis,
1192 5170 1249 5215 ut
1270 5160 1530 5230 quidquid
1551 5160 1722 5216 dixis-

137 5265 242 5323 set,
298 5257 374 5311 ita
431 5256 741 5311 crederetur
768 5254 913 5310 velut
959 5255 1026 5309 ab
1064 5253 1254 5323 angelo
1283 5252 1495 5307 Domini
1520 5253 1720 5309 dictum

139 5345 351 5403 fuisset.
386 5346 538 5403 Unde
572 5345 811 5401 nonnulli
851 5354 1179 5416 putaverunt
1217 5359 1340 5399 eum
1395 5351 1585 5397 natura
1625 5358 1721 5397 an-

134 5435 319 5509 gelum
347 5436 414 5491 de
434 5434 571 5491 caelo
595 5433 937 5491 descendisse
973 5446 1135 5488 carne
1175 5432 1440 5497 indutum,
1475 5432 1541 5486 ad
1571 5446 1720 5487 com~

136 5523 607 5582 monefaciendum
652 5524 925 5595 populum,
957 5524 1050 5596 qui
1087 5540 1257 5594 nuper
1295 5524 1362 5579 de
1407 5525 1718 5595 captivitate

140 5630 394 5672 reversus
428 5623 563 5671 erat.

655 5704 880 5761 CAPUT
918 5706 1204 5763 PRIMUM.

214 5817 233 5850 r
263 5798 413 5855 Onus
435 5797 579 5854 verbi
612 5794 821 5852 Domini
848 5795 914 5852 ad
936 5795 1096 5852 Israel
1122 5797 1173 5851 in
1197 5812 1356 5852 manu
1390 5796 1662 5852 Malacliia:
1693 5816 1710 5848 ι

1834 4792 2141 4861 ubicunque
2161 4806 2298 4849 onus
2335 4793 2557 4862 ponitur
2580 4792 2634 4847 in
2661 4792 2958 4864 prophetis,
3004 4793 3213 4863 pondus
3258 4810 3405 4849 com-

1830 4884 2145 4940 minationis
2198 4884 2315 4940 sive
2363 4885 2715 4941 adversitatis
2778 4885 3005 4955 alicujus
3057 4886 3409 4955 peccantibus

1832 4974 2040 5029 indicit.
2091 4974 2235 5046 Ergo
2281 4984 2336 5030 et
2389 4976 2480 5031 hic
2530 4990 2669 5033 onus
2718 4976 2869 5032 verbi
2921 4976 3136 5031 Domini
3185 4976 3403 5038 dicitur,

1830 5066 1969 5135 quod
1996 5081 2158 5136 grave
2205 5065 2421 5135 quidem
2459 5066 2528 5121 sit
2554 5068 2634 5121 eis
2680 5068 2747 5123 ad
2792 5083 2928 5137 quos
2962 5068 3195 5123 dicitur:
3242 5066 3406 5120 habet

1830 5163 2011 5209 tamen
2044 5154 2244 5225 aliquid
2268 5155 2672 5220 consolationis,
2700 5157 2825 5226 quia
2856 5172 2961 5211 non
2990 5155 3187 5210 dicitur
3212 5152 3400 5211 contra

1825 5244 2015 5310 Israel,
2047 5244 2140 5299 sed
2191 5263 2211 5296 ι
2250 5244 2316 5299 ad
2359 5243 2543 5307 Israel,
2578 5264 2595 5295 ι
2632 5254 2687 5299 ut
2714 5245 2781 5299 ad
2821 5260 2884 5299 ea
2912 5260 3030 5316 qua:
3078 5252 3400 5312 sequuntur,

1825 5352 1932 5392 non
1960 5344 2149 5391 contra
2180 5336 2436 5406 pupulum
2462 5335 2626 5390 Israel
2656 5344 2880 5390 ventura
2915 5336 3181 5398 dicantur,
3208 5331 3303 5387 sed
3332 5332 3397 5388 ad

1825 5428 1992 5493 illum,
2024 5429 2078 5483 id
2106 5438 2188 5484 est
2214 5436 2272 5483 ut
2306 5443 2370 5484 ea
2411 5430 2664 5499 praescire
2707 5438 2890 5499 posset
2932 5442 3050 5498 qua:
3078 5420 3397 5480 nuntiaban-

1822 5528 1911 5575 tur
1938 5529 2181 5575 ventura.
2216 5519 2313 5576 Hic
2338 5530 2516 5576 autem
2560 5519 2726 5576 Israel
2751 5520 2882 5575 duas
2916 5520 3083 5574 tribus
3124 5517 3314 5574 Judam
3343 5527 3397 5570 et

1824 5611 2100 5681 Beniamin
2157 5613 2414 5669 debemus
2469 5614 2736 5683 accipere,
2773 5630 2839 5668 ex
2886 5628 2993 5684 quo
3032 5611 3174 5668 enim
3210 5602 3394 5665 decem

1829 5704 2004 5760 tribus
2035 5705 2085 5758 in
2117 5706 2483 5775 captivitatem
2514 5707 2687 5761 ductae
2727 5712 2871 5770 sunt,
2919 5720 3023 5776 quo
3052 5702 3212 5758 Israel
3242 5716 3396 5755 voca-

1828 5798 2041 5863 bantur,
2093 5796 2312 5867 reliquze
2356 5797 2473 5852 duae
2519 5798 2687 5853 tribus
2716 5796 3082 5853 irtdillel‘enter
3108 5791 3271 5849 Israel
3303 5806 3391 5860 :tpv
