3950 6466
565 404 632 460 '79
995 405 1350 463 HAYMONIS
1385 400 1862 463 HALBERSTAT.
1902 397 2115 462 EPISC.
2159 397 2309 461 OPP.
2350 396 2530 460 PARS
2551 398 2591 459 ι.
2620 433 2690 446 --
2725 399 3083 461 COMMENT.
3125 399 3297 458 BlBL.

3682 401 3783 458 280

522 520 716 590 pellarl
748 527 1045 591 emperunt.
1076 520 1370 588 Quodvero
1397 521 1628 576 dicitur:
1663 539 1680 572 ι
1706 521 1765 575 In
1795 536 1956 576 manu
1993 519 2106 574 Μει-
2136 522 2188 583 Α
2213 516 2412 573 fratres
2431 519 2496 573 de
2526 532 2631 572 una
2662 523 2829 589 stirpe
2854 518 3118 589 generati,
3143 517 3398 570 vitiorum
3432 523 3595 584 atque
3620 516 3787 569 virtu-

523 612 735 677 lachiae,
801 632 820 664 ι
885 627 1104 667 manum
1166 613 1390 683 posuit,
1442 612 1569 683 quia
1639 612 1796 667 bonis
1852 612 2106 681 operibus

524 700 725 756 donum
780 702 1080 772 prophetia:
1123 703 1554 772 promerebatur.
1616 701 1719 769 Qui
1773 702 1916 757 enim
1963 701 2108 756 lavat

520 789 664 846 inter
696 790 1036 858 innocentes,
1086 801 1143 848 et
1184 794 1389 848 excutit
1441 809 1635 848 manus
1680 794 1750 849 ab
1792 794 1939 848 onmi
1987 808 2106 847 mu-

518 897 671 947 nere,
704 894 944 953 meretur
972 885 1222 955 spiritum
1263 886 1512 957 accipere
1555 887 1871 957 prophetiae.
1904 887 1975 941 At
2028 886 2103 941 illi

517 974 716 1045 quibus
774 975 975 1032 dicitur
1031 996 1043 1031 :
1093 998 1110 1028 ι
1147 977 1337 1031 Manus
1388 987 1583 1032 vestra:
1634 979 1895 1048 sanguine
1932 979 2102 1049 plenae

513 1072 660 1131 sunt,
690 1084 709 1118 ›
742 1065 795 1120 in
825 1065 933 1131 bis,
959 1067 1044 1121 vel
1074 1068 1141 1123 ad
1172 1069 1270 1121 hos
1293 1082 1398 1122 non
1430 1068 1487 1121 lit
1515 1083 1694 1123 sermo
1725 1067 1954 1122 Domini.

583 1173 608 1209 ι
638 1156 812 1213 Dilexi
847 1173 967 1223 vos,
995 1158 1129 1213 dicit
1167 1154 1450 1224 Dominus,
1502 1167 1555 1213 et
1580 1158 1791 1214 dixistis
1825 1177 1837 1212 :
1884 1159 1941 1213 ln
1993 1175 2100 1229 quo

510 1248 751 1304 dilexisti
796 1250 938 1305 nos?
963 1249 1154 1303 Nonne
1198 1248 1367 1304 frater
1395 1257 1515 1303 erat
1564 1249 1705 1304 Esau
1738 1248 1927 1315 Iacob,
1967 1251 2099 1305 dicit

511 1336 804 1403 Dominus,
833 1347 888 1393 et
917 1338 1079 1393 dilexi
1111 1337 1298 1405 Iacob,
1334 1339 1477 1394 Esau
1513 1347 1696 1394 autem
1728 1341 1852 1396 odio
1891 1342 2098 1397 habui?

509 1427 580 1483 Et
604 1429 760 1499 posui
804 1428 929 1485 Seir
975 1439 1186 1486 montes
1229 1429 1349 1499 ejus
1403 1430 1458 1484 in
1499 1430 1868 1496 solitudinem,
1902 1442 1958 1486 et
1984 1433 2096 1487 bte-

507 1524 795 1580 reditatem
824 1523 939 1593 ejus
982 1527 1035 1580 iu
1078 1526 1342 1581 dracones
1378 1526 1599 1581 deserti.
1636 1526 1787 1592 Quod
1824 1526 1868 1580 si
1899 1527 2097 1581 dixerit

510 1612 775 1672 Numam:
802 1617 1071 1674 Destrueti
1099 1635 1304 1681 sumus,
1328 1619 1421 1675 sed
1448 1628 1780 1675 revertentes
1807 1620 2095 1674 aediﬁcabi-

506 1724 630 1763 mus
656 1720 776 1779 qua:
800 1710 1073 1765 destructa
1097 1722 1224 1765 sunt
1244 1727 1255 1763 :
1277 1709 1402 1765 "me
1431 1710 1565 1765 dicit
1590 1710 1852 1765 Dominus
1885 1710 2096 1765 exerci-

505 1811 693 1855 tuum:
726 1799 817 1856 lsti
847 1801 1214 1869 aediﬁcabunt,
1242 1811 1296 1858 et
1322 1819 1423 1874 ego
1448 1805 1720 1859 destruant
1747 1813 1801 1858 et
1822 1805 2096 1860 vocabun-

2212 616 2325 664 tum
2353 609 2578 681 ﬁguram
2602 610 2957 679 praatendunt.
2991 608 3125 675 Quae
3157 608 3263 661 duo
3290 608 3414 661 licet
3441 608 3550 663 sint
3578 617 3786 661 contra-

2210 700 2313 765 ria.
2345 714 2410 755 ex
2434 716 2541 755 uno
2572 701 2753 755 cordis
2788 700 2937 754 fonte
2965 700 3282 768 procedunt.
3311 697 3445 753 Nam
3486 698 3610 768 quia
3632 697 3786 752 liberi

2206 804 2395 846 sumus
2421 792 2652 856 arbitrii,
2680 807 2781 861 pro
2805 798 2987 845 nostra
3016 791 3314 853 voluntate,
3337 798 3431 844 aut
3454 789 3523 843 ad
3547 790 3673 845 vitia
3695 789 3785 844 de-

2204 881 2501 947 ﬂectimus,
2539 893 2635 938 aut
2669 884 2736 939 ad
2773 884 3025 938 virtutes.
3058 882 3241 935 Primo
3266 882 3481 952 genitus
3513 889 3597 935 est
3619 881 3783 945 Esau,

2204 973 2329 1043 quia
2357 974 2542 1044 priora
2574 981 2701 1028 sunt
2742 972 2870 1027 vitia
2890 987 2995 1042 per
3038 970 3340 1035 infantiam,
3371 971 3782 1027 adolescentiam

2204 1062 2629 1133 etjuventutem.
2664 1065 2793 1120 Post
2816 1064 3059 1119 nascitur
3075 1062 3262 1129 Iacob,
3293 1064 3386 1134 qui
3414 1065 3785 1134 supplantator

2204 1156 2611 1226 interpretatur,
2657 1157 2783 1225 quia
2827 1169 3046 1209 errores
3096 1153 3390 1223 fragilioris
3438 1155 3612 1209 aetatis
3653 1164 3783 1209 tetas

2203 1247 2412 1303 ﬁrmior
2438 1248 2735 1304 succedens
2761 1247 2987 1317 corrigit
3018 1254 3070 1299 et
3094 1246 3427 1316 supplantat.
3460 1245 3612 1302 Unde
3651 1249 3782 1302 bene

2200 1337 2375 1407 major
2400 1338 2589 1405 frater,
2618 1340 2861 1408 hispidus
2894 1347 2949 1392 et
2971 1336 3223 1407 agrestis,
3247 1337 3522 1393 venationi
3555 1346 3610 1393 et
3632 1339 3785 1394 silvis

2200 1437 2449 1485 assuetus
2478 1431 2645 1485 fuisse
2676 1430 2908 1495 dicitur;
2936 1429 3135 1491 minor,
3162 1427 3303 1483 lenis
3324 1436 3379 1483 et
3405 1428 3656 1499 simplex,
3698 1431 3785 1485 ha-

2197 1520 2401 1576 bitasse
2437 1520 2582 1574 domi
2630 1519 2969 1589 perhibetur.
3016 1518 3205 1587 Itaque
3243 1519 3344 1574 sub
3392 1520 3609 1573 nomine
3644 1519 3786 1574 Esau

2198 1611 2341 1667 Deus
2363 1612 2489 1666 vitia
2511 1613 2691 1667 odisse
2718 1628 2776 1666 se
2813 1612 3026 1674 asserit,
3065 1628 3171 1666 non
3204 1621 3479 1677 naturam,
3503 1628 3667 1682 quam
3690 1613 3787 1667 bo-

2199 1717 2323 1757 nam
2354 1700 2503 1769 fecit,
2536 1713 2591 1757 et
2627 1711 2912 1773 propterea
2954 1703 3089 1757 ﬁnes
3117 1701 3234 1771 ejus
3272 1703 3422 1771 ponit
3450 1701 3505 1756 in
3547 1701 3789 1757 solitudi-

2199 1807 2355 1857 nem,
2412 1801 2471 1847 ut
2517 1808 2679 1849 onme
2725 1793 2927 1848 malum
2981 1793 3332 1862 exstirpetur,
3383 1801 3439 1847 et
3491 1793 3621 1847 vitia
3685 1809 3788 1848 non

503 1898 595 1946 tur
646 1892 862 1948 termini
909 1893 1225 1963 impietatis,
1281 1903 1339 1950 et
1390 1895 1618 1965 populus
1661 1896 1748 1950 cui
1801 1896 1972 1949 iratus
2006 1904 2082 1949 est

2192 1896 2561 1940 sucerescant.
2593 1886 2749 1952 Quod
2785 1886 2831 1941 si
2873 1886 3158 1956 impudens
3189 1885 3389 1940 malitia
3417 1900 3484 1941 ea
3520 1902 3640 1955 qua:
3667 1899 3790 1941 sunt

500 1980 763 2041 Dominus
787 1998 959 2055 usque
982 1985 1036 2040 in
1066 1994 1350 2041 aeternum.
1377 1986 1445 2041 Et
1465 1986 1607 2041 oculi
1629 1986 1793 2041 vestri
1811 1985 2088 2052 videbunt,

499 2084 556 2132 et
588 2091 687 2133 vos
715 2076 945 2133 dicetis:
977 2076 1356 2149 Magniﬁcetur
1393 2076 1655 2132 Dominus
1698 2092 1861 2149 super
1907 2077 2090 2131 termi-

498 2183 632 2223 num
660 2167 846 2223 lsrael.
892 2189 911 2221 ›
940 2168 1075 2237 Quia
1110 2170 1447 2240 prmmiserat
1489 2183 1627 2223 onus
1676 2165 2087 2238 suppliciorum,

499 2260 645 2333 quod
689 2270 909 2333 portare
951 2264 1302 2333 cogebantur,
1346 2262 1620 2333 subjungit
1649 2276 1819 2332 quare
1852 2261 1952 2316 ista
1979 2276 2088 2316 non

496 2356 819 2406 merentur:
848 2351 977 2418 dici,
1020 2352 1179 2408 dilexi
1222 2353 1442 2425 (inquit)
1475 2369 1591 2418 vos,
1619 2361 1674 2408 et
1712 2353 1968 2408 subaudis
1996 2368 2090 2408 ne-

494 2454 771 2511 quaquam
796 2441 968 2496 vicem
1002 2441 1133 2498 mihi
1163 2443 1472 2499 dilectionis
1503 2452 1704 2498 mutua:
1743 2443 2085 2513 rependistis.

501 2529 570 2587 Ut
591 2531 740 2587 enim
769 2546 828 2589 se
854 2532 1018 2589 habet
1044 2535 1392 2603 proverbium
1432 2553 1446 2590 :
1486 2536 1775 2591 Amantem
1816 2552 1924 2591 non
1968 2536 2090 2591 red-

495 2637 700 2688 amare,
724 2624 930 2681 amoris
949 2631 1032 2681 est
1056 2626 1325 2696 impendia
1345 2628 1603 2697 perdere;
1630 2628 1755 2697 quia
1778 2627 2087 2698 diligentem

496 2727 557 2768 se
602 2713 889 2770 Dominum
918 2731 1025 2771 non
1060 2717 1386 2781 dilexerant,
1432 2718 1670 2772 minatur
1712 2718 1817 2774 illis
1844 2733 2084 2788 poenam,

493 2816 556 2862 ut
582 2809 822 2865 sentiant
845 2825 944 2881 per
997 2819 1265 2867 tormenta
1290 2827 1411 2884 qua:
1451 2811 1736 2867 noluerunt
1761 2812 1962 2869 sentire
1989 2827 2087 2882 per

491 2901 778 2959 beneﬁcia.
796 2902 941 2959 Sane
962 2920 1085 2961 cum
1109 2904 1242 2961 dicit
1261 2907 1537 2976 praeterito
1553 2912 1793 2976 tempore
1816 2924 1834 2956 ‹
1862 2904 2044 2969 dilexi,
2062 2921 2080 2955 ι

493 3003 660 3066 negat
685 3010 745 3052 se
782 2996 1007 3068 diligere
1041 2998 1097 3053 in
1122 2998 1395 3069 praesenti,
1430 2999 1555 3055 dum
1585 2998 1915 3069 prmteritam
1950 3012 2084 3053 con-

493 3083 683 3141 ﬁtetur
729 3086 1096 3144 dilectionem.
1142 3088 1278 3145 Cum
1333 3103 1463 3161 ergo
1514 3088 1773 3145 Dominus
1830 3089 2080 3154 dixisset,

474 3194 516 3229 ἰ
551 3175 726 3231 Dilexi
752 3193 866 3243 vos,
906 3197 924 3231 ι
953 3178 1052 3245 illi,
1083 3195 1145 3235 ea
1181 3180 1488 3236 temeritate
1514 3196 1619 3250 qua
1648 3179 1963 3249 peccabant,
1996 3195 2080 3235 rec

489 3268 950 3337 spontderuntzln
1005 3285 1113 3339 quo
1165 3270 1402 3327 dilexisti
1455 3270 1591 3325 nos?
1628 3277 1884 3338 tanquam
1930 3269 2080 3324 obliti

491 3356 885 3413 beneﬁciorum
915 3374 1035 3429 quae
1061 3359 1344 3415 innumera
1373 3362 1476 3416 illis
1502 3362 1848 3431 praestiterat.
1875 3360 2081 3427 Quibus

489 3451 754 3506 Dominus
777 3453 1056 3522 respondit
1072 3460 1091 3507 :‘
1114 3472 1133 3505 ι
1148 3452 1334 3509 Nonne
1360 3453 1529 3510 frater
1549 3463 1667 3508 erat
1690 3454 1830 3509 Esau
1847 3453 2075 3510 Iacob?»

491 3537 566 3594 Ut
582 3537 802 3612 (inquit)
820 3549 1025 3596 taceam
1049 3551 1269 3608 caetera,
1299 3543 1567 3612 quomodo
1582 3558 1677 3598 vos
1694 3543 2001 3613 nuperrime
2015 3544 2081 3599 de

488 3628 783 3702 Babylonis
818 3632 1132 3703 captivitate
1161 3632 1404 3700 liberavi,
1433 3635 1626 3690 uthtec
1651 3643 1707 3690 et
1731 3634 1832 3689 alia
1861 3644 2079 3704 praeter-

490 3720 727 3787 mittam,
744 3721 907 3778 altius
928 3732 1190 3794 repetam,
1216 3725 1359 3780 etab
1380 3726 1493 3797 ipsa
1520 3727 1871 3797 conceptione
1897 3736 2075 3782 vestra

487 3812 797 3880 ostendam,
825 3813 1096 3883 quomodo
1125 3830 1221 3870 vos
1262 3815 1542 3871 dilexerim
1566 3816 1589 3869 ?
1614 3816 1916 3888 Antequam
1967 3818 2076 3872 Re-

488 3902 657 3957 becca
679 3899 847 3959 Iacob
871 3912 927 3958 et
950 3904 1090 3960 Esau
1119 3914 1358 3976 pareret,
1398 3906 1452 3961 in
1487 3905 1657 3964 Iacob
1681 3924 1777 3963 vos
1803 3909 1988 3975 dilexi,
2022 3910 2076 3964 in

487 3992 629 4050 Esau
652 4002 833 4051 autem
862 3993 1133 4055 Idumaeos
1158 3998 1284 4054 odio
1327 3998 1512 4065 habui,
1554 4006 1608 4055 et
1652 3999 1807 4069 posui
1854 4000 2073 4072 (inquit)

484 4093 698 4141 montes
722 4084 860 4155 ejus,
888 4087 940 4141 id
967 4096 1051 4143 est
1082 4088 1360 4161 regionem
1385 4087 1527 4155 Seir,
1547 4088 1598 4143 in
1630 4088 1998 4157 solitudinem,
2022 4097 2077 4146 et

483 4175 649 4232 urbes
688 4175 807 4245 ejus
832 4179 1080 4234 desertas
1115 4178 1183 4233 ab
1212 4178 1523 4234 hominibus
1554 4177 1658 4235 feci
1686 4196 1716 4234 a
1747 4179 2075 4237 draconibus

482 4275 537 4321 et
565 4267 755 4321 bestiis
784 4268 1068 4337 possideri.
1103 4268 1163 4323 Si
1191 4279 1375 4324 autem
1407 4268 1604 4325 dixerit
1633 4271 1822 4338 Edom,
1856 4273 1950 4343 qui
1993 4280 2076 4329 est

483 4357 625 4414 Esau
651 4377 662 4412 :
689 4357 965 4414 Destructi
995 4375 1206 4426 sumus,
1236 4362 1330 4417 sed
1352 4362 1547 4417 iterum
1578 4374 1911 4421 revertentes
1939 4367 2074 4422 mdi-

483 4450 768 4506 ﬁcabimus
816 4453 979 4508 urbes
1028 4460 1268 4519 nostras,
1316 4454 1391 4510 illi
1439 4456 1657 4526 quidem
1703 4459 2070 4525 tediﬁcabunt,

481 4540 580 4596 sed
608 4555 712 4613 ego
734 4542 1031 4598 destruam.
1062 4541 1259 4600 Odium
1297 4553 1352 4600 et
1396 4546 1614 4602 dilectio
1650 4548 1744 4602 Dei
1792 4562 1897 4602 non
1945 4557 2072 4603 sunt

2148 2036 2155 2043 ,
2196 1976 2466 2030 destructa
2500 1991 2689 2030 rursus
2716 1975 2991 2031 zediﬁcare
3024 1984 3268 2039 conetur,
3296 1975 3562 2031 Dominus
3592 1976 3788 2032 iterum

2195 2080 2252 2120 se
2281 2080 2344 2121 ea
2375 2068 2786 2127 destructurum.
2823 2070 3122 2137 proﬁtetur.
3157 2067 3308 2134 Quod
3339 2069 3397 2121 tit
3424 2067 3639 2124 duobus
3679 2086 3790 2126 mo-

2193 2156 2292 2219 dis,
2327 2156 2440 2212 sive
2470 2172 2591 2212 eum
2632 2157 2980 2229 corriguntur
3003 2168 3335 2226 peceatores,
3373 2158 3492 2214 sive
3512 2175 3636 2215 cum
3662 2176 3787 2231 per-

2192 2247 2446 2304 tinaciter
2470 2257 2761 2317 peccantes
2784 2250 2931 2320 justa
2956 2250 3160 2303 ultione
3189 2250 3540 2306 damnantur.

2269 2361 2288 2394 α
2323 2343 2492 2398 Filius
2549 2345 2780 2399 honorat
2843 2352 3091 2414 patrem,
3147 2351 3203 2399 et
3262 2358 3453 2399 servus
3505 2345 3787 2400 dominum

2191 2448 2368 2488 suum.
2399 2433 2458 2489 Si
2496 2450 2626 2505 ergo
2650 2434 2812 2489 Pater
2843 2450 2943 2505 ego
2963 2451 3102 2499 sum,
3135 2435 3226 2490 ubi
3266 2444 3351 2491 est
3387 2436 3564 2491 honor
3596 2439 3791 2492 meus?

2190 2524 2312 2579 etsi
2342 2524 2603 2580 Dominus
2636 2540 2735 2596 ego
2760 2541 2903 2591 sum,
2946 2526 3037 2580 ubi
3080 2534 3164 2580 est
3212 2526 3378 2582 timor
3421 2543 3599 2592 meus,
3647 2529 3783 2583 dicit

2188 2614 2453 2670 Dominus
2481 2617 2866 2671 exercituum?
2904 2637 2920 2667 ι
2958 2617 3036 2671 Ac
3065 2617 3109 2671 si
3140 2617 3345 2672 diceret
3373 2636 3385 2669 τ
3411 2618 3567 2673 Licet
3604 2619 3784 2688 prius-

2188 2718 2352 2776 quam
2380 2708 2798 2762 renasceremini
2828 2708 2983 2778 quasi
3010 2707 3148 2763 ﬁlios
3174 2724 3268 2762 vos
3307 2709 3358 2762 in
3381 2708 3551 2764 Iacob
3578 2710 3782 2765 dilexe-

2189 2797 2325 2863 rim;
2363 2806 2542 2853 tamen
2565 2798 2749 2869 eligite
2785 2814 2894 2869 quo
2923 2798 3140 2854 nomine
3166 2813 3253 2853 me
3276 2798 3458 2853 velitis
3491 2800 3783 2869 appellare,

2191 2888 2244 2945 id
2279 2900 2364 2946 est
2407 2899 2503 2946 aut
2551 2891 2790 2958 Patrem,
2824 2901 2919 2947 aut
2961 2892 3271 2947 Dominum.
3321 2892 3382 2948 Si
3433 2908 3568 2963 ergo
3626 2895 3787 2950 Pater

2187 2995 2329 3047 sum,
2366 2996 2465 3037 cur
2493 2997 2600 3036 non
2631 2983 2770 3037 detis
2806 2983 3045 3037 debitum
3081 2982 3230 3038 Patri
3260 2983 3564 3039 honorem?
3594 2985 3651 3038 Si
3686 2986 3787 3041 Do-

2187 3072 2393 3137 minus,
2449 3088 2620 3143 quare
2662 3088 2749 3128 me
2779 3069 3191 3129 ‘contemnitis?
3231 3089 3333 3129 cur
3357 3090 3466 3129 non
3506 3076 3650 3130 sicut
3684 3077 3787 3129 Do.

2189 3164 2395 3219 minum
2430 3164 2663 3220 timetis?
2684 3163 2799 3220 lloc
2823 3164 2889 3219 ad
2918 3164 3037 3220 illos
3066 3165 3197 3221 dicit
3224 3166 3343 3237 qui,
3375 3168 3444 3221 de
3469 3166 3788 3236 captivitate

2190 3270 2362 3326 nuper
2395 3255 2634 3321 reversi,
2685 3255 2914 3312 necdum
2953 3256 3220 3313 aediﬁcato
3266 3257 3467 3328 templo
3510 3259 3599 3313 vel
3648 3260 3785 3315 civi-

2185 3356 2316 3414 tate,
2374 3347 2427 3403 in
2503 3349 2743 3419 peccatis
2813 3357 2993 3405 tamen
3043 3350 3292 3420 pristinis
3353 3352 3780 3422 permanebant,

2183 3441 2353 3496 Deum
2427 3456 2526 3496 nec
2593 3443 2812 3508 timore,
2841 3458 2943 3497 nec
3003 3458 3189 3498 amore
3234 3453 3583 3500 venerantes.
3652 3444 3783 3515 Spi-

2182 3532 2472 3599 ritualiter,
2496 3533 2611 3587 vult
2656 3534 2798 3589 Deus
2839 3534 3013 3603 primo
3042 3542 3103 3589 ut
3147 3535 3319 3590 simus
3366 3535 3461 3591 lilii
3498 3537 3643 3606 ejus,
3693 3551 3790 3592 vo-

2180 3623 2419 3680 luntarie
2474 3624 2550 3680 illi
2597 3624 3051 3689 obsecundantes,
3109 3633 3165 3680 et
3240 3640 3345 3680 non
3413 3627 3637 3691 timore,
3695 3629 3792 3682 sed

2181 3729 2367 3770 amore
2400 3715 2475 3770 illi
2520 3717 2839 3771 servientes.
2889 3715 3042 3782 Quod
3093 3716 3138 3771 si
3171 3715 3275 3771 hoc
3328 3730 3447 3771 esse
3501 3717 3790 3780 nolumus,

2179 3806 2295 3861 vult
2315 3813 2374 3860 ut
2396 3807 2585 3862 saltem
2616 3807 2787 3862 simus
2820 3808 2986 3873 servi,
3020 3807 3218 3862 timore
3258 3807 3657 3877 suppliciorum
3694 3825 3788 3863 re-

2179 3898 2431 3953 cedentes
2468 3913 2499 3952 a
2531 3897 2694 3963 malo,
2742 3906 2799 3952 et
2844 3897 2987 3952 bona
3036 3896 3314 3953 facientes.
3376 3898 3520 3970 Ergo
3570 3916 3604 3954 a
3658 3900 3794 3955 ﬁliis

2178 3990 2375 4059 quierit
2421 3988 2682 4045 Dominus
2716 3992 3001 4056 honorem,
3056 4006 3085 4045 a
3136 3992 3308 4046 servis
3354 4001 3538 4047 autem
3579 3995 3795 4065 expetit

2177 4080 2446 4136 timorem.
2506 4102 2524 4133 ε
2576 4081 2905 4152 Principium
2941 4083 3086 4137 enim
3130 4085 3413 4153 sapientue
3455 4085 3632 4141 timor
3679 4088 3794 4142 Do-

2178 4171 2337 4236 mini,
2378 4182 2438 4227 ut
2472 4173 2666 4229 timore
2691 4173 3035 4245 incipientes,
3065 4175 3130 4229 ad
3160 4174 3392 4230 ﬁliorum
3430 4185 3793 4234 transeamus

2176 4276 2437 4317 amorem.
2483 4281 2502 4313 ι
2553 4264 2634 4320 Ad
2685 4279 2803 4330 vos,
2863 4280 2896 4320 ο
2946 4266 3278 4332 sacerdotes,
3332 4269 3425 4338 qui
3486 4270 3786 4341 despicitis

2176 4368 2371 4408 nomen
2412 4369 2611 4419 meum,
2643 4365 2697 4411 et
2726 4357 2977 4412 dixistis:
3016 4357 3073 4411 In
3120 4372 3230 4428 quo
3277 4358 3637 4429 despeximus
3694 4379 3796 4417 no-

2177 4460 2298 4500 men
2329 4446 2518 4499 tuum?
2548 4443 2766 4502 Oll‘ertis
2797 4462 2959 4519 super
2987 4448 3157 4502 altare
3184 4464 3363 4503 meum
3407 4465 3613 4519 panem
3660 4455 3793 4524 pol-

2178 4536 2370 4602 lutum,
2416 4546 2472 4593 et
2513 4539 2709 4601 dicitis,
2757 4541 2815 4595 ln
2864 4556 2970 4611 quo
3014 4540 3306 4611 polluimus
3335 4543 3421 4597 te?
3450 4542 3507 4596 In
3537 4558 3613 4599 eo
3639 4546 3795 4614 quod

484 4592 579 4596 _-_
616 4592 704 4613 Ὃ,
738 4592 1031 4598 __--_____-
1073 4592 1257 4600 -____,
1300 4592 1351 4600 ν-
1399 4592 1612 4602 _..--...,
1654 4592 1744 4602 νυ.
2357 4592 2369 4602 .
2432 4592 2435 4593 ν
2869 4592 2965 4611 -.ην
3015 4592 3303 4611 ,ηραν-ν
3543 4592 3609 4599 η
3643 4592 3795 4614 1—w-

481 4634 722 4690 humana
779 4649 932 4691 more
997 4636 1284 4706 cogitanda
1338 4639 1655 4694 carnaliter.
1720 4639 1871 4692 Sicut
1924 4639 2070 4693 enim
2098 4592 2375 4696 DdiCiliS,
2409 4647 2595 4687 mensa
2642 4633 2854 4688 θοῐηῖηί
2899 4634 3156 4703 ἀθερεοιδ
3202 4643 3304 4689 εει·
3345 4654 3365 4687 ³
3416 4635 3499 4690 Ad
3534 4652 3649 4691 '05
3681 4638 3796 4707 (ῖη-

480 4726 629 4782 Deus
667 4741 858 4783 omnes
898 4729 1126 4794 creavit,
1159 4730 1232 4785 ita
1262 4739 1316 4785 et
1354 4730 1567 4802 diligit:
1607 4730 1895 4785 miseretur
1924 4730 2069 4784 enim

480 4817 782 4884 hominum,
812 4826 866 4874 et
891 4819 1027 4876 nihil
1048 4820 1163 4876 odit
1190 4835 1377 4877 eorum
1399 4836 1520 4892 qua:
1542 4820 1690 4876 fecit.
1720 4821 1863 4893 Ergo
1886 4821 2069 4876 odium

483 4912 580 4969 Dei
609 4917 702 4965 aut
747 4925 812 4965 ex
854 4912 1199 4983 prtescientia
1247 4913 1492 4969 nascitur
1522 4911 1848 4980 futurorum,
1879 4920 1973 4968 aut
2000 4927 2070 4967 ex

478 5000 755 5072 operibus.
812 5002 919 5058 Eos
976 5003 1121 5060 enim
1181 5003 1359 5076 diligit
1402 5005 1543 5062 Deus
1597 5022 1735 5077 quos
1784 5006 1930 5060 videt
1981 5018 2072 5059 re-

478 5102 819 5167 pugnaturos
875 5095 1060 5161 vitiis,
1128 5104 1184 5152 et
1237 5098 1549 5154 obedituros
1604 5099 1800 5153 divinis
1860 5109 2069 5168 praece-

476 5187 602 5258 ptis.
661 5187 787 5244 Illos
836 5203 966 5243 vero
1014 5188 1211 5244 dicitur
1251 5189 1431 5245 odisse
1480 5205 1616 5259 quos
1668 5189 1814 5244 videt
1862 5186 2068 5243 servire

476 5279 735 5351 peccatis,
760 5289 815 5335 et
834 5280 1111 5337 destructa
1129 5280 1243 5351 jam
1258 5282 1389 5335 vitia
1408 5281 1602 5335 iterum
1624 5278 1755 5336 velle
1772 5286 2062 5333 restruere.

478 5369 602 5426 llmc
626 5372 923 5427 secundum
953 5371 1237 5428 historiam
1263 5371 1332 5427 ab
1371 5369 1613 5425 llebraeis
1655 5370 1929 5432 dicuntur,
1971 5366 2063 5436 qui

477 5462 641 5517 etiam
683 5479 779 5534 per
814 5462 1079 5519 ldumzeos
1124 5462 1399 5519 Romanos
1428 5462 1615 5516 volunt
1653 5460 1899 5532 intelligu',
1944 5474 2067 5515 cru-

477 5552 626 5609 deles
661 5562 716 5609 et
754 5554 1155 5625 sanguinarios,
1205 5553 1330 5622 quia
1380 5552 1548 5608 Edom
1590 5552 1789 5608 rubens
1818 5552 1901 5608 vel
1944 5568 2067 5609 san-

479 5644 709 5715 guineus
736 5643 1150 5714 interpretatur,
1177 5658 1408 5713 quorum
1458 5644 1741 5714 imperium
1784 5643 1837 5700 in
1879 5644 2064 5700 mundi

480 5736 715 5792 termino
741 5736 813 5790 sit
839 5736 1250 5803 destruendum,
1284 5745 1337 5791 et
1370 5737 1435 5793 ab
1458 5737 1590 5811 ipsis
1619 5739 1783 5795 totius
1804 5738 1952 5795 orbis
1978 5752 2067 5808 po-

480 5830 649 5881 testas
683 5825 995 5882 transitura.
1029 5826 1331 5901 Allegorico
1374 5843 1555 5900 sensu,
1602 5831 1743 5888 Esau
1780 5840 1834 5888 et
1874 5830 2061 5895 Iacob,

2174 4721 2313 4794 quit)
2342 4737 2379 4777 ο
2402 4725 2734 4789 sacerdotes,
2766 4726 3085 4797 Specialiter
3107 4743 3267 4782 meus
3289 4744 3471 4784 sermo
3493 4730 3795 4802 dirigitur,

2174 4812 2266 4882 qui
2302 4828 2497 4870 nomen
2526 4831 2708 4871 meum
2731 4818 3025 4888 deSpicitis,
3054 4816 3182 4873 dum
3202 4820 3336 4874 meis
3361 4822 3665 4878 sacriﬁciis
3697 4823 3798 4876 dc-

2172 4907 2401 4976 rogatis,
2426 4916 2480 4963 et
2506 4924 2629 4964 cum
2653 4912 2854 4966 reversi
2881 4912 2945 4965 de
2974 4911 3264 4983 Babylone,
3300 4913 3645 4971 debuissetis
3676 4928 3794 4971 tota

2175 5008 2360 5056 mente
2414 5004 2661 5059 converti
2714 5020 2742 5057 a
2791 5005 3082 5074 prieteritis
3148 5006 3493 5072 criminibus,
3543 5008 3798 5079 iungitis

2176 5100 2545 5164 contemptum
2576 5095 2965 5150 sacriﬁciorum
3010 5113 3279 5153 meorum.
3330 5097 3438 5154 Sed
3489 5099 3570 5154 illi
3626 5100 3795 5169 quasi

2174 5187 2481 5243 nescientes
2504 5187 2639 5253 lucc,
2671 5190 3017 5244 sciscitantur
3043 5191 3221 5246 adhuc
3253 5191 3321 5245 ab
3347 5206 3414 5245 eo
3443 5192 3536 5261 qui
3582 5200 3795 5246 cuncta

2172 5275 2343 5342 novit,
2369 5276 2423 5331 In
2451 5292 2559 5348 quo
2583 5278 2911 5347 despicimus
2935 5280 3023 5333 te?
3050 5278 3348 5351 Respondit
3369 5280 3678 5335 Dominus:
3698 5281 3799 5335 Ol-

2172 5366 2329 5425 fertis
2350 5385 2513 5440 super
2540 5370 2710 5425 altare
2732 5387 2909 5425 meum
2934 5388 3128 5442 panem
3156 5373 3442 5444 pollutum,
3468 5388 3653 5445 panes
3677 5373 3800 5428 sci-

2170 5460 2297 5516 licet
2313 5464 2694 5534 propositionis
2720 5480 2875 5535 quos,
2886 5446 3038 5535 juxta
3062 5465 3380 5520 traditiones
3392 5463 3796 5523 Hebraeorum.

2172 5553 2273 5624 ipsi
2314 5556 2621 5610 sacerdotes
2648 5570 2850 5622 serere,
2886 5557 2986 5627 ipsi
3034 5566 3261 5623 metere,
3313 5558 3415 5628 ipsi
3469 5556 3692 5611 molere
3738 5563 3797 5609 et

2171 5662 2403 5715 coquere
2449 5650 2665 5704 debent.
2712 5650 2867 5717 Quod
2898 5660 3217 5719 spernentes
3250 5665 3433 5721 agere,
3477 5648 3799 5704 sumebant

2171 5738 2573 5810 qualescunque
2601 5756 2788 5810 panes,
2832 5750 2884 5795 et
2923 5756 3086 5811 super
3115 5755 3357 5815 mensam
3387 5739 3611 5797 Domini
3647 5725 3793 5793 sub.

2172 5831 2298 5886 hatn
2348 5833 2659 5901 ponebant:
2713 5820 2895 5902 illique
2942 5849 3113 5903 usque
3165 5833 3230 5888 ad
3280 5832 3421 5887 aliud
3479 5818 3793 5888 sabbatum
