3950 6464
210 399 315 457 281

1130 394 1530 453 ENARRATlO
1568 393 1636 449 lN
1677 392 2082 448 MALACHIAM
2121 393 2561 452 PROPHETAM.

3363 397 3468 454 £82

212 510 590 571 servabantur,
614 515 668 561 et
688 506 967 561 dicebatur
992 507 1149 576 panis
1174 516 1412 571 sanctus,
1441 508 1509 563 de
1536 522 1645 576 quo
1675 520 1780 560 non
1810 506 1861 565 Α
1887 504 2216 560 holocausta.
2244 506 2505 578 Recipitis
2530 508 2676 564 enim
2695 523 2726 563 a
2751 508 2949 579 populo
2968 508 3207 565 decimas
3223 512 3467 566 omnium

211 596 412 653 licebat
436 596 597 651 edere
629 596 732 650 nisi
772 596 1158 651 sacerdotibus.
1193 596 1283 650 Ait
1309 611 1472 665 ergo:
1507 614 1525 646 ι
1572 593 1787 649 Offertis

212 703 379 760 super
401 685 571 742 altare
599 702 776 742 meum
810 701 1000 756 panem
1038 688 1322 756 pollutum,
1368 706 1385 737 ι
1420 695 1475 741 et
1503 686 1629 741 dum
1668 700 1788 740 mea

214 778 484 835 sacrificia
511 777 649 832 male
677 778 939 843 tractatis,
968 792 1072 841 me,
1097 778 1249 847 cujus
1277 786 1402 831 sunt
1421 785 1785 842 sacramenta,

213 870 452 925 violatis.
504 869 657 937 Quod
686 884 817 924 vero
851 870 1132 939 sequitur:
1168 887 1187 919 ι
1222 869 1279 923 lu
1304 885 1368 923 eo
1394 870 1535 938 quod
1566 868 1788 923 dicitis:

214 959 397 1015 Mensa
456 958 665 1013 Domini
718 959 968 1028 despecta
1023 966 1124 1020 est,
1164 978 1181 1010 ι
1231 966 1407 1027 potest
1450 957 1528 1012 sic
1572 956 1789 1027 exponi,

213 1049 358 1121 quod
374 1049 502 1105 illud
518 1049 689 1104 altare
714 1049 859 1118 quod
886 1048 1128 1103 fecerant
1151 1048 1352 1102 reversi
1374 1047 1441 1102 de
1461 1047 1790 1116 captivitate,

215 1154 325 1194 non
353 1147 471 1193 erat
493 1137 611 1207 ejus
654 1138 854 1210 gloriaz,
891 1138 1043 1209 cujus
1074 1137 1252 1192 fuerat
1297 1137 1602 1206 antiquum,
1643 1136 1791 1190 ideo-

213 1242 321 1298 que
359 1226 612 1283 dicebant
651 1227 959 1296 despectam
978 1241 1098 1281 esse
1129 1240 1368 1280 mensam
1410 1224 1641 1289 Domini,
1673 1232 1791 1277 tan-

213 1332 380 1387 quam
417 1316 658 1387 religioni
687 1316 899 1385 deesset
940 1317 1218 1380 sanctitas,
1263 1316 1348 1370 cui
1388 1315 1577 1371 deerat
1624 1313 1795 1368 ambi-

213 1408 312 1473 tio,
357 1423 482 1462 cum
528 1417 750 1464 econtra
802 1408 943 1463 Deus
976 1423 1085 1462 non
1128 1408 1316 1462 altaris
1368 1415 1642 1473 ornatum,
1701 1406 1797 1461 sed

213 1499 493 1554 offerentis
521 1499 865 1553 devotionem
889 1498 1152 1567 requirat.
1188 1496 1294 1553 Sed
1320 1505 1374 1552 et
1404 1497 1583 1552 altiori
1608 1511 1791 1555 sensu.

212 1587 464 1659 increpat
500 1586 714 1642 divinus
750 1602 928 1642 sermo
971 1586 1280 1641 sacerdotes
1304 1595 1361 1640 et
1396 1585 1673 1640 ministros
1697 1584 1799 1638 Ec-

215 1679 416 1743 clesiae,
448 1678 594 1749 quod
623 1677 957 1748 negligenter
981 1684 1213 1731 tractent
1232 1676 1410 1731 divina
1435 1675 1712 1747 mysteria,
1742 1682 1800 1730 et

215 1767 447 1824 offerant
482 1782 646 1837 super
692 1766 863 1821 altare
892 1766 1103 1820 Domini
1134 1780 1329 1835 panem
1354 1765 1634 1835 pollutum,
1675 1780 1799 1819 cum

214 1858 466 1914 videlicet
510 1857 713 1927 indigni
740 1857 810 1911 ad
839 1856 1010 1910 altare
1036 1855 1324 1921 accedunt,
1350 1864 1405 1910 et
1434 1854 1638 1924 polluta
1666 1869 1796 1908 con-
1823 1842 1871 1901 Β

214 1947 443 2004 scientia
467 1946 726 2002 mundum
746 1945 1062 2016 sanguinem
1088 1945 1303 2009 bibunt,
1325 1951 1797 2000 ctsacrosanctum

217 2055 411 2112 panem
439 2039 715 2110 inquinato
740 2054 836 2095 ore
861 2038 1197 2110 percipiunt;
1221 2038 1407 2108 sicque
1438 2035 1519 2101 fit,
1543 2044 1601 2090 ut
1627 2034 1799 2105 despi-

222 2133 401 2189 ciatur
432 2148 613 2189 mensa
666 2132 901 2199 Domini,
944 2148 1063 2202 qum
1097 2148 1194 2203 per
1221 2147 1280 2188 se
1328 2140 1519 2186 sancta
1555 2138 1660 2197 est,
1698 2145 1797 2201 pro

218 2225 589 2280 ministrorum
627 2225 856 2280 vilitate.
916 2224 1025 2281 Sed
1075 2224 1182 2279 alio
1234 2223 1530 2288 intellectu,
1580 2223 1797 2293 quando

212 2318 558 2387 praedicator,
589 2318 680 2387 qui
707 2316 1039 2387 spiritualem
1060 2331 1275 2385 panem,
1299 2314 1353 2369 id
1382 2322 1466 2370 est
1494 2315 1796 2369 doctrinam

210 2407 425 2478 populis
463 2408 699 2463 dividere
721 2409 963 2473 deberet,
990 2406 1263 2461 blanditur
1288 2406 1596 2477 potentibus
1624 2412 1679 2460 et
1717 2404 1799 2459 di-

210 2497 417 2552 vitibus
464 2497 623 2568 hujus
649 2497 853 2562 smculi,
897 2510 1067 2565 eaque
1109 2495 1349 2566 loquitur
1384 2510 1505 2564 qua:
1548 2493 1654 2549 illis
1684 2492 1796 2563 pla-

210 2595 395 2652 ceant,
427 2601 525 2642 nec
546 2594 830 2656 peccantes
848 2584 993 2654 justa
1016 2584 1307 2654 asperitate
1334 2582 1579 2653 corripit,
1602 2596 1796 2653 panem

210 2680 402 2749 utique
437 2679 694 2734 doctrina:
717 2678 924 2748 polluit,
955 2687 1009 2735 et
1037 2678 1139 2747 ipsi
1159 2677 1388 2732 Domino
1415 2675 1796 2731 contumeliam

210 2769 367 2834 facit,
398 2769 526 2824 dum
554 2784 799 2824 mensam
847 2768 1247 2837 Scripturarum
1287 2767 1592 2822 divinarum
1628 2781 1800 2822 saecu-

210 2860 313 2916 lari
350 2861 629 2928 doctrinae,
660 2877 781 2932 qua:
809 2869 894 2916 est
930 2876 1117 2918 mensa
1159 2861 1451 2929 idolorum,
1476 2869 1633 2932 putat
1674 2875 1797 2917 esse

208 2951 472 3008 similem.

284 3062 302 3095 ι
346 3041 407 3097 Si
446 3040 685 3097 offeratis
713 3057 913 3098 cmeum
937 3043 1003 3097 ad
1033 3040 1415 3097 immolandum
1434 3082 1449 3107 ,
1480 3057 1656 3097 nonne
1685 3058 1799 3097 ma-

207 3132 323 3189 lum
384 3135 505 3190 est?
547 3142 601 3188 et
660 3135 707 3188 si
757 3134 998 3190 offeratis
1051 3134 1301 3191 claudum
1352 3144 1408 3189 et
1462 3134 1793 3205 languidum,

206 3242 392 3283 nonne
413 3226 612 3282 malum
648 3228 769 3282 est?
811 3226 957 3283 Offer
995 3226 1124 3282 illud
1151 3227 1272 3282 duei
1316 3235 1430 3289 tuo.
1460 3226 1504 3281 si
1531 3225 1796 3297 placuerit

203 3319 278 3386 ei,
302 3327 404 3374 aut
442 3319 489 3375 si
539 3320 834 3390 susceperit
890 3318 1081 3374 faciem
1134 3327 1299 3385 tuam,
1352 3319 1482 3374 dicit
1535 3319 1794 3374 Dominus

203 3411 571 3469 exercituum.
621 3412 690 3466 Et
735 3427 880 3466 nunc
928 3410 1289 3480 deprecamini
1339 3410 1546 3465 vultum
1595 3411 1687 3465 Dei
1734 3420 1796 3466 ut

205 3502 535 3558 misereatur
564 3502 750 3557 vestri.
777 3501 851 3557 De
881 3518 1042 3556 manu
1064 3502 1208 3556 enim
1233 3510 1410 3557 vestra
1464 3501 1663 3556 factum
1711 3509 1795 3557 est

204 3599 334 3665 hoc,
359 3598 405 3653 si
424 3599 693 3669 quomodo
724 3598 981 3669 suscipiat
1003 3594 1423 3663 facies'vestras,
1449 3598 1580 3653 dicit
1608 3597 1792 3652 Domi-

203 3708 313 3747 nus
339 3693 698 3746 exercituum.
738 3710 757 3743 ι
805 3690 1028 3746 Reversi
1071 3688 1138 3744 de
1177 3690 1449 3762 Babylone
1485 3691 1794 3745 sacerdotes

202 3782 500 3853 ceterique
526 3781 757 3837 ministri
790 3781 970 3852 templi
1002 3780 1215 3835 Domini
1256 3779 1556 3835 offerebant
1600 3780 1652 3834 in
1692 3780 1795 3833 Do-

205 3873 345 3928 mini
393 3873 663 3929 sacrificio
719 3872 932 3927 illicitas
976 3872 1247 3935 victimas,
1302 3887 1441 3927 czeca
1485 3886 1701 3942 quoque
1739 3878 1794 3926 et

204 3964 404 4020 clauda
428 3972 484 4018 et
508 3964 661 4017 varia
706 3964 981 4018 debilitate
1008 3963 1273 4029 confecta,
1300 3973 1704 4033 conquerentes
1736 3978 1795 4018 se

204 4056 278 4111 de
305 4054 527 4122 penuria
558 4068 611 4107 et
644 4054 964 4108 necessitate
989 4053 1185 4109 offerre
1212 4055 1348 4110 hmo.
1380 4054 1520 4109 Dicit
1545 4070 1675 4124 ergo
1699 4073 1711 4107 :
1736 4053 1795 4108 Si

204 4144 519 4214 huiusmodi
560 4160 786 4200 munera
814 4144 1055 4199 ‘oflerres
1085 4146 1205 4199 duci
1252 4153 1363 4211 tuo,
1413 4144 1656 4214 nunquid
1689 4159 1795 4199 non

205 4246 493 4308 respueret
516 4237 642 4292 illa?
672 4237 869 4307 Utique
900 4238 1105 4293 diceret
1148 4237 1345 4292 factam
1375 4239 1475 4294 sibi
1521 4238 1793 4308 iniuriam.

1824 3193 1871 3257 C

1887 592 2122 666 frugum,
2150 604 2203 650 et
2231 606 2423 652 caztera
2451 613 2570 667 qua:
2596 614 2661 654 ex
2687 600 2970 655 sacrificiis
2995 600 3291 655 hostiarum
3318 601 3471 657 vobis

1889 686 2005 757 lege
2030 687 2245 742 decreta
2273 698 2416 743 sunt.
2466 688 2700 744 Proinde
2730 691 2861 759 quia
2891 691 3060 746 Deum
3103 692 3157 745 in
3188 692 3472 746 sacrificiis

1889 777 2161 833 offenditis
2200 778 2398 834 debilia
2425 793 2651 849 quaeque
2680 778 2974 845 offerendo,
3026 782 3168 852 agite
3207 782 3470 850 pmniteuo

1892 872 2045 938 tiam,
2092 880 2147 926 et
2174 871 2533 940 deprecamini
2571 871 2777 925 vultum
2825 873 3061 940 Domini,
3107 873 3152 928 si
3202 872 3472 942 quomodo

1891 964 2213 1019 misereatur
2237 963 2422 1018 vestri.
2456 964 2532 1016 Ex
2566 964 2669 1018 hoc
2702 963 2823 1017 loco
2845 963 3145 1034 colligimus
3183 965 3474 1035 gratiorem

1891 1071 2014 1112 esse
2034 1058 2144 1111 Deo
2169 1056 2481 1111 servitutem
2512 1069 2631 1123 quae
2660 1054 3143 1124 impraesentiarum
3171 1056 3474 1111 mercedem

1893 1165 2000 1204 non
2028 1148 2237 1217 recipit.
2265 1146 2419 1202 Unde
2443 1146 2734 1216 Apostolus
2757 1144 2924 1214 gratis
2950 1144 3279 1212 praedicabat
3299 1145 3475 1198 Evan-

1894 1240 2113 1311 gelium,
2147 1248 2303 1294 nocte
2334 1247 2389 1292 et
2422 1237 2511 1292 die
2536 1238 2793 1292 laborans
2813 1235 3088 1304 operando
3116 1235 3318 1289 victum
3351 1249 3472 1289 ma-

1895 1333 2075 1397 nibus,
2106 1339 2167 1385 ut
2191 1330 2320 1385 nulli
2358 1337 2502 1385 esset
2537 1327 2710 1383 oneri.
2741 1344 2760 1377 ι
2798 1325 2915 1379 Non
2950 1334 3034 1379 est
3057 1323 3191 1378 mihi
3226 1323 3477 1378 voluntas

1897 1424 1951 1478 in
1982 1422 2154 1487 vobis,
2185 1421 2317 1476 dicit
2358 1398 2624 1475 Dominus
2665 1417 3019 1479 exercituum,
3058 1423 3114 1469 et
3142 1429 3338 1469 munus
3366 1429 3475 1468 non

1898 1510 2191 1579 suscipiam
2230 1510 2298 1565 de
2356 1525 2518 1564 manu
2570 1517 2771 1562 vestra.
2830 1524 2849 1557 ι
2905 1503 3342 1560 Manifestissima
3395 1511 3479 1558 est

1896 1603 2198 1673 prophetia,
2237 1615 2337 1655 nec
2361 1610 2485 1671 eget
2529 1598 2865 1670 profundiori
2890 1597 3225 1668 expositione
3254 1615 3266 1649 :
3300 1595 3475 1665 loqui-

1901 1702 1988 1749 tur
2026 1702 2207 1749 autem
2249 1692 2316 1746 ad
2346 1692 2653 1747 sacerdotes
2699 1691 2933 1761 proprie,
2976 1689 3066 1760 qui
3098 1687 3310 1742 illicitas
3330 1686 3481 1741 victi-

1902 1800 2020 1840 mas
2045 1783 2363 1847 offerebant,
2410 1789 2571 1852 atque
2611 1780 2733 1835 ideo
2772 1779 3019 1835 voluntas
3048 1778 3145 1833 Dei
3189 1792 3349 1846 quem
3390 1791 3481 1831 ex-

1899 1874 2247 1936 acerbabant,
2274 1887 2383 1927 non
2412 1881 2530 1926 erat
2557 1872 2612 1925 in
2644 1870 2745 1936 eis,
2773 1869 2937 1925 simul
2971 1870 3137 1924 etiam
3167 1868 3324 1923 docet
3357 1882 3479 1921 car-

1897 1965 2113 2020 nalibus
2142 1964 2356 2019 illorum
2383 1963 2619 2018 victimis
2649 1962 2963 2031 spirituales
2990 1960 3241 2015 victimas
3265 1972 3479 2014 succes-

1897 2071 2076 2121 suras,
2106 2070 2205 2110 nec
2245 2055 2299 2109 in
2330 2070 2434 2108 una
2468 2063 2675 2108 tantum
2704 2051 2983 2123 provincia
3029 2049 3359 2114 Judmorum,
3385 2049 3480 2103 sed

1895 2148 2042 2203 omni
2097 2147 2213 2203 loco
2264 2145 2449 2201 offerri
2496 2147 2607 2200 Deo
2660 2145 2916 2199 mundam
2974 2143 3326 2209 oblationem,
3378 2142 3481 2198 hoc

1896 2247 1981 2294 est
2005 2278 2020 2303 ,
2048 2212 2375 2293 sacrificium
2404 2234 2546 2307 quod
2578 2251 2720 2290 nunc
2742 2233 3052 2304 frequentat
3077 2231 3344 2287 Ecclesia.

1971 2348 1990 2380 ι
2026 2328 2110 2382 Ab
2132 2337 2253 2383 ortu
2291 2327 2435 2382 enim
2462 2326 2591 2381 solis
2620 2341 2790 2395 usque
2821 2326 2886 2379 ad
2917 2339 3193 2389 occasum,
3222 2338 3477 2394 magnum

1895 2429 1978 2477 est
2008 2435 2202 2476 nomen
2226 2435 2405 2475 meum
2441 2419 2494 2473 in
2523 2420 2794 2490 gentibus,
2820 2426 2876 2473 et
2901 2417 2954 2471 in
2992 2416 3137 2471 omni
3163 2416 3285 2471 loco
3308 2414 3478 2470 sacri—

1896 2512 2090 2567 ﬁcatur
2120 2520 2175 2566 et
2219 2509 2442 2566 offertur
2493 2510 2699 2565 nomini
2725 2522 2846 2565 meo
2875 2507 3079 2563 oblatio
3110 2506 3329 2570 munda,
3354 2505 3479 2574 quia

1896 2620 2146 2675 maguum
2179 2613 2263 2660 est
2291 2618 2487 2657 nomen
2539 2615 2714 2655 meum
2744 2600 2797 2654 in
2826 2601 3098 2670 gentibus,
3137 2598 3268 2653 dicit
3298 2595 3481 2652 Domi.

1896 2712 1997 2752 nus
2019 2696 2376 2759 exercituum,
2405 2702 2459 2748 et
2480 2708 2576 2747 vos
2618 2691 2882 2761 polluistis
2909 2690 3038 2744 illud
3063 2690 3115 2743 iu
3143 2703 3208 2743 eo
3231 2688 3374 2757 quod
3396 2687 3480 2744 di-

1895 2788 2056 2844 citis:
2097 2786 2281 2842 Mensa
2330 2783 2543 2839 Domini
2592 2780 2956 2838 contaminata
3002 2789 3104 2845 est,
3134 2786 3191 2832 et
3215 2776 3358 2848 quod
3388 2790 3480 2830 su-

1892 2878 2210 2950 perponitur
2246 2873 2650 2944 contemptibile
2691 2880 2775 2928 est
2818 2887 2941 2927 cum
2972 2871 3080 2941 igni
3129 2869 3220 2940 qui
3255 2869 3479 2925 devorat

1897 2967 2045 3023 illud.
2080 2987 2100 3018 ι
2144 2965 2299 3020 Sicut
2336 2966 2449 3036 jam
2481 2978 2644 3033 supra
2681 2963 2918 3016 breviter
2941 2961 3144 3016 dictum
3183 2968 3291 3025 est,
3311 2973 3481 3029 popu-

1896 3057 1980 3112 lus
2009 3056 2101 3126 qui
2124 3056 2190 3110 de
2213 3055 2524 3124 captivitate
2550 3068 2798 3107 reversus
2824 3051 3021 3114 fuerat,
3055 3061 3263 3106 tantum
3304 3050 3478 3105 altare

1901 3146 2138 3202 fortuitis
2165 3153 2220 3201 et
2248 3145 2505 3215 impolitis
2531 3142 2799 3211 lapidibus
2822 3142 3207 3206 mdilicaverat,
3231 3141 3326 3195 sed
3352 3141 3477 3208 quia

1903 3236 2085 3307 templi
2113 3242 2433 3292 ornamenta
2473 3233 2717 3295 deerant,
2764 3231 3027 3299 putabant
3063 3230 3327 3282 minorem
3358 3243 3480 3283 esse

1896 3326 1951 3381 in
1986 3341 2051 3381 eo
2073 3324 2275 3380 cultum
2304 3321 2597 3393 religionis.
2624 3318 2886 3388 Loquitur
2915 3331 3045 3386 ergo
3072 3316 3142 3370 ad
3172 3330 3267 3370 eos
3296 3315 3478 3369 Domi-

1894 3435 1997 3475 nus
2025 3434 2120 3488 per
2143 3416 2459 3487 prophetam
2485 3427 2499 3467 :
2523 3411 2790 3468 Pollutum
2830 3408 3030 3480 putatis
3071 3421 3196 3463 esse
3227 3405 3399 3461 altare
3427 3416 3482 3459 et

1896 3510 2233 3567 holocausta
2262 3522 2328 3562 ac
2386 3505 2630 3560 victimas
2679 3517 2799 3572 qua:
2864 3505 3329 3569 superponuntur,
3383 3509 3482 3551 nec

1895 3601 2219 3674 cognoscitis
2247 3599 2534 3656 Dominum
2572 3612 2679 3652 non
2707 3596 2826 3650 auri
2859 3593 2940 3649 vel
2969 3591 3180 3664 argenti
3223 3597 3481 3646 ornatum

1896 3710 2169 3767 quaerere,
2230 3706 2406 3762 neque
2471 3689 2870 3745 multitudinem
2929 3687 3319 3750 victimarum,
3389 3680 3481 3737 sed

1896 3788 2149 3861 mundam
2180 3784 2523 3840 offerentium
2559 3782 2914 3837 voluntatem.
2948 3778 3094 3834 Sane
3122 3791 3367 3832 mensam
3395 3775 3486 3831 hic

1895 3895 2003 3934 non
2030 3893 2150 3934 eam
2173 3876 2435 3931 debemus
2461 3882 2651 3945 putare
2677 3887 2840 3941 super
2879 3886 3040 3941 quam
3074 3884 3243 3940 panes
3281 3882 3481 3938 propo-

1896 3967 2108 4024 sitionis
2137 3966 2497 4034 ponebantur,
2524 3962 2620 4017 sed
2649 3961 2821 4015 altare
2866 3960 2920 4013 in
2952 3974 3059 4028 quo
3089 3956 3356 4012 sacrificia
3390 3956 3473 4008 in-

1895 4058 2285 4121 cendebantur,
2309 4055 2450 4124 quod
2477 4054 2722 4108 innuitur
2744 4049 3055 4116 manifeste,
3082 4065 3204 4103 cum
3234 4049 3432 4103 dicitur
3456 4065 3470 4100 :

1902 4168 1923 4202 ι
1954 4149 2088 4205 Cum
2110 4148 2219 4218 igni
2250 4148 2340 4217 qui
2370 4145 2499 4200 illud
2519 4145 2765 4199 devorat.
2797 4163 2817 4196 ι
2848 4142 3032 4211 Neque
3057 4143 3201 4196 enim
3226 4155 3392 4210 panes
3415 4140 3484 4194 il-

1896 4240 1979 4294 los
1992 4239 2132 4309 ignis
2157 4237 2486 4301 assumebat,
2506 4236 2601 4291 sed
2615 4251 2643 4289 a
2663 4234 3035 4289 sacerdotibus
3045 4232 3483 4289 comedehantur.

206 4328 330 4396 Qua
368 4327 534 4398 igitur
580 4328 791 4383 ratione
832 4326 1039 4415 offertis
1077 4327 1305 4382 Domino
1345 4328 1487 4398 quod
1534 4330 1662 4384 dare
1699 4329 1798 4383 ho-
1897 4330 1992 4386 νει
2024 4338 2172 4386 certe
2208 4330 2281 4385 ita
2329 4336 2509 4399 potest
2555 4327 2724 4397 accipi
2774 4326 2917 4397 quod
2956 4326 3193 4383 dicitur:
3235 4342 3253 4375 ι
3303 4324 3485 4379 Mensa

204 4419 449 4474 minibus
477 4434 583 4474 non
606 4418 849 4474 audetis?
875 4419 1177 4488 Allegorice
1205 4420 1421 4475 victima
1458 4420 1555 4476 Dei
1584 4429 1668 4476 est
1697 4420 1795 4476 bo-
1897 4422 2110 4479 Domini
2140 4422 2506 4478 contaminata
2552 4428 2657 4486 est,
2693 4439 2712 4472 ι
2759 4427 2814 4475 et
2861 4419 3004 4490 quod
3049 4433 3214 4488 supra
3260 4417 3484 4486 ponitur

207 4523 343 4565 Lum
392 4508 610 4579 aliquod
660 4524 817 4578 opus,
852 4510 1050 4575 oratio,
1084 4509 1443 4585 eleemosyna,
1489 4518 1794 4579 creteraque
1896 4513 2319 4583 contemptibile,
2347 4527 2469 4567 cum
2498 4511 2621 4581 igne
2647 4510 2737 4581 qui
2767 4507 2895 4563 illud
2928 4509 3185 4571 devorat;
3228 4506 3357 4576 quid
3387 4506 3487 4566 (in-

207 4600 323 4655 Deo
346 4607 639 4670 suntgrata
660 4599 949 4655 sacriﬁcia.
976 4599 1172 4654 Verum
1200 4600 1244 4655 si
1277 4615 1418 4655 caeca
1442 4610 1525 4655 est
1550 4602 1790 4668 victima,

208 4690 256 4746 si
287 4691 502 4746 animus
527 4689 805 4747 offerentis
831 4707 936 4746 non
968 4691 1267 4748 illustratus
1288 4692 1408 4748 luce
1441 4693 1706 4757 veritatis,
1739 4694 1794 4748 id

206 4792 317 4848 est,
347 4782 394 4837 si
420 4797 526 4837 non
551 4782 778 4853 simplex
800 4791 882 4838 est
896 4781 1011 4851 ejus
1033 4783 1263 4839 intentio
1283 4785 1377 4854 qui
1399 4783 1577 4850 offert,
1599 4785 1790 4840 clauda

207 4883 295 4927 est
334 4871 595 4927 orationis
624 4872 860 4938 victima,
888 4887 1009 4942 quae
1042 4872 1242 4943 duplici
1275 4882 1455 4929 mente
1482 4875 1692 4930 accedit
1721 4875 1791 4929 ad

206 4963 542 5033 precandum
571 4965 763 5028 Deum,
809 4962 1107 5033 debilisque
1152 4963 1425 5021 Christum
1452 4982 1560 5021 non
1603 4966 1787 5031 habet,

208 5054 301 5124 qui
327 5061 413 5108 est
431 5053 604 5109 virtus
628 5063 682 5109 et
710 5052 995 5123 sapientia.
1038 5053 1343 5109 Istiusmodi
1370 5056 1602 5111 victimae
1638 5056 1684 5111 si
1713 5054 1795 5110 of-

212 5144 488 5210 ferantur,
524 5144 745 5199 miuime
788 5144 900 5200 Deo
927 5143 1140 5215 placere
1179 5153 1424 5215 possunt,
1458 5147 1585 5216 quin
1616 5146 1796 5215 potius

213 5250 366 5291 reum
393 5233 597 5290 faciunt
623 5233 955 5290 offerentem.
988 5252 1007 5285 ‹
1029 5234 1095 5288 Ει
1124 5250 1267 5289 nunc
1286 5235 1648 5305 deprecamini
1674 5236 1796 5290 vul-

215 5334 329 5383 tum
358 5326 592 5391 Domini,
617 5335 677 5382 ut
706 5327 1027 5381 misereatur
1054 5326 1239 5391 vestri,
1279 5345 1296 5377 ι
1323 5334 1382 5380 ut
1406 5342 1588 5397 supra.

289 5434 310 5468 ι
353 5417 487 5484 Quis
520 5426 603 5495 est
632 5417 684 5472 in
724 5417 878 5472 vobis
911 5418 1001 5487 qui
1034 5417 1246 5473 claudat
1280 5419 1437 5483 ostia,
1467 5426 1522 5472 et
1547 5419 1798 5475 incendat

219 5508 388 5565 altare
407 5525 584 5565 meum
606 5510 877 5581 gratuito?
915 5530 933 5562 ι
970 5510 1173 5587 Sensus
1205 5510 1327 5567 talis
1348 5518 1431 5566 est
1461 5530 1473 5565 :
1506 5509 1691 5567 Nullus
1719 5521 1802 5568 est

223 5602 274 5655 in
306 5601 460 5657 vobis
498 5601 590 5672 qui
632 5603 900 5672 gratuito,
942 5601 993 5656 id
1042 5610 1123 5657 est
1167 5602 1281 5657 sine
1335 5602 1613 5667 mercede,
1666 5602 1800 5658 mihi

223 5693 442 5758 serviat,
475 5708 580 5748 non
625 5692 886 5762 pontifex,
919 5708 1022 5747 non
1059 5691 1334 5756 sacerdos,
1381 5693 1472 5749 sed
1515 5708 1687 5763 neque
1710 5693 1798 5764 ja-

225 5782 385 5853 nitor,
416 5794 467 5840 et
509 5785 554 5841 is
593 5784 682 5855 qui
723 5784 901 5854 ignem
932 5785 1181 5855 supponit
1211 5783 1364 5839 altari
1413 5785 1477 5843 ad
1510 5785 1800 5843 cremanda

1897 4606 2111 4676 quiunt)
2140 4604 2377 4673 prodest,
2403 4603 2450 4657 si
2478 4603 2681 4673 optima
2720 4601 3049 4656 offeramus?
3077 4599 3486 4670 Qualiacunque

1895 4695 2042 4751 enim
2084 4693 2306 4759 fuerint,
2340 4694 2465 4763 igne
2505 4692 2875 4747 consumemla
2915 4700 3061 4746 sunt.

1968 4805 1986 4838 ι
2020 4784 2085 4840 Et
2112 4785 2365 4853 dixistis;
2400 4784 2539 4838 Ecce
2564 4783 2629 4837 de
2652 4782 2858 4844 labore.
2893 4793 2948 4836 et
2976 4782 3302 4839 exsufflastis
3326 4782 3474 4844 illud.

1895 4874 2025 4931 dicit
2052 4875 2310 4930 Dominus
2337 4874 2695 4930 exercituum.
2745 4874 2811 4928 Et
2857 4875 3115 4930 intulistis
3160 4875 3227 4929 de
3273 4874 3481 4943 rapinis

1892 4964 2141 5021 claudum
2169 4972 2227 5018 et
2254 4964 2581 5034 languidum.
2603 4972 2658 5019 et
2689 4963 2947 5018 intulistis
2975 4980 3187 5020 munus.
3220 4963 3474 5032 Nunquid

1899 5050 2185 5120 suscipiam
2208 5051 2337 5105 illud
2368 5050 2433 5106 de
2462 5066 2624 5104 manu
2649 5060 2854 5116 vestra,
2885 5052 3017 5107 dicit
3041 5052 3299 5107 Dominus
3322 5065 3479 5106 exer-

1900 5142 2149 5196 cituum?
2185 5161 2203 5192 ι
2242 5140 2477 5209 Populus
2525 5141 2591 5195 de
2621 5140 2892 5212 Babylone
2922 5157 3190 5209 reversus,
3230 5157 3352 5199 cum
3383 5140 3486 5195 ho-

1900 5233 2033 5289 stias
2065 5233 2289 5288 Domino
2336 5231 2576 5297 offerret,
2628 5234 2802 5288 coacti
2848 5242 2903 5287 et
2955 5233 3140 5289 tristes
3185 5232 3482 5289 dicebant»:

1904 5327 2043 5383 Ecce
2082 5327 2147 5381 de
2179 5326 2362 5381 labore
2407 5334 2591 5381 nostro
2631 5326 2762 5381 illud
2800 5326 3105 5390 offerimus,
3152 5325 3347 5396 praeda:
3393 5341 3487 5379 su-

1904 5433 2024 5473 mus
2046 5418 2303 5482 hostium,
2327 5425 2383 5471 et
2404 5416 2665 5487 quidquid
2696 5417 2894 5472 habere
2919 5416 3212 5487 potuimus,
3242 5414 3298 5468 in
3327 5413 3487 5485 longo

1904 5509 2101 5564 itinere
2143 5509 2599 5578 consumpsimus,
2632 5508 3028 5578 qualiacunque
3058 5506 3319 5563 trahemus
3358 5504 3487 5561 offe-

1902 5602 2090 5657 rimus.
2133 5601 2257 5656 Hzec
2280 5601 2545 5667 dicentes,
2574 5599 2932 5657 exsufllabant
2977 5614 3072 5654 sua
3104 5598 3388 5663 sacrificia,
3436 5595 3507 5650 id.

1901 5704 1983 5750 est
2026 5694 2399 5749 exsufflatione
2448 5693 2605 5765 digna
2662 5691 2961 5771 faciebant.-
3003 5691 3233 5758 Quidam
3275 5690 3489 5745 codices

1902 5787 2118 5853 habent,
2159 5806 2176 5837 ‹
2208 5785 2534 5843 exsrimastis
2581 5802 2682 5853 tne,
2728 5806 2742 5836 ι
2778 5794 2837 5839 ιιι
2884 5785 2952 5840 sit
2998 5801 3224 5843 sensus:
3258 5784 3369 5839 Non
3406 5798 3491 5837 sa-
