3950 6464
456 364 563 420 285

921 369 1273 426 ΗᾹΥΜΟΝΙΞ
1303 369 1780 429 HALBERSTAT.
1820 375 2030 434 EPISC.

2158 378 2227 435 ’P.
2279 380 2460 439 PARS
2496 383 2537 439 Ι.
2573 415 2644 426 -
2682 382 3043 443 COMMENT.
3087 387 3257 443 BiBL.

3627 393 3743 452 284

459 481 687 588 orificio,
719 485 814 540 sed
844 484 974 539 mibi
1001 485 1084 539 cui
1106 485 1512 556 sacrificabatis,
1544 487 1747 546 fecistis
1767 491 2038 560 injuriam.
2069 501 2118 559 Α
2147 496 2284 565 ejus,
2312 508 2379 588 ut
2398 509 2603 555 mterno
2648 504 2952 558 sacerdotio
3004 505 3135 559 mihi
3175 505 3571 561 ministrarent.
3603 507 3743 563 Tro-

461 573 822 642 Quamobrem
852 591 957 630 non
997 577 1285 646 suscipiam
1323 577 1473 634 illud.

539 688 559 720 ι
618 667 929 723 Maledictus
975 667 1214 735 dolosas,
1269 670 1360 740 qui
1411 672 1575 727 habet
1637 674 1689 729 in
1740 690 1901 746 grege
1942 692 2040 731 suo

463 760 782 825 masculum,
807 766 863 815 et
890 767 1070 814 votum
1096 759 1302 818 faciens
1323 764 1566 819 immolat
1591 766 1765 822 debile
1787 768 2035 832 Domino,

463 856 589 926 quia
617 853 731 909 Rex
759 867 984 923 magnus
1011 868 1130 923 ego,
1159 854 1292 910 dicit
1315 856 1574 912 Dominus
1598 860 1954 925 exercituum,
1987 866 2043 914 et

462 958 661 1001 nomen
690 959 868 1000 meum
912 943 1171 1001 horribile
1200 946 1252 1000 in
1283 948 1549 1017 gentibus.
1598 969 1616 1001 ι
1655 948 1912 1020 Suggillat
1949 964 2044 1004 eos

463 1044 669 1106 aperte,
697 1038 789 1106 qui
822 1038 1117 1094 dixerunt:
1152 1057 1171 1090 ι
1207 1039 1347 1095 Ecce
1386 1041 1453 1096 de
1496 1041 1698 1107 labore,
1736 1063 1756 1094 ι
1783 1052 1838 1098 et
1859 1051 2044 1099 osten-

463 1127 543 1182 dit
567 1142 660 1184 eos
685 1129 871 1185 dolose
897 1131 1189 1186 obtendere
1212 1143 1601 1203 paupertatem,
1633 1152 1754 1191 cum
1782 1137 2045 1191 haberent

462 1221 691 1290 optima,
731 1230 789 1278 et.
820 1232 945 1278 vota
995 1221 1258 1279 facientes
1300 1224 1535 1280 offerunt
1566 1226 1713 1280 vilia.
1759 1225 1885 1281 Haec
1931 1227 2045 1296 ipsa

466 1323 683 1381 quoque
723 1326 831 1367 non
864 1312 933 1368 de
964 1327 1064 1369 suo
1100 1328 1281 1384 grege,
1313 1315 1405 1394 sed
1433 1316 1498 1370 de
1532 1306 1737 1386 rapinis
1762 1325 1815 1369 et
1837 1314 2047 1370 ﬂetibus

470 1419 810 1462 ωιεετοτυω.

1094 1499 1320 1557 CAPUT
1357 1502 1420 1557 II.

549 1609 567 1642 ι
598 1591 666 1646 Et
716 1608 859 1648 nunc
886 1591 953 1648 ad
994 1608 1092 1649 vos
1127 1595 1435 1649 mand.:tum
1485 1596 1605 1659 hoc,
1657 1611 1690 1650 o
1720 1598 2047 1653 sacerdotes.

472 1681 534 1738 Si
580 1683 859 1741 nolueritis
903 1686 1110 1751 audire,
1137 1694 1192 1741 et
1239 1688 1283 1741 si
1329 1688 1610 1743 nolueritis
1657 1705 1854 1759 ponere
1888 1705 2050 1759 super

473 1788 589 1838 cor,
626 1784 688 1830 ut
709 1776 846 1831 detis
871 1776 1094 1847 gloriam
1120 1778 1321 1832 nomini
1350 1794 1491 1843 meo,
1512 1781 1587 1833 ait
1610 1778 1867 1836 Dominus
1895 1796 2049 1835 exer-

2140 592 2404 661 pologice,
2428 607 2615 648 omnes
2645 593 2861 662 quidem
2894 596 3160 661 homines,
3200 599 3294 653 sed
3339 599 3616 669 praecipue
3642 617 3739 655 sa-

2141 684 2387 737 cerdotes
2420 684 2560 737 Deus
2590 692 2807 739 sanctos
2834 701 2956 740 esse
2982 687 3173 753 voluit,
3204 698 3257 742 et
3290 690 3490 743 nullam
3528 692 3743 748 habere

2141 772 2440 837 maculam;
2487 774 2739 843 praecepit
2782 789 2875 829 eos
2915 776 3115 832 habere
3161 778 3469 845 brachium,
3507 781 3626 836 sive
3656 796 3747 835 ar-

2143 880 2290 918 mum
2321 866 2595 930 dextrnm,
2641 866 2693 920 id
2744 876 2828 921 est
2870 877 3124 923 ornatum
3176 870 3441 927 bonorum
3484 889 3739 943 cperam.

2142 955 2520 1011 Pectusculum
2565 958 2721 1013 bonae
2775 968 2829 1013 et
2876 959 3182 1016 innocentis
3230 965 3599 1030 conscientiae,
3636 964 3744 1020 lin-

2145 1063 2304 1117 guam
2354 1059 2556 1103 sanctze
2585 1046 2985 1115 confessionis,‘
3011 1053 3366 1109 ventriculum
3397 1072 3621 1125 quoque
3660 1056 3749 1124 ju—

2145 1136 2343 1190 bentur
2371 1138 2636 1208 accipere,
2680 1147 2739 1192 ut
2770 1140 2901 1194 nihil
2930 1141 3071 1194 intra
3102 1156 3161 1196 se
3206 1144 3569 1204 mortiferum,
3602 1144 3745 1199 nihil

2146 1236 2469 1281 venenatum
2522 1229 2858 1283 contineant.
2912 1229 3048 1284 Nam
3099 1234 3379 1288 stomacho
3431 1244 3747 1303 coquuntur

2147 1319 2277 1382 cibi,
2327 1327 2382 1372 et
2428 1334 2615 1374 eorum
2653 1334 2818 1375 succo
2853 1336 3050 1391 corpus
3088 1323 3366 1392 irrigatur.
3403 1325 3617 1380 Idcirco
3648 1341 3747 1395 per

2149 1412 2507 1466 ventriculum
2541 1414 2787 1482 signatur
2837 1415 3120 1482 coagulutn
3172 1417 3478 1482 eharitatis,
3530 1433 3638 1486 qua
3687 1432 3747 1471 se

2152 1501 2378 1556 invicem
2411 1504 2648 1556 membra
2677 1502 2869 1557 omnia
2890 1502 3095 1568 fovent,
3148 1520 3254 1559 non
3297 1505 3594 1575 quaerendo
3625 1522 3748 1574 qua:

2150 1607 2245 1647 sua
2277 1601 2419 1657 sunt,
2446 1593 2540 1647 sed
2591 1609 2710 1662 qua:
2742 1593 2989 1648 aliorum.
3024 1591 3080 1649 Si
3112 1611 3242 1666 ergo
3279 1607 3472 1652 contra
3513 1597 3751 1652 fecerint

2152 1684 2482 1748 sacerdotes,
2508 1684 2747 1737 minatur
2772 1684 2912 1738 Deus
2933 1685 3073 1753 quod
3106 1686 3220 1740 haec
3248 1688 3751 1741 omnia‘vertantur

2153 1774 2206 1829 in
2237 1783 2467 1837 stercus,
2496 1784 2550 1828 et
2580 1782 2821 1828 assumat
2857 1789 2951 1828 eos
2981 1784 3191 1830 stercus
3221 1775 3372 1842 illud,
3405 1783 3460 1830 et
3495 1775 3752 1846 deturpet

472 1863 698 1930 cituum,
721 1868 931 1921 mittam
965 1868 1020 1922 in
1049 1882 1145 1923 vos
1179 1878 1492 1939 egestatem.
1525 1890 1543 1922 ι
1576 1869 1822 1936 Fecistis,
1853 1871 2047 1941 inquit,

2158 1866 2356 1921 vultum
2383 1867 2599 1930 animm,
2625 1875 2685 1919 ut
2723 1881 2827 1920 non
2875 1865 3045 1935 possit
3074 1880 3134 1920 se
3176 1866 3355 1919 vultus
3393 1865 3667 1920 extollere
3697 1875 3752 1921 et

474 1957 614 2025 quod
644 1957 865 2027 impium
892 1968 998 2024 est,
1020 1960 1116 2014 sed
1165 1963 1289 2030 quia
1323 1961 1464 2017 malo
1492 1963 1858 2031 pmnitentiam
1889 1978 2051 2033 quam

470 2057 703 2104 mortem
736 2052 1059 2119 peccatoris,
1091 2052 1134 2106 si
1165 2050 1445 2107 nolueritis
1485 2068 1570 2107 me
1594 2053 1804 2119 audire,
1831 2064 1889 2107 ut
1916 2054 2055 2110 detis

473 2136 700 2208 gloriam
730 2140 935 2193 nomini
970 2156 1108 2205 meo,
1142 2142 1284 2211 quod
1329 2152 1413 2196 est
1457 2150 1511 2198 et
1542 2143 1800 2199 horribile
1845 2152 1901 2198 et
1945 2152 2053 2199 tre-

473 2233 820 2287 mendum-in
853 2235 1121 2304 gentibus,
1147 2235 1399 2290 videlicet
1428 2245 1483 2290 ut
1513 2238 1773 2305 poeniteat
1799 2252 1894 2291 vos
1927 2236 2053 2290 talia

473 2320 672 2391 egisse,
696 2322 906 2376 mittam
934 2321 986 2377 in
1012 2339 1107 2378 vos
1147 2336 1323 2378 veram
1370 2335 1685 2404 egestatem,
1713 2325 1899 2394 utjam
1947 2341 2056 2379 non

474 2414 803 2479 mentiendo,
851 2416 949 2471 sed
990 2418 1162 2472 coacti
1194 2419 1442 2488 penuria,
1491 2420 1682 2475 dicatis
1716 2440 1729 2473 :
1761 2439 1778 2469 ‹
1814 2419 1951 2474 Ecce
1992 2419 2057 2474 de

473 2501 681 2558 labore.
712 2522 729 2556 ι
764 2521 783 2555 ι
816 2504 884 2559 Ει
912 2504 1227 2561 maledicam
1260 2507 1726 2564 benedictionibus
1752 2510 1966 2575 vestris,
2005 2518 2062 2565 ct

474 2592 791 2650 maledicam
823 2596 946 2660 illis,
973 2599 1228 2667 quoniam
1279 2615 1383 2654 non
1416 2602 1673 2669 posuistis
1703 2617 1867 2671 super
1887 2617 2000 2657 cor.
2035 2621 2054 2653 ι

475 2681 572 2738 His
597 2684 847 2739 videlicet
869 2684 1027 2741 bonis
1052 2702 1170 2757 qua:
1197 2704 1343 2743 nunc
1385 2704 1482 2760 per
1521 2702 1695 2745 meam
1725 2691 2059 2746 benedictio-
2084 2686 2090 2692 ’

477 2787 601 2827 nem
651 2775 963 2842 possidetis,
992 2777 1246 2846 quoniam
1296 2794 1403 2834 non
1455 2782 1712 2851 posuistis
1753 2796 1916 2851 super
1944 2797 2059 2848 cor,

476 2862 583 2918 hoc
599 2873 682 2919 est
703 2865 948 2921 noluistis
974 2867 1161 2922 audire
1185 2876 1240 2923 et
1258 2884 1417 2942 agere
1439 2887 1554 2941 quae
1575 2874 1727 2928 vobis
1749 2874 1889 2929 dicta
1916 2880 2061 2928 sunt.

478 2951 773 3012 Possumus
801 2959 1127 3031 tropologice
1148 2962 1492 3018 maledictum
1516 2963 1757 3021 dolosum
1800 2966 2067 3037 interpre-

479 3045 583 3099 tari
607 3048 860 3117 populum
885 3050 1211 3118 Iudaeorum,
1242 3053 1474 3122 quicum
1502 3057 1763 3111 haberent
1787 3060 2063 3129 egreg’um

476 3137 776 3193 masculum
803 3149 858 3194 et
886 3143 1287 3198 immaculatum
1326 3160 1522 3213 agnum
1553 3148 1836 3203 Dominum
1870 3147 2063 3202 Salva-

2155 1957 2367 2013 dicere:
2389 1974 2407 2007 ‹
2428 1954 2646 2009 Vultum
2678 1963 2852 2018 tuum,
2873 1954 3116 2019 Domine,
3134 1955 3436 2025 requiram,
3458 1963 3606 2009 rete.
3634 1973 3656 2005 ι
3687 1954 3753 2008 Et

2154 2048 2275 2103 dedi
2320 2049 2369 2102 ei
2422 2048 2688 2111 timorem,
2732 2057 2785 2101 et
2817 2046 2996 2100 timuit
3040 2061 3149 2110 me,
3178 2055 3233 2100 et
3264 2063 3293 2100 a
3324 2045 3463 2102 facie
3510 2047 3753 2103 nominis

2155 2140 2259 2194 mei
2284 2137 2532 2208 pavebat.
2556 2136 2668 2191 Lex
2693 2137 2940 2191 veritatis
2965 2134 3065 2191 fuit
3094 2137 3146 2191 in
3176 2152 3272 2192 ore
3300 2138 3436 2208 ejus,
3466 2146 3523 2192 et
3551 2136 3753 2207 iniqui-

2156 2237 2237 2285 tas
2260 2246 2365 2285 non
2388 2237 2471 2283 est
2502 2229 2717 2283 iuventa
2746 2228 2800 2282 in
2832 2228 2989 2283 labiis
3010 2226 3146 2296 ejus.
3173 2227 3230 2282 ln
3260 2244 3394 2299 pace
3414 2238 3469 2282 et
3494 2229 3552 2283 in
3576 2228 3752 2296 aequi-

2155 2329 2269 2376 tate
2320 2319 2618 2374 ambulavit
2658 2333 2869 2373 mecum
2902 2359 2918 2384 ,
2966 2327 3023 2372 et
3063 2317 3262 2373 multos
3307 2319 3501 2372 avertit
3529 2317 3600 2371 ab
3644 2318 3750 2371 ini-

2156 2413 2381 2481 quitate.
2420 2430 2439 2462 ι
2475 2411 2555 2464 Ex
2585 2425 2813 2480 persona
2873 2409 2998 2464 Levi
3047 2426 3142 2465 ore
3191 2410 3374 2465 divino
3402 2409 3628 2472 laudati,
3659 2410 3754 2465 de-

2159 2499 2414 2555 scribitur
2454 2490 2688 2555 ollicium
2720 2499 3040 2563 sacerdotis,
3072 2508 3128 2553 et
3169 2499 3345 2568 qualis
3367 2513 3489 2554 esse
3528 2498 3749 2552 debeat.

2160 2591 2382 2647 Pactum
2416 2592 2560 2646 enim
2587 2589 2688 2645 fuit
2712 2590 2802 2644 Dei
2834 2606 2956 2646 cum
2984 2590 3111 2645 Levi
3152 2591 3483 2661 patriarcha,
3515 2606 3587 2644 ex
3620 2587 3751 2645 Levi

2159 2682 2405 2750 pervenit
2446 2681 2514 2735 ad
2542 2681 2724 2736 Aaron
2753 2688 2807 2736 et
2834 2690 3080 2750 posteros
3125 2680 3262 2750 ejus.
3294 2680 3519 2736 Paetum
3566 2690 3751 2735 autem

2163 2774 2286 2829 vita:
2306 2788 2413 2828 non
2439 2782 2521 2828 cst
2554 2772 2663 2842 jus,
2694 2775 2840 2843 quod
2863 2775 3019 2829 vobis
3047 2782 3102 2828 et
3145 2774 3355 2828 cunctis
3384 2772 3753 2828 animantibus

2163 2880 2452 2921 commune
2499 2873 2600 2930 est,
2628 2866 2720 2922 sed
2768 2866 2910 2921 illius
2935 2866 3028 2936 qui
3065 2867 3235 2921 dicit:
3267 2884 3288 2917 ι
3329 2866 3443 2937 Ego
3474 2881 3595 2920 sum
3637 2865 3748 2930 via,

2163 2958 2387 3023 veritas,
2410 2967 2466 3014 et
2496 2959 2628 3024 vita,
2661 2977 2680 3011 ι
2706 2966 2761 3014 et
2784 2957 2851 3012 de
2869 2974 2983 3028 'qua
3008 2958 3330 3028 Apostolus:
3362 2977 3381 3030 ς
3415 2958 3535 3013 Vita
3564 2969 3753 3013 nostra

2112 3052 2133 3060 ’
2166 3049 2480 3103 abscondita
2516 3056 2599 3104 est
2653 3064 2775 3103 cum
2830 3048 3046 3104 Christo
3079 3049 3133 3102 in
3185 3050 3313 3104 Dec.
3363 3069 3381 3102 ι
3416 3048 3535 3118 Ipse
3584 3048 3751 3103 etiam

2163 3156 2268 3213 pax
2311 3150 2496 3197 nostra
2548 3150 2649 3206 est,
2702 3140 2997 3195 secundum
3033 3139 3344 3209 Apostolum
3378 3182 3390 3206 ,
3431 3160 3451 3191 ‹
3483 3140 3575 3209 qui
3625 3138 3751 3194 fecit

476 3237 674 3295 torem,
710 3240 763 3286 et
791 3233 1028 3287 omnium
1058 3236 1446 3306 prophetarum
1470 3224 1696 3294 vocibus
1723 3248 1905 3295 essent
1928 3255 2063 3310 prte-
2089 3215 2133 3280 Ο
2165 3242 2397 3303 utraque
2426 3249 2613 3288 unum.
2649 3252 2666 3284 ›
2696 3233 2825 3287 Dedi
2871 3233 2920 3287 ei
2971 3232 3189 3303 (inquit)
3240 3233 3511 3296 timorem,
3537 3229 3632 3301 qui
3670 3238 3753 3285 est

477 3321 691 3388 moniti,
740 3331 801 3377 ut
845 3323 995 3378 illum
1031 3326 1389 3396 susciperent,
1432 3337 1487 3382 et
1534 3327 1896 3391 immolarent,
1939 3344 2060 3384 cre-

477 3412 654 3467 dendo
676 3414 888 3469 venisse
912 3429 1036 3469 eum
1062 3415 1158 3470 Dei
1201 3417 1396 3472 Filium
1445 3434 1544 3489 pro
1587 3420 1759 3475 salute
1796 3421 2058 3487 omnium,

480 3504 581 3557 hoc
616 3502 793 3560 facere
823 3505 1125 3570 noluerunt,
1153 3507 1269 3571 sed,
1305 3510 1591 3578 reprobate
1616 3510 1853 3576 Christo,
1885 3511 2061 3582 elege-

477 3603 606 3651 runt
652 3597 825 3652 debile
859 3613 1026 3668 pecus
1071 3606 1124 3653 et
1155 3600 1459 3654 morbidum
1513 3601 1814 3668 Barahban,
1842 3596 1930 3673 qui
1980 3613 2061 3673 ty-

476 3703 604 3758 pum
628 3689 1010 3760 prtefigurabat
1051 3691 1391 3749 Antichristi.
1425 3693 1530 3749 Sed
1582 3694 1705 3751 licet
1734 3696 1805 3751 illi
1857 3697 1957 3752 hoc
1985 3695 2062 3752 fe-

477 3780 673 3845 cerint,
699 3796 894 3837 nomen
947 3790 1127 3838 tamen
1163 3782 1365 3839 Christi
1396 3785 1653 3840 horribile
1697 3795 1752 3840 et
1799 3802 2062 3843 veneran-

476 3870 605 3925 dum
635 3880 720 3927 est
752 3872 805 3927 in
839 3874 1109 3945 gentibus.

553 3980 573 4013 ‹
607 3961 745 4018 Ecce
770 3978 869 4035 ego
900 3963 1179 4034 projiciam
1209 3964 1364 4021 vobis
1405 3965 1712 4030 brachium,
1743 3975 1799 4022 et
1849 3967 2060 4037 disper-

476 4068 598 4124 gam
651 4067 815 4124 super
848 4054 1052 4110 vultum
1105 4046 1345 4112 vestrum
1399 4066 1608 4114 stercus
1657 4058 2059 4113 solemnitatum

473 4151 802 4211 vestrarum,
845 4154 900 4203 et
941 4154 1180 4203 assumet
1204 4166 1301 4206 vos
1328 4165 1532 4206 secum.
1574 4170 1592 4202 ι
1625 4149 1705 4205 Ad
1750 4150 2059 4207 sacerdotes

475 4235 828 4291 comminatio
854 4238 957 4293 ista
989 4239 1259 4311 dirigitur,
1303 4242 1392 4311 qui
1424 4241 1562 4296 male
1592 4242 1885 4297 utebantur
1909 4255 2065 4297 cere;

474 4327 675 4382 mcniis
727 4328 1006 4399 legalibus.
1040 4330 1260 4388 Stercus
1304 4342 1484 4389 autem
1522 4333 1920 4389 solemnitatum
1961 4333 2057 4388 de-

474 4419 714 4487 rpective
744 4423 1012 4478 sanctiora
1043 4424 1193 4490 dicit,
1224 4439 1343 4493 qua:
1369 4439 1464 4494 pro
1514 4440 1735 4479 munere
1760 4409 2055 4478 secundum

476 4508 647 4579 legem
676 4512 1030 4583 accipiebant,
1069 4530 1279 4568 armum
1325 4514 1532 4570 scilicet
1574 4514 1844 4577 dextrum,
1872 4522 1927 4568 et
1956 4528 2052 4583 pe-

476 4601 799 4668 ctusculnm,
828 4603 1063 4675 linguam
1111 4614 1166 4659 et
1201 4605 1581 4668 ventriculum,
1612 4613 1914 4672 cmteraque
1942 4618 2061 4673 qua:

478 4689 531 4743 iu
560 4689 798 4749 Levitico
833 4694 1093 4766 jubentur
1131 4696 1378 4767 accipere
1422 4696 1732 4751 sacerdotes
1769 4709 1835 4749 ex
1873 4694 2061 4750 hostiis

476 4780 679 4849 populi,
712 4797 831 4852 qua:
856 4800 999 4840 nunc
1025 4801 1084 4841 se
1105 4785 1356 4854 abjicere,
1385 4794 1440 4839 et
1489 4785 1541 4840 in
1567 4783 1745 4839 vultus
1789 4799 1975 4839 eorum
2002 4800 2061 4838 se

477 4870 695 4927 mittere
718 4884 1072 4942 contestatur,
1098 4885 1158 4931 ut
1206 4877 1453 4932 ostendat
1479 4892 1572 4933 eos
1612 4877 1743 4933 tales
1776 4891 1894 4932 esse
1929 4891 2061 4946 qua-

476 4960 546 5016 lia
596 4970 721 5018 sunt
763 4974 820 5021 et
854 4967 943 5022 illa
977 4984 1096 5037 qua:
1144 4968 1396 5023 offerunt.
1438 4968 1505 5025 Et
1548 4978 1788 5026 assumet
1832 4984 1930 5025 vos
1978 4983 2062 5023 se-

476 5066 619 5116 cum,
668 5053 925 5112 subaudis
961 5065 1170 5113 stercus
1213 5068 1513 5114 vestrarum
1550 5061 1979 5125 solemnitatum,
2006 5066 2067 5113 ut

478 5145 645 5229 facies
682 5154 878 5203 vestrae
922 5149 1107 5220 putida
1141 5151 1400 5211 stercoris
1441 5153 1817 5209 commistione
1845 5160 2065 5223 turpen-

122 5228 584 5342 /nu-.

554 5349 573 5381 ο
611 5329 677 5385 Et
706 5331 890 5388 scietis
918 5332 1043 5403 quia
1070 5333 1191 5389 misi
1218 5335 1284 5390 ad
1316 5350 1411 5391 vos
1447 5335 1761 5390 mandatum
1813 5334 1976 5399 istud,
2001 5342 2062 5387 ut

478 5434 621 5480 esset
648 5434 861 5496 pactum
892 5442 1070 5483 meum
1118 5443 1240 5484 cum
1274 5428 1420 5493 Levi,
1451 5429 1581 5484 dicit
1608 5429 1868 5484 Dominus
1906 5440 2062 5481 exer-

478 5517 681 5571 cituum
717 5535 729 5570 :
764 5528 981 5589 pactum
1014 5536 1191 5576 meum
1226 5518 1324 5574 fuit
1355 5536 1477 5575 cum
1504 5535 1570 5575 eo
1599 5521 1722 5575 vitae
1746 5527 1801 5574 ct
1826 5518 1992 5589 pacis.
2037 5537 2056 5570 ι

479 5608 603 5664 Ideo
634 5608 851 5683 (inquit)
884 5613 985 5668 ista
1037 5612 1191 5668 vobis
1239 5613 1466 5680 faciam,
1499 5621 1559 5667 ut
1599 5613 1786 5668 sciatis
1821 5625 1908 5666 me
1942 5626 2063 5667 esse

478 5700 571 5769 qui
596 5703 865 5770 quondam
899 5696 1033 5776 elegi
1061 5703 1183 5759 Levi
1217 5698 1427 5774 patrem
1464 5713 1725 5770 vestrum,
1756 5714 1811 5760 et
1852 5704 1907 5760 in
1937 5703 2060 5760 Levi

484 5788 685 5856 Aaron,
716 5801 774 5847 ut
800 5803 943 5850 esset
971 5803 1188 5865 pactum
1222 5810 1401 5851 meum
1429 5810 1550 5851 cum
1592 5794 1718 5852 Levi
1748 5804 1801 5852 et
1835 5795 2064 5868 posteris

2163 3325 2378 3380 initium
2421 3325 2719 3395 sapientiae,
2748 3332 2802 3377 et
2847 3338 2876 3378 a
2917 3323 3053 3378 facie
3104 3323 3336 3378 nominis
3366 3323 3470 3377 mei
3500 3323 3749 3392 parebat,

2160 3416 2361 3471 mentis
2392 3417 2634 3471 habitum
2693 3424 2926 3470 tremore
2963 3414 3220 3485 exagitati
3268 3415 3515 3484 corporis
3560 3423 3751 3469 osten-

2162 3505 2315 3571 dens,
2343 3506 2491 3577 juxta
2520 3505 2648 3559 illud
2674 3505 2817 3575 quod
2842 3505 3100 3575 scriptum
3129 3513 3210 3558 est
3235 3521 3246 3556 :
3275 3503 3451 3573 Super
3475 3519 3637 3572 quem
3663 3516 3751 3557 re-

2160 3599 2403 3670 quiescet
2448 3597 2683 3669 Spiritus
2731 3614 2919 3661 meus,
2980 3599 3082 3653 nisi
3148 3614 3311 3669 super
3365 3598 3629 3655 humilem
3695 3610 3750 3653 et

2162 3690 2425 3760 quietum,
2455 3697 2511 3745 et
2542 3698 2861 3746 trementem
2893 3704 3171 3744 sermones
3192 3689 3378 3744 meos?
3410 3689 3521 3745 Lev
3554 3690 3750 3744 verita-

2162 3779 2233 3835 tis
2275 3778 2375 3833 fuit
2423 3779 2478 3834 in
2528 3794 2623 3834 ore
2669 3778 2806 3848 ejus,
2847 3780 2951 3834 hoc
2997 3788 3098 3844 est,
3130 3780 3375 3834 doctrina
3423 3780 3754 3848 simplex,et

2160 3873 2305 3929 nulla
2341 3874 2605 3929 mendacii
2636 3873 2844 3929 macula
2876 3873 3103 3937 fuscata,
3142 3881 3195 3929 et
3234 3873 3496 3943 iniquitas
3531 3889 3643 3927 non
3672 3882 3752 3927 est

2162 3962 2379 4018 inventa
2408 3965 2462 4019 in
2498 3978 2583 4028 ec,
2616 3965 2740 4033 quia
2768 3963 2919 4018 illum
2971 3964 3187 4018 unicum
3213 3963 3526 4034 pontificem
3577 3964 3753 4016 imita-

2159 4052 2341 4121 batur,
2373 4054 2440 4110 de
2460 4069 2568 4125 quo
2595 4054 2864 4110 veraciter
2890 4054 3090 4108 dictum
3122 4063 3203 4109 est
3229 4071 3243 4109 :
3275 4073 3293 4105 ι
3321 4053 3616 4109 Peccatum
3649 4071 3753 4109 non

2160 4143 2310 4213 fecit,
2344 4165 2363 4199 ι
2390 4155 2495 4202 etc.
2528 4167 2546 4199 ι
2578 4146 2635 4201 In
2663 4160 2796 4216 pace
2823 4156 2877 4200 et
2928 4147 2981 4200 in
3027 4147 3282 4215 aequitate
3309 4147 3609 4201 ambulavit
3644 4162 3754 4203 mt-

2158 4250 2282 4290 cum
2314 4277 2327 4301 ,
2360 4256 2379 4287 ›
2415 4252 2522 4307 quo
2580 4245 2634 4292 et
2678 4237 2790 4306 ipse
2849 4250 3036 4306 pacem
3089 4235 3358 4301 haberet,
3417 4245 3472 4290 et
3526 4246 3753 4291 caeteros

2156 4328 2502 4397 pacificarct,
2548 4344 2611 4385 ac
2668 4328 2866 4383 nullius
2915 4328 2966 4382 in
3006 4328 3209 4398 judicio
3258 4344 3550 4397 personam
3614 4329 3753 4387 acci-

2158 4428 2329 4490 pcret,
2359 4429 2414 4474 et
2436 4419 2633 4475 multos
2674 4421 2869 4474 avertit
2910 4420 2978 4474 ab
3007 4419 3310 4489 iniquitate.
3338 4418 3441 4486 Qui
3483 4419 3638 4473 enim
3668 4435 3752 4473 sa-

2163 4511 2354 4565 cerdos
2381 4519 2484 4576 est,
2530 4518 2584 4565 et
2608 4524 2715 4566 non
2746 4509 2970 4581 corripit
2994 4509 3387 4580 delinquentes,
3415 4509 3599 4580 perdit
3640 4507 3752 4564 otii-

2090 4572 2136 4632 D
2161 4602 2305 4657 cium
2336 4602 2656 4657 sacerdotis.

2241 4713 2259 4744 ‹
2293 4693 2459 4748 Labia
2485 4694 2630 4749 enim
2675 4693 2976 4748 sacerdotis
3005 4691 3317 4748 custodiunt
3353 4690 3661 4759 scientiam,
3698 4700 3750 4745 et

2162 4787 2337 4859 legem
2384 4784 2662 4857 requirent
2706 4804 2773 4842 ex
2799 4803 2894 4843 ore
2936 4788 3074 4858 ejus,
3106 4787 3232 4859 quia
3281 4785 3506 4858 angelus
3537 4771 3748 4839 Domini

2165 4880 2499 4935 exercituum
2524 4889 2625 4937 est.
2656 4901 2673 4934 ι
2708 4881 2825 4936 Non
2853 4881 2988 4936 dixit
3016 4880 3296 4951 proferent
3318 4888 3411 4935 aut
3439 4878 3746 4949 loquentur.

2161 4972 2260 5027 sed
2290 4992 2310 5023 ‹
2349 4972 2673 5038 custodient,
2714 4992 2732 5025 ι
2767 4982 2828 5027 ut
2873 4972 3131 5041 impleant
3174 4986 3356 5041 opere,
3385 4979 3440 5026 et
3486 4971 3568 5025 sic
3594 4970 3756 5023 caete?

2171 5063 2247 5118 ris
2271 5079 2390 5133 quae
2412 5078 2571 5135 agere
2597 5065 2846 5128 debeant,
2869 5064 3035 5118 verbo
3063 5071 3116 5117 et
3141 5061 3385 5133 exemplo
3411 5053 3748 5131 proponant;

2175 5176 2194 5211 ι
2224 5165 2279 5212 et
2312 5156 2481 5227 legem
2523 5158 2796 5226 requirent
2822 5172 2889 5211 ex
2913 5168 3009 5211 ore
3047 5156 3183 5227 ejus,
3227 5175 3245 5208 ι
3280 5156 3331 5210 id
3362 5163 3445 5209 est
3495 5152 3749 5210 sacerdo-

2166 5250 2258 5304 tis.
2292 5247 2404 5305 Hoc
2433 5250 2563 5305 etin
2591 5248 2788 5318 Aggaeo
2815 5248 3042 5319 legimus
3070 5266 3082 5301 :
3123 5266 3141 5298 c
3177 5247 3453 5316 Interroga
3493 5244 3749 5300 sacerdo-

2165 5350 2247 5398 tes
2268 5343 2462 5414 legem.
2501 5362 2520 5395 ι
2551 5342 2631 5397 Ad
2657 5343 2967 5398 sacerdotes
2995 5339 3279 5411 disciplina
3301 5340 3558 5411 pertinet,
3586 5346 3647 5392 ut
3669 5338 3749 5390 in-

2165 5439 2473 5504 terrogatus
2522 5430 2588 5486 de
2633 5429 2748 5502 lege
2780 5430 3125 5501 respondeat.
3153 5429 3291 5485 Hinc
3338 5427 3539 5484 Paulus
3570 5426 3637 5481 ad
3664 5424 3749 5477 Ti-

2164 5529 2281 5577 tum
2328 5521 2557 5577 fcrmam
2590 5519 2902 5577 describens
2943 5520 3261 5586 sacerdotis,
3293 5537 3312 5570 ι
3342 5528 3402 5573 ut
3446 5525 3640 5587 potens
3685 5512 3749 5568 sit

2166 5612 2384 5685 (inquit)
2414 5613 2691 5669 exhortari
2714 5614 2767 5667 in
2798 5611 3044 5668 doctrina
3075 5626 3206 5666 sana
3237 5620 3293 5667 et
3316 5608 3749 5666 contradicentes

2166 5708 2510 5780 redarguere.
2550 5725 2567 5758 ›
2595 5707 2985 5778 Interpretatur
3030 5703 3325 5760 Malacbias
3377 5699 3600 5771 angelus
3650 5696 3750 5750 Do-

2166 5799 2322 5868 mini,
2354 5810 2408 5856 et
2434 5799 2609 5858 omnis
2653 5798 2905 5856 sacerdos
2939 5796 3160 5869 angelus
3187 5795 3399 5853 Domini
3422 5801 3526 5861 est,
3555 5804 3745 5849 setme—
