3950 6432
201 340 303 399 285

1101 346 1504 407 ENARRATIO
1542 351 1610 405 IN
1649 347 2055 405 MALACHIAM
2095 349 2538 409 PROPIIETAM.

3349 360 3454 419 986

204 465 314 513 ster
338 456 480 513 inter
501 456 670 512 Deum
698 463 754 512 et
787 456 1058 526 homines,
1086 458 1291 531 Deique
1319 461 1648 519 voluntatem
1673 478 1772 533 pu-
1799 459 1854 520 Α
1879 459 1974 515 sed
1996 460 2050 525 in
2068 459 2312 517 futurum
2340 464 2581 520 minatur
2620 464 3070 524 maledictionem.
3103 468 3228 526 Illos
3272 483 3453 531 autem

204 546 341 620 pulis
367 548 674 602 annuntiat.

270 655 295 689 ι
330 636 441 692 Vos
486 646 664 692 autem
695 639 1001 697 recessistis
1028 642 1094 697 de
1138 643 1250 710 via,
1284 651 1340 700 et
1365 646 1777 709 scandalizastis

205 729 465 801 plurimos
499 729 550 783 in
598 727 736 800 lege.
766 729 987 786 lrritum
1022 730 1226 790 fecistis
1263 743 1478 805 pactum
1506 736 1773 803 Levi,'di-

206 819 280 874 cit
318 818 579 873 Dominus
604 819 961 875 exercituum.
993 820 1221 892 Propter
1257 827 1400 896 quod
1443 835 1498 883 et
1523 843 1623 900 ego
1652 831 1775 889 dedi

203 924 298 964 vos
325 910 758 980 contemptibiles
795 912 1110 985 ethumiles
1136 917 1385 974 omnibus
1414 922 1644 991 populis,
1674 924 1779 979 sic-

204 1009 263 1054 ut
294 1015 399 1054 non
427 1001 685 1055 servastis
730 1002 848 1057 vias
874 1019 1044 1070 meas,
1073 1014 1128 1061 et
1171 1009 1457 1079 accepistis
1500 1011 1692 1067 faciem
1721 1015 1777 1071 in

204 1088 338 1160 lege.
373 1108 393 1141 ι
420 1090 498 1144 Ac
525 1088 569 1144 si
599 1099 783 1159 aperte
809 1093 1012 1149 diceret
1037 1113 1050 1150 :
1077 1094 1187 1168 Ego
1212 1098 1354 1153 volui
1377 1110 1437 1156 ut
1469 1101 1602 1158 tales
1631 1119 1781 1161 esse-

206 1183 295 1248 tis,
349 1181 561 1252 qualem
613 1183 872 1254 descripsi
903 1184 1068 1241 fuisse
1097 1198 1303 1258 patrem
1352 1193 1566 1260 generis
1612 1196 1779 1252 vestri

204 1271 332 1328 Levi
362 1291 375 1327 :
398 1287 497 1329 vos
522 1282 701 1330 autem
755 1286 974 1333 econtra
1001 1281 1303 1338 recessistis
1333 1284 1445 1339 sive
1472 1285 1780 1345 declinastis

206 1363 271 1420 de
300 1364 385 1419 via
415 1379 577 1435 quam
617 1367 828 1422 ostendi
873 1370 1051 1435 vobis,
1079 1372 1226 1426 etde
1246 1387 1351 1442 qua
1376 1373 1505 1429 alibi
1542 1376 1779 1433 dicitur:

208 1451 331 1508 Haec
348 1460 434 1508 est
454 1454 559 1518 via,
576 1453 843 1511 ambulate
872 1457 927 1511 in
943 1472 1007 1513 ea
1024 1474 1195 1529 neque
1216 1462 1284 1517 ad
1305 1463 1583 1519 dexteram
1605 1481 1785 1536 neque

207 1545 271 1601 ad
296 1545 594 1602 sinistram.
623 1547 1006 1606 Scandalizant
1050 1561 1228 1608 autem
1256 1553 1519 1625 plurimos
1559 1557 1611 1611 in
1641 1556 1778 1628 lege,

208 1636 298 1706 qui
327 1651 422 1692 eos
449 1652 589 1712 quos
608 1638 770 1694 verbo
798 1639 1090 1707 instruunt,
1119 1650 1174 1699 et
1196 1645 1440 1715 exemplo
1464 1646 1619 1702 mala:
1653 1664 1784 1704 con-

1878 548 1968 617 qui
2013 548 2249 619 prolapsi
2290 550 2504 607 fuerant
2531 563 2788 624 provocat
2823 556 2891 611 ad
2917 559 3324 627 pmnitentiam,
3353 579 3455 621 nec

1877 634 2041 689 ullam
2070 636 2198 692 facit
2227 640 2623 708 exceptionem,
2654 645 2747 698 sed
2776 644 2890 699 sive
2919 647 3130 712 doctor,
3152 650 3265 705 sive
3294 652 3456 708 disci.
3486 696 3495 704 .

1874 725 2187 797 pulus,sive
2212 728 2511 798 popularis,
2529 731 2644 787 sive
2668 732 2905 791 offerens
2923 752 3142 804 munus,
3176 739 3229 794 id
3254 750 3340 798 est
3359 759 3455 799 sa-

1877 818 2088 885 cerdos,
2117 834 2223 873 una
2253 820 2526 876 maledicti
2560 825 2832 879 sententia
2874 825 3168 895 feriuntur,
3205 840 3265 886 ut
3308 833 3452 888 nulla

1877 907 1949 962 sit
1982 907 2033 962 in
2061 908 2143 963 eis
2170 908 2482 976 diversitas,
2512 912 2566 965 in
2605 914 2801 982 quibus
2824 931 2923 984 par
2950 928 3035 973 est
3078 921 3256 990 culpa.

1957 1018 1973 1051 ι
2020 1000 2087 1054 Ει
2116 1001 2219 1056 hoc
2260 1018 2475 1057 rursum
2529 1002 2778 1061 fecistis:
2812 1006 3152 1076 Operiehatis
3199 1015 3454 1089 lacrymis

1879 1089 2049 1144 altare
2078 1090 2311 1154 Domini,
2342 1090 2469 1147 ﬂetu
2492 1101 2546 1147 et
2577 1096 2803 1165 mugitu,
2835 1097 2909 1150 ita
2936 1106 2993 1151 ut
3032 1099 3171 1155 ultra
3222 1119 3326 1157 non
3369 1120 3456 1160 re-

1878 1181 2102 1250 spiciam
2132 1182 2201 1236 ad
2240 1182 2590 1250 sacrificium,
2612 1200 2714 1240 nec
2747 1187 3009 1256 accipiam
3033 1189 3297 1258 placabile
3323 1195 3456 1264 quid

1878 1272 1945 1351 de
2004 1287 2166 1326 manu
2217 1281 2436 1340 vestra;
2473 1283 2529 1329 et
2571 1276 2825 1330 dixistis:
2875 1297 2894 1329 ι
2928 1277 3212 1334 Derelictas
3257 1297 3456 1340 uxores

1879 1379 1911 1418 a
1931 1363 2063 1419 viris
2091 1365 2417 1431 Israeliticae,
2437 1375 2491 1421 et
2520 1356 2591 1422 ιη’
2612 1369 2852 1423 virorum
2883 1384 3105 1425 suorum
3150 1374 3282 1429 toris
3328 1375 3457 1430 alie.

1878 1468 1977 1509 nas
2027 1452 2285 1525 coniuges
2329 1456 2779 1527 contemplantes,
2836 1458 3215 1531 confugiebant
3265 1463 3333 1521 ad
3360 1464 3456 1518 Dei

1879 1544 2052 1600 solius
2079 1545 2359 1612 auxilium,
2388 1556 2673 1618 prostratae
2702 1565 2826 1605 cum
2867 1549 3123 1622 lacrymis
3159 1562 3216 1608 et
3251 1556 3457 1625 gemitu

1878 1644 2006 1691 ante
2030 1637 2147 1708 eius
2179 1637 2369 1705 altare,
2389 1647 2640 1710 tanquam
2671 1644 3134 1714 causantes,quod
3166 1645 3288 1700 talia
3315 1647 3458 1702 Deus

208 1728 531 1783 versationis
555 1743 741 1784 errare
768 1729 990 1787 faciunt.
1027 1752 1048 1785 ι
1083 1734 1297 1789 Irritum
1338 1735 1539 1793 fecistis
1563 1748 1778 1810 pactum
1812 1804 1850 1810 _
1881 1725 1999 1781 ﬁeri
2046 1728 2405 1797 Ρθηηίιιθτθιι
2432 1746 2555 1788 Cum
2591 1722 2708 1801 eius
2746 1733 2928 1787 omnia
2980 1744 3235 1806 regamur
3279 1737 3458 1806 PNVi‘

207 1833 386 1874 meum
433 1834 554 1875 cum
594 1819 746 1888 Levi,
776 1842 796 1874 ι
824 1822 1157 1895 negligenter
1193 1827 1397 1897 agendo
1424 1844 1544 1898 qua;
1563 1804 1641 1885 ἀα
1670 1829 1788 1885 om.
1812 1804 1857 1865 Β
1884 1818 2084 1874 dentia.
2114 1820 2253 1875 Dicit
2276 1836 2406 1893 ergo
2433 1822 2577 1893 quod
2605 1825 2927 1880 sacrificium
2971 1804 3333 1892 sacerdotum,
3362 1829 3458 1899 qui

208 1910 352 1967 cium
373 1912 644 1983 pertinent
672 1915 984 1972 sacerdotis.
1012 1915 1373 1984 Quamobrem
1407 1939 1426 1972 ι
1454 1928 1507 1974 et
1537 1937 1635 1992 ego
1663 1904 1787 1979 dedi

210 2013 312 2056 vos
350 2001 846 2073 contemptibiles”
886 2014 947 2058 ut
987 2021 1090 2076 pro
1136 2007 1339 2064 honore
1382 2018 1436 2064 et
1485 2013 1788 2071 reverentia

217 2105 377 2163 quam
410 2091 559 2147 vobis
588 2091 874 2159 debebant,
906 2103 1164 2169 tanquam
1204 2098 1487 2170 despectos
1520 2119 1619 2159 vos
1641 2103 1787 2173 abie-

216 2193 437 2255 ctosque
462 2180 757 2238 calcarent.
784 2184 854 2242 Ut
881 2168 1031 2242 enim
1071 2189 1261 2246 beatus
1299 2168 1591 2265 Gregorius
1635 2168 1786 2264 dicit,
1818 2168 1831 2177 ⁸

212 2272 363 2342 cujus
406 2272 515 2326 vita
545 2272 865 2342 despicitur,
896 2286 1065 2333 restat
1108 2287 1169 2333 ut
1213 2288 1268 2335 et
1293 2283 1608 2351 prmdicatio
1652 2300 1785 2342 con—

212 2368 508 2416 temnatur.
547 2360 680 2417 Illud
723 2372 977 2436 tanquam
1008 2369 1386 2443 gravissimum
1415 2373 1659 2433 ultimum
1687 2392 1786 2448 po-

210 2454 314 2519 nit,
343 2454 486 2523 quod
508 2469 767 2524 personas
806 2458 1095 2530 accipiunt,
1119 2460 1296 2532 iustos
1323 2477 1587 2534 pauperes
1611 2467 1791 2539 despi-

211 2544 424 2611 ciendo,
448 2546 708 2616 superbos
742 2549 934 2605 divites
959 2550 1319 2621 suscipiendo.
1351 2573 1371 2607 ι
1407 2554 1655 2628 Nunquid
1680 2575 1786 2617 non

210 2643 371 2708 pater
410 2651 551 2692 unus
594 2638 832 2693 omnium
858 2642 1156 2703 nostrum?
1198 2641 1449 2715 Nunquid
1489 2661 1595 2702 non
1644 2647 1788 2705 Deus

211 2743 355 2783 unus
392 2730 599 2784 creavit
624 2730 758 2786 nos?
781 2730 959 2799 Quare
1000 2746 1128 2805 ergo
1164 2735 1390 2807 despicit
1421 2740 1788 2811 unusquisque

209 2826 453 2873 vestrum
495 2819 716 2876 fratrem
765 2825 1176 2892 suum,violans
1216 2836 1433 2898 pactum
1457 2838 1672 2900 patrum
1703 2847 1789 2889 ve-

211 2911 490 2971 strorum?
523 2930 542 2964 ι
575 2910 727 2968 Sicut
757 2913 811 2968 in
833 2914 1018 2972 Esdrze
1062 2916 1198 2973 libro
1250 2919 1466 2989 legitur,
1497 2923 1698 2979 reversi
1724 2923 1790 2979 de

210 3001 545 3075 Babylonica
585 3005 919 3076 captivitate,
958 3015 1067 3063 tam
1117 3008 1390 3081 principes
1429 3026 1588 3081 quam
1629 3014 1789 3080 etiam

210 3096 373 3151 multi
403 3110 469 3150 ex
502 3096 871 3155 sacerdotibus
900 3084 963 3153 et~
998 3098 1200 3155 Levitis
1243 3099 1553 3173 abiecerunt
1596 3118 1792 3159 uxores

210 3185 498 3244 Israelitiei
528 3188 761 3258 generis,
803 3204 924 3260 quae
949 3191 1101 3263 senio
1128 3191 1212 3248 vel
1251 3172 1569 3264 paupertate
1599 3210 1693 3250 seu
1721 3195 1795 3250 la-
1818 3162 1863 3226 Ο

209 3273 353 3331 bore
375 3274 634 3346 longioris
652 3277 771 3342 viae,
789 3287 844 3333 et
865 3293 1024 3335 sexus
1039 3278 1326 3351 fragilitate
1342 3281 1602 3339 confecta:
1621 3293 1792 3351 erant,

212 3364 659 3437 debilitatemque
683 3376 737 3423 et
778 3367 1172 3425 deformitatem
1201 3381 1600 3441 contraxerant,
1631 3382 1686 3430 et
1707 3390 1798 3431 co-

214 3455 545 3527 pulaverunt
570 3456 670 3512 sibi
693 3455 1006 3526 iuvenculas
1034 3458 1287 3517 ﬂorentes
1314 3461 1647 3519 formositate
1675 3480 1799 3535 cor:

211 3560 437 3619 porum,
485 3546 570 3602 vel
613 3547 891 3604 nobilitate
943 3558 999 3605 et
1051 3551 1253 3607 divitiis
1296 3553 1638 3612 excellentes.
1687 3555 1798 3613 llos

215 3638 449 3709 corripit
468 3640 748 3711 propheta,
779 3649 1036 3712 provocat
1061 3650 1121 3698 ιιι
1143 3642 1367 3712 abiectis
1389 3643 1515 3712 illis,
1539 3660 1675 3717 quas
1694 3647 1799 3705 sibi

216 3737 412 3793 illicito
441 3736 786 3792 matrimonio
806 3734 1122 3806 iunxerant,
1155 3737 1273 3794 illas
1316 3754 1452 3811 quas
1487 3740 1629 3797 male
1653 3740 1800 3810 abie-

214 3836 413 3903 cerant
439 3828 719 3899 recipiant.
743 3827 884 3885 Dicit
907 3844 1035 3901 ergo
1053 3827 1334 3900 :Nunquid
1353 3844 1460 3887 non
1487 3838 1643 3903 pater
1661 3846 1799 3889 unus

217 3919 467 3974 omnium
498 3917 777 3973 nostrum?
1106 3910 1111 3915 ’

301 4025 323 4057 ι
355 4006 748 4076 Transgressus
776 4012 859 4059 est
885 4004 1040 4073 Iuda,
1083 4014 1139 4063 et
1178 4006 1506 4065 abominatio
1549 4007 1688 4065 facta
1717 4018 1802 4067 est

219 4100 281 4156 in
307 4098 476 4156 Israel
496 4108 550 4155 et
593 4099 646 4154 in
673 4098 1031 4168 Hierusalem,
1053 4102 1181 4171 quia
1211 4105 1597 4181 contaminavit
1634 4104 1802 4164 Iudas

218 4190 706 4247 sanctificationem
735 4190 948 4247 Domini
995 4208 1157 4264 quam
1183 4192 1391 4261 dilexit,
1420 4203 1479 4250 et
1500 4196 1692 4272 habuit
1734 4196 1799 4252 fi-

215 4282 353 4338 liam
393 4282 479 4338 dei
520 4282 700 4338 alieni.
742 4301 761 4335 »
791 4280 982 4339 Iudam
1018 4291 1073 4340 et
1112 4283 1275 4340 Israel
1303 4285 1417 4342 sive
1441 4285 1797 4354 Hierusalem,

214 4373 360 4430 duas
401 4374 490 4430 hic
518 4382 725 4429 tantum
756 4374 928 4430 tribus
955 4374 1105 4431 Judae
1140 4383 1196 4431 et
1222 4374 1505 4446 Beniamin
1545 4379 1802 4435 debemus

217 4464 472 4536 accipere
500 4480 621 4520 cum
654 4456 993 4532 sacerdotali,
1022 4464 1074 4520 id
1105 4473 1189 4522 est
1217 4465 1456 4523 Levitica
1494 4468 1656 4523 tribu.
1704 4467 1799 4526 Hae

216 4556 369 4615 enim
419 4565 625 4612 tantum
661 4571 891 4613 reversa:
930 4555 1144 4613 fuerant
1185 4559 1252 4614 de
1297 4558 1626 4630 captivitate.
1666 4558 1800 4616 Nam

220 4650 412 4706 decem
440 4649 609 4705 tribus
654 4649 830 4706 adhuc
858 4650 927 4706 ab
963 4650 1202 4723 Assyriis
1224 4650 1279 4705 in
1324 4651 1631 4722 captivitate
1659 4659 1803 4708 tene-

218 4740 440 4796 bantur.
473 4738 665 4795 «ludas
692 4754 820 4811 ergo
846 4741 1230 4796 contaminavit
1252 4739 1794 4811 sanctificationemn

219 4845 413 4887 semen
450 4829 676 4887 electum
718 4848 750 4887 a
792 4830 921 4897 Deo,
954 4832 1229 4888 miscendo
1275 4847 1337 4889 se
1384 4831 1716 4904 alienigenis,
1743 4842 1799 4891 et

218 4921 534 4991 iniquorum
562 4921 698 4978 filias
723 4923 1046 4978 assumenda
1076 4923 1129 4978 in
1163 4922 1487 4994 coniugium.
1517 4922 1630 4980 Hoc
1655 4924 1798 4994 quod

220 5010 511 5082 sequitur:
540 5031 558 5064 ι
596 5010 661 5068 Et
688 5012 877 5068 habuit
914 5013 1078 5070 ﬁliam
1104 5014 1189 5071 dei
1227 5015 1410 5081 alieni,
1442 5034 1461 5066 ι
1492 5016 1801 5087 accipiendo

219 5101 435 5157 scilicet
459 5116 681 5157 uxorem
703 5116 821 5172 quae
846 5102 986 5159 idola
1012 5103 1242 5168 colebat,
1266 5111 1452 5159 contra
1475 5113 1799 5175 praeceptum

223 5189 346 5254 Dei,
379 5205 487 5260 quo
535 5190 732 5247 dicitur
765 5209 780 5247 :
817 5210 836 5244 ι
874 5189 995 5248 Νοιι
1042 5192 1274 5263 accipies
1306 5191 1471 5246 filiam
1517 5191 1584 5247 de
1634 5194 1802 5264 stirpe

223 5278 487 5334 Chanaan
518 5296 737 5337 uxorem
764 5280 873 5338 [ilio
905 5290 1013 5338 tuo.
1056 5302 1075 5334 ι

216 5440 221 5444 ⁸
305 5390 324 5420 ι
373 5369 652 5441 Disperdet
683 5372 942 5429 Dominus
980 5374 1155 5427 virum
1186 5374 1277 5443 qui
1308 5371 1499 5428 fecerit
1527 5372 1655 5438 hoc,
1687 5388 1797 5427 ma-

225 5446 458 5531 gistrum
505 5470 561 5517 et
612 5461 931 5533 discipulum
986 5464 1054 5518 de
1107 5461 1469 5518 tabernaculis
1514 5459 1701 5529 Jacob,
1747 5472 1801 5520 et

225 5548 544 5608 oflerentem
566 5567 760 5605 munus
800 5551 1026 5607 Domino
1053 5552 1406 5607 exercituum.
1441 5570 1459 5603 ι
1494 5549 1627 5605 Nota
1657 5553 1801 5622 quod

227 5655 339 5696 non
394 5641 522 5698 dicit
561 5660 574 5696 :
618 5640 719 5709 Qui
766 5641 913 5708 fecit,
942 5643 1037 5699 sed
1084 5639 1250 5698 futuri
1298 5642 1598 5712 temporis:
1639 5660 1658 5694 ι
1701 5639 1802 5709 Qui

230 5731 444 5789 fecerit.
484 5754 503 5789 ι
544 5729 659 5790 Νοιι
696 5733 839 5789 enim
886 5733 1022 5790 tollit
1067 5734 1274 5791 veniam
1314 5735 1516 5807 peracti
1562 5734 1802 5803 sceleris,

1883 1910 1985 1965 ista
2016 1912 2428 1978 commiserunt,
2465 1929 2571 1968 non
2600 1916 2771 1984 possit
2813 1918 3105 1986 respicere,
3131 1934 3232 1974 nec
3257 1920 3459 1989 aliquid

1884 2000 1950 2056 de
1978 2017 2136 2057 manu
2151 2018 2353 2075 eorum
2377 2006 2644 2075 accipere,
2672 2006 2959 2078 impeditus
2978 2017 3036 2064 et
3058 2009 3206 2065 velut
3232 2012 3463 2068 obrutus

1883 2089 2098 2147 fletibus
2124 2093 2467 2148 miserorum.
2501 2092 2606 2150 Sed
2638 2095 2714 2150 illi
2748 2100 2981 2168 superbe
3006 2108 3061 2154 et
3086 2108 3344 2177 tanquam.
3370 2103 3459 2157 ni~

1883 2178 1959 2255 hil
2000 2179 2126 2235 mali
2160 2197 2220 2236 se
2267 2183 2470 2238 scirent
2513 2182 2729 2251 fecisse,
2756 2186 3112 2259 interrogant,
3144 2208 3163 2241 ι
3200 2207 3361 2261 quam
3388 2191 3460 2246 ob

1884 2285 2100 2349 causam
2131 2291 2155 2324 ι
2183 2274 2512 2330 sacrificium
2541 2276 2605 2331 de
2637 2292 2826 2334 eorum
2854 2282 3105 2337 manibus
3134 2296 3237 2336 non
3270 2290 3458 2353 posset

1885 2363 2163 2433 accipere;
2183 2367 2382 2436 quibus
2409 2369 2793 2438 respondetur:
2824 2390 2845 2423 ι
2873 2372 3007 2439 Quia
3031 2373 3291 2429 Dominus
3315 2376 3462 2430 testi.

1885 2454 2079 2511 ficatus
2102 2463 2185 2512 est
2206 2457 2345 2512 inter
2370 2465 2424 2514 te
2442 2472 2496 2516 et
2515 2476 2738 2517 uxorem
2758 2463 3063 2532 pubertatis
3077 2474 3197 2530 tuae,
3215 2481 3376 2535 quam
3401 2473 3460 2521 tu

1885 2547 2197 2619 despexisti,
2213 2558 2266 2604 et
2291 2550 2407 2606 lucc
2431 2554 2700 2624 particeps
2729 2564 2840 2622 tua,
2866 2566 2922 2611 et
2952 2574 3089 2613 uxor
3113 2559 3332 2616 fmderis
3355 2562 3456 2616 tui.

1885 2637 2073 2694 Nonne
2101 2656 2241 2697 unus
2278 2641 2429 2710 fecit,
2451 2652 2508 2699 et
2532 2646 2804 2700 residuum
2831 2648 3052 2717 spiritus
3077 2649 3196 2719 eius
3233 2650 3352 2704 est?
3392 2649 3462 2705 Et

1885 2729 2014 2799 quid
2035 2746 2175 2786 unus
2194 2732 2407 2801 qumrit,
2433 2734 2535 2789 nisi
2558 2750 2743 2790 semen
2765 2736 2898 2792 Dei?
2927 2755 2944 2788 ι
2971 2737 3166 2794 Dicens
3192 2753 3207 2793 :
3231 2758 3251 2791 ι
3272 2755 3464 2810 quam-

1884 2821 2071 2876 obrem
2122 2821 2356 2878 dimittet
2403 2824 2566 2882 homo
2593 2835 2802 2898 patrem
2828 2827 2911 2882 vel
2939 2837 3166 2883 matrem
3198 2844 3375 2891 suam.
3404 2838 3462 2885 et

1856 2958 1865 2966 .
1890 2910 2184 2965 adhaerebit
2214 2914 2367 2967 uxori
2413 2929 2542 2969 suae.
2575 2935 2599 2968 ι
2632 2915 2749 2971 Tali
2778 2917 2938 2973 modo
2963 2927 3048 2973 est
3073 2920 3347 2989 particeps
3371 2929 3464 2975 tua

1889 3008 1944 3055 et
1962 3015 2101 3054 uxor
2128 2999 2346 3057 ftederis
2376 3004 2473 3068 tui,
2499 3020 2619 3074 quas
2645 3006 2711 3061 de
2731 3016 2881 3063 costa
2915 3008 3016 3062 viri
3038 3008 3267 3064 formata
3289 3019 3463 3075 est,et

1890 3082 1917 3142 ~¢
1949 3091 2220 3147 residuum
2244 3093 2463 3163 spiritus
2484 3095 2600 3164 eius
2632 3114 2650 3147 ι
2684 3080 2786 3160 est,
2819 3096 2870 3150 id
2906 3106 2990 3151 est
3010 3099 3131 3162 viri,
3149 3102 3292 3167 quod
3316 3106 3466 3154 tanta

1894 3183 2037 3239 inter
2086 3182 2264 3237 virum
2312 3192 2367 3240 et
2416 3200 2639 3240 uxorem
2694 3183 3021 3252 coniunctio,
3050 3194 3109 3239 ut
3147 3202 3255 3239 una
3285 3187 3465 3240 anima

1894 3275 2142 3331 videatur
2160 3275 2359 3329 esse'in
2383 3275 2590 3331 duobus
2610 3274 2946 3345 corporibus.
2972 3291 2991 3325 ι
3023 3274 3090 3328 Ει
3110 3275 3238 3344 quid
3258 3290 3418 3339 unus,
3439 3294 3462 3328 ι

1897 3366 2154 3423 subaudis
2209 3367 2373 3433 Deus,
2430 3384 2448 3418 ι
2506 3366 2701 3435 quaerit
2743 3365 2846 3421 nisi
2885 3379 3071 3421 semen
3101 3356 3233 3420 Dci?
3267 3384 3288 3417 ι
3326 3365 3471 3420 Deus

1899 3453 2116 3530 (inquit)
2152 3456 2243 3527 qui
2280 3465 2430 3510 tanta
2462 3456 2581 3511 illos
2624 3455 2848 3511 allectus
2900 3454 3299 3512 necessitudine
3339 3469 3468 3511 con-

1892 3545 2093 3617 iunxit,
2123 3560 2305 3602 semen
2332 3546 2428 3603 Dei
2476 3546 2690 3617 quaerit,
2722 3554 2780 3601 ut
2806 3544 2900 3600 filii
2928 3546 3241 3602 Israeliticae
3283 3546 3469 3616 stirpis

1897 3651 1962 3692 ex
1995 3635 2098 3691 illis
2123 3645 2464 3708 generentur.
2500 3636 2635 3692 Cum
2684 3651 2813 3709 ergo
2868 3648 3094 3707 propter
3138 3638 3467 3693 creationem

1898 3729 2131 3785 filiorum
2169 3730 2368 3800 nuptiae
2405 3737 2532 3785 sunt
2582 3729 2867 3796 institutae,
2899 3738 2955 3784 et
2996 3729 3241 3786 habeatis
3280 3728 3469 3785 recup-

1899 3819 1995 3876 das
2024 3819 2308 3891 coniuges,
2335 3828 2390 3874 et
2422 3820 2643 3891 possitis
2680 3835 2749 3875 ex
2782 3819 2889 3874 illis
2914 3820 3189 3890 suscipere
3213 3819 3468 3890 gaudium

1899 3914 2153 3981 filiorum,
2178 3931 2274 3970 cur
2300 3929 2497 3970 uxores
2526 3915 2780 3985 pulchras
2815 3914 3077 3983 quaeritis,
3108 3922 3163 3967 et
3202 3913 3474 3981 legitimas

1897 4018 2099 4059 uxores
2123 4004 2387 4074 abiicitis?
2441 4002 2696 4057 Hortatur
2724 4004 2907 4073 itaque
2950 4016 3050 4057 nos
3086 4002 3153 4056 ad
3207 4002 3473 4070 paeniten-

1902 4092 2051 4157 tiam,
2080 4092 2310 4147 dicens:
2361 4111 2380 4143 ι
2410 4091 2685 4148 Custodite
2730 4108 2859 4163 ergo
2908 4092 3158 4162 spiritum
3202 4100 3471 4158 vestrum,

1900 4190 1955 4237 et
1983 4197 2206 4236 uxorem
2235 4181 2609 4238 adolescentia:
2657 4190 2761 4239 tua:
2804 4182 2913 4238 noli
2952 4182 3248 4253 despicere.
3287 4202 3306 4235 ι
3340 4182 3477 4251 Quae

1899 4269 2132 4340 primum
2184 4269 2281 4325 tibi
2325 4268 2574 4339 virginali
2630 4272 2979 4327 matrimonio
3021 4271 3213 4343 iuncta
3242 4281 3346 4339 est,
3377 4274 3475 4328 sed

1900 4369 2208 4431 perseveret
2236 4369 2409 4416 tecum
2440 4377 2609 4432 usque
2634 4364 2703 4419 ad
2740 4372 3093 4419 senectutem.

1978 4471 1995 4505 ι
2023 4451 2155 4507 Cum
2189 4453 2311 4508 odio
2342 4454 2614 4522 habueris,
2633 4455 2861 4521 dimitte,
2877 4456 3001 4511 dicit
3035 4455 3293 4511 Dominus
3331 4456 3479 4511 Deus

1828 4528 2085 4601 Dlsrael.
2115 4543 2333 4614 Operiet
2372 4555 2553 4602 autem
2605 4548 2865 4621 iniquitas
2907 4549 3288 4605 vestimentum
3334 4546 3474 4616 eius,

1901 4637 2032 4691 dicit
2058 4635 2316 4693 Dominus
2339 4637 2694 4693 exercituum.
2730 4657 2749 4690 ι
2784 4629 2894 4695 Hoc
2919 4654 2984 4695 ex
3021 4653 3251 4711 persona
3292 4653 3476 4694 sacer-

1902 4727 2085 4784 dotum
2119 4733 2173 4781 et
2220 4726 2527 4782 Levitarum
2587 4737 3033 4800 cmterorumque,
3080 4729 3168 4799 qui
3217 4728 3475 4784 nolebant

1898 4830 2150 4886 rumpere
2187 4813 2375 4870 illicita
2424 4816 2792 4882 matrimonia,
2824 4817 3194 4888 accipiendum
3240 4823 3340 4871 est.
3369 4816 3477 4884 Qui

1901 4908 2022 4962 eum
2045 4921 2074 4960 a
2093 4907 2357 4976 propheta
2379 4907 2902 4976 reprehenderentur
2935 4923 3032 4964 cur
3056 4907 3157 4962 hoc
3199 4906 3476 4971 fecissent,

1905 4996 2338 5069 respondebant:
2362 4995 2501 5052 Deus
2519 4998 2777 5069 prmcepit
2804 4998 2858 5052 in
2878 4998 3011 5068 lege.
3035 4997 3093 5053 Si
3120 4997 3243 5052 odio
3273 4996 3478 5052 habue-

1904 5090 1982 5145 ris
2004 5103 2227 5143 uxorem
2254 5098 2432 5155 tuam,
2462 5089 2675 5144 dimitte
2702 5104 2845 5144 eam.
2875 5088 2984 5143 Cur
3013 5096 3192 5144 autem
3223 5089 3323 5147 hoc
3365 5086 3477 5145 Do»

1903 5178 2080 5239 minus
2104 5182 2433 5255 permiserit,
2465 5182 2714 5239 Salvator
2733 5183 2955 5253 exponit
2981 5183 3036 5237 in
3066 5181 3477 5253 Εγιιιιίςιὲιῖηίιις

1907 5274 2303 5345 terrogantibus
2333 5274 2591 5345 apostolis
2617 5294 2630 5329 :
2660 5282 2686 5327 ἰ
2716 5274 2773 5331 Si
2812 5274 2939 5329 licet
2976 5273 3179 5329 homini
3206 5272 3484 5328 dimittere

1905 5380 2128 5420 uxorem
2155 5366 2347 5420 suam?
2386 5386 2407 5419 ι
2440 5365 2572 5422 Cum
2600 5365 2703 5422 hoc
2745 5366 2933 5421 doctor
2972 5365 3149 5419 bonus
3192 5359 3485 5418 manifeste

1907 5455 2232 5510 ostendisset
2252 5470 2358 5510 non
2384 5455 2582 5510 debere
2611 5455 2848 5520 dimitti,
2879 5455 3349 5523 interrogaverunt
3382 5450 3481 5505 de-

1907 5561 2054 5601 nuo:
2089 5545 2227 5614 Quid
2266 5546 2557 5620 (inquiunt)
2604 5546 2816 5617 Moyses
2860 5542 3114 5615 przecepit
3155 5551 3212 5597 ut
3257 5542 3484 5607 daretur

1907 5630 2126 5693 libellus
2152 5630 2396 5709 repudii?
2430 5638 2727 5709 Respondit
2752 5637 3011 5691 Dominus
3042 5654 3054 5688 :
3089 5633 3169 5689 Ad
3219 5634 3484 5695 dur.ti:un

1913 5729 2092 5786 cordis
2120 5730 2282 5787 vestri
2333 5729 2435 5784 hoc
2480 5735 2839 5799 prmceptum,
2894 5724 2977 5782 vel
3022 5725 3344 5805 permissum
3399 5734 3479 5790 est
