3950 6460
49 5294 315 5361 ...ν-ί

460 357 567 414 287
923 358 1278 416 H‘AYMONIS
1319 344 2044 413 IIALBERSTA'I‘rEPISC.
2087 356 2237 414 OPP.
2278 356 2456 413 PARS
2492 356 2535 413 I.
2572 387 2644 401 —
2680 357 3033 415 COMMENT.
3078 358 3245 414 BIBL.
3607 363 3703 420 283

462 473 645 529 minus
674 472 894 540 malum,
925 489 993 529 ne
1018 471 1192 542 majus
1233 481 1546 543 peccatum,
1590 472 1644 527 id
1681 481 1768 528 est
1812 470 2035 527 hamici—
2062 473 2111 533 Α
2139 481 2237 527 sto‘
2266 474 2318 527 in
2376 474 2480 528 fine
2530 473 2715 529 mundi
2773 482 2899 530 sunt
2947 477 3268 544 suscepturi.
3294 450 3344 527 ἰ
3379 477 3517 533 Ecce
3544 482 3698 543 venit,

465 563 618 619 dium
646 565 875 620 veniret.
907 583 927 615 ι
962 564 1020 620 Si
1050 566 1171 634 quis
1193 564 1413 635 (inquit)
1442 565 1736 636 legitimam
1778 565 2041 619 dimiserit

470 670 716 719 uxorem,
742 663 799 711 et
825 655 985 709 aliam
1012 655 1249 721 duxerit,
1283 664 1507 725 excepta
1536 671 1700 711 causa
1730 655 2041 711 fornicatio-

468 745 579 811 nis,
607 745 928 800 mmehatur.
964 763 987 795 ι
1014 745 1082 800 Et
1124 750 1336 815 aperiet
1379 747 1635 816 iniquitas
1661 748 2041 801 vestimentum

467 836 607 906 ejus,
636 835 689 890 id
717 843 800 889 est
830 850 1083 900 carnem,
1117 852 1223 906 qua
1266 837 1446 891 anima
1490 837 1730 891 induitur
1771 838 1909 891 sicut
1953 852 2042 893 ve-

469 924 727 978 stimento
747 937 965 995 corpus,
988 934 1048 981 ut
1073 927 1125 981 in
1148 942 1255 997 qua
1283 928 1547 997 peccavit,
1579 928 1633 982 in
1684 928 1800 998 ipsa
1847 929 2041 997 punia-

469 1021 575 1067 tur.
615 1031 635 1064 α
673 1013 951 1070 Custodite
1000 1016 1248 1086 spiritum
1295 1027 1552 1082 vestrum,
1582 1028 1635 1072 et
1671 1020 1836 1071 nolite
1867 1019 2045 1087 despi-

464 1117 610 1158 cere.
649 1124 668 1156 ι
702 1105 839 1173 Quia
867 1107 1087 1177 (inquit)
1117 1123 1311 1163 uxores
1340 1125 1442 1163 non
1463 1110 1689 1178 potestis
1711 1110 1828 1164 sine
1849 1123 2044 1177 magna

467 1203 692 1260 peccata
720 1195 1013 1261 dimittere,
1041 1198 1309 1252 custodite
1339 1199 1549 1254 animas
1588 1209 1811 1261 vestras,
1843 1208 1899 1254 et
1941 1216 2041 1255 na-

465 1284 563 1339 lite
598 1286 876 1356 deSpicere
899 1303 1118 1355 uxores,
1149 1289 1196 1345 si
1225 1305 1510 1361 pauperes,
1539 1290 1621 1345 vel
1644 1292 1687 1345 si
1712 1290 1888 1362 aliqua
1918 1298 2045 1346 sunt

470 1375 716 1433 foeditate
746 1372 1036 1437 deformes.

546 1489 566 1521 ι
597 1469 871 1527 Labarare
910 1473 1110 1529 fecistis
1151 1475 1433 1531 Dominum
1471 1478 1523 1532 in
1570 1479 1909 1535 sermonibus
1953 1495 2047 1536 ve-

469 1558 620 1623 stris,
644 1567 700 1613 et
728 1561 941 1617 dixistis
967 1580 979 1615 :
1007 1562 1062 1617 In
1095 1579 1202 1633 qua
1228 1582 1351 1620 cum
1383 1566 1607 1623 fecimus
1654 1570 1936 1625 laborare?
1986 1572 2045 1625 In

466 1663 537 1703 eo
562 1665 684 1705 cum
711 1651 963 1708 diceretis
989 1671 1002 1708 :
1034 1655 1223 1711 Omnis
1248 1658 1341 1726 qui
1368 1657 1498 1714 facit
1524 1660 1745 1727 malum,
1773 1661 1944 1717 bonus
1963 1672 2047 1719 est

469 1737 524 1793 in
544 1750 836 1808 conspectu
867 1744 1101 1810 Domini,
1131 1755 1187 1800 et
1222 1747 1358 1802 tales
1388 1748 1436 1802 ei
1468 1748 1703 1819 placent.
1728 1750 1859 1806 'Aut
1899 1764 2046 1808 certe

2143 563 2273 617 dicit
2298 562 2558 618 Dominus
2578 564 2936 627 exercituum,
2969 573 3027 618 et
3072 564 3194 633 quis
3221 566 3421 634 poterit
3473 568 3703 637 cogitare

2143 654 2283 708 diem
2329 653 2591 707 adventus
2629 653 2781 723 ejus?
2823 653 2889 707 Et
2936 653 3056 722 quis
3101 654 3268 709 stabit
3313 655 3381 709 ad
3422 656 3700 713 videndum

2143 744 2310 800 eum?
2338 763 2357 796 ι
2388 743 2484 798 Ille
2511 744 2578 798 de
2603 759 2710 813 qua
2733 759 2894 815 supra
2924 744 3096 798 dixit:
3136 764 3156 797 ‹
3188 745 3382 800 Statim
3430 750 3608 804 veniet
3641 753 3703 807 ad

2145 835 2401 904 templum
2431 851 2586 890 suum
2612 834 2935 901 dominator,
2963 844 3020 890 et
3060 837 3280 908 angelus
3327 844 3649 896 testamenti.
3681 864 3699 896 ι

2144 925 2284 980 Ecce
2310 926 2475 989 venit,
2500 925 2811 996 nullamque
2845 926 3006 981 faciet
3035 940 3265 994 moram,
3290 936 3345 983 et
3370 932 3491 999 quis
3519 935 3707 1002 poterit

2144 1016 2382 1086 cagitare
2432 1032 2553 1070 cum
2594 1025 2792 1086 quanta
2831 1017 3000 1087 gloria
3030 1028 3086 1073 et
3134 1018 3415 1087 majestate
3458 1036 3707 1080 venturus

2144 1105 2260 1160 sit?
2315 1104 2371 1160 Si
2421 1120 2577 1160 nemo
2624 1115 2801 1176 potest
2850 1107 3111 1178 cogitare,
3138 1110 3259 1179 quis
3297 1113 3500 1179 poterit
3539 1112 3708 1168 ferre?

2150 1213 2169 1246 I
2199 1194 2316 1266 Ipse
2352 1194 2497 1249 enim
2550 1195 2703 1264 quasi
2746 1196 2888 1265 ignis
2912 1196 3175 1264 conﬂans,
3208 1217 3226 1249 ι
3253 1213 3491 1255 exurens
3517 1217 3709 1270 pecca-

2144 1295 2310 1343 tores.
2338 1287 2479 1359 Ignis
2499 1288 2644 1342 enim
2676 1289 2729 1343 in
2758 1298 3051 1359 conspectu
3078 1291 3196 1361 ejus
3222 1291 3456 1357 ardebit,
3475 1302 3580 1347 etc.
3605 1292 3711 1347 Ilue

2146 1379 2271 1451 igne
2302 1387 2685 1434 consumentur
2714 1378 2882 1449 ligna,
2912 1378 3127 1446 fenum,
3159 1380 3376 1452 stipula.
3405 1381 3512 1436 Nec
3544 1383 3713 1437 solum

2126 1472 2250 1539 erit
2280 1471 2434 1540 quasi
2472 1471 2629 1540 ignis,
2660 1471 2754 1525 sed
2782 1471 2970 1537 etiam,
3003 1490 3023 1523 ‹
3058 1481 3113 1526 et
3162 1473 3315 1542 quasi
3357 1474 3524 1527 herba
3563 1472 3715 1528 fullo-

2148 1579 2300 1625 num,
2342 1582 2362 1614 )
2392 1578 2511 1632 qua:
2535 1562 2796 1616 Hebraice
2824 1563 3022 1619 dicitur
3051 1565 3256 1627 harith,
3286 1581 3390 1634 qua
3421 1575 3602 1620 vestes
3637 1567 3715 1620 ni-

2148 1656 2314 1711 mium
2356 1655 2606 1709 sordibus
2646 1652 2859 1708 infectae
2881 1654 3149 1709 lavantur.
3183 1655 3293 1710 Illis
3314 1657 3458 1710 enim
3480 1656 3573 1725 qui
3600 1672 3716 1727 grao

2149 1747 2290 1801 viter
2318 1753 2697 1816 peccaverunt,
2723 1745 2828 1799 erit
2862 1744 3000 1814 ignis
3029 1743 3267 1799 canﬂans
3318 1753 3374 1799 et
3416 1760 3651 1799 exurens
3699 1762 3713 1796 :

468 1830 563 1884 ubi
590 1838 675 1885 est
703 1832 845 1887 Deus
862 1832 1092 1901 judicii?
1124 1855 1142 1888 ι
1174 1837 1448 1893 Reversus
1472 1840 1701 1909 populus
1723 1841 1789 1895 de
1818 1843 2044 1911 captivi-
2075 1821 2118 1881 Β
2149 1836 2254 1891 illis
2281 1850 2413 1890 vero
2451 1834 2543 1905 qui
2570 1834 2707 1888 levia
2737 1843 2956 1904 peccata
2983 1835 3391 1895 commiserunt,
3419 1835 3525 1888 erit
3554 1834 3719 1889 herba

470 1927 598 2002 tate,
622 1937 746 1976 cum
778 1924 983 1981 videret
1016 1936 1252 1984 cunctas
1303 1944 1403 1999 per
1444 1930 1728 1985 circuitum
1773 1933 2041 1999 nationes,

467 2024 589 2079 qua:
612 2012 771 2067 idolis
797 2016 1122 2079 serviebant,
1150 2018 1403 2088 ipsasque
1432 2020 1615 2076 hostes
1640 2032 1694 2076 et
1715 2023 2046 2091 prmdatares

469 2116 598 2157 suos
622 2101 906 2160 Chaldaeos
928 2106 1130 2162 divitiis
1156 2118 1211 2163 et
1240 2110 1514 2179 prosperis
1554 2113 1787 2182 gaudere
1826 2131 2046 2171 succes-

470 2191 642 2258 sibus,
674 2194 965 2264 omniaque
992 2213 1116 2267 quae
1142 2199 1276 2253 bona
1305 2209 1564 2269 putantur
1591 2203 1646 2256 in
1675 2205 1873 2260 sreculo
1921 2223 2047 2276 pas-

471 2279 654 2338 sidere
689 2297 704 2337 :
729 2299 788 2338 se
816 2300 945 2341 vera
970 2288 1060 2355 qui
1089 2288 1200 2342 veri
1225 2289 1319 2344 Dei
1343 2289 1580 2347 cultores
1603 2304 1780 2360 erant,
1804 2306 2047 2366 egestate

469 2380 529 2428 et
588 2375 846 2430 servitute
891 2378 1144 2447 apprimi,
1202 2381 1688 2449 scandalizabatur,
1736 2393 1791 2440 et
1836 2388 2050 2444 dicebat

469 2482 580 2525 non
606 2484 727 2524 esse
754 2470 848 2526 Dei
880 2475 1295 2543 providentiam,
1332 2479 1427 2534 sed
1473 2496 1599 2535 casu
1648 2483 1828 2539 omnia
1875 2485 1990 2541 fieri
2030 2506 2043 2542 :

469 2561 722 2630 quodque
756 2564 912 2633 pejus
935 2573 1037 2630 est,
1067 2567 1238 2623 malos
1267 2570 1519 2627 dicebant
1544 2573 1759 2643 placere
1789 2576 1929 2641 Dea,
1955 2578 2050 2634 ba-

469 2663 570 2704 nas
602 2650 908 2721 displicere.
934 2652 1048 2710 Hoc
1075 2655 1244 2713 David
1272 2662 1531 2731 propheta
1562 2664 1777 2734 plenius
1800 2669 2050 2738 exsequi-

471 2751 579 2808 tur,
611 2744 799 2801 dicens
833 2761 894 2801 se
923 2764 1092 2819 prope
1119 2752 1415 2822 dubitasse,
1440 2766 1496 2811 et
1526 2759 1832 2830 prolapsum
1861 2762 2048 2831 fuisse,

470 2848 596 2925 eum
621 2835 830 2893 videret
857 2853 1044 2908 pacem
1072 2856 1440 2915 peccatorum,
1460 2853 1787 2923 tandemque
1810 2853 2045 2925 adjecit:

478 2943 500 2976 σ
534 2924 679 2998 Erga
706 2928 823 2985 sine
854 2944 1021 2988 causa
1041 2932 1336 3002 justificavi
1365 2955 1459 2995 cor
1486 2958 1687 3007 meum,
1711 2952 1767 2998 et
1785 2924 1887 3000 lavi
1910 2946 2051 3001 inter

473 3014 789 3106 innocentes
828 3037 1020 3079 manus
1053 3042 1222 3084 meas.
1263 3048 1280 3082 ι
1313 3030 1428 3098 Quo
1455 3036 1641 3090 marha
1671 3052 1842 3106 genus
1865 3039 2053 3095 huma-

473 3118 607 3159 num
631 3104 861 3177 laborat,
889 3120 946 3168 et
965 3113 1271 3186 hujusmadi
1298 3121 1539 3192 deplorat
1558 3104 1974 3197 querimoniam.

1079 3269 1303 3330 CAPUT
1358 3276 1445 3332 III.

548 3391 569 3424 ε
603 3372 742 3431 Ecce
770 3392 871 3448 ego
897 3381 1055 3438 mitto
1084 3387 1337 3457 angelum
1387 3405 1563 3445 meum
1584 3431 1599 3458 ,
1631 3400 1686 3447 et
1727 3396 2048 3464 praeparabit

472 3464 618 3555 viam
665 3476 791 3525 ante
835 3471 1030 3528 faciem
1081 3492 1277 3532 meam.
1332 3472 1354 3533 ἰ
1400 3480 1550 3537 Ilanc
1598 3487 1935 3555 prophetiam
1983 3489 2049 3543 de

472 3550 681 3610 Joanne
725 3558 960 3628 Baptista
998 3566 1332 3633 praemissam
1370 3586 1491 3625 esse
1537 3550 1649 3641 ipse
1691 3550 1947 3632 Dominus
1994 3577 2049 3632 in

472 3645 767 3717 Evangelia
793 3655 1035 3721 exponit,
1065 3657 1254 3714 dicens
1290 3677 1303 3713 :
1343 3680 1360 3713 ι
1398 3661 1499 3717 Hie
1539 3672 1623 3718 est
1667 3666 1734 3721 de
1779 3683 1888 3736 quo
1916 3668 2048 3723 scri-

471 3743 621 3805 ptum
648 3747 731 3793 est
764 3758 777 3794 :
808 3741 948 3798 Ecce
997 3747 1152 3801 mitto
1196 3750 1448 3821 angelum
1495 3769 1671 3811 meum
1704 3765 1828 3812 ante
1856 3757 2049 3813 faciem

475 3829 645 3890 tuam,
676 3836 732 3882 et
760 3834 1084 3901 praeparabit
1115 3836 1258 3893 viam
1287 3848 1435 3895 tuam
1480 3850 1608 3898 ante
1654 3851 1727 3898 te.
1770 3864 1788 3897 ι
1837 3844 1945 3900 Sed
1992 3846 2048 3901 in

471 3912 766 4009 Evangelia
794 3921 888 3976 Dei
919 3921 1096 3981 Patris
1125 3943 1226 3982 vax
1251 3939 1336 3986 est
1362 3932 1430 3986 ad
1475 3931 1668 3988 Filium
1712 3933 1982 4005 loquentis
2030 3953 2044 3990 :

469 4004 560 4100 hic
584 4022 712 4100 vero
739 4010 990 4069 Christus
1012 4016 1247 4086 loquitur
1282 4022 1348 4077 de
1377 4021 1582 4079 Joanne
1611 4043 1624 4078 :
1660 4025 1795 4081 Ecce
1824 4043 1923 4099 ego
1951 4028 2051 4100 (in-

471 4096 609 4169 quit)
632 4100 866 4187 mittam
900 4107 1147 4176 angelum
1179 4125 1377 4178 meum,
1407 4114 1498 4183 qui
1539 4096 1880 4187 praeparabit
1906 4096 2047 4175 viam

472 4194 597 4242 ante
618 4186 813 4243 faciem
838 4207 1032 4249 meam.
1055 4196 1323 4256 Prmmisit
1345 4203 1488 4257 enim
1518 4204 1767 4261 Salvator
1791 4207 2047 4265 Joannem

470 4284 599 4329 ante
626 4292 684 4333 se
708 4278 763 4332 in
792 4281 1006 4340 deserta
1033 4289 1326 4355 praedicare
1346 4292 1671 4361 baptismum
1692 4297 2044 4364 pmnitentite.

474 4364 628 4432 Quod
657 4384 785 4426 vero
813 4376 1058 4445 sequitur
1088 4397 1102 4434 :
1130 4398 1151 4431 ι
1193 4382 1260 4437 Ει
1282 4385 1464 4439 statim
1493 4390 1674 4442 veniet
1698 4390 1765 4443 ad
1791 4391 2046 4461 templum

2149 1926 2431 1981 fullonum.
2485 1924 2623 1980 Hinc
2669 1939 2765 1994 per
2810 1925 2999 1979 Isaiam
3047 1923 3287 1979 dicitur:
3328 1943 3347 1975 ‹
3381 1922 3439 1978 Si
3493 1924 3720 1979 abluerit

2146 2016 2409 2071 Dominus
2429 2016 2615 2071 sordes
2638 2014 2866 2068 ﬁliarum
2891 2013 3018 2068 Sion
3041 2054 3055 2080 ,
3081 2023 3135 2068 et
3169 2014 3484 2084 sanguinem
3532 2013 3723 2069 Hieru-

2102 2160 2109 2165 .
2148 2109 2314 2165 salem
2342 2107 2535 2162 laverit
2557 2106 2622 2161 de
2654 2106 2828 2160 media
2858 2104 2977 2174 ejus
3004 2105 3194 2174 spiritu
3215 2102 3403 2171 judicii
3442 2117 3498 2160 et
3527 2107 3720 2176 spiritu

2148 2199 2375 2254 ardoris.
2416 2217 2435 2249 ι
2469 2197 2569 2263 Qui
2604 2198 2748 2251 enim
2777 2196 2977 2250 habent
3005 2196 3192 2251 sordes
3227 2196 3424 2250 levium
3477 2207 3723 2266 peccata-

2148 2304 2293 2353 rum,
2309 2287 2497 2358 spiritu
2513 2286 2700 2355 judicii
2723 2286 3133 2356 purgabantur;
3165 2287 3258 2356 qui
3280 2303 3408 2342 vero
3439 2290 3718 2360 sanguine,

2148 2381 2253 2436 hoc
2297 2387 2399 2443 est,
2443 2377 2697 2447 gravibus
2726 2377 3065 2432 .criminibus
3108 2376 3293 2432 infecti
3330 2386 3478 2443 sunt,
3530 2381 3721 2448 spiritu

2148 2472 2358 2527 ardoris
2386 2477 2682 2524 exurentur
2710 2476 2770 2524 ut
2793 2479 3106 2538 purgentur.

2223 2580 2245 2614 ε
2270 2561 2338 2616 Et
2359 2560 2564 2616 sedebit
2589 2558 2830 2615 conflans
2850 2568 2904 2614 et
2926 2560 3224 2615 emundans
3249 2571 3557 2632 argentum,
3581 2581 3603 2614 ι
3628 2562 3723 2618 hoc

2149 2661 2231 2710 est
2249 2694 2263 2718 ,
2286 2652 2612 2708 intellectum
2634 2662 2689 2707 et
2708 2652 3003 2721 eloquium,
3026 2661 3084 2706 ut
3104 2652 3362 2722 quidquid
3387 2653 3611 2708 mistum
3644 2663 3723 2707 est

2150 2753 2345 2801 stanna
2367 2744 2452 2798 vel
2472 2743 2692 2813 plumbo
2708 2784 2723 2811 ,
2748 2744 2961 2798 camino
2991 2742 3202 2797 Domini
3230 2752 3515 2807 exuratur,
3540 2752 3600 2796 et
3628 2760 3721 2813 pu—

2150 2852 2273 2893 rum
2307 2852 2499 2892 aurum
2538 2846 2926 2906 argentumque
2964 2843 3259 2889 remaneat.
3308 2853 3325 2885 t
3371 2833 3440 2887 Et
3475 2834 3726 2904 purgabit

2152 2929 2293 2985 ﬁlias
2338 2926 2502 2994 Levi,
2544 2934 2598 2982 et
2631 2925 2829 2981 colabit
2861 2939 2955 2980 eas
2992 2925 3144 2994 quasi
3194 2940 3420 2989 aurum,
3468 2933 3523 2979 et
3572 2924 3724 2994 quasi

2150 3031 2435 3093 argentum
2458 3061 2472 3087 ,
2509 3027 2564 3075 et
2597 3026 2755 3074 erunt
2788 3017 3017 3073 Domina
3049 3016 3333 3072 offerentes
3363 3016 3638 3071 sacrificia
3673 3019 3722 3072 in

2149 3114 2381 3184 justitia.
2416 3132 2436 3166 ι
2468 3111 2525 3166 1η
2557 3110 2683 3165 ﬁliis
2712 3110 2840 3164 Levi
2878 3125 3064 3164 omnes
3102 3108 3494 3164 sacerdotalem
3526 3110 3725 3163 intelli-

2151 3208 2328 3280 gimus
2366 3205 2646 3269 ordinem,
2687 3218 2717 3257 a
2751 3201 2944 3272 quibus
2972 3200 3234 3270 judicium
3286 3202 3544 3271 incipiet,
3602 3205 3725 3274 quia

2151 3303 2415 3373 scriptum
2453 3308 2571 3355 est:
2608 3316 2627 3351 ι
2661 3299 2895 3369 Tempus
2927 3305 3008 3354 est
3042 3307 3101 3353 ut
3136 3298 3361 3367 incipiat
3374 3298 3644 3368 judicium
3666 3300 3729 3354 de

2151 3393 2308 3449 domo
2340 3389 2579 3455 Domini;
2624 3408 2643 3441 ι
2677 3396 2731 3444 et
2762 3388 2886 3443 alibi
2924 3404 2938 3443 :
2968 3409 2987 3439 ‹
3015 3386 3058 3442 Α
3084 3390 3392 3443 sanctuarla
3428 3404 3551 3442 mea
3594 3390 3729 3443 inci-

2148 3486 2280 3557 pite.
2328 3502 2348 3537 ι
2391 3482 2448 3538 Si
2480 3491 2659 3538 autem
2701 3497 2855 3537 sacer
2889 3481 3020 3537 ordo
3040 3480 3269 3536 ﬂammis
3303 3482 3625 3552 purgandus
3653 3490 3734 3536 est

2150 3583 2206 3631 et
2245 3574 2536 3639 calandus,
2577 3571 2705 3642 quid
2753 3572 2819 3626 de
2859 3572 3070 3627 exteris
3104 3570 3388 3625 dicendum
3431 3578 3549 3639 est,
3598 3585 3737 3641 quas

2149 3665 2346 3722 nullius
2370 3664 2713 3721 commendat
2738 3663 3072 3734 privilegium
3100 3661 3402 3717 sanctitatis
3422 3662 3447 3714 ?

2227 3775 2246 3808 ‹
2282 3756 2350 3811 Et
2382 3755 2616 3826 placebit
2652 3754 2877 3817 Domino
2908 3751 3232 3808 sacrificium
3261 3749 3397 3805 Juda
3426 3759 3483 3804 et
3510 3750 3738 3806 Jerusa-

2148 3846 2278 3914 lem,
2311 3847 2451 3901 sicut
2481 3845 2597 3900 dies
2630 3844 2841 3910 saeculi,
2870 3850 2927 3898 et
2952 3843 3090 3898 sicut
3120 3842 3246 3897 anni
3277 3841 3509 3911 antiqui.
3544 3861 3566 3893 ι
3601 3842 3741 3898 Cum

2152 3936 2409 4011 (inquit)
2462 3936 2555 3990 lilii
2606 3935 2738 3989 Levi
2783 3934 2996 4005 purgati
3044 3933 3281 3998 fuerint,
3317 3942 3448 3987 tunc
3496 3934 3746 4008 placebit

2150 4029 2376 4086 Domino
2405 4025 2730 4083 sacrificium
2752 4026 2894 4095 quod
2920 4024 3145 4080 aﬂ‘ertur
3171 4040 3270 4095 pro
3298 4024 3435 4080 Iuda
3458 4034 3517 4080 et
3542 4014 3748 4082 Hieru-

2150 4122 2317 4177 salem
2341 4161 2357 4186 ,
2388 4120 2442 4175 id
2471 4127 2552 4174 est
2581 4133 2681 4189 pro
2715 4118 2799 4173 his
2835 4117 2927 4186 qui
2960 4116 3244 4171 Dominum
3282 4115 3627 4173 confitentur
3661 4118 3747 4172 fa-

2150 4212 2252 4267 ctis
2290 4218 2345 4265 et
2379 4208 2593 4273 verbis,
2633 4208 2833 4277 quique
2873 4221 3063 4276 pacem
3098 4206 3215 4274 ejus
3263 4215 3444 4260 mente
3492 4217 3750 4262 cantem-

2149 4304 2384 4375 plantur.
2439 4301 2591 4369 Quod
2627 4310 2806 4356 autem
2846 4300 3128 4368 sequitur:
3161 4318 3179 4350 ι
3214 4297 3364 4353 Sicut
3399 4299 3522 4353 dies
3555 4299 3747 4354 stecuE

2150 4404 2205 4450 et
2238 4397 2380 4451 sicut
2417 4394 2545 4449 anni
2579 4391 2820 4463 antiqui,
2854 4411 2872 4443 ι
2901 4392 3006 4447 hac
3032 4389 3304 4462 signiﬁcat
3330 4392 3479 4460 quod
3509 4393 3662 4446 sicut
3691 4392 3748 4445 ir.

475 4472 632 4583 suum
658 4462 985 4569 dominator,
1018 4488 1179 4542 quem
1210 4491 1305 4532 vos
1330 4480 1575 4546 qumritis
1616 4490 1670 4536 et
1708 4483 1930 4555 angelus
1976 4493 2050 4538 te-
2078 4521 2129 4583 Β
2152 4487 2422 4559 principia
2449 4462 2770 4556 placuerunt
2796 4483 3048 4549 Domina,
3076 4483 3154 4538 sic
3181 4490 3302 4553 post
3328 4492 3619 4551 peccatum
3651 4497 3737 4553 pet

476 4557 731 4610 stamenti
762 4573 922 4627 quem
950 4579 1043 4619 vos
1067 4566 1248 4624 vultis.
1281 4589 1300 4622 ι
1337 4571 1415 4625 Ita
1444 4572 1511 4628 de
1552 4590 1611 4629 se
1656 4574 1903 4631 Christus
1948 4578 2050 4634 Do-

475 4640 677 4734 minus,
702 4651 856 4717 quasi
887 4653 954 4707 de
990 4655 1097 4710 alio
1143 4657 1288 4728 loqui
1337 4661 1553 4734 incipit,
1591 4675 1848 4721 consueto
1901 4684 2050 4724 more

477 4731 902 4805 Scripturarum.
928 4746 1046 4817 Ipse
1082 4758 1167 4805 est
1201 4754 1348 4808 enim
1385 4731 1718 4825 dominator,
1741 4759 1831 4829 qui
1879 4760 2049 4815 domi-

475 4835 639 4917 natur
660 4834 804 4888 omni
833 4846 1116 4906 creaturae,
1135 4841 1249 4912 ipse
1279 4845 1502 4914 angelus
1531 4847 1865 4903 Testamcnti
1886 4849 2046 4917 Novi,

477 4915 593 5012 ipse
614 4927 934 4990 quaerendus
958 4938 1011 4985 et
1039 4932 1423 4992 desiderandus
1449 4938 1517 4993 ab
1545 4940 1795 4996 omnibus
1818 4982 1833 5007 ,
1859 4943 1949 5012 qui
1982 4915 2050 4997 ab

473 5010 716 5082 antiquis
740 5018 986 5084 patrihus
1009 5036 1224 5092 semper
1243 5027 1675 5097 exspectabatur.
1702 5010 2049 5101 Praeparante

473 5116 606 5172 ergo
631 5102 923 5187 Joaﬂein
968 5112 1224 5170 cordibus
1271 5116 1549 5173 hominum
1600 5120 1742 5176 viam
1797 5120 2047 5187 Domina,
2114 5128 2115 5131 ‘

318 5183 833 5293 Mt
856 5200 926 5254 ad
953 5202 1209 5272 templum
1236 5221 1415 5273 suum,
1454 5208 1507 5263 id
1533 5219 1616 5265 est
1651 5211 1719 5265 ad
1749 5183 2047 5267 Ecclesiam

471 5306 628 5348 suam
649 5292 959 5348 dominator
980 5292 1260 5361 Dominus,
1289 5297 1402 5353 sive
1430 5299 1497 5353 ad
1528 5302 1861 5371 singulorum
1886 5304 2050 5359 corda

470 5384 733 5452 ﬁdelium,
754 5385 952 5457 quibus
974 5387 1215 5458 loquitur
1236 5390 1521 5462 Apostolus
1551 5413 1562 5448 :
1599 5414 1616 5446 ι
1654 5394 1932 5464 Templum
1953 5394 2049 5450 Dei

474 5486 722 5537 sanctum
743 5487 827 5537 est
846 5481 992 5550 quod
1016 5483 1147 5539 estis
1173 5500 1290 5542 vos.
1336 5506 1354 5539 ι
1390 5485 1600 5541 Ilebrrci
1626 5486 1728 5541 hac
1749 5486 1890 5555 quod
1919 5486 2051 5542 dicio

475 5578 605 5625 tur:
638 5590 656 5621 ι
691 5570 841 5629 Mitto
880 5573 1128 5645 angelum
1164 5590 1381 5643 meum,
1420 5596 1438 5628 ι
1478 5576 1544 5631 ad
1575 5576 1745 5630 Ellam
1782 5574 2043 5633 referunt.

472 5667 627 5733 Quod
653 5684 781 5724 vero
816 5671 1101 5743 sequitur:
1139 5692 1158 5724 ε
1196 5672 1393 5729 Statim
1440 5672 1619 5726 veniet
1668 5672 1735 5725 ad
1787 5673 2042 5742 templum

473 5760 796 5830 tlmninator,
828 5785 848 5819 ο
886 5766 1221 5823 Antirhristo
1251 5772 1520 5837 raaptam,
1549 5783 1710 5836 qttrm
1742 5781 1837 5837 pro
1886 5766 2043 5822 Chri-

2152 4579 2525 4652 paenitentiam
2556 4576 2768 4647 purgati
2799 4575 3013 4645 placere
3040 4574 3316 4642 incipiant.

2228 4692 2247 4727 ι
2276 4672 2348 4728 Et
2380 4670 2634 4727 accedam
2674 4670 2743 4724 ad
2776 4683 2876 4723 vos
2915 4668 2969 4722 in
2994 4666 3226 4738 judicia,
3256 4675 3311 4719 et
3336 4679 3433 4719 era
3466 4664 3631 4721 testis
3654 4681 3748 4721 ve-

2151 4767 2238 4824 lox
2270 4765 2529 4822 maleficis
2558 4772 2612 4820 et
2642 4762 2926 4829 adulteris,
2958 4770 3013 4815 et
3039 4760 3294 4831 perjuris,
3316 4765 3370 4812 et
3397 4760 3492 4828 qui
3523 4759 3742 4814 calum-

2151 4859 2373 4915 niantur
2405 4854 2708 4931 mercedem
2745 4851 3100 4915 mercenarii,
3129 4849 3321 4903 viduas
3367 4857 3422 4902 et
3466 4846 3744 4917 pupillos,

2153 4958 2201 5006 et
2234 4949 2548 5019 opprimunt
2570 4945 2956 5015 peregrinum,
2989 4955 3091 4996 nec
3119 4940 3418 4994 timuerunt
3454 4951 3575 5001 me,
3610 4935 3748 4989 dicit

2154 5039 2415 5097 Dominus
2441 5037 2801 5092 exercituum.
2825 5053 2845 5087 ι
2892 5030 3155 5088 Terribile
3183 5029 3339 5085 valde
3385 5035 3468 5083 est
3487 5068 3503 5092 ,
3533 5045 3551 5077 ι
3581 5040 3749 5080 acce-

2155 5131 2277 5187 dam
2306 5129 2373 5184 ad
2400 5143 2495 5183 vos
2521 5129 2574 5182 in
2599 5126 2836 5197 judicio,
2863 5132 2919 5179 et
2941 5138 3037 5178 era
3065 5122 3219 5177 testis
3247 5118 3421 5172 velox.
3453 5136 3475 5169 ι
3503 5116 3629 5187 Ipse
3655 5114 3747 5185 qui

2150 5222 2312 5292 judex
2340 5227 2457 5284 est,
2487 5218 2592 5272 erit
2621 5225 2677 5272 ct
2706 5216 2880 5281 testis,
2909 5213 3034 5283 quia
3053 5209 3318 5279 iudicabit
3341 5206 3484 5260 facta
3512 5216 3749 5273 operum

2155 5310 2395 5368 exterius
2420 5326 2434 5373 ;
2464 5308 2576 5379 ipse
2610 5308 2761 5362 testis
2782 5306 2885 5359 erit
2906 5302 3126 5358 latentis
3150 5297 3494 5355 conscientia:
3525 5294 3750 5350 malefi-

2163 5404 2274 5469 eis,
2307 5400 2567 5457 adulteris
2594 5406 2649 5454 et
2678 5396 2929 5470 perjuris.
2973 5394 3098 5448 Haec
3127 5390 3355 5447 crimina
3390 5385 3611 5443 occulte
3655 5399 3756 5455 pa-

2164 5498 2304 5549 trata
2335 5490 2678 5564 proferentur
2704 5488 2759 5545 in
2789 5486 3045 5541 medium.
3082 5484 3393 5552 Sequuntur
3416 5488 3471 5534 et
3500 5478 3592 5533 illa
3626 5488 3759 5547 qua

2163 5583 2449 5641 manifesta
2483 5588 2652 5636 sunt:
2692 5577 2781 5649 qui
2817 5576 3216 5633 calumniantur
3251 5571 3555 5629 mercedem
3594 5583 3753 5623 mer-

2160 5674 2384 5738 cenarii,
2434 5686 2556 5727 cum
2604 5670 2747 5724 dicat
2786 5666 3047 5723 Dominus
3082 5684 3092 5717 :
3129 5682 3148 5714 ‹
3184 5663 3388 5718 Merces
3418 5656 3755 5716 mercenarii

2154 5766 2293 5838 apud
2325 5776 2375 5822 lc
2400 5764 2619 5820 omnino
2642 5772 2746 5819 nan
2772 5768 3014 5829 maneat;
3054 5778 3068 5807 ι
3092 5756 3399 5835 sedviduas
3428 5762 3476 5810 et
3511 5749 3757 5824 pupillas
