3950 6472
242 502 356 559 989

1163 505 1561 564 ENARRATIO
1598 508 1663 562 ΙΝ
1705 508 2108 565 MALACHIAM
2146 511 2596 572 PROPIIETAM.

3399 514 3507 577 290

244 616 657 683 calumniantur,
699 633 819 674 cum
857 620 998 675 dicat
1021 623 1279 692 propheta
1313 641 1326 676 :
1361 641 1380 671 ‹
1424 622 1539 677 Νοιι
1567 620 1822 690 despiciet
1849 625 1895 683 Α
1922 621 2205 691 creditur)
2236 638 2300 677 ac
2330 623 2634 690 Nehemiae,
2667 626 2835 681 fames
2867 624 3008 681 facta
3037 630 3121 680 est
3147 622 3463 694 gravissima
3484 666 3501 688 ,

242 707 502 763 Dominus
528 708 817 764 clamorem
847 711 1031 781 μυρεΗί
1060 722 1115 766 et
1144 714 1358 767 viduam
1377 755 1391 778 ,
1420 730 1542 768 cum
1569 713 1819 769 effuderit

240 797 507 867 loquelam
538 800 785 870 gemitus,
811 820 828 850 ι
855 810 991 867 etc.;
1024 809 1077 856 et
1098 804 1407 872 opprimunt
1432 808 1775 874 peregrinum
1798 846 1813 872 ,

240 904 361 943 cum
394 888 652 945 Dominus
679 891 988 960 specialiter
1014 894 1291 963 prtecipiat
1314 911 1327 946 :
1350 914 1367 945 ε
1390 894 1738 966 Peregrinum
1761 904 1817 951 et

240 978 500 1033 advenam
533 995 638 1034 non
670 981 1034 1037 contristabis.
1070 1002 1089 1034 ι
1124 983 1330 1038 Altiore
1364 1001 1578 1055 quoque
1619 1002 1811 1052 sensu,

237 1070 584 1139 peregrinum
615 1071 747 1125 dicit
773 1073 1247 1137 catechumenum,
1292 1077 1382 1145 qui
1420 1078 1646 1132 necdum
1678 1079 1815 1133 civis

238 1158 460 1213 ell‘ectns
473 1168 553 1213 est
567 1176 811 1230 superna:
828 1161 1160 1219 iiierusaiem
1178 1181 1274 1234 per
1285 1166 1625 1235 baptismum.
1646 1169 1814 1225 Nemo

237 1262 366 1319 ergo
397 1258 548 1318 putet
575 1250 711 1304 levia
742 1264 957 1321 peccata
990 1256 1283 1325 periurium
1310 1258 1391 1312 vel
1418 1258 1657 1315 fraudem
1678 1302 1695 1326 ,
1720 1270 1814 1316 aut

237 1337 558 1394 Calumniari
589 1341 802 1395 viduam
831 1353 886 1396 et
914 1345 1203 1412 pupillum,
1233 1355 1286 1401 et
1314 1349 1617 1416 Opprimere
1650 1365 1810 1419 pere-

235 1433 482 1501 grinum,
528 1450 649 1487 cum
689 1434 791 1489 hoc
830 1435 1090 1492 Dominus
1130 1439 1410 1496 maleﬁciis
1448 1452 1502 1496 et
1549 1443 1811 1499 adulterio

235 1522 527 1594 coniungat
548 1564 561 1588 ,
592 1535 647 1579 et
677 1526 880 1581 similes
909 1543 967 1582 se
1004 1529 1392 1598 iudicaturum.

310 1636 328 1667 σ
362 1617 473 1686 Ego
512 1619 654 1672 enim
696 1619 988 1685 Dominus,
1019 1630 1076 1676 et
1114 1637 1222 1677 non
1257 1634 1453 1679 mutor.
1491 1643 1510 1676 ι
1541 1625 1620 1680 Ne
1649 1636 1808 1696 puta-

234 1720 417 1760 remus
444 1708 562 1776 ejus
600 1709 795 1763 mutari
836 1720 1119 1778 naturam,
1166 1714 1292 1769 dum
1329 1714 1564 1783 iudicat,
1608 1726 1664 1771 et
1704 1719 1806 1771 ali-

232 1815 392 1883 quam
443 1801 536 1870 ine
580 1801 663 1855 vel
710 1801 907 1857 furoris
948 1804 1003 1858 in
1046 1820 1105 1860 se
1149 1806 1422 1877 suscipere
1463 1808 1801 1878 passionem,

233 1905 357 1946 cum
382 1892 607 1947 dixisset
630 1910 643 1947 :
673 1912 693 1945 ι
721 1892 990 1961 Accedam
1020 1896 1071 1950 in
1094 1895 1328 1965 judicio,
1357 1918 1377 1951 ι
1404 1908 1802 1970 consequenter

1917 714 1989 768 ob
2020 729 2183 784 quam
2224 730 2491 784 pauperes
2532 719 2625 785 qui
2670 727 2828 772 erant
2872 719 2924 773 in
2969 718 3197 789 populo,
3238 716 3501 785 compulsi

1918 812 2045 858 sunt
2069 805 2303 860 vendere
2331 804 2469 859 ﬁlios
2493 818 2619 859 suos
2645 813 2702 860 et
2731 807 2868 861 ﬁlias
2885 848 2899 870 ,
2927 807 3021 862 sed
3048 816 3102 860 et
3126 804 3499 875 possessiones

1917 909 2045 950 suas
2092 909 2417 964 omnemque
2472 895 2874 950 substantiam:
2929 897 3163 967 denique
3217 895 3497 960 dicebant,

1916 986 2056 1039 sicut
2099 986 2153 1040 in
2200 986 2339 1041 libro
2384 986 2569 1041 Esdraa
2597 986 2821 1056 legitur:
2859 1004 2878 1038 ς
2912 987 3031 1042 Filii
3080 997 3138 1044 et
3176 986 3300 1041 ﬁliai
3341 986 3499 1041 nobis

1914 1078 2065 1132 multi
2109 1085 2235 1132 sunt
2277 1078 2473 1142 nimis,
2515 1085 2571 1131 et
2607 1078 2937 1147 accipiamus
2984 1078 3036 1131 in
3083 1081 3257 1147 pretio
3308 1091 3497 1131 eorum

1914 1168 2278 1234 frumentum,
2321 1178 2377 1222 et
2417 1168 2766 1223 comedamus
2805 1178 2858 1223 ct
2910 1168 3174 1222 vivamus.
3209 1186 3227 1218 ι
3261 1167 3366 1222 Alii
3408 1167 3493 1222 di-

1913 1259 2135 1313 cebaut:
2168 1277 2185 1308 ι
2219 1259 2392 1329 Agros
2421 1267 2634 1314 nostros
2664 1267 2719 1314 et
2744 1258 2932 1313 vincas
2958 1266 3013 1313 et
3041 1258 3229 1313 domos
3254 1273 3495 1328 oppona-

1910 1362 2065 1412 mus,
2096 1358 2150 1402 et
2179 1350 2510 1418 accipiamus
2540 1349 2867 1403 frumentum
2899 1348 2951 1402 in
2993 1347 3155 1403 fame.
3193 1367 3210 1398 ι
3241 1348 3317 1403 illi
3358 1364 3491 1407 vero

1910 1440 2001 1508 qui
2033 1440 2301 1495 habebant
2341 1441 2393 1495 in
2439 1440 2649 1495 horreis
2694 1439 2985 1504 frumenta,
3008 1440 3262 1496 nolebant
3290 1439 3493 1496 Levitis

1910 1530 2139 1584 reddere
2165 1532 2401 1585 decimas
2422 1572 2441 1594 ,
2469 1532 2561 1599 qui
2591 1531 2770 1585 nullas
2800 1532 3070 1586 habebant
3112 1532 3486 1594 hazreditatcs,

1908 1620 2005 1674 sed
2032 1621 2283 1688 primitiae
2313 1628 2367 1675 et
2396 1621 2618 1676 decimae
2643 1631 2803 1676 erant
2846 1623 3134 1677 btcreditas
3173 1637 3382 1678 eorum.
3429 1620 3488 1677 Si

1907 1708 1926 1780 (
1955 1709 2175 1780 inquit)
2204 1711 2364 1766 homo
2398 1720 2576 1780 potest
2619 1710 2834 1783 attigero
2881 1714 3081 1777 Deum,
3126 1713 3183 1768 id
3218 1720 3303 1770 est
3342 1712 3490 1767 frau-

1904 1797 2067 1864 dare,
2097 1814 2195 1854 vos
2229 1815 2313 1853 me.
2342 1800 2669 1866 fraudastis,
2701 1802 2825 1869 quia
2857 1803 3121 1858 ministris
3158 1802 3301 1858 meis
3334 1801 3484 1858 deci-

1904 1905 2022 1945 mas
2049 1899 2105 1945 et
2135 1891 2405 1960 primitias
2440 1906 2544 1947 non
2590 1892 2837 1948 redditis.
2884 1894 2996 1964 Ego
3033 1893 3279 1953 fraudem
3318 1894 3486 1959 susti-

234 1986 436 2039 addidit
464 2004 478 2039 :
521 2006 539 2037 ι
576 1987 641 2040 Ει
672 2002 776 2041 non
810 1997 1007 2042 mutor.
1042 2009 1060 2041 ι
1086 1989 1188 2060 Ipsi
1219 1991 1365 2046 enim
1397 1993 1679 2048 verissime
1714 1995 1796 2050 di-
1832 1982 1874 2041 Β
1905 1997 2035 2050 nec,
2065 1985 2223 2055 cuius
2248 1986 2484 2041 ministri
2514 1985 2717 2041 Levita:
2744 1986 2916 2041 coacti
2957 1986 3181 2056 penuria
3226 1986 3484 2057 templum

236 2086 381 2131 ctum
412 2087 491 2133 est
517 2093 532 2132 :
560 2099 577 2130 ‹
608 2080 685 2134 Tn
714 2088 891 2133 autem
914 2122 927 2144 ,
960 2080 1183 2136 Domine
1215 2084 1440 2137 sahaoth
1463 2125 1476 2148 ,
1500 2100 1621 2138 cum
1651 2094 1801 2139 tran-

235 2168 494 2237 quillitate
514 2171 740 2242 judicas.
775 2192 793 2223 ι
831 2192 848 2224 ι
882 2171 948 2225 Et
977 2188 1088 2235 vos,
1131 2173 1222 2227 ﬁlii
1255 2173 1441 2242 Jacob,
1466 2185 1520 2231 et
1541 2192 1646 2230 non
1669 2179 1801 2233 estis

230 2265 551 2333 consumpti.
586 2264 626 2318 Α
669 2264 857 2319 diebus
882 2267 1024 2319 enim
1053 2275 1265 2335 patrum
1292 2277 1593 2322 vestrorum
1623 2283 1801 2326 reces-

227 2353 375 2407 sistis
424 2368 452 2407 a
504 2353 756 2424 legitimis
805 2355 973 2418 meis,
1017 2362 1069 2409 et
1116 2371 1223 2411 non
1279 2358 1611 2413 custodistis.
1645 2378 1664 2411 ι
1692 2359 1799 2416 Vos

226 2444 444 2513 (inquit
474 2444 801 2517 Dominus),
852 2462 885 2499 ο
933 2446 1027 2500 ﬁlii
1078 2446 1235 2512 Levi,
1290 2465 1387 2519 per
1431 2450 1697 2507 maleﬁcia
1745 2459 1800 2509 et

222 2534 486 2589 adulteria
543 2542 848 2606 cteteraque
892 2537 1044 2613 Amaia
1099 2552 1241 2609 szepe
1295 2540 1578 2594 mntamini
1625 2559 1639 2595 :
1697 2556 1797 2613 ego

219 2615 387 2689 vero,
430 2626 523 2694 qui
562 2625 727 2696 judex
770 2610 946 2694 justus
991 2642 1109 2682 sum
1150 2637 1204 2684 et
1242 2645 1367 2685 cum
1409 2610 1797 2701 tranquillitate

212 2716 400 2786 judico
439 2718 649 2783 omnia,
693 2719 834 2771 milia
877 2734 1228 2788 personarum
1258 2722 1534 2815 xarietate
1573 2739 1793 2794 permu-

219 2818 323 2862 tor.
360 2806 493 2863 Cum
522 2823 649 2879 ergo
691 2824 776 2863 me
815 2824 1058 2863 severum
1104 2808 1159 2864 et
1196 2806 1402 2879 justum
1437 2812 1675 2883 judicem
1716 2814 1797 2868 fa-

214 2910 363 2966 tear,
393 2915 488 2954 vos
519 2909 727 2961 tamen,
760 2918 792 2954 ο
823 2902 913 2954 ﬁlii
950 2900 1109 2965 Levi,
1147 2916 1252 2955 non
1286 2903 1418 2957 estis
1457 2906 1791 2975 consumpti,

214 2992 345 3047 licet
395 2992 515 3046 sitis
556 2991 770 3046 conﬂati
814 2992 935 3063 igne
977 2991 1417 3057 tribulationum,
1447 3008 1549 3047 nec
1575 3009 1672 3062 per
1701 2996 1796 3049 lla-

210 3083 355 3152 gciia
383 3099 413 3137 a
441 3083 596 3136 malis
617 3083 811 3138 vestris
832 3083 1124 3137 cmundati.
1152 3082 1279 3137 Tale
1303 3091 1388 3137 est
1411 3092 1465 3138 et
1496 3083 1622 3138 illud
1653 3085 1796 3154 quod

209 3191 311 3247 per
360 3173 649 3230 Jeremiam
693 3176 922 3230 dicitur:
955 3194 974 3226 ‹
1000 3173 1219 3230 Frustra
1250 3177 1488 3246 percussi
1530 3176 1668 3232 ﬁlios
1706 3192 1796 3233 ve-

214 3278 382 3330 stros,
407 3267 744 3337 disciplinam
774 3283 877 3321 non
910 3275 1246 3337 receperunt.
1279 3287 1298 3320 ι
1327 3267 1434 3322 Nec
1463 3268 1564 3322 hoc
1592 3282 1789 3322 novum

1902 2078 2280 2133 deseruerunt.
2314 2076 2407 2133 Sic
2438 2086 2617 2133 autem
2644 2079 2777 2134 dicit
2804 2093 2862 2134 se
2891 2078 3131 2133 fraudari
3173 2078 3225 2132 in
3266 2078 3352 2133 his
3384 2079 3480 2148 qui

1901 2170 2002 2224 sibi
2033 2171 2305 2235 serviunt,
2336 2171 2481 2225 sicut
2506 2185 2564 2225 se
2592 2170 2720 2225 dicit
2750 2170 2961 2224 visitari
2993 2170 3046 2225 in
3092 2169 3178 2224 his
3216 2170 3307 2239 qui
3350 2177 3480 2226 sunt

1901 2261 1955 2316 in
1987 2277 2209 2317 carcere
2231 2302 2245 2327 ,
2276 2262 2520 2332 accipere
2557 2262 2738 2317 cibum
2778 2269 2837 2315 et:
2871 2268 3053 2332 potum
3098 2259 3149 2314 in
3190 2259 3486 2317 esurienti-

1898 2353 2032 2419 bus,
2076 2363 2381 2423 caeteraque
2421 2366 2543 2424 quae
2588 2362 2958 2409 memorantur
3001 2352 3054 2407 in
3101 2367 3194 2408 sex
3224 2352 3484 2422 operibus

1900 2446 2302 2503 misericordia.
2334 2446 2486 2514 Quod
2512 2455 2691 2502 autem
2722 2447 2952 2502 dicitur:
2986 2466 3004 2498 ί
3036 2445 3093 2500 Si
3122 2445 3287 2515 afﬁgit
3317 2447 3481 2501 homo

1899 2537 2066 2592 Deum
2122 2552 2313 2605 suum,
2348 2558 2367 2591 ι
2398 2539 2645 2607 quamvis
2690 2539 3009 2608 simpliciter
3051 2553 3150 2608 pro
3194 2536 3483 2595 defraudat

1894 2628 1980 2682 vel
2007 2628 2316 2699 supplantat
2348 2630 2518 2698 accipi
2545 2629 2746 2698 possit,
2782 2637 2960 2683 tamen
2988 2628 3285 2683 occultiore
3316 2628 3478 2682 intei-
3530 2632 3535 2639 ‘

1895 2716 2037 2772 lectu
2085 2717 2152 2771 ad
2199 2718 2408 2772 Domini
2455 2719 2764 2788 passionem
2817 2717 3007 2773 referri
3054 2725 3265 2788 potest,
3317 2724 3374 2770 ut
3400 2717 3479 2771 sit

1897 2821 2089 2862 sensus
2118 2825 2133 2862 :
2165 2806 2281 2862 Non
2312 2809 2509 2864 mirum
2544 2808 2588 2863 si
2628 2823 2715 2863 me
2752 2810 2911 2864 modo
2952 2809 3007 2863 in
3046 2808 3309 2864 ministris
3341 2808 3479 2863 meis

1896 2896 2143 2968 aliigitis,
2173 2908 2229 2954 et
2262 2909 2523 2969 quantum
2558 2901 2612 2955 in
2648 2901 2797 2956 vobis
2830 2912 2915 2956 est
2948 2902 3311 2972 suspenditis,
3348 2902 3475 2972 quia

1898 2990 2187 3060 aliquando
2217 3008 2303 3047 me
2335 2993 2387 3047 in
2420 2994 2738 3063 memetipso
2766 2993 2933 3051 clavis
2957 2992 3185 3065 ai'iigetis
3209 2994 3265 3048 in
3289 3008 3471 3050 cruce.

1897 3077 2032 3145 Quia
2078 3095 2208 3147 ergo
2243 3099 2346 3136 non
2385 3083 2612 3137 redditis
2645 3084 2913 3149 decimas,
2949 3099 3085 3153 quas
3118 3098 3218 3154 per
3250 3085 3470 3155 Moysen

1896 3168 2266 3226 sacerdotibus
2292 3180 2345 3226 et
2372 3170 2576 3225 Levitis
2606 3171 2742 3242 jussi
2776 3173 2906 3226 dare
2926 3212 2941 3235 ,
2978 3174 3180 3228 idcirco
3212 3189 3310 3229 vos
3343 3190 3466 3235 ma-

1897 3260 2081 3316 ledicti
2125 3263 2255 3318 estis
2308 3264 2359 3318 in
2409 3262 2551 3318 fame
2592 3272 2646 3318 et
2689 3265 2945 3333 penuria,
2992 3272 3049 3318 et
3095 3272 3313 3334 propter
3359 3266 3464 3322 hoc

210 3366 294 3410 est
351 3366 444 3411 aut
491 3357 657 3412 semel
712 3373 741 3411 ιι
790 3356 941 3412 vobis
996 3357 1386 3424 commissum,
1447 3366 1508 3412 ui,
1554 3358 1789 3428 aliquam
1820 3330 1863 3391 (ἶ
1899 3349 2066 3407 fames
2102 3352 2202 3406 ista
2246 3354 2396 3407 vobis
2431 3353 2810 3423 snperindueta
2861 3361 2965 3407 est.
3000 3353 3109 3408 Vos
3154 3352 3296 3408 enim
3346 3369 3464 3418 me,

210 3447 530 3501 mereamini
558 3447 772 3502 veniam
800 3489 813 3512 ,
854 3449 1251 3502 hacrcditariam
1290 3449 1499 3504 habetis
1540 3450 1793 3519 impieta-

210 3546 321 3594 tem
356 3554 387 3592 a
417 3539 603 3594 diebus
629 3549 843 3609 patrum
888 3548 1222 3606 vestrorum,
1267 3541 1568 3595 recedendo
1599 3557 1628 3595 a
1664 3540 1792 3611 legi-

203 3630 360 3684 timis
395 3639 449 3685 et
483 3646 589 3684 non
631 3630 982 3684 custodiendo
1027 3645 1146 3698 quas
1197 3631 1446 3700 praecepi.
1488 3628 1603 3685 Hoc
1639 3639 1694 3685 et
1724 3631 1791 3686 de

206 3721 294 3777 his
321 3723 412 3792 qui
443 3732 572 3777 sunt
614 3722 665 3776 in
712 3716 948 3776 Ecclesia
996 3722 1271 3777 constituti
1321 3723 1425 3777 dici
1472 3729 1688 3791 potest:
1732 3730 1788 3778 et

192 3820 336 3866 sunt
378 3812 476 3866 ﬁlii
524 3811 693 3866 Jacob
736 3813 1127 3883 suppiantantis
1174 3813 1331 3877 vitia,
1383 3811 1436 3867 id
1480 3819 1566 3867 est
1610 3811 1793 3867 docto-

201 3917 326 3958 rum
356 3915 412 3958 et
442 3906 820 3975 magistrorum
850 3904 1102 3959 Ecclesiae
1133 3904 1414 3974 discipuli,
1443 3904 1535 3977 qui
1566 3905 1788 3960 nomine

197 4009 365 4053 tenus
395 3998 447 4049 in
480 3997 748 4060 Ecclesia,
795 3995 889 4050 sed
930 4011 1035 4049 non
1082 4003 1339 4051 recedunt
1384 4012 1415 4051 a
1461 3995 1640 4061 vitiis,
1686 4011 1789 4051 nec

201 4087 518 4142 custodiunt
540 4093 804 4156 praecepta
828 4086 944 4149 Dei,
967 4085 1101 4139 falso
1124 4102 1320 4142 nomen
1341 4085 1444 4142 sibi
1464 4086 1787 4142 Christiana:

201 4175 481 4248 religionis
511 4185 811 4230 assumunt.
848 4194 867 4225 ‹
895 4174 1248 4229 Reverlimini
1278 4177 1345 4231 ad
1376 4192 1494 4240 me,
1523 4186 1580 4230 et
1603 4192 1783 4232 rever-

197 4277 292 4322 tar
318 4268 543 4333 ad‘vos,
575 4266 702 4319 dicit
738 4265 993 4319 Dominus
1023 4264 1378 4318 exercituum.
1414 4284 1431 4314 ι
1460 4265 1652 4334 Magna
1684 4264 1780 4319 Dei

198 4357 489 4413 clementia
534 4355 781 4410 hortatur
820 4362 1223 4423 contemptores
1248 4361 1304 4408 ut
1333 4355 1400 4409 ad
1430 4369 1489 4409 se
1520 4355 1742 4408 redeant
1762 4392 1778 4419 ,

197 4456 255 4503 et
283 4461 340 4500 se
367 4446 431 4501 ad
462 4446 580 4500 illos
606 4445 879 4514 promittit
906 4460 1274 4500 reversurum.
1309 4444 1415 4500 Sed
1445 4444 1520 4498 illi
1551 4460 1656 4500 non
1688 4444 1773 4499 in-

199 4538 501 4609 telligentes
532 4536 804 4607 peccando
835 4551 893 4591 se
919 4551 949 4589 a
983 4534 1206 4589 Domino
1236 4535 1522 4590 recessisse
1542 4576 1556 4600 ,
1605 4535 1777 4604 impu-

164 4631 392 4702 ‘denter
413 4629 782 4697 interrogant:
816 4647 833 4680 ι
857 4627 912 4681 1η
937 4643 1043 4696 quo
1068 4630 1476 4682 revertemur?»
1507 4628 1597 4698 qui
1639 4644 1773 4682 nun-

196 4737 361 4790 quam
396 4720 716 4774 recessimus
743 4734 772 4772 a
796 4720 874 4774 'te.
908 4718 1112 4785 Quibus
1137 4719 1397 4775 Dominus
1424 4720 1698 4790 respondit
1728 4734 1743 4773 :

275 4843 295 4877 ι
323 4823 382 4878 Si
409 4822 606 4893 alliiget
624 4823 788 4876 homo
808 4823 994 4886 Deum,
1019 4823 1141 4892 quia
1164 4838 1259 4877 vos
1292 4823 1560 4893 conligitis
1598 4840 1685 4879 me
1717 4833 1771 4879 et

197 4915 411 4969 dixistis
438 4933 451 4968 :
484 4913 539 4968 in
569 4928 675 4983 quo
701 4912 1017 4983 conﬁgimus
1048 4912 1134 4966 te?
1157 4912 1214 4966 in
1243 4914 1464 4968 decimis
1493 4922 1549 4967 et
1577 4915 1629 4968 in
1660 4916 1771 4984 pri-

197 5008 369 5062 initiis
394 5016 447 5060 et
470 5007 524 5060 in
548 5006 773 5077 penuria
794 5047 808 5070 ,
836 5020 931 5059 vos
958 5004 1221 5058 maledicti
1249 5006 1407 5068 estis,
1437 5014 1491 5059 et
1518 5020 1615 5059 vos
1642 5020 1770 5060 cou-

198 5097 363 5168 ﬁgilis
391 5111 476 5151 me
503 5112 635 5166 gens
662 5105 792 5151 tota.
820 5095 1015 5149 inferte
1041 5110 1255 5148 omnem
1279 5096 1544 5149 decimam
1569 5097 1622 5149 in
1646 5097 1771 5150 bor-

197 5200 385 5251 rcum,
438 5195 492 5240 et
539 5187 610 5240 sit
652 5186 805 5240 cibus
846 5184 900 5239 in
940 5185 1097 5239 domo
1136 5199 1292 5249 mea,
1332 5192 1386 5238 et
1425 5186 1647 5253 probate
1685 5200 1773 5239 me

197 5291 362 5347 super
400 5275 534 5343 hoc,
577 5276 707 5331 dicit
736 5276 1026 5338 Dominus,
1074 5274 1119 5329 si
1166 5288 1271 5328 non
1316 5287 1579 5343 aperuero
1620 5274 1771 5329 vobis

198 5364 705 5433 cataractas’cteii,
745 5375 801 5422 et
851 5363 1088 5421 effndero
1140 5364 1293 5418 vobis
1341 5363 1765 5419 benedictionem

198 5476 369 5531 usque
407 5460 472 5515 ad
509 5460 889 5515 abundantiam
915 5500 930 5523 ,
964 5466 1020 5510 et
1054 5456 1342 5527 increpabo
1371 5470 1469 5526 pro
1497 5455 1649 5509 vobis
1675 5455 1765 5510 de-

180 5561 476 5605 ‘vorantem
495 5592 509 5617 ,
540 5559 595 5604 Θῑ
624 5565 728 5603 non
758 5555 1066 5617 corrumpet
1093 5545 1327 5600 fructum
1359 5555 1517 5599 terra:
1546 5554 1763 5608 VCSlﬂB,

198 5656 299 5695 nec
324 5641 427 5696 erit
452 5639 656 5697 sterilis
684 5639 840 5693 vinea
868 5638 921 5692 in
953 5652 1085 5709 agro
1103 5677 1118 5702 ,
1148 5636 1281 5693 dicit
1316 5634 1575 5691 Dominus
1604 5647 1763 5709 citer-

199 5734 399 5789 cituum
421 5773 437 5801 ,
465 5741 520 5789 et
541 5734 727 5789 beatos
764 5746 863 5787 vos
900 5700 1080 5785 dicent
1119 5743 1308 5785 omnes
1346 5734 1550 5797 gentes.
1599 5700 1763 5781 Erilis

198 5824 339 5881 enim
367 5841 465 5882 vos
498 5834 643 5880 terra
672 5821 1071 5886 desiderabilis,
1106 5820 1239 5876 dicit
1270 5819 1528 5875 Dominus
1554 5816 1763 5878 exerci-

202 5926 367 5986 tuum,
413 5916 808 5988 iTemporibus
847 5912 1119 5969 Malachitc
1162 5910 1295 5983 (qui
1331 5918 1388 5967 et
1414 5909 1613 5966 Esdras
1641 5921 1761 5965 esse

1892 3450 1947 3498 et
1986 3442 2091 3498 nOn
2132 3444 2404 3499 ministros
2441 3458 2609 3509 meus,
2646 3442 2914 3512 conﬁgitis
2960 3457 3093 3513 gens
3137 3449 3289 3507 tota;
3326 3450 3382 3496 et
3407 3451 3468 3497 ut

1893 3535 2075 3590 sciatis
2105 3551 2189 3589 me
2222 3536 2359 3591 irato
2389 3535 2540 3591 vobis
2566 3536 2670 3590 hoc
2697 3535 2972 3600 evenisse,
3011 3536 3197 3589 hortor
3225 3541 3280 3588 et
3309 3539 3463 3589 com-'-

1892 3641 2088 3681 moneo
2121 3638 2179 3682 ut
2210 3628 2454 3682 inferatis
2490 3627 2731 3684 decimas
2771 3628 2825 3683 in
2862 3628 3054 3683 horrea
3086 3627 3273 3698 templi
3313 3627 3456 3691 mei,

1893 3718 2032 3771 unde
2065 3718 2294 3773 ministri
2326 3719 2503 3775 cibum
2535 3719 2786 3774 habeant.
2830 3720 2895 3774 Et
2923 3719 3149 3790 probate
3184 3735 3270 3775 me
3302 3735 3468 3791 super

1889 3809 2025 3875 hoc,
2077 3811 2121 3864 si
2174 3827 2279 3865 non
2327 3826 2588 3882 aperuero
2624 3812 2777 3866 vobis
2823 3820 3129 3868 cataractas
3160 3811 3318 3876 curii,
3360 3812 3463 3867 hoc

1888 3906 1971 3954 est
1990 3940 2007 3964 ,
2033 3900 2077 3954 si
2106 3917 2210 3954 nou
2244 3909 2444 3954 tantam
2475 3902 2687 3972 copiam
2713 3902 3017 3972 pluviarum
3045 3902 3198 3957 vobis
3227 3890 3460 3969 effando,

1888 3994 1949 4041 ut
1976 3991 2266 4044 credantur
2292 3988 2541 4045 fenestras
2570 3990 2691 4046 coeli
2725 3998 2958 4060 aperite,
2985 3999 3039 4046 et
3069 3990 3336 4045 eilundam
3367 4007 3451 4047 su-

1887 4093 1985 4147 per
2040 4093 2136 4132 vos
2200 4079 2629 4134 benedictionem
2686 4095 2856 4149 usque
2926 4080 2994 4134 ad
3048 4079 3459 4145 abundantiam,

1887 4172 2066 4227 Verbo
2118 4172 2397 4228 eﬁ‘usionis
2445 4174 2668 4227 nimiam
2722 4173 3024 4243 largitatem
3074 4175 3350 4242 ostendit,
3403 4162 3459 4233 et

1885 4262 2177 4331 increpabo
2212 4278 2310 4333 pro
2348 4263 2497 4318 vobis
2530 4265 2913 4331 devorantem,
2948 4264 2999 4320 id
3032 4274 3116 4322 est
3154 4265 3416 4322 locustam
3438 4308 3453 4332 ,

1883 4368 2102 4407 eritcam
2122 4395 2136 4419 ,
2172 4353 2255 4407 vel
2286 4354 2617 4424 rubiginem,
2650 4363 2953 4425 caeteraque
2994 4371 3113 4426 quae
3141 4356 3306 4411 noxia
3331 4369 3456 4413 sunt

1879 4445 2152 4501 laboribus
2179 4447 2483 4509 hominum,
2520 4447 2875 4517 increpando,
2906 4449 2957 4504 id
2985 4457 3089 4515 est,
3119 4457 3252 4502 nutu
3282 4449 3451 4520 maje-

1878 4538 2033 4591 statis
2063 4550 2194 4591 meae
2223 4537 2518 4607 prohibebo
2542 4553 2572 4591 a
2598 4539 2770 4604 vobis,
2786 4546 2843 4593 et
2870 4553 2973 4592 non
3006 4547 3315 4607 corrumpet
3341 4536 3453 4593 fru-

1876 4636 1997 4681 ctus
2025 4636 2182 4682 terra:
2212 4634 2423 4693 vestrm,
2456 4635 2715 4698 tantaque
2745 4627 2850 4681 erit
2884 4636 3063 4683 veStra
3100 4626 3359 4691 felicitas,
3391 4635 3453 4682 ut

1876 4727 2083 4779 cuncta:
2116 4734 2213 4788 per
2249 4719 2534 4773 circuitum
2569 4720 2818 4774 nationes
2853 4719 3119 4773 mirentur
3154 4722 3314 4773 terra:
3350 4733 3448 4773 ve~

1876 4820 2003 4865 εει-ω
2030 4811 2362 4865 fertilitatem
2386 4851 2401 4875 ,
2433 4818 2490 4864 et
2517 4812 2671 4866 eritis
2700 4820 2855 4866 terra
2876 4810 3248 4866 desiderabilis
3273 4851 3288 4876 ,
3320 4794 3448 4880 quia

1875 4918 2064 4959 omnes
2091 4902 2472 4958 desiderabunt
2500 4902 2554 4958 in
2581 4918 2643 4958 ea
2677 4901 2940 4957 habitare.
2978 4902 3132 4969 Quod
3164 4911 3344 4958 autem
3380 4901 3450 4955 de

1878 4996 2091 5050 illorum
2140 4996 2395 5062 decimis,
2448 4997 2552 5051 hoc
2599 4996 2666 5051 de
2710 4995 2965 5051 Ecclesia:
3010 4995 3219 5065 populis
3267 4994 3446 5049 dicere

1876 5100 2182 5156 possumus,
2214 5086 2410 5155 quibus
2438 5086 2749 5156 prtecipitur
2778 5101 2882 5140 non
2913 5085 3088 5139 solum
3119 5092 3180 5138 ut
3205 5083 3444 5138 decimas

1875 5176 2039 5241 dent,
2069 5176 2163 5230 sed
2191 5184 2250 5229 ut
2277 5176 2440 5229 etiam
2474 5191 2572 5230 sua
2602 5175 2784 5230 omnia
2813 5174 3138 5245 pauperibus
3162 5181 3219 5228 et
3252 5171 3442 5227 Eccle-

1873 5266 1969 5320 sia:
2015 5265 2280 5320 ministris
2314 5262 2631 5335 iargiantnt‘.
2670 5263 2776 5319 Sed
2813 5265 2859 5320 si
2899 5267 3003 5319 hoc
3039 5264 3216 5317 facere
3252 5259 3445 5317 noluec

1872 5355 2016 5420 rint,
2055 5355 2244 5410 saltem
2283 5356 2425 5409 sicut
2455 5354 2623 5409 ,συιιωί
2666 5354 2901 5424 aliquam
2942 5363 3149 5424 partem
3191 5354 3443 5408 sacerdo-

1873 5447 2013 5502 tibus
2039 5456 2094 5503 et
2120 5450 2444 5517 pauperibus
2474 5449 2741 5514 tribuant,
2772 5464 2839 5502 ne
2883 5450 3076 5502 iratum
3116 5448 3282 5502 Deum
3312 5442 3438 5503 sen-

1860 5538 2033 5602 tiant,
2086 5540 2181 5593 sed
2227 5538 2404 5608 potius
2446 5539 2792 5608 experiantur
2837 5539 2953 5609 ejus
3000 5538 3443 5609 benignissimum

1869 5630 2000 5701 largi
2011 5639 2193 5685 tatem.

1943 5746 1962 5776 ς
1992 5725 2339 5783 iuvaluerunt
2379 5740 2541 5795 super
2588 5739 2676 5779 me
2713 5725 2879 5780 verba
2920 5731 3131 5789 vestra,
3163 5722 3295 5778 dicit
3327 5721 3445 5787 Do-t

1864 5818 2173 5883 minus,.et
2213 5817 2458 5873 dixistis:
2509 5815 2645 5882 Quid
2693 5816 2859 5870 locuti
2906 5830 3091 5870 sumus
3121 5823 3307 5871 contra
3341 5814 3438 5870 teri-

1864 5907 2105 5975 Dixistis,
2137 5904 2318 5963 Vanus
2344 5915 2428 5964 est
2453 5907 2544 5977 qui
2574 5908 2739 5961 servit
2766 5905 3012 5981 Domino,
3042 5916 3095 5961 et
3118 5906 3258 5976 quod
3286 5919 3434 5960 emo.
