3950 6444
486 486 585 542 ’291

950 474 1304 532 ΠΑΥΜΟΝΙΞ
1343 471 1826 528 HALBERSTAT.
1867 469 2084 526 EPISC.
2125 470 2280 527 OPP.
2323 471 2503 527 PARS
2528 473 2579 527 ‘l.
2607 503 2680 514 —
2715 471 3066 532 MT.
3108 474 3279 530 BIBL.

3650 474 3760 530 29?.

488 601 786 655 Iumentum
806 636 821 660 ,
854 594 976 663 quia
1008 589 1396 644 eustodivimus
1435 596 1703 658 praecepta
1745 585 1903 654 eius?
1933 605 1952 636 ι
1991 583 2061 638 Ut
2085 587 2136 646 Α
2162 585 2284 640 dem
2313 586 2470 650 talia,
2499 587 2693 641 nedum
2720 587 2863 656 loqui
2896 588 3270 646 Ma‘
3291 587 3356 642 Et
3385 589 3617 643 atteniit
3652 589 3760 643 Do-

480 693 591 760 jam
633 686 878 756 superius
911 681 1247 750 praelibalum
1283 686 1399 743 est,
1427 677 1655 748 populus
1684 677 1774 748 qui
1810 689 2060 730 reversus

485 783 661 836 fuerat
690 779 754 832 de
797 775 1138 844 captivitate,
1168 784 1222 826 et
1253 773 1486 826 habebat
1529 772 1699 841 legem
1741 771 1832 824 Dei
1871 772 1922 824 in
1965 784 2060 824 no—

483 872 599 925 tilia
621 909 635 933 ,
668 876 721 921 et
749 865 1034 919 videbatur
1063 863 1352 916 observare
1379 861 1550 930 legem
1571 903 1584 926 ,
1619 869 1672 915 et
1702 861 1927 914 reddere
1960 860 2054 913 de-

481 961 646 1015 cimas
669 998 683 1021 ,
713 965 766 1011 et
797 967 994 1010 cmtera
1027 970 1146 1023 qua:
1179 954 1231 1006 in
1263 952 1378 1021 lege
1402 950 1661 1019 jubentur
1689 951 1946 1020 implere,
1979 951 2058 1003 vi-

479 1051 608 1105 dens
634 1055 858 1103 cunctas
885 1060 982 1115 per
1011 1044 1298 1098 circuitum
1331 1041 1578 1094 nationes
1613 1040 1770 1093 rebus
1805 1040 2056 1093 omnibus

478 1141 783 1203 abundare,
835 1153 894 1193 se
942 1151 1071 1191 vero
1117 1135 1342 1204 penuria
1389 1143 1444 1188 et
1483 1141 1719 1203 egestate
1749 1131 2052 1197 tabescere,

477 1235 693 1288 dicebat
721 1251 733 1285 :
765 1231 903 1298 Quid
936 1229 1065 1284 mihi
1099 1228 1315 1298 prodest
1342 1226 1483 1295 quod
1512 1241 1696 1280 verum
1723 1226 1889 1280 Deum
1916 1224 2052 1290 colo,

474 1325 592 1394 ejus
625 1323 876 1376 mandata
909 1319 1199 1374 custodio?
1227 1317 1379 1372 Unde
1411 1317 1669 1371 Dominus
1698 1330 1794 1384 per
1821 1315 2056 1386 prOphe-

475 1424 585 1468 tam
630 1412 800 1467 dicit:
840 1428 858 1461 ι
895 1409 1267 1472 luvaluerunt,
1303 1427 1322 1458 ι
1376 1407 1426 1460 id
1473 1417 1556 1460 est
1603 1405 1880 1476 ingravata
1929 1411 2054 1459 sunt

480 1527 498 1558 ι
535 1507 697 1558 verba
729 1513 910 1558 vestra
942 1517 1102 1571 super
1131 1515 1233 1554 me.
1281 1519 1298 1551 ι
1332 1498 1436 1553 Sed
1469 1498 1564 1563 illi,
1615 1513 1720 1552 non
1752 1497 2053 1567 intelligent-

474 1604 556 1649 tes
607 1593 924 1666 gravissime
978 1606 1036 1645 se
1085 1604 1310 1659 peccare
1359 1589 1412 1642 in
1473 1589 1648 1643 verbis
1710 1588 2054 1657 blasphemiae

473 1703 594 1758 quae
639 1694 826 1741 contra
885 1685 1169 1739 Dominum
1226 1681 1612 1751 proferebant,
1673 1681 2048 1750 interrogant:

479 1797 504 1829 ο
533 1778 668 1844 Quid
699 1777 862 1831 locuti
894 1791 1079 1830 sumus
1107 1783 1297 1828 contra
1331 1773 1428 1828 te?
1463 1793 1480 1824 ι
1513 1773 1720 1838 Quibus
1761 1771 2053 1841 respondet

474 1869 764 1922 Dominus:
799 1887 816 1918 ‹
850 1868 1070 1921 Dixistis
1091 1906 1105 1930 ,
1138 1867 1324 1944 Vanus
1352 1874 1433 1920 est
1463 1881 1581 1934 qua:
1617 1865 1783 1919 servit
1810 1865 1952 1930 Deo,
1995 1873 2050 1920 et

473 1959 616 2029 quod
644 1958 1064 2013 emolumentum
1086 1998 1100 2020 ,
1134 1976 1150 2007 ι
1189 1937 1243 2010 id
1283 1965 1367 2010 est
1394 1971 1512 2025 qua:
1541 1955 1780 2019 utilitas,
1811 1955 1903 2024 qui
1933 1953 2048 2008 fru-
2078 1936 2126 1994 Β

472 2060 621 2114 ctus,
656 2067 776 2120 quae
804 2049 1207 2113 remuneratio,
1249 2049 1373 2118 quia
1418 2048 1749 2102 custodimus
1783 2058 2049 2117 prmcepta

469 2141 631 2210 ejus?
681 2141 806 2196 “th
851 2140 1230 2211 loquebantur,
1274 2140 1398 2208 quia
1458 2138 1510 2192 in
1547 2138 1798 2208 praesenti
1840 2145 2047 2191 tantum

471 2234 778 2290 mercedem
826 2247 924 2303 pro
975 2232 1068 2286 Dei
1117 2231 1369 2285 volebant
1415 2231 1705 2295 servitute,
1750 2238 1802 2285 et
1847 2228 2049 2283 idcirco

469 2340 569 2380 nec
603 2325 651 2378 in
686 2323 866 2378 futuro
895 2338 1014 2378 eam
1046 2323 1394 2376 merebantur
1438 2321 1712 2384 invenire,
1756 2335 1857 2374 nec
1898 2319 2046 2374 dice-

467 2414 601 2470 bant
630 2414 772 2482 quod
804 2414 879 2467 ait
906 2421 1127 2467 sanctus
1158 2410 1384 2465 Tobias:
1421 2429 1437 2462 ι
1473 2409 1592 2464 Filii
1624 2419 1931 2464 sanctorum
1961 2424 2049 2464 su-

470 2521 610 2569 mus,
645 2514 699 2561 et
731 2505 891 2559 aliam
925 2506 1090 2558 vitam
1119 2511 1518 2573 exspectamus.
1553 2522 1571 2554 ι
1600 2502 1813 2557 Addunt
1838 2503 2043 2557 adhuc:

473 2616 492 2647 ι
523 2595 591 2650 Ει
620 2598 748 2666 quia
781 2595 1177 2650 ambulavimus
1207 2595 1388 2648 tristes
1416 2610 1598 2648 coram
1633 2595 1859 2648 Domino
1887 2608 2044 2649 exer-

469 2687 718 2742 cituum?
746 2708 762 2739 ι
799 2688 894 2741 Est
923 2687 1066 2742 enim
1097 2687 1311 2741 tristitia
1341 2685 1644 2756 religionis,
1674 2700 1794 2741 cum
1822 2686 2046 2755 simplex

469 2779 590 2847 quis
625 2788 679 2833 et
723 2779 941 2834 humilis
971 2779 1202 2843 incedit,
1239 2779 1378 2832 sicut
1406 2787 1484 2832 est
1517 2767 1759 2833 confusio
1803 2778 2045 2832 laudabi-

467 2867 569 2934 lis,
619 2870 682 2924 de
728 2884 829 2936 qua
876 2869 1116 2923 dicitur:
1155 2888 1172 2919 ‹
1203 2868 1297 2922 Est
1336 2866 1581 2922 confusio
1620 2868 1892 2922 adducens
1928 2867 2042 2937 glo-

467 2960 625 3015 riam.
664 2979 680 3011 l
721 2961 792 3015 De
830 2961 921 3014 tali
961 2960 1178 3014 tristitia
1217 2960 1346 3014 dicit
1383 2959 1703 3015 Psalmista:
1740 2977 1757 3010 ι
1792 2958 1923 3014 Tota
1957 2958 2044 3014 die

466 3053 820 3109 contristatus
851 3053 1208 3123 ingrediebar.
1245 3071 1263 3104 ι

542 3160 560 3192 ι
596 3142 736 3211 Ergo
766 3157 906 3196 nunc
945 3141 1132 3196 beatos
1159 3142 1389 3197 dicimus
1420 3152 1768 3213 arrogantes,
1807 3163 1824 3194 ι
1863 3144 1916 3198 id
1959 3149 2043 3198 est

463 3233 759 3301 superbos,
805 3232 896 3302 qui
945 3240 1133 3286 contra
1170 3232 1340 3287 Deum
1379 3233 1750 3303 hujuscemodi
1787 3235 2038 3305 blasphe-

461 3323 598 3380 mias
623 3323 850 3393 jaculari
883 3338 988 3377 non
1025 3323 1236 3376 timent.
1269 3322 1377 3378 Cur
1409 3335 1585 3380 autem
1613 3341 1706 3380 cos
1734 3327 1921 3381 beatos
1952 3341 2039 3380 vo-

464 3415 704 3478 caverit,
735 3414 970 3468 ostendit
998 3414 1268 3468 subdens:
1307 3434 1324 3464 ι
1349 3414 1625 3483 Siquidem
1651 3416 1896 3471 aedificati
1922 3416 2047 3471 sunt

464 3502 725 3558 facientes
772 3505 1100 3574 impietatem
1121 3545 1135 3570 ,
1169 3524 1188 3556 ι
1221 3505 1275 3559 id
1321 3512 1402 3559 est
1433 3505 1485 3558 in
1517 3507 1695 3560 saeculi
1729 3507 1895 3576 gloria
1918 3548 1930 3571 ,
1989 3514 2044 3559 et

461 3605 583 3668 post
638 3596 839 3652 scelera
890 3598 1166 3666 prosperis
1212 3597 1460 3650 omnibus
1505 3595 1873 3666 perfruuntur.
1925 3616 1942 3647 ε
1978 3597 2046 3651 Et

462 3677 818 3748 tentaverunt'
836 3692 1001 3744 Deum
1024 3731 1038 3754 ,
1073 3708 1090 3739 ι
1122 3690 1234 3744 sive
1263 3690 1572 3744 restiterunt
1599 3691 1725 3754 Deo,
1760 3689 2042 3760 prmccptis

461 3785 578 3855 ejus
608 3783 878 3838 contraria
910 3780 1189 3836 facientes.
1229 3800 1246 3832 ι
1281 3782 1349 3836 Ει
1381 3781 1511 3836 salvi
1545 3783 1669 3837 facti
1700 3791 1824 3837 sunt
1859 3803 1875 3834 ›
1911 3785 2038 3836 dum

462 3890 614 3932 Suam
656 3883 863 3928 tantum
905 3873 1132 3926 salutem
1175 3879 1364 3940 putant
1407 3887 1526 3925 esse
1556 3869 1865 3925 felicitatem
1898 3887 2036 3941 prte-

462 3964 635 4019 sentis
666 3963 866 4018 smculi.
904 3962 1029 4016 Haec
1057 3976 1174 4030 quae
1195 3960 1348 4028 juxta
1380 3960 1616 4014 litteram
1648 3961 1711 4014 de
1739 3959 1934 4014 Judmis
1960 3960 2039 4012 di-

462 4060 679 4117 cuntur,
711 4059 936 4122 possunt
973 4060 1028 4106 et
1058 4053 1123 4104 de
1155 4050 1426 4104 haereticis
1455 4059 1509 4103 et
1536 4049 1602 4104 de
1631 4051 1908 4112 omnibus,
1943 4049 2036 4120 qui

460 4144 526 4198 de
567 4143 850 4212 pnesentis
879 4141 1000 4195 vita:
1027 4141 1384 4212 prosperitate
1426 4141 1776 4210 superhiunt,
1808 4157 1913 4194 non
1951 4141 2034 4194 in-

457 4245 696 4300 congrue
741 4231 944 4300 accipi,
977 4231 1068 4299 qui
1109 4230 1161 4284 in
1205 4245 1301 4284 sua
1334 4231 1610 4300 impietate
1638 4230 1953 4300 proficiunt,
1983 4238 2038 4284 et

460 4326 658 4381 multos
687 4326 767 4380 sui
800 4326 1021 4381 sceleris
1049 4327 1340 4396 participes
1372 4327 1664 4381 asciscunt.

534 4439 552 4471 ε
583 4417 736 4474 Tunc
763 4419 930 4474 locuti
963 4427 1087 4474 sunt
1117 4420 1365 4472 timentes
1397 4419 1710 4483 Dominum,
1744 4420 2033 4488 unusquis-

456 4526 564 4580 que
607 4524 728 4564 cum
770 4510 1016 4580 proximo
1056 4523 1174 4563 suo.
1213 4528 1231 4560 ι
1266 4507 1468 4562 Sensus
1497 4507 1583 4561 ille
1614 4517 1737 4562 est:
1782 4508 2036 4576 Blasphc-

456 4605 763 4668 mantibus,
812 4612 868 4658 et
906 4585 1106 4671 judicia
1158 4601 1252 4655 Dei
1301 4600 1464 4671 (qua:
1511 4615 1893 4668 nonnunquam
1946 4617 2034 4655 oc-
2065 4628 2115 4686 D

455 4696 595 4751 culta
617 4737 631 4761 ,
669 4710 882 4764 semper
913 4701 1093 4747 autem
1118 4693 1262 4764 justa
1296 4691 1459 4760 sunt)
1496 4691 2034 4759 reprehendentibus,

457 4798 584 4844 tunc
616 4789 868 4842 timentes
893 4787 1063 4841 Deum
1095 4786 1161 4839 ad
1193 4785 1421 4839 invicem
1453 4783 1614 4839 locuti
1647 4792 1801 4848 sunt,
1834 4785 2035 4839 subau-

455 4881 708 4936 diendum
749 4880 890 4950 quod
925 4878 1209 4933 retributio
1241 4879 1504 4932 bonorum
1535 4885 1587 4932 ct
1630 4876 1890 4931 malorum
1929 4894 2032 4932 non

455 4988 670 5044 semper
697 4974 750 5028 in
795 4972 1048 5042 przesenti
1090 4970 1183 5024 ﬁat
1225 4969 1454 5036 saeculo,
1501 4971 1593 5025 sed
1639 4981 1945 5026 reservetur
1980 4972 2032 5026 in

454 5061 671 5128 futuro,
725 5062 864 5133 quod
918 5062 1077 5116 homo
1122 5076 1228 5117 non
1273 5061 1447 5130 possit
1485 5061 1623 5116 scire
1661 5061 2032 5117 inscrutabilia

449 5155 653 5226 judicia
684 5153 809 5216 Dei,
845 5167 942 5207 nec
974 5151 1164 5205 debeat
1195 5151 1260 5206 de
1287 5150 1432 5226 illius
1461 5153 1713 5223 :rquitate
1741 5162 1794 5208 et
1817 5152 2031 5222 justitia

454 5247 752 5315 disputare.
787 5243 911 5297 llaec
942 5243 1083 5297 enim
1112 5251 1166 5296 et
1196 5223 1499 5312 hujusmodi
1545 5243 1748 5298 sanctis
1781 5243 2032 5298 convenit

453 5344 512 5389 ut
541 5334 850 5401 loquantur.
885 5333 1036 5389 Unde
1058 5350 1164 5387 non
1200 5335 1338 5389 dixit
1368 5336 1495 5405 quid
1521 5337 1629 5390 sint
1650 5336 1813 5391 locuti
1839 5337 2029 5390 timcn-

453 5437 535 5480 tes
561 5423 1363 5496 Deum.utsubintelligercmus
1396 5444 1457 5482 ea
1495 5426 1703 5482 locutos
1739 5443 1858 5497 qute
1885 5427 2008 5483 Scri

451 5523 731 5584 pturarum
758 5515 976 5568 vocibus
998 5517 1357 5572 continentur.
1381 5517 1434 5572 Si
1461 5534 1588 5572 vero
1610 5518 1900 5572 secundum
1927 5517 2026 5572 Se-

451 5604 728 5674 ptuaginta
775 5605 1095 5675 interpretes
1142 5607 1464 5677 legerimus:
1503 5627 1519 5658 ι
1551 5607 1675 5662 ιιιεε
1706 5607 1869 5663 locuti
1901 5615 2026 5663 sunt

450 5695 541 5763 qui
574 5693 783 5762 timent,
817 5715 833 5747 ι
869 5697 1110 5754 ἰτοιιίςωε
1151 5697 1551 5768 accipiendum,
1586 5705 1641 5753 et
1667 5713 1853 5768 pressa
1894 5715 2025 5754 voce

450 5785 897 5853 annuntiandum,
921 5807 939 5840 ι
964 5789 1076 5843 hcce
1100 5804 1220 5857 qua:
1247 5787 1483 5842 diximus
1511 5787 1668 5842 locuti
1687 5796 1812 5842 sunt
1835 5788 2026 5842 timen-

449 5881 549 5945 tes,
580 5896 599 5930 ι
635 5877 686 5933 id
715 5866 797 5936 est
821 5895 925 5937 non
949 5881 1200 5936 timentes
1233 5879 1422 5946 Deum,
1444 5880 1532 5950 qui
1555 5894 1622 5937 ne
1646 5880 1883 5952 cogitare
1906 5881 2024 5950 qui-

2163 677 2373 740 minus,
2413 687 2469 732 et
2496 678 2734 742 audivit,
2767 686 2823 733 et
2864 679 3099 748 scriptus
3136 686 3226 735 ω
3249 677 3384 735 liber
3414 679 3759 733 monumenti

2165 783 2345 822 coram
2370 783 2435 823 eo
2452 769 2764 824 timentibus
2782 769 3066 824 Dominum
3079 778 3135 824 et
3153 769 3518 839 cogita-tibus
3551 785 3760 824 nomen

2164 862 2301 932 ejus.
2343 882 2360 915 ι
2387 863 2695 932 llaeejustis
2725 873 2779 919 et
2818 865 3134 920 timentibus
3175 866 3464 921 Dominum
3506 865 3656 925 har
3698 881 3758 920 se

2160 953 2595 1021 conferentibus,
2627 956 2856 1009 attendit
2889 955 3181 1020 Dominus,
3214 963 3269 1011 et
3310 955 3548 1018 audivit,
3592 957 3762 1029 alia

2159 1045 2376 1099 auditus
2401 1054 2601 1099 aeterna
2629 1046 2866 1114 cognitio
2886 1055 2968 1099 est
2985 1085 2999 1110 ,
3025 1046 3111 1101 cui
3143 1062 3249 1100 non
3276 1055 3360 1100 est
3387 1045 3532 1099 aliud
3559 1045 3764 1105 audin

2158 1149 2318 1203 quam
2361 1135 2567 1190 videre.
2611 1134 2777 1189 Totus
2817 1145 2900 1189 est
2937 1135 3080 1188 enim
3111 1134 3293 1200 auris,
3330 1143 3471 1189 totus
3501 1142 3584 1188 est
3611 1149 3755 1188 ocu-

2159 1225 2272 1291 lus,
2299 1235 2353 1280 et
2381 1228 2446 1280 de
2477 1236 2590 1282 toto
2619 1242 2677 1282 se
2705 1227 2883 1292 videt,
2917 1227 2983 1282 de
3013 1235 3126 1281 toto
3150 1227 3320 1281 audit.
3347 1227 3566 1290 Audivit
3590 1242 3752 1298 ergo,

2159 1320 2210 1375 id
2241 1329 2325 1375 est
2350 1321 2654 1391 praescivit,
2687 1327 2743 1374 et
2786 1328 2912 1374 ante
2951 1319 3134 1374 omnia
3179 1319 3374 1374 srecula
3413 1320 3754 1390 praeordina-

2155 1410 2253 1464 vit.
2291 1429 2308 1461 ι
2342 1411 2408 1464 Et
2435 1411 2668 1480 scriptus
2698 1417 2780 1465 est
2809 1410 2948 1464 liber
2977 1411 3341 1474 monumenti,
3377 1429 3395 1462 ι
3427 1411 3477 1464 id
3508 1420 3594 1465 est
3637 1426 3754 1466 me-

2155 1501 2342 1556 moria:
2372 1516 2557 1556 coram
2583 1515 2669 1556 eo.
2698 1499 2860 1555 Liber
2883 1500 2984 1555 iste
3006 1509 3209 1554 :eterna
3234 1499 3491 1554 memoria
3512 1540 3526 1565 ,
3558 1500 3613 1553 in
3642 1516 3753 1569 qua

2154 1591 2490 1660 apud'Deum
2521 1591 2693 1645 sancti
2735 1603 2924 1644 omnes
2963 1589 3216 1643 attitulati
3263 1597 3426 1658 atque
3465 1587 3753 1659 praedesti—

2153 1683 2264 1741 nati
2296 1692 2440 1738 sunt.
2472 1683 2547 1737 De
2589 1683 2692 1737 hoc
2719 1681 2857 1736 libro
2887 1681 2941 1735 in
2969 1680 3293 1750 Apocalypsi
3323 1681 3519 1734 dicitur
3545 1697 3557 1731 :
3588 1680 3745 1734 Libri

2154 1775 2328 1843 aperti
2360 1783 2516 1839 sunt,
2547 1783 2599 1828 et
2629 1773 2766 1828 alius
2791 1773 2928 1827 liber
2960 1781 3180 1842 apertus
3211 1780 3326 1837 est,
3357 1771 3450 1841 qui
3479 1780 3565 1826 est
3595 1773 3746 1826 vitae.

2152 1865 2298 1920 Libri
2330 1865 2502 1935 aperti
2533 1865 2638 1919 duo
2675 1873 2803 1918 sunt
2832 1862 3180 1918 Testamenta
3201 1903 3214 1927 ,
3253 1877 3352 1931 per
3387 1877 3510 1932 qua:
3547 1861 3748 1932 singuli

2151 1955 2426 2024 judicandi
2476 1963 2622 2010 sunt.
2666 1954 2828 2009 Liber
2874 1968 3005 2008 vero
3052 1963 3304 2022 apertus,
3353 1961 3439 2008 est
3478 1954 3749 2008 memoria

2153 2061 2341 2100 eorum
2368 2061 2489 2115 quae
2516 2044 2712 2115 singuli
2741 2051 3048 2114 gesserunt.
3083 2041 3238 2098 Unde
3265 2052 3324 2098 et
3354 2043 3491 2098 bene
3523 2042 3578 2097 in
3623 2042 3747 2111 qui-

2151 2137 2378 2192 busdam
2409 2137 2687 2191 codicibus
2718 2136 2975 2191 habetur:
3001 2135 3101 2202 Qui
3133 2144 3218 2190 est
3242 2135 3366 2190 vitae
3395 2135 3748 2206 uniuscujus-

2151 2245 2277 2300 que.
2311 2229 2410 2284 llic
2435 2245 2564 2300 ergo
2604 2229 2739 2284 liber
2784 2229 3121 2284 monumenti
3167 2230 3403 2298 scriptus
3430 2239 3516 2284 est
3550 2231 3747 2284 timen-

2153 2323 2298 2376 tibus
2328 2322 2492 2376 Deum
2515 2362 2529 2385 ,
2561 2330 2615 2375 ut
2649 2321 2899 2375 noverint
2925 2321 3050 2390 quia
3093 2335 3216 2375 cum
3261 2321 3375 2377 dies
3407 2319 3602 2389 judicii
3651 2323 3747 2378 ad-

2150 2413 2378 2476 venerit,
2397 2411 2682 2467 reddendze
2703 2419 2827 2466 sunt
2853 2411 3180 2480 blasphemis
3201 2419 3256 2466 et
3291 2413 3468 2482 impiis
3489 2429 3671 2482 preme
3691 2421 3746 2467 et

2153 2504 2470 2558 timentibus
2502 2503 2669 2558 Deum
2699 2503 2942 2573 praemia.
2977 2502 3052 2556 De
3083 2503 3186 2556 hoc
3219 2502 3356 2557 libro
3385 2511 3441 2557 et
3479 2502 3745 2558 Dominus

2153 2597 2206 2650 in
2262 2595 2555 2666 Evangelia
2609 2593 2714 2648 ait:
2749 2613 2768 2644 ι
2805 2590 3051 2648 Gaudete
3103 2593 3228 2662 quia
3279 2594 3500 2648 nomina
3558 2603 3742 2647 vestra

2149 2687 2347 2754 scripta
2389 2692 2514 2738 sunt
2545 2684 2596 2738 in
2627 2683 2782 2784 cbmlo.
2835 2702 2854 2734 ›
2888 2682 3026 2749 Quid
3069 2681 3222 2750 quasi
3265 2697 3545 2750 exponens
3591 2680 3741 2735 Psal-

2150 2778 2306 2832 mista
2339 2776 2500 2830 dicit:
2536 2795 2554 2827 ‹
2583 2771 2673 2829 ln'
2670 2774 2926 2828 memoria
2964 2782 3169 2826 :eterna
3196 2773 3300 2826 erit
3322 2771 3524 2840 justus.
3559 2791 3580 2825 ι

2224 2888 2240 2920 ι
2279 2868 2345 2922 Et
2374 2875 2533 2922 erunt
2562 2866 2692 2920 mihi
2716 2906 2731 2931 ,
2762 2867 2839 2920 ait
2868 2865 3128 2919 Dominus
3154 2865 3491 2919 exercituum
3515 2905 3532 2929 ,
3564 2864 3617 2918 in
3652 2863 3742 2920 die

2146 2979 2251 3033 qua
2279 2976 2378 3032 ego
2409 2960 2548 3014 facio
2580 2961 2630 3014 in
2663 2959 2962 3028 peculium,
2999 2971 3054 3013 et
3084 2975 3302 3029 parcam
3332 2961 3414 3015 eis
3442 2961 3585 3014 sicut
3613 2977 3742 3030 par-

2146 3055 2222 3110 cit
2253 3055 2333 3108 vir
2362 3052 2470 3106 lilio
2501 3067 2598 3106 suo
2639 3051 2895 3106 servienti
2939 3051 3062 3105 sibi.
3106 3051 3173 3105 Et
3213 3050 3640 3115 convertemini,
3687 3060 3744 3104 et

2145 3143 2396 3200 videbitis
2420 3142 2546 3214 quid
2591 3143 2661 3197 sit
2710 3141 2849 3196 inter
2883 3140 3086 3210 justqu
3120 3150 3174 3195 et
3203 3141 3459 3211 impium,
3505 3152 3562 3196 et
3595 3143 3742 3197 inter

2148 3240 2471 3296 servientem
2497 3239 2604 3292 Deo
2624 3245 2678 3292 et
2701 3253 2803 3291 non
2831 3237 3154 3292 servientem
3181 3235 3251 3293 ei.
3276 3255 3294 3288 ι
3325 3235 3492 3292 Erunt
3516 3235 3738 3306 (inquit)

2150 3331 2280 3384 mihi
2322 3329 2373 3382 in
2406 3327 2697 3397 peculium,
2727 3326 2853 3395 quia
2883 3325 3078 3396 eligam
3107 3339 3201 3379 eos
3229 3339 3336 3379 non
3367 3323 3542 3379 solum
3574 3338 3742 3394 gene-

2148 3420 2246 3476 rali
2275 3420 2588 3483 vocatione,
2619 3434 2722 3488 qua
2767 3432 2957 3472 omnes
2996 3416 3290 3470 Christiani
3320 3425 3609 3481 vocantur,
3639 3415 3741 3470 sed

2146 3516 2310 3570 etiam
2341 3513 2598 3584 peculiari
2631 3523 2686 3567 et
2717 3513 2967 3582 propria,
2999 3528 3103 3580 qua
3133 3511 3231 3566 soli
3262 3511 3418 3566 electi
3445 3521 3737 3576 vocantur,

2146 3606 2213 3661 de
2257 3621 2360 3674 qua
2403 3606 2735 3675 Apostolus:
2772 3623 2789 3654 c
2823 3603 2968 3669 Quos
3010 3611 3192 3658 autem
3232 3604 3487 3667 vocavit,
3539 3604 3637 3658 hos
3682 3611 3739 3657 et

2137 3695 2476 3764 justificavit.
2513 3715 2530 3747 ι
2563 3695 2680 3762 Qua
2726 3696 2890 3750 etiam
2942 3710 3001 3749 se
3057 3702 3310 3749 vocatum
3362 3694 3596 3760 asserit,
3656 3694 3739 3748 di—

2144 3803 2316 3842 cens:
2350 3807 2366 3838 ι
2398 3787 2595 3842 Paulus
2636 3803 2827 3842 servus
2871 3786 3072 3841 Christi
3121 3785 3280 3851 Jesu,
3333 3796 3564 3840 vocatus
3606 3801 3737 3854 apo-

2143 3878 2334 3933 stolus.
2368 3899 2386 3931 ι
2419 3879 2486 3934 Ει
2525 3895 2743 3949 parcam
2790 3879 2872 3932 eis
2912 3879 3053 3931 sicut
3090 3887 3242 3947 pater
3283 3877 3447 3932 homo
3480 3877 3592 3931 filio
3619 3892 3736 3932 scr-

2141 3972 2312 4028 vienti
2341 3972 2476 4036 sibi,
2513 3972 2564 4026 in
2598 3988 2706 4041 quo
2751 3970 2945 4038 duplex
2988 3980 3071 4024 cst
3110 3968 3368 4032 allectus,
3414 3970 3638 4038 pictatis
3682 3969 3734 4022 in

2142 4065 2332 4128 filium,
2357 4065 2635 4119 servitutis
2661 4065 2711 4117 in
2741 4062 3019 4116 famulum.
3047 4061 3199 4115 Tunc
3225 4075 3320 4114 vos
3340 4060 3430 4129 qui
3457 4076 3601 4114 nunc
3622 4060 3738 4114 bla-

2142 4159 2492 4228 sphemantcs
2513 4199 2525 4221 ,
2560 4155 2770 4210 dicitis:
2803 4174 2821 4205 ε
2851 4154 3005 4220 Quod
3033 4153 3457 4208 emolumentum
3489 4153 3617 4222 quia
3640 4168 3736 4207 cn-

2143 4249 2406 4304 stodimus
2446 4257 2716 4319 prcecepta
2748 4245 2903 4316 ejus?
2939 4266 2958 4299 ι
2989 4253 3046 4300 et
3083 4245 3296 4301 illorum
3337 4245 3633 4307 electione,
3679 4251 3734 4299 et

2139 4350 2322 4395 vestra
2373 4340 2676 4410 repulsioue
2747 4337 3102 4408 cognoscetis?
3153 4336 3283 4407 quid
3329 4336 3477 4391 inter
3523 4334 3732 4404 justum

2141 4444 2195 4486 et
2246 4432 2465 4501 impium
2494 4471 2507 4496 ,
2556 4438 2610 4484 et
2651 4431 2794 4484 inter
2837 4429 3164 4483 servientem
3209 4427 3320 4481 Deo
3363 4433 3420 4481 et
3465 4441 3574 4482 non
3617 4439 3734 4479 ser-

2141 4523 2396 4576 vicntem.

2757 4655 2981 4712 CAPUT
3022 4655 3112 4710 IV.

2223 4811 2242 4844 ι
2281 4792 2418 4847 Ecce
2446 4791 2589 4846 enim
2621 4790 2734 4846 dies
2761 4792 2942 4846 veniet
2973 4804 3234 4846 succensa
3263 4789 3416 4860 quasi
3446 4789 3730 4854 caminus,

2143 4893 2196 4940 et
2223 4892 2385 4939 erunt
2415 4899 2606 4939 omnes
2636 4883 2851 4952 superbi
2880 4891 2936 4938 et
2973 4896 3165 4936 omnes
3191 4881 3452 4936 facientes
3481 4881 3730 4950 impieta—

2143 4984 2248 5030 tem
2289 4973 2513 5045 stipula,
2546 4982 2604 5028 et
2640 4971 2996 5027 inflammabit
3037 4986 3132 5026 eos
3161 4973 3277 5028 dies
3305 4971 3564 5034 veniens,
3597 4970 3732 5024 dicit

2139 5065 2398 5121 Dominus
2425 5063 2781 5118 exercituum.
2805 5082 2821 5113 ι
2855 5062 2979 5116 Dies
3008 5062 3141 5127 haec,
3168 5071 3380 5131 tempus
3398 5060 3589 5130 judicii
3613 5058 3728 5113 uni-

2133 5157 2362 5212 versalis
2391 5165 2494 5220 est,
2525 5171 2645 5224 quae
2667 5154 2869 5209 sanctis
2896 5154 3003 5209 erit
3043 5153 3165 5219 lux,
3210 5153 3590 5222 peccatoribus
3627 5167 3730 5203 au-

2138 5254 2245 5301 tem
2272 5244 2526 5309 tenebrae,
2554 5259 2672 5312 quae
2703 5243 2816 5297 dics
2856 5243 2958 5298 erit
2983 5257 3240 5298 succensa
3269 5242 3420 5312 quasi
3451 5241 3725 5300 caminus,

2133 5344 2193 5391 ut
2216 5351 2403 5391 omnes
2427 5335 2575 5406 impii
2602 5344 2882 5388 vertantur
2911 5336 2964 5389 in
2996 5335 3270 5405 stipulam,
3298 5343 3352 5388 et
3380 5333 3724 5388 mtcrnisditi

2131 5437 2442 5484 crementur
2471 5428 2777 5483 ardoribus.
2809 5428 3052 5498 Cumque
3079 5443 3173 5484 eos
3206 5427 3618 5483 inﬂammaverit
3641 5434 3729 5479 at-

2131 5534 2237 5588 que
2267 5517 2626 5574 combusserit
2650 5558 2664 5583 ,
2693 5536 2710 5568 ‹
2738 5534 2857 5587 qua)
2887 5533 2994 5573 non
3025 5519 3358 5588 derelinquet
3387 5518 3468 5572 eis
3497 5530 3722 5588 germen

2131 5618 2181 5665 et
2217 5611 2471 5692 radicem.
2510 5629 2528 5661 ι
2558 5609 2674 5664 Hoc
2721 5609 2788 5666 de
2837 5611 3018 5679 impiis
3061 5611 3280 5678 dicitur,
3332 5611 3460 5681 quid
3503 5609 3723 5680 passuri

2127 5704 2239 5758 sint
2268 5703 2320 5758 in
2346 5703 2430 5758 die
2447 5701 2656 5772 judicii.
2685 5701 2964 5771 Sequitur,
2989 5712 3043 5757 et
3063 5702 3226 5768 dicit,
3255 5703 3383 5774 quid
3407 5700 3724 5758 econtrario

2129 5793 2447 5848 timentibus
2478 5807 2671 5848 nomen
2701 5792 2915 5847 Domini
2944 5802 3231 5849 venturum
3264 5795 3354 5850 sit.

2205 5903 2222 5935 ι
2259 5883 2322 5938 Et
2350 5884 2558 5942 orietur
2590 5882 2745 5941 vobis
2793 5881 3106 5944 timentibus
3157 5901 3351 5943 nomen
3400 5900 3582 5942 meum
3635 5880 3721 5938 sol
