3950 6472
193 474 292 531 905

1100 470 1498 527 ENARRATIO
1533 470 1603 526 IN
1643 470 2044 528 MALAClllAM
2081 475 2530 536 PROPHETAI.

3334 490 3439 550 294

186 584 430 657 justitize,
461 590 515 637 ct
539 583 744 637 sanitas
789 581 841 635 in
893 582 1083 652 pennis
1113 581 1257 652 ejus,
1288 593 1342 638 et
1372 582 1722 654 egrediemini
1741 622 1756 649 ,
1785 593 1830 645 Α
1856 583 2123 641 Dominus
2145 587 2203 642 in
2228 586 2427 655 ﬂoreb,
2457 593 2547 660 qui
2588 609 2743 651 mons
2779 594 3167 666 interpretatur
3195 601 3432 671 siccitas,

191 688 241 735 et
272 676 474 733 salietis
504 675 643 729 sicut
672 673 824 727 vituli
853 673 920 728 de
948 683 1225 740 armento,
1253 683 1309 728 et
1347 674 1628 729 calcabitis
1660 674 1761 729 im—

189 772 301 845 pios
326 784 448 825 cum
478 767 673 823 fuerint
699 766 837 822 cinis
860 766 1165 839 sub‘planta
1193 765 1390 837 pedum
1414 774 1721 822 vestrorum
1739 804 1761 833 ,

190 865 239 920 in
268 863 351 917 die
378 876 481 931 qua
506 874 605 930 ego
628 858 786 922 facio,
811 859 941 913 dicit
966 858 1225 912 Dominus
1243 857 1603 912 exercituum.
1626 876 1645 910 ι
1667 856 1758 913 Sol

183 953 397 1022 iustitiae
439 951 716 1012 Christus,
768 950 852 1004 cui
892 948 1035 1004 Deus
1064 946 1225 1004 Pater
1270 948 1419 1003 dedit
1456 947 1754 1020 judicium,

188 1047 382 1116 quique
400 1044 545 1113 juste
567 1043 749 1097 omnia
770 1040 1030 1111 judicabit
1048 1082 1063 1107 ,
1091 1050 1148 1097 et
1170 1041 1416 1096 uecvitia
1445 1042 1757 1111 neque'vir-

186 1149 323 1196 tutes
350 1139 522 1194 latere
549 1137 800 1207 patietur.
832 1133 1053 1191 Orietur
1087 1133 1400 1189 timentibus
1427 1133 1594 1188 Deum
1614 1172 1629 1196 ,
1659 1146 1755 1189 oe-

188 1236 328 1294 cidet
358 1242 538 1288 autem
570 1240 626 1286 et
653 1228 1034 1286 obscurabitur
1061 1226 1532 1284 contemnentibus
1557 1233 1613 1281 et
1639 1224 1759 1280 bla-

183 1321 593 1399 sphemantibus
633 1337 798 1387 eum;
840 1322 979 1377 unde
1011 1329 1065 1376 et
1095 1318 1332 1375 damnati
1373 1317 1581 1381 dicent,
1615 1316 1758 1386 quod

180 1422 435 1491 scriptum
471 1425 555 1473 est
589 1416 645 1470 in
684 1414 823 1471 libro
868 1414 1194 1485 Sapientiae:
1233 1429 1252 1463 ι
1291 1409 1495 1467 Lumen
1531 1409 1759 1481 justitia‘.

178 1528 278 1567 non
312 1510 447 1564 luxit
475 1506 634 1563 nobis
654 1547 669 1573 ,
699 1514 754 1561 et
784 1506 863 1562 sol
891 1521 999 1561 non
1025 1512 1178 1562 ortus
1203 1510 1286 1559 est
1315 1502 1492 1558 nobis.
1524 1521 1542 1553 ›
1568 1502 1626 1556 ln
1656 1502 1757 1556 hu-

173 1600 255 1671 jus
285 1599 416 1655 solis
444 1596 544 1653 aiis
584 1597 789 1653 sanitas
832 1604 944 1662 est,
983 1606 1040 1651 ut
1082 1604 1302 1651 sanatos
1344 1610 1444 1666 per
1480 1593 1753 1665 poeniten-

182 1695 306 1749 tiam
354 1698 634 1763 protegat,
680 1698 735 1745 et
780 1689 846 1744 ad
893 1688 1078 1744 caulas
1130 1688 1307 1758 gregis
1353 1685 1434 1741 sui
1482 1693 1753 1756 reportet,

171 1784 323 1853 juxta
352 1782 497 1853 quod
528 1782 581 1835 in
611 1780 1028 1835 Deuteronomio
1060 1779 1317 1851 scriptum
1347 1784 1461 1833 est:
1499 1794 1517 1827 ι
1550 1777 1756 1847 Expan-

175 1872 250 1929 dit
278 1873 387 1929 alas
418 1887 545 1927 suas
567 1912 582 1937 ,
619 1890 638 1923 ι
672 1879 777 1926 etc.
812 1868 965 1925 Tunc
991 1869 1334 1941 egredientur
1362 1866 1454 1936 qui
1487 1867 1539 1921 in
1570 1866 1751 1923 smculi

1858 674 2093 744 quialex
2129 678 2479 747 spiritualiter
2501 682 2768 741 intellecta
2807 702 3020 745 omnem
3061 691 3313 750 vitiorum
3343 712 3436 753 ex-

1859 769 2041 837 coquit
2062 769 2363 859 humorem.
2392 771 2625 830 Locutus
2654 786 2737 832 est
2766 788 2946 835 autem
2975 783 3044 838 ad
3082 783 3248 842 Israel
3289 803 3428 859 prae-

1856 866 2012 949 cepta
2033 867 2088 914 et
2101 858 2326 928 judicia,
2341 863 2464 932 quia
2495 864 2598 920 illis
2623 869 3006 928 committenda
3022 884 3150 931 sunt
3177 858 3432 949 mysteria

1859 946 2296 1019 Scripturarum,
2335 954 2428 1024 qui
2482 956 2667 1011 mundi
2702 961 2881 1017 cordis
2923 964 3095 1021 oculis
3143 946 3312 1025 Deum
3360 972 3434 1026 vi-

1856 1037 1983 1094 dere
2014 1050 2310 1096 merentur.
3056 1054 3064 1071 ‘

1930 1150 1950 1183 ‹
1982 1130 2120 1194 Ecce
2149 1147 2248 1203 ego
2272 1134 2481 1190 mittam
2508 1136 2662 1194 vobis
2690 1138 2861 1195 Eliam
2901 1148 3244 1218 prophetam,
3277 1166 3432 1213 ante-

1855 1234 2015 1290 quam
2043 1224 2223 1278 veniat
2251 1225 2368 1280 dies
2397 1226 2608 1284 Domini
2654 1245 2883 1301 magnus
2922 1243 2980 1290 et
3029 1237 3326 1311 horribilis,
3376 1256 3432 1302 et

1855 1320 2136 1369 convertet
2173 1329 2268 1369 cor
2311 1324 2522 1385 patrum
2573 1321 2644 1374 ad
2696 1320 2863 1387 ﬁlios,
2893 1333 2948 1379 et
2982 1340 3078 1381 cor
3100 1327 3329 1386 ﬁliorum
3361 1335 3430 1390 ad

1852 1411 2036 1473 patres
2069 1419 2277 1472 eorum,
2305 1422 2372 1461 ne
2400 1406 2549 1475 forte
2579 1411 2790 1466 veniam
2820 1422 2875 1468 et
2899 1417 3200 1485 percutiam
3229 1429 3431 1478 terram

1854 1495 2217 1551 anathemate.
2258 1515 2276 1548 ι
2309 1496 2635 1556 Ρτξιεηιοηίιο
2660 1510 2718 1557 ut
2749 1505 3056 1579 meminerit
3080 1508 3214 1581 legis
3236 1512 3427 1584 Moysi,

1855 1586 1985 1641 dicit
2033 1602 2092 1642 se
2146 1588 2436 1669 missurum
2482 1590 2677 1658 Eliam,
2725 1596 2850 1665 quia
2901 1597 2954 1652 in
3001 1598 3180 1672 Moyse
3235 1603 3341 1671 lex,
3375 1606 3431 1662 in

1854 1676 1967 1732 Elia
1992 1679 2329 1749 significatur
2349 1684 2649 1753 prophetia.
2697 1686 2850 1742 Unde
2877 1697 2933 1744 et
2963 1691 3342 1764 transﬂgurato
3372 1696 3427 1752 in

1852 1776 2034 1823 monte
2064 1769 2292 1826 Domino
2322 1785 2689 1844 apparuerunt
2715 1777 2926 1848 Moyses
2951 1789 3006 1836 et
3040 1781 3185 1839 Elias
3213 1801 3335 1840 cum
3363 1803 3428 1843 eo

1853 1859 2153 1931 loquentes,
2179 1863 2304 1931 quia
2334 1872 2445 1918 tam
2480 1863 2566 1921 lex
2606 1882 2769 1937 quam
2811 1871 2988 1926 omnis
3040 1875 3426 1943 prophetarum

174 1963 329 2033 huius
373 1977 593 2020 carcere
641 1961 807 2017 clausi
858 1959 1199 2027 tenebamur,
1251 1969 1308 2015 ει
1355 1959 1552 2015 satiem
1592 1959 1748 2029 quasi
1779 1947 1824 2005 Β
1851 1953 2072 2017 chorus,
2102 1953 2304 2010 Christi
2358 1959 2857 2027 praenuntiaverunt
2907 1963 3216 2023 adventum.
3263 1967 3429 2039 Igitur

170 2055 322 2109 vituli
367 2055 432 2109 de
460 2061 738 2118 armento,
764 2052 1040 2122 placentes
1071 2051 1181 2107 Deo
1207 2050 1470 2116 victimae,
1502 2050 1746 2105 renovati

176 2155 228 2200 et
253 2146 425 2209 nitidi,
443 2144 688 2214 squalore
709 2142 1055 2198 mortalitatis
1076 2142 1307 2213 abjecto.
1331 2137 1443 2203 Vel,
1475 2140 1614 2195 sicut
1641 2139 1745 2194 alia

172 2235 334 2289 editio
379 2234 539 2299 dicit,
588 2233 741 2288 vituli
791 2232 950 2288 soluti
979 2246 1009 2285 a
1040 2230 1299 2294 vinculis,
1332 2246 1361 2284 a
1393 2230 1588 2300 quibus
1615 2228 1747 2285 libe-

169 2326 273 2378 rari
303 2323 548 2393 cupiebat
578 2322 898 2395 Apostolus,
930 2323 1120 2378 dicens
1146 2338 1161 2377 :
1186 2339 1205 2374 ι
1238 2321 1410 2393 Cupio
1439 2320 1659 2377 dissolvi
1688 2329 1745 2377 et

163 2428 284 2469 esse
326 2428 449 2469 cum
495 2412 729 2469 Christo.
764 2433 782 2465 ι
813 2412 924 2468 Nec
967 2412 1061 2467 tali
1101 2412 1437 2483 iucunditate
1466 2410 1742 2476 contenti,

163 2505 447 2561 calcabunt
486 2504 679 2575 impios
719 2519 839 2558 cum
884 2503 1086 2558 fuerint
1123 2503 1261 2558 cinis
1303 2498 1404 2557 sub
1432 2501 1613 2571 planta
1645 2515 1741 2571 pe-

161 2598 282 2653 dum
315 2612 533 2659 eorum,
560 2594 711 2664 juxta
737 2595 876 2664 quod
906 2595 1192 2667 Apostolus
1227 2604 1518 2667 precatur:
1552 2614 1570 2647 ι
1600 2597 1741 2652 Deus

159 2694 404 2742 conteret
444 2684 703 2741 Satanam
748 2687 848 2741 sub
891 2686 1115 2756 pedibus
1160 2687 1359 2743 vestris
1404 2686 1682 2743 velociter.
1715 2706 1735 2740 ι

156 2777 455 2834 Calcabunt
485 2786 663 2832 autem
703 2793 810 2832 non
847 2777 1153 2833 insultando
1192 2775 1476 2848 ι)εῆἰίιὶοηὶ
1516 2793 1738 2844 eorum,

155 2869 247 2924 scd
285 2868 439 2938 justo
484 2869 574 2923 Dei
608 2868 813 2938 judicio
851 2868 1249 2931 concordando,
1284 2877 1335 2923 et
1367 2869 1510 2923 nulla
1541 2868 1608 2923 ad
1646 2884 1741 2925 eos

154 2962 535 3031 compassione
562 2959 803 3013 animum
832 2956 1117 3013 ﬂectendo.
1146 2958 1281 3014 Nam
1307 2960 1482 3014 sancti
1511 2959 1564 3014 in
1593 2976 1742 3015 com-

150 3054 439 3123 paratione
470 3051 663 3106 divinae
707 3048 1042 3120 majestatis,
1089 3063 1148 3104 se
1193 3049 1431 3104 cinerem
1472 3065 1737 3120 recogno-

151 3157 339 3204 scunt.
380 3146 531 3202 Unde
561 3144 872 3200 Abraham:
909 3162 927 3195 α
960 3143 1429 3215 Ιιοίιυατϋηίιυίι)
1461 3143 1529 3198 ad
1561 3143 1740 3198 Domi-

148 3257 278 3295 num
328 3254 544 3303 meum,
572 3252 694 3293 cum
727 3234 831 3292 sim
863 3234 1035 3305 pulvis
1068 3243 1123 3289 et
1151 3234 1308 3289 cinis.
1342 3252 1360 3285 ι
1386 3233 1457 3288 At
1484 3233 1735 3305 superbi,

1847 2050 2134 2113 antequam
2164 2045 2280 2101 dies
2298 2045 2487 2116 judicii
2506 2049 2718 2115 veniat,
2743 2050 2921 2106 mittet
2949 2051 3206 2110 Dominus
3230 2056 3423 2124 Eliam,

1846 2135 1937 2205 qui
1969 2135 2355 2206 interpretatur
2394 2139 2536 2194 Deus
2567 2155 2721 2196 meus
2762 2141 3040 2210 Dominus,
3064 2153 3228 2201 etest
3254 2145 3427 2202 Thes-

1845 2222 1984 2279 bites
2014 2224 2079 2278 de
2103 2225 2296 2295 oppido
2316 2225 2534 2293 Thesbi,
2566 2229 2710 2298 quod
2739 2229 3126 2302 interpretatur
3154 2252 3167 2288 :
3197 2250 3424 2291 conver—
3508 2260 3518 2267 ο

1844 2315 1945 2371 sio.
1984 2315 2259 2384 Quorum?
2288 2316 2548 2375 Videlicet
2578 2323 2984 2391 prophetarum,
3014 2326 3107 2394 qui
3152 2342 3251 2382 nos
3289 2342 3422 2397 quo-

1844 2406 1976 2461 tidie
2000 2407 2067 2461 ad
2093 2410 2499 2465 conversionem
2543 2421 2599 2465 et
2637 2414 3006 2483 paenitentiam
3035 2416 3338 2483 hortantur,
3367 2426 3428 2472 ut

1844 2504 2194 2552 convertatur
2218 2513 2314 2553 cor
2341 2507 2554 2568 patrum
2579 2500 2645 2554 ad
2669 2500 2826 2566 filios,
2852 2502 2905 2557 id
2932 2511 3016 2557 est
3046 2494 3231 2560 tidem‘
3259 2520 3422 2575 quam

1843 2585 2029 2641 habuit
2052 2586 2345 2654 Abraham,
2370 2588 2519 2645 lsaac
2548 2599 2605 2644 et
2642 2590 2840 2658 Jacob,
2871 2600 2927 2647 et
2963 2595 3147 2649 caeteri
3191 2597 3423 2665 patriar-

1842 2677 1958 2732 chae
1985 2677 2276 2747 inspirent,
2305 2687 2360 2734 et
2388 2679 2663 2736 insinuent
2688 2680 2813 2736 filiis
2857 2683 3188 2753 propheticis
3236 2685 3424 2741 lectio-

1842 2768 2015 2832 nibus,
2040 2760 2311 2839 quatenus
2337 2771 2478 2840 quod
2504 2771 2581 2827 illi
2610 2774 2952 2830 crediderunt
2975 2777 3041 2831 de
3060 2774 3281 2832 Christo
3316 2777 3422 2832 im-

1839 2859 2111 2932 plendum,
2136 2862 2192 2916 hi
2223 2863 2453 2918 credant
2474 2864 2773 2934 impletum.
2800 2866 2927 2922 Sive
2956 2886 2974 2919 ι
3006 2882 3102 2923 cor
3122 2879 3358 2938 patrum,
3394 2890 3413 2922 ι

1842 2952 1896 3008 id
1922 2962 2006 3008 est
2031 2964 2267 3010 mentem
2296 2956 2390 3012 Dei
2413 2958 2562 3022 dicit,
2581 2974 2700 3028 quae
2724 2958 2824 3014 fuit
2853 2960 2908 3014 in
2939 2962 3207 3031 patribus,
3240 2970 3421 3018 trans-

1842 3042 2031 3099 fundat
2056 3045 2110 3099 in
2138 3046 2276 3101 tilios
2302 3048 2631 3117 adoptionis,
2654 3059 2712 3105 et
2737 3066 2832 3106 cor
2858 3051 3091 3106 ﬁliorum
3131 3062 3418 3109 convertat

1843 3137 1909 3191 ad
1936 3145 2140 3207 patres,
2172 3147 2232 3193 ut
2260 3155 2327 3195 ex
2360 3142 2610 3211 gentibus
2635 3151 2691 3197 et
2711 3142 2909 3198 Iudaeis
2934 3146 3218 3201 credentes
3244 3147 3414 3210 Patri,

1841 3228 1897 3284 in
1927 3226 2147 3284 Christo
2169 3228 2272 3285 ﬁde
2299 3239 2353 3287 et
2393 3232 2650 3301 religione
2689 3233 3051 3288 consentiant.
3106 3233 3220 3289 Nisi
3271 3237 3418 3292 enim

146 3346 387 3402 quorum
419 3330 671 3400 princeps
705 3326 948 3382 dicebat:
981 3346 998 3377 ι
1031 3325 1333 3381 Ascendam
1365 3340 1526 3396 super
1552 3324 1733 3380 altitu—
1761 3321 1805 3384 C
1837 3323 2132 3393 spiritualis
2185 3325 2483 3396 prophetia:
2538 3325 2893 3396 intelligentia
2944 3341 3040 3382 cor
3086 3321 3300 3397 patrum
3349 3326 3418 3384 ad

144 3423 334 3477 dinem
370 3421 624 3485 nubium,
656 3418 848 3474 similis
873 3432 967 3473 cro
996 3415 1294 3479 Altissimo,
1328 3436 1348 3469 ι
1381 3416 1734 3472 detrahentur

145 3514 198 3568 in
233 3515 421 3569 lacum
453 3510 685 3578 inferni,
722 3519 778 3566 et
824 3519 986 3565 erunt
1024 3525 1152 3566 vere
1191 3509 1329 3565 cinis
1374 3509 1475 3565 sub
1514 3518 1733 3566 sancto-

141 3621 269 3660 rum
303 3604 556 3675 pedibus.

134 3748 135 3751 η
219 3714 240 3748 ι
287 3694 618 3749 Mementote
647 3691 780 3762 legis
810 3690 977 3762 Moysi
1008 3690 1148 3746 servi
1179 3689 1302 3754 mei,
1333 3690 1458 3761 quia
1481 3690 1732 3746 mandavi

137 3789 190 3844 ei
235 3789 298 3845 in
335 3786 514 3844 Horeb
544 3787 613 3841 ad
645 3801 859 3841 omnem
890 3785 1055 3841 Israel
1080 3794 1350 3855 praecepta
1375 3792 1428 3839 ct
1449 3783 1672 3851 judicia.
1707 3802 1727 3836 ι

136 3880 336 3937 Horeb
362 3895 517 3934 mons
544 3888 627 3933 est
660 3877 713 3933 in
745 3876 900 3942 Sina,
924 3877 1012 3932 ubi
1041 3877 1251 3948 Moyses
1295 3876 1506 3946 accepit
1557 3877 1731 3946 legem

120 3954 451 4044 ‘digitoDci
478 3970 734 4036 scriptam
772 3968 825 4021 in
850 3967 1048 4023 tabulis
1079 3967 1322 4037 lapideis.
1349 3965 1482 4021 Cum
1513 3963 1732 4039 (inquit)

126 4062 344 4119 sciatis
370 4076 468 4131 pro
495 4066 645 4113 certo
669 4066 952 4111 venturum
983 4056 1123 4111 diem
1144 4057 1355 4125 judicii,
1386 4055 1600 4125 quando
1637 4069 1734 4109 su-

125 4152 449 4225 perborum
480 4147 715 4204 radicem
746 4156 801 4202 et
828 4163 1042 4217 germen
1069 4145 1282 4201 ﬂamma
1333 4146 1644 4211 comburet,
1670 4145 1737 4199 ti-

122 4238 434 4299 mentibus
471 4247 649 4293 autem
680 4236 887 4291 orietur
915 4235 992 4291 sol
1014 4234 1256 4303 justitize,
1306 4243 1519 4306 oportet
1558 4242 1619 4289 ut
1651 4249 1737 4289 re-

126 4330 461 4390 cordemini
486 4328 640 4400 legis,
666 4343 828 4399 quam
859 4343 956 4397 per
985 4327 1202 4399 Moysen
1233 4328 1387 4382 vobis
1414 4327 1561 4393 dedi,
1583 4335 1637 4381 ct
1672 4340 1735 4381 ea

128 4441 265 4498 quae
295 4424 375 4478 ibi
398 4422 773 4492 percipiuntur
798 4435 961 4490 opere
990 4421 1276 4491 impleatis.
1322 4419 1427 4475 Sed
1476 4429 1531 4475 et
1582 4420 1736 4475 nobis

128 4515 470 4590 praecipitur
487 4521 546 4573 ut
584 4513 931 4568 recordemur
951 4514 1246 4584 spiritualis
1273 4522 1329 4569 et
1357 4514 1551 4570 divinae
1582 4514 1733 4586 legis,

131 4621 332 4678 eaque
377 4619 484 4660 non
531 4603 842 4671 carnaliter,
871 4605 965 4661 sed
990 4605 1345 4676 spiritualiter
1391 4604 1729 4674 impleamus.

1836 3415 1993 3483 ﬁiios,
2017 3427 2072 3473 et
2106 3432 2201 3474 cor
2226 3418 2455 3474 ﬁliorum
2477 3418 2543 3474 ad
2568 3428 2751 3489 patres
2773 3433 2958 3475 eorum
2984 3420 3076 3476 tali
3101 3420 3261 3477 modo
3286 3438 3418 3478 con-

1834 3508 2083 3572 verterit,
2112 3509 2335 3564 veniens
2376 3508 2634 3565 Dominus
2669 3509 2934 3581 percutiet
2963 3518 3164 3565 terram
3194 3513 3412 3568 anatbeo

1835 3606 2001 3665 mate,
2033 3598 2138 3653 hoc
2160 3606 2264 3664 est,
2290 3608 2508 3655 reterme
2529 3600 2923 3656 maledictionis
2947 3600 3295 3667 alienatione,
3312 3618 3418 3671 qua

1833 3691 2077 3747 dicturus
2107 3700 2193 3748 est
2232 3693 2317 3748 his
2350 3707 2470 3762 qua:
2499 3709 2527 3747 a
2555 3692 2790 3749 sinistris
2816 3702 3016 3749 erunt:
3046 3711 3065 3745 ι
3095 3692 3365 3748 Discedite
3386 3707 3417 3748 a

1833 3796 1942 3848 me,
1972 3782 2264 3848 maledicti,
2295 3783 2348 3836 in
2377 3783 2552 3853 ignem
2581 3792 2862 3837 aeternum.
2894 3801 2914 3833 ι
2944 3780 3062 3837 Νοη
3087 3780 3259 3837 solum
3304 3797 3404 3836 au-

1834 3882 1942 3930 tem
1966 3875 2161 3929 curtum
2190 3891 2249 3931 se
2276 3875 2407 3931 dicit
2433 3877 2774 3931 anathemate
2801 3890 3204 3946 percussurum,
3229 3876 3281 3930 id
3306 3883 3412 3943 est,

1833 3982 1926 4022 eos
1937 3967 2028 4037 qui
2049 3968 2323 4022 cmlestem
2346 3967 2544 4022 habent
2565 3969 3053 4033 conversationem,
3070 3968 3163 4022 sed
3188 3975 3413 4037 terram,

1833 4054 1889 4111 id
1926 4065 2010 4111 est
2060 4065 2277 4111 terrena
2316 4056 2609 4126 sapientes,
2654 4064 2711 4111 ct
2762 4056 2995 4111 terrenis
3042 4054 3296 4125 operibus
3327 4058 3415 4112 iu-

1834 4144 2065 4199 hiantes.
2091 4143 2218 4200 Haec
2240 4144 2304 4199 de
2326 4144 2442 4198 Elia
2468 4145 2720 4210 diximus,
2752 4145 2924 4200 secuti
2954 4145 3223 4212 doctores,
3249 4162 3417 4217 quan-

1836 4250 1996 4306 quam
2029 4234 2182 4288 multi
2223 4234 2332 4288 sint
2368 4234 2530 4289 etiam
2573 4243 2880 4289 nostrorum
2911 4235 2999 4305 qui
3037 4235 3265 4291 credunt
3291 4251 3415 4292 eum

1837 4327 1901 4382 ad
1928 4326 2163 4381 litteram
2187 4333 2493 4391 venturum,
2519 4334 2573 4380 et
2595 4326 2908 4380 restiturum
2947 4325 3150 4392 omnia,
3175 4340 3239 4382 ac
3265 4341 3414 4381 mor-

1838 4420 1905 4474 tis
1928 4418 2161 4474 debitum
2192 4418 2611 4487 persoluturum.
2635 4418 2902 4473 Caeterum
2945 4418 3207 4474 Dominus
3250 4419 3420 4474 inter-

1837 4518 2054 4581 rogatus
2101 4510 2167 4565 de
2212 4510 2445 4564 advequ
2497 4509 2629 4566 Elia:
2675 4509 2743 4565 ab
2782 4510 3059 4581 apostolis,
3092 4511 3413 4582 respondit:

1840 4622 1859 4654 ι
1888 4603 2032 4658 Elias
2048 4602 2162 4673 jam
2192 4601 2362 4668 venit,
2392 4611 2447 4657 et
2470 4617 2579 4658 non
2627 4611 2998 4674 cognoverunt
3029 4618 3178 4670 eum,
3210 4604 3302 4659 sed
3340 4605 3420 4662 fe-

131 4695 449 4771 Apostolus
483 4696 626 4751 enim
651 4697 781 4753 dicit
825 4698 951 4767 quia
999 4695 1084 4752 lex
1120 4696 1419 4766 spiritualis
1449 4704 1552 4751 est.
1586 4694 1734 4752 Psal-
1765 4686 1812 4744 ο
1838 4707 2028 4754 cerunt
2055 4699 2107 4754 in
2145 4714 2268 4756 eum
2298 4712 2634 4769 quascunque
2669 4697 2975 4764 voluerunt,
3008 4716 3028 4750 ι
3054 4696 3315 4754 Joannem
3363 4700 3420 4755 in

134 4790 316 4844 mista
355 4800 567 4856 quoque
601 4786 933 4856 spiritualcm
966 4787 1203 4843 ostendit
1250 4802 1373 4843 esse
1420 4787 1614 4859 legem,
1650 4788 1736 4842 di-

63 4869 69 4891 ’
134 4896 283 4937 cens
317 4897 333 4934 :
379 4896 397 4929 ι
430 4878 630 4935 Revela
657 4879 842 4936 oculos
862 4895 1032 4946 meos,
1054 4889 1109 4935 et
1129 4881 1483 4936 considerabo
1510 4879 1736 4934 mirabi-

133 4974 214 5033 lia
275 4973 355 5031 de
407 4972 522 5045 lege
575 4980 684 5029 tua.
724 4993 743 5027 ι
783 4973 933 5029 lianc
982 4972 1316 5044 spiritualem
1366 4972 1541 5044 legem
1591 4972 1739 5028 dedit

1838 4790 1954 4845 Elia
1983 4790 2169 4845 volens
2206 4790 2463 4861 intelligi;
2512 4790 2654 4845 unde
2682 4791 3005 4846 subsecutus
3038 4789 3283 4859 adjunxit
3314 4810 3328 4846 :
3363 4791 3421 4847 Si

1839 4882 2002 4937 vultis
2029 4882 2289 4952 recipere,
2318 4879 2553 4937 Joannes
2583 4881 2698 4952 ipse
2736 4889 2820 4937 est
2845 4881 2994 4938 Elias
3035 4881 3128 4953 qui
3158 4890 3422 4938 venturus

1839 4982 1938 5028 est.
