  <div class='ocr_page' id='page_1' title='image "/cluster/home/n/w/nwhite01/storage/ocr_20150623/117/hvd.32044015466899/153.png"; bbox 0 0 3950 6464; ppageno 0'>
   <div class='ocr_carea' id='block_1_1' title="bbox 538 486 3801 554">
    <p class='ocr_par' dir='ltr' id='par_1_1' title="bbox 600 494 1974 506">
     <span class='ocr_line' id='line_1_1' title="bbox 600 494 1974 506; baseline -0.006 -1"><span class='ocrx_word' id='word_1_1' title='bbox 600 496 1161 506; x_wconf 68' lang='lat'><strong>.._.._____...._.__.----</strong></span> <span class='ocrx_word' id='word_1_2' title='bbox 1971 494 1974 497; x_wconf 88' lang='lat'><strong>.</strong></span> 
     </span>
    </p>
   </div>
   <div class='ocr_carea' id='block_1_2' title="bbox 1589 674 2743 819">
    <p class='ocr_par' dir='ltr' id='par_1_2' title="bbox 1589 674 2743 819">
     <span class='ocr_line' id='line_1_2' title="bbox 1589 674 2743 819; baseline 0.001 -1"><span class='ocrx_word' id='word_1_3' title='bbox 1589 674 2743 819; x_wconf 86' lang='lat' dir='ltr'><strong>HAYMONIS</strong></span> 
     </span>
    </p>
   </div>
   <div class='ocr_carea' id='block_1_3' title="bbox 1618 938 2669 1031">
    <p class='ocr_par' dir='ltr' id='par_1_3' title="bbox 1618 938 2669 1031">
     <span class='ocr_line' id='line_1_3' title="bbox 1618 938 2669 1031; baseline 0.001 -36"><span class='ocrx_word' id='word_1_4' title='bbox 1618 1023 1625 1031; x_wconf 34' lang='lat'><strong>‘</strong></span> <span class='ocrx_word' id='word_1_5' title='bbox 1670 938 2327 996; x_wconf 78' lang='lat' dir='ltr'><strong>HALBEBSTATENSIS</strong></span> <span class='ocrx_word' id='word_1_6' title='bbox 2363 938 2669 996; x_wconf 84' lang='lat' dir='ltr'><strong>EPISCOPI</strong></span> 
     </span>
    </p>
   </div>
   <div class='ocr_carea' id='block_1_4' title="bbox 852 1124 3482 1343">
    <p class='ocr_par' dir='ltr' id='par_1_4' title="bbox 852 1124 3482 1343">
     <span class='ocr_line' id='line_1_4' title="bbox 852 1124 3482 1343; baseline -0.002 -55"><span class='ocrx_word' id='word_1_7' title='bbox 852 1128 1768 1290; x_wconf 73' lang='lat' dir='ltr'><strong>GOMMENTARIUM</strong></span> <span class='ocrx_word' id='word_1_8' title='bbox 1874 1128 2006 1283; x_wconf 87' lang='lat' dir='ltr'><strong>IN</strong></span> <span class='ocrx_word' id='word_1_9' title='bbox 2116 1124 2618 1343; x_wconf 68' lang='lat' dir='ltr'><strong>CANTICA</strong></span> <span class='ocrx_word' id='word_1_10' title='bbox 2723 1125 3482 1284; x_wconf 65' lang='lat' dir='ltr'><strong>CANTIGMIUM.</strong></span> 
     </span>
    </p>
   </div>
   <div class='ocr_carea' id='block_1_5' title="bbox 1692 1388 2644 1455">
    <p class='ocr_par' dir='ltr' id='par_1_5' title="bbox 1692 1388 2644 1455">
     <span class='ocr_line' id='line_1_5' title="bbox 1692 1388 2644 1455; baseline -0.002 -14"><span class='ocrx_word' id='word_1_11' title='bbox 1692 1390 1788 1455; x_wconf 79' lang='lat' dir='ltr'><strong>(Ex</strong></span> <span class='ocrx_word' id='word_1_12' title='bbox 1815 1391 2034 1443; x_wconf 74' lang='lat' dir='ltr'><strong>editione</strong></span> <span class='ocrx_word' id='word_1_13' title='bbox 2054 1389 2327 1442; x_wconf 72' lang='lat' dir='ltr'><strong>Coloniensi</strong></span> <span class='ocrx_word' id='word_1_14' title='bbox 2347 1390 2460 1440; x_wconf 82' lang='lat' dir='ltr'><strong>anni</strong></span> <span class='ocrx_word' id='word_1_15' title='bbox 2482 1388 2644 1451; x_wconf 67' lang='lat'><strong>£529.)</strong></span> 
     </span>
    </p>
   </div>
   <div class='ocr_carea' id='block_1_6' title="bbox 1981 1540 2355 1559">
    <p class='ocr_par' dir='ltr' id='par_1_6' title="bbox 1981 1540 2355 1559">
     <span class='ocr_line' id='line_1_6' title="bbox 1981 1540 2355 1559; baseline 0.003 -3"><span class='ocrx_word' id='word_1_16' title='bbox 1981 1540 2355 1559; x_wconf 73' lang='lat'><strong>——-—_</strong></span> 
     </span>
    </p>
   </div>
   <div class='ocr_carea' id='block_1_7' title="bbox 608 1627 3803 1710">
    <p class='ocr_par' dir='ltr' id='par_1_7' title="bbox 608 1627 3803 1710">
     <span class='ocr_line' id='line_1_7' title="bbox 608 1627 3803 1710; baseline -0.005 -7"><span class='ocrx_word' id='word_1_17' title='bbox 608 1648 895 1709; x_wconf 89' lang='lat' dir='ltr'><strong>Salomon,</strong></span> <span class='ocrx_word' id='word_1_18' title='bbox 956 1639 1249 1710; x_wconf 75' lang='lat' dir='ltr'><strong>inspiratus</strong></span> <span class='ocrx_word' id='word_1_19' title='bbox 1298 1636 1483 1692; x_wconf 84' lang='lat' dir='ltr'><strong>divino</strong></span> <span class='ocrx_word' id='word_1_20' title='bbox 1519 1632 1759 1703; x_wconf 92' lang='lat' dir='ltr'><strong>Spiritu,</strong></span> <span class='ocrx_word' id='word_1_21' title='bbox 1810 1630 2111 1701; x_wconf 72' lang='lat' dir='ltr'><strong>composuit</strong></span> <span class='ocrx_word' id='word_1_22' title='bbox 2138 1638 2182 1695; x_wconf 79' lang='grc' dir='ltr'>Α</span> <span class='ocrx_word' id='word_1_23' title='bbox 2212 1628 2379 1684; x_wconf 88' lang='lat' dir='ltr'><strong>litatis</strong></span> <span class='ocrx_word' id='word_1_24' title='bbox 2424 1627 2525 1683; x_wconf 89' lang='lat' dir='ltr'><strong>sibi</strong></span> <span class='ocrx_word' id='word_1_25' title='bbox 2563 1629 2793 1684; x_wconf 76' lang='lat' dir='ltr'><strong>conscia:</strong></span> <span class='ocrx_word' id='word_1_26' title='bbox 2832 1636 2978 1695; x_wconf 88' lang='lat' dir='ltr'><strong>sunt,</strong></span> <span class='ocrx_word' id='word_1_27' title='bbox 3015 1628 3330 1699; x_wconf 85' lang='lat' dir='ltr'><strong>eoamplius</strong></span> <span class='ocrx_word' id='word_1_28' title='bbox 3352 1630 3635 1686; x_wconf 72' lang='lat' dir='ltr'><strong>Christum</strong></span> <span class='ocrx_word' id='word_1_29' title='bbox 3686 1631 3803 1687; x_wconf 85' lang='lat' dir='ltr'><strong>dili-</strong></span> 
     </span>
    </p>
   </div>
   <div class='ocr_carea' id='block_1_8' title="bbox 536 1727 2113 1803">
    <p class='ocr_par' dir='ltr' id='par_1_8' title="bbox 536 1727 2113 1803">
     <span class='ocr_line' id='line_1_8' title="bbox 536 1727 2113 1803; baseline -0.008 -7"><span class='ocrx_word' id='word_1_30' title='bbox 536 1738 681 1797; x_wconf 84' lang='lat' dir='ltr'><strong>hunc</strong></span> <span class='ocrx_word' id='word_1_31' title='bbox 707 1736 945 1793; x_wconf 91' lang='lat' dir='ltr'><strong>libellum</strong></span> <span class='ocrx_word' id='word_1_32' title='bbox 973 1736 1039 1791; x_wconf 90' lang='lat' dir='ltr'><strong>de</strong></span> <span class='ocrx_word' id='word_1_33' title='bbox 1065 1734 1266 1803; x_wconf 90' lang='lat' dir='ltr'><strong>nuptiis</strong></span> <span class='ocrx_word' id='word_1_34' title='bbox 1284 1731 1486 1788; x_wconf 80' lang='lat' dir='ltr'><strong>ChriSti</strong></span> <span class='ocrx_word' id='word_1_35' title='bbox 1517 1738 1570 1785; x_wconf 89' lang='lat' dir='ltr'><strong>et</strong></span> <span class='ocrx_word' id='word_1_36' title='bbox 1599 1727 1870 1791; x_wconf 73' lang='lat' dir='ltr'><strong>Ecclesize,</strong></span> <span class='ocrx_word' id='word_1_37' title='bbox 1904 1736 1959 1783; x_wconf 92' lang='lat' dir='ltr'><strong>et</strong></span> <span class='ocrx_word' id='word_1_38' title='bbox 1979 1742 2113 1796; x_wconf 92' lang='lat' dir='ltr'><strong>quo-</strong></span> 
     </span>
    </p>
   </div>
   <div class='ocr_carea' id='block_1_9' title="bbox 541 1818 2114 1897">
    <p class='ocr_par' dir='ltr' id='par_1_9' title="bbox 541 1818 2114 1897">
     <span class='ocr_line' id='line_1_9' title="bbox 541 1818 2114 1897; baseline -0.008 -11"><span class='ocrx_word' id='word_1_39' title='bbox 541 1829 828 1886; x_wconf 91' lang='lat' dir='ltr'><strong>dammodo</strong></span> <span class='ocrx_word' id='word_1_40' title='bbox 850 1824 1256 1897; x_wconf 80' lang='lat' dir='ltr'><strong>epithalamium</strong></span> <span class='ocrx_word' id='word_1_41' title='bbox 1280 1822 1409 1877; x_wconf 83' lang='lat' dir='ltr'><strong>fecit</strong></span> <span class='ocrx_word' id='word_1_42' title='bbox 1432 1821 1631 1877; x_wconf 82' lang='lat' dir='ltr'><strong>Christi</strong></span> <span class='ocrx_word' id='word_1_43' title='bbox 1667 1828 1722 1875; x_wconf 90' lang='lat' dir='ltr'><strong>et</strong></span> <span class='ocrx_word' id='word_1_44' title='bbox 1743 1819 1998 1874; x_wconf 70' lang='lat' dir='ltr'><strong>Ecclesia:</strong></span> <span class='ocrx_word' id='word_1_45' title='bbox 2018 1860 2033 1884; x_wconf 91' lang='lat'><strong>,</strong></span> <span class='ocrx_word' id='word_1_46' title='bbox 2059 1818 2114 1873; x_wconf 92' lang='lat' dir='ltr'><strong>id</strong></span> 
     </span>
    </p>
   </div>
   <div class='ocr_carea' id='block_1_10' title="bbox 455 1908 2115 1986">
    <p class='ocr_par' dir='ltr' id='par_1_10' title="bbox 455 1908 2115 1986">
     <span class='ocr_line' id='line_1_10' title="bbox 455 1908 2115 1986; baseline -0.01 -8"><span class='ocrx_word' id='word_1_47' title='bbox 455 1949 458 1953; x_wconf 45' lang='grc'><em>“</em></span> <span class='ocrx_word' id='word_1_48' title='bbox 512 1931 619 1977; x_wconf 88' lang='lat' dir='ltr'><strong>est</strong></span> <span class='ocrx_word' id='word_1_49' title='bbox 661 1919 932 1974; x_wconf 83' lang='lat' dir='ltr'><strong>canticum</strong></span> <span class='ocrx_word' id='word_1_50' title='bbox 973 1931 1136 1986; x_wconf 87' lang='lat' dir='ltr'><strong>super</strong></span> <span class='ocrx_word' id='word_1_51' title='bbox 1166 1913 1451 1969; x_wconf 83' lang='lat' dir='ltr'><strong>thalamos.</strong></span> <span class='ocrx_word' id='word_1_52' title='bbox 1483 1910 1636 1966; x_wconf 87' lang='lat' dir='ltr'><strong>Unde</strong></span> <span class='ocrx_word' id='word_1_53' title='bbox 1660 1917 1715 1964; x_wconf 93' lang='lat' dir='ltr'><strong>et</strong></span> <span class='ocrx_word' id='word_1_54' title='bbox 1738 1908 1959 1965; x_wconf 86' lang='lat' dir='ltr'><strong>Cantica</strong></span> <span class='ocrx_word' id='word_1_55' title='bbox 1987 1924 2115 1963; x_wconf 91' lang='lat' dir='ltr'><strong>can-</strong></span> 
     </span>
    </p>
   </div>
   <div class='ocr_carea' id='block_1_11' title="bbox 534 2000 2112 2072">
    <p class='ocr_par' dir='ltr' id='par_1_11' title="bbox 534 2000 2112 2072">
     <span class='ocr_line' id='line_1_11' title="bbox 534 2000 2112 2072; baseline -0.007 -8"><span class='ocrx_word' id='word_1_56' title='bbox 534 2011 766 2064; x_wconf 88' lang='lat' dir='ltr'><strong>ticorum</strong></span> <span class='ocrx_word' id='word_1_57' title='bbox 806 2007 1016 2062; x_wconf 85' lang='lat' dir='ltr'><strong>vocavit</strong></span> <span class='ocrx_word' id='word_1_58' title='bbox 1057 2007 1200 2060; x_wconf 88' lang='lat' dir='ltr'><strong>hunc</strong></span> <span class='ocrx_word' id='word_1_59' title='bbox 1239 2003 1511 2068; x_wconf 90' lang='lat' dir='ltr'><strong>libellum,</strong></span> <span class='ocrx_word' id='word_1_60' title='bbox 1540 2002 1667 2072; x_wconf 89' lang='lat' dir='ltr'><strong>quia</strong></span> <span class='ocrx_word' id='word_1_61' title='bbox 1695 2001 1875 2056; x_wconf 85' lang='lat' dir='ltr'><strong>omnia</strong></span> <span class='ocrx_word' id='word_1_62' title='bbox 1901 2000 2112 2056; x_wconf 87' lang='lat' dir='ltr'><strong>cantica</strong></span> 
     </span>
    </p>
   </div>
   <div class='ocr_carea' id='block_1_12' title="bbox 536 2090 2115 2172">
    <p class='ocr_par' dir='ltr' id='par_1_12' title="bbox 536 2090 2115 2172">
     <span class='ocr_line' id='line_1_12' title="bbox 536 2090 2115 2172; baseline -0.006 -15"><span class='ocrx_word' id='word_1_63' title='bbox 536 2100 941 2172; x_wconf 81' lang='lat' dir='ltr'><strong>superexcellit.</strong></span> <span class='ocrx_word' id='word_1_64' title='bbox 972 2097 1126 2153; x_wconf 85' lang='lat' dir='ltr'><strong>Sicut</strong></span> <span class='ocrx_word' id='word_1_65' title='bbox 1151 2098 1296 2151; x_wconf 89' lang='lat' dir='ltr'><strong>enim</strong></span> <span class='ocrx_word' id='word_1_66' title='bbox 1339 2096 1533 2151; x_wconf 88' lang='lat' dir='ltr'><strong>dicitur</strong></span> <span class='ocrx_word' id='word_1_67' title='bbox 1559 2109 1654 2148; x_wconf 77' lang='lat' dir='ltr'><strong>rex</strong></span> <span class='ocrx_word' id='word_1_68' title='bbox 1680 2108 1864 2163; x_wconf 85' lang='lat' dir='ltr'><strong>regum</strong></span> <span class='ocrx_word' id='word_1_69' title='bbox 1882 2133 1898 2157; x_wconf 92' lang='lat'><strong>,</strong></span> <span class='ocrx_word' id='word_1_70' title='bbox 1927 2100 1982 2147; x_wconf 90' lang='lat' dir='ltr'><strong>et</strong></span> <span class='ocrx_word' id='word_1_71' title='bbox 2009 2090 2115 2147; x_wconf 86' lang='lat' dir='ltr'><strong>Do-</strong></span> 
     </span>
    </p>
   </div>
   <div class='ocr_carea' id='block_1_13' title="bbox 520 2180 2115 2253">
    <p class='ocr_par' dir='ltr' id='par_1_13' title="bbox 520 2180 2115 2253">
     <span class='ocr_line' id='line_1_13' title="bbox 520 2180 2115 2253; baseline -0.006 -8"><span class='ocrx_word' id='word_1_72' title='bbox 520 2192 715 2247; x_wconf 82' lang='lat' dir='ltr'><strong>minus</strong></span> <span class='ocrx_word' id='word_1_73' title='bbox 734 2189 1148 2253; x_wconf 85' lang='lat' dir='ltr'><strong>dominantium,</strong></span> <span class='ocrx_word' id='word_1_74' title='bbox 1174 2195 1229 2242; x_wconf 91' lang='lat' dir='ltr'><strong>et</strong></span> <span class='ocrx_word' id='word_1_75' title='bbox 1250 2186 1564 2241; x_wconf 86' lang='lat' dir='ltr'><strong>solemnitas</strong></span> <span class='ocrx_word' id='word_1_76' title='bbox 1591 2184 2008 2247; x_wconf 72' lang='lat' dir='ltr'><strong>solemnitatum,</strong></span> <span class='ocrx_word' id='word_1_77' title='bbox 2034 2180 2115 2236; x_wconf 88' lang='lat' dir='ltr'><strong>sic</strong></span> 
     </span>
    </p>
   </div>
   <div class='ocr_carea' id='block_1_14' title="bbox 535 2268 2112 2336">
    <p class='ocr_par' dir='ltr' id='par_1_14' title="bbox 535 2268 2112 2336">
     <span class='ocr_line' id='line_1_14' title="bbox 535 2268 2112 2336; baseline -0.008 0"><span class='ocrx_word' id='word_1_78' title='bbox 535 2283 791 2336; x_wconf 88' lang='lat' dir='ltr'><strong>dicuntur</strong></span> <span class='ocrx_word' id='word_1_79' title='bbox 815 2279 1038 2335; x_wconf 82' lang='lat' dir='ltr'><strong>Cantica</strong></span> <span class='ocrx_word' id='word_1_80' title='bbox 1083 2277 1417 2333; x_wconf 85' lang='lat' dir='ltr'><strong>canticorum</strong></span> <span class='ocrx_word' id='word_1_81' title='bbox 1449 2275 1518 2329; x_wconf 87' lang='lat' dir='ltr'><strong>ob</strong></span> <span class='ocrx_word' id='word_1_82' title='bbox 1544 2272 1922 2329; x_wconf 85' lang='lat' dir='ltr'><strong>excellentiam</strong></span> <span class='ocrx_word' id='word_1_83' title='bbox 1951 2279 2008 2324; x_wconf 89' lang='lat' dir='ltr'><strong>et</strong></span> <span class='ocrx_word' id='word_1_84' title='bbox 2027 2268 2112 2324; x_wconf 91' lang='lat' dir='ltr'><strong>di-</strong></span> 
     </span>
    </p>
   </div>
   <div class='ocr_carea' id='block_1_15' title="bbox 533 2362 2110 2444">
    <p class='ocr_par' dir='ltr' id='par_1_15' title="bbox 533 2362 2110 2444">
     <span class='ocr_line' id='line_1_15' title="bbox 533 2362 2110 2444; baseline -0.006 -18"><span class='ocrx_word' id='word_1_85' title='bbox 533 2375 815 2444; x_wconf 84' lang='lat' dir='ltr'><strong>gnitatem.</strong></span> <span class='ocrx_word' id='word_1_86' title='bbox 844 2373 938 2426; x_wconf 87' lang='lat' dir='ltr'><strong>Est</strong></span> <span class='ocrx_word' id='word_1_87' title='bbox 965 2380 1145 2425; x_wconf 87' lang='lat' dir='ltr'><strong>autem</strong></span> <span class='ocrx_word' id='word_1_88' title='bbox 1167 2371 1222 2424; x_wconf 91' lang='lat' dir='ltr'><strong>in</strong></span> <span class='ocrx_word' id='word_1_89' title='bbox 1250 2369 1355 2425; x_wconf 89' lang='lat' dir='ltr'><strong>hoc</strong></span> <span class='ocrx_word' id='word_1_90' title='bbox 1372 2368 1790 2425; x_wconf 88' lang='lat' dir='ltr'><strong>obscurissimns</strong></span> <span class='ocrx_word' id='word_1_91' title='bbox 1824 2365 1927 2419; x_wconf 86' lang='lat' dir='ltr'><strong>iste</strong></span> <span class='ocrx_word' id='word_1_92' title='bbox 1953 2362 2110 2427; x_wconf 86' lang='lat' dir='ltr'><strong>liber.</strong></span> 
     </span>
    </p>
   </div>
   <div class='ocr_carea' id='block_1_16' title="bbox 531 2451 2113 2533">
    <p class='ocr_par' dir='ltr' id='par_1_16' title="bbox 531 2451 2113 2533">
     <span class='ocr_line' id='line_1_16' title="bbox 531 2451 2113 2533; baseline -0.008 -15"><span class='ocrx_word' id='word_1_93' title='bbox 531 2464 658 2533; x_wconf 87' lang='lat' dir='ltr'><strong>quia</strong></span> <span class='ocrx_word' id='word_1_94' title='bbox 704 2462 862 2517; x_wconf 69' lang='lat' dir='ltr'><strong>nullae</strong></span> <span class='ocrx_word' id='word_1_95' title='bbox 904 2463 977 2518; x_wconf 86' lang='lat' dir='ltr'><strong>ibi</strong></span> <span class='ocrx_word' id='word_1_96' title='bbox 1018 2475 1265 2530; x_wconf 69' lang='lat' dir='ltr'><strong>personae</strong></span> <span class='ocrx_word' id='word_1_97' title='bbox 1309 2463 1832 2519; x_wconf 86' lang='lat' dir='ltr'><strong>commemorantur,</strong></span> <span class='ocrx_word' id='word_1_98' title='bbox 1863 2460 1919 2509; x_wconf 91' lang='lat' dir='ltr'><strong>et</strong></span> <span class='ocrx_word' id='word_1_99' title='bbox 1958 2451 2113 2522; x_wconf 86' lang='lat' dir='ltr'><strong>quasi</strong></span> 
     </span>
    </p>
   </div>
   <div class='ocr_carea' id='block_1_17' title="bbox 533 2550 1405 2623">
    <p class='ocr_par' dir='ltr' id='par_1_17' title="bbox 533 2550 1405 2623">
     <span class='ocr_line' id='line_1_17' title="bbox 533 2550 1405 2623; baseline -0.007 -15"><span class='ocrx_word' id='word_1_100' title='bbox 533 2552 743 2608; x_wconf 88' lang='lat' dir='ltr'><strong>comico</strong></span> <span class='ocrx_word' id='word_1_101' title='bbox 771 2552 912 2623; x_wconf 86' lang='lat' dir='ltr'><strong>stylo</strong></span> <span class='ocrx_word' id='word_1_102' title='bbox 935 2550 1268 2622; x_wconf 87' lang='lat' dir='ltr'><strong>compositus</strong></span> <span class='ocrx_word' id='word_1_103' title='bbox 1302 2556 1405 2605; x_wconf 89' lang='lat' dir='ltr'><strong>est.</strong></span> 
     </span>
    </p>
   </div>
   <div class='ocr_carea' id='block_1_18' title="bbox 1051 2699 1601 2771">
    <p class='ocr_par' dir='ltr' id='par_1_18' title="bbox 1051 2699 1601 2771">
     <span class='ocr_line' id='line_1_18' title="bbox 1051 2699 1601 2771; baseline -0.004 -14"><span class='ocrx_word' id='word_1_104' title='bbox 1051 2701 1276 2758; x_wconf 82' lang='lat' dir='ltr'><strong>CAPUT</strong></span> <span class='ocrx_word' id='word_1_105' title='bbox 1316 2699 1601 2771; x_wconf 81' lang='lat' dir='ltr'><strong>PRIMUM.</strong></span> 
     </span>
    </p>
   </div>
   <div class='ocr_carea' id='block_1_19' title="bbox 612 2812 2114 2873">
    <p class='ocr_par' dir='ltr' id='par_1_19' title="bbox 612 2812 2114 2873">
     <span class='ocr_line' id='line_1_19' title="bbox 612 2812 2114 2873; baseline -0.003 -3"><span class='ocrx_word' id='word_1_106' title='bbox 612 2835 631 2870; x_wconf 73' lang='grc' dir='ltr'>ι</span> <span class='ocrx_word' id='word_1_107' title='bbox 664 2816 951 2873; x_wconf 90' lang='lat' dir='ltr'><strong>Osculetur</strong></span> <span class='ocrx_word' id='word_1_108' title='bbox 979 2832 1067 2871; x_wconf 91' lang='lat' dir='ltr'><strong>me</strong></span> <span class='ocrx_word' id='word_1_109' title='bbox 1093 2816 1279 2871; x_wconf 85' lang='lat' dir='ltr'><strong>osculo</strong></span> <span class='ocrx_word' id='word_1_110' title='bbox 1302 2815 1413 2871; x_wconf 89' lang='lat' dir='ltr'><strong>oris</strong></span> <span class='ocrx_word' id='word_1_111' title='bbox 1439 2814 1543 2870; x_wconf 91' lang='lat' dir='ltr'><strong>sui.</strong></span> <span class='ocrx_word' id='word_1_112' title='bbox 1577 2835 1596 2868; x_wconf 75' lang='grc' dir='ltr'><strong><em>ι</em></strong></span> <span class='ocrx_word' id='word_1_113' title='bbox 1622 2812 1990 2869; x_wconf 87' lang='lat' dir='ltr'><strong>Desiderantis</strong></span> <span class='ocrx_word' id='word_1_114' title='bbox 2012 2828 2114 2867; x_wconf 81' lang='lat' dir='ltr'><strong>vox</strong></span> 
     </span>
    </p>
   </div>
   <div class='ocr_carea' id='block_1_20' title="bbox 535 2904 2117 2981">
    <p class='ocr_par' dir='ltr' id='par_1_20' title="bbox 535 2904 2117 2981">
     <span class='ocr_line' id='line_1_20' title="bbox 535 2904 2117 2981; baseline -0.004 -17"><span class='ocrx_word' id='word_1_115' title='bbox 535 2908 620 2964; x_wconf 79' lang='lat' dir='ltr'><strong>es&#39;t</strong></span> <span class='ocrx_word' id='word_1_116' title='bbox 649 2908 944 2981; x_wconf 66' lang='lat' dir='ltr'><strong>Synagogaa</strong></span> <span class='ocrx_word' id='word_1_117' title='bbox 977 2908 1263 2963; x_wconf 78' lang='lat' dir='ltr'><strong>adventum</strong></span> <span class='ocrx_word' id='word_1_118' title='bbox 1304 2907 1526 2962; x_wconf 84' lang='lat' dir='ltr'><strong>Christi.</strong></span> <span class='ocrx_word' id='word_1_119' title='bbox 1553 2906 1713 2974; x_wconf 83' lang='lat' dir='ltr'><strong>Quasi</strong></span> <span class='ocrx_word' id='word_1_120' title='bbox 1747 2906 1949 2961; x_wconf 83' lang='lat' dir='ltr'><strong>diceret</strong></span> <span class='ocrx_word' id='word_1_121' title='bbox 1975 2923 1989 2958; x_wconf 93' lang='lat'><strong>:</strong></span> <span class='ocrx_word' id='word_1_122' title='bbox 2014 2904 2117 2959; x_wconf 87' lang='lat' dir='ltr'><strong>To-</strong></span> 
     </span>
    </p>
   </div>
   <div class='ocr_carea' id='block_1_21' title="bbox 2214 1716 2840 1790">
    <p class='ocr_par' dir='ltr' id='par_1_21' title="bbox 2214 1716 2840 1790">
     <span class='ocr_line' id='line_1_21' title="bbox 2214 1716 2840 1790; baseline 0.002 -18"><span class='ocrx_word' id='word_1_123' title='bbox 2214 1729 2368 1790; x_wconf 88' lang='lat' dir='ltr'><strong>gunt.</strong></span> <span class='ocrx_word' id='word_1_124' title='bbox 2400 1716 2511 1772; x_wconf 83' lang='lat' dir='ltr'><strong>Vox</strong></span> <span class='ocrx_word' id='word_1_125' title='bbox 2543 1718 2797 1774; x_wconf 62' lang='lat' dir='ltr'><strong>Ecclesia:</strong></span> <span class='ocrx_word' id='word_1_126' title='bbox 2827 1737 2840 1773; x_wconf 90' lang='lat'><strong>:</strong></span> 
     </span>
    </p>
   </div>
   <div class='ocr_carea' id='block_1_22' title="bbox 2291 1809 3799 1885">
    <p class='ocr_par' dir='ltr' id='par_1_22' title="bbox 2291 1809 3799 1885">
     <span class='ocr_line' id='line_1_22' title="bbox 2291 1809 3799 1885; baseline 0.007 -24"><span class='ocrx_word' id='word_1_127' title='bbox 2291 1828 2309 1861; x_wconf 74' lang='grc' dir='ltr'>ι</span> <span class='ocrx_word' id='word_1_128' title='bbox 2353 1809 2531 1864; x_wconf 89' lang='lat' dir='ltr'><strong>Trabe</strong></span> <span class='ocrx_word' id='word_1_129' title='bbox 2559 1826 2645 1864; x_wconf 91' lang='lat' dir='ltr'><strong>me</strong></span> <span class='ocrx_word' id='word_1_130' title='bbox 2677 1820 2800 1880; x_wconf 89' lang='lat' dir='ltr'><strong>post</strong></span> <span class='ocrx_word' id='word_1_131' title='bbox 2830 1819 2881 1867; x_wconf 89' lang='lat' dir='ltr'><strong>te</strong></span> <span class='ocrx_word' id='word_1_132' title='bbox 2900 1851 2915 1878; x_wconf 91' lang='lat'><strong>,</strong></span> <span class='ocrx_word' id='word_1_133' title='bbox 2942 1827 3238 1867; x_wconf 89' lang='lat' dir='ltr'><strong>curremus.</strong></span> <span class='ocrx_word' id='word_1_134' title='bbox 3278 1831 3297 1865; x_wconf 76' lang='grc' dir='ltr'><strong><em>ι</em></strong></span> <span class='ocrx_word' id='word_1_135' title='bbox 3328 1813 3428 1870; x_wconf 77' lang='lat' dir='ltr'><strong>llic</strong></span> <span class='ocrx_word' id='word_1_136' title='bbox 3458 1824 3546 1870; x_wconf 90' lang='lat' dir='ltr'><strong>est</strong></span> <span class='ocrx_word' id='word_1_137' title='bbox 3575 1831 3799 1885; x_wconf 83' lang='lat' dir='ltr'><strong>permn-</strong></span> 
     </span>
    </p>
   </div>
   <div class='ocr_carea' id='block_1_23' title="bbox 2216 1900 3800 1978">
    <p class='ocr_par' dir='ltr' id='par_1_23' title="bbox 2216 1900 3800 1978">
     <span class='ocr_line' id='line_1_23' title="bbox 2216 1900 3800 1978; baseline 0.004 -26"><span class='ocrx_word' id='word_1_138' title='bbox 2216 1900 2351 1954; x_wconf 89' lang='lat' dir='ltr'><strong>tatio</strong></span> <span class='ocrx_word' id='word_1_139' title='bbox 2389 1914 2652 1969; x_wconf 69' lang='lat' dir='ltr'><strong>personae.</strong></span> <span class='ocrx_word' id='word_1_140' title='bbox 2686 1900 2819 1955; x_wconf 87' lang='lat' dir='ltr'><strong>Nam</strong></span> <span class='ocrx_word' id='word_1_141' title='bbox 2860 1901 3121 1956; x_wconf 82' lang='lat' dir='ltr'><strong>hactenus</strong></span> <span class='ocrx_word' id='word_1_142' title='bbox 3150 1902 3326 1956; x_wconf 88' lang='lat' dir='ltr'><strong>locuta</strong></span> <span class='ocrx_word' id='word_1_143' title='bbox 3365 1912 3448 1958; x_wconf 91' lang='lat' dir='ltr'><strong>est</strong></span> <span class='ocrx_word' id='word_1_144' title='bbox 3477 1904 3800 1978; x_wconf 75' lang='lat' dir='ltr'><strong>Synagoga,</strong></span> 
     </span>
    </p>
   </div>
   <div class='ocr_carea' id='block_1_24' title="bbox 2215 1991 3804 2065">
    <p class='ocr_par' dir='ltr' id='par_1_24' title="bbox 2215 1991 3804 2065">
     <span class='ocr_line' id='line_1_24' title="bbox 2215 1991 3804 2065; baseline 0.006 -19"><span class='ocrx_word' id='word_1_145' title='bbox 2215 1991 2304 2046; x_wconf 92' lang='lat' dir='ltr'><strong>hic</strong></span> <span class='ocrx_word' id='word_1_146' title='bbox 2340 1991 2527 2061; x_wconf 90' lang='lat' dir='ltr'><strong>incipit</strong></span> <span class='ocrx_word' id='word_1_147' title='bbox 2560 1991 2702 2061; x_wconf 90' lang='lat' dir='ltr'><strong>loqui</strong></span> <span class='ocrx_word' id='word_1_148' title='bbox 2740 1993 2977 2048; x_wconf 85' lang='lat' dir='ltr'><strong>Ecclesia</strong></span> <span class='ocrx_word' id='word_1_149' title='bbox 3011 1994 3077 2048; x_wconf 87' lang='lat' dir='ltr'><strong>de</strong></span> <span class='ocrx_word' id='word_1_150' title='bbox 3106 1996 3391 2065; x_wconf 83' lang='lat' dir='ltr'><strong>gentibus:</strong></span> <span class='ocrx_word' id='word_1_151' title='bbox 3434 2015 3452 2048; x_wconf 84' lang='grc'>‹</span> <span class='ocrx_word' id='word_1_152' title='bbox 3493 1997 3681 2053; x_wconf 86' lang='lat' dir='ltr'><strong>Trabe</strong></span> <span class='ocrx_word' id='word_1_153' title='bbox 3722 2016 3804 2056; x_wconf 86' lang='lat' dir='ltr'><strong>me</strong></span> 
     </span>
    </p>
   </div>
   <div class='ocr_carea' id='block_1_25' title="bbox 2213 2083 3800 2155">
    <p class='ocr_par' dir='ltr' id='par_1_25' title="bbox 2213 2083 3800 2155">
     <span class='ocr_line' id='line_1_25' title="bbox 2213 2083 3800 2155; baseline 0.005 -20"><span class='ocrx_word' id='word_1_154' title='bbox 2213 2090 2337 2153; x_wconf 87' lang='lat' dir='ltr'><strong>post</strong></span> <span class='ocrx_word' id='word_1_155' title='bbox 2358 2092 2426 2143; x_wconf 89' lang='lat' dir='ltr'><strong>te,</strong></span> <span class='ocrx_word' id='word_1_156' title='bbox 2459 2097 2760 2137; x_wconf 91' lang='lat' dir='ltr'><strong>curremus.</strong></span> <span class='ocrx_word' id='word_1_157' title='bbox 2791 2103 2807 2134; x_wconf 73' lang='grc' dir='ltr'><strong><em>ι</em></strong></span> <span class='ocrx_word' id='word_1_158' title='bbox 2837 2083 2970 2150; x_wconf 86' lang='lat' dir='ltr'><strong>Quia</strong></span> <span class='ocrx_word' id='word_1_159' title='bbox 2991 2084 3206 2155; x_wconf 89' lang='lat' dir='ltr'><strong>(inquit)</strong></span> <span class='ocrx_word' id='word_1_160' title='bbox 3233 2100 3406 2140; x_wconf 88' lang='lat' dir='ltr'><strong>meam</strong></span> <span class='ocrx_word' id='word_1_161' title='bbox 3426 2087 3800 2143; x_wconf 82' lang='lat' dir='ltr'><strong>inﬁrmitatem</strong></span> 
     </span>
    </p>
   </div>
   <div class='ocr_carea' id='block_1_26' title="bbox 2215 2173 3802 2249">
    <p class='ocr_par' dir='ltr' id='par_1_26' title="bbox 2215 2173 3802 2249">
     <span class='ocr_line' id='line_1_26' title="bbox 2215 2173 3802 2249; baseline 0.006 -22"><span class='ocrx_word' id='word_1_162' title='bbox 2215 2188 2498 2243; x_wconf 77' lang='lat' dir='ltr'><strong>cognosco,</strong></span> <span class='ocrx_word' id='word_1_163' title='bbox 2529 2181 2583 2227; x_wconf 92' lang='lat' dir='ltr'><strong>et</strong></span> <span class='ocrx_word' id='word_1_164' title='bbox 2617 2173 2770 2228; x_wconf 86' lang='lat' dir='ltr'><strong>video</strong></span> <span class='ocrx_word' id='word_1_165' title='bbox 2804 2190 2890 2229; x_wconf 90' lang='lat' dir='ltr'><strong>me</strong></span> <span class='ocrx_word' id='word_1_166' title='bbox 2920 2175 3053 2230; x_wconf 90' lang='lat' dir='ltr'><strong>nihil</strong></span> <span class='ocrx_word' id='word_1_167' title='bbox 3084 2175 3220 2231; x_wconf 88' lang='lat' dir='ltr'><strong>meis</strong></span> <span class='ocrx_word' id='word_1_168' title='bbox 3251 2177 3456 2232; x_wconf 85' lang='lat' dir='ltr'><strong>viribus</strong></span> <span class='ocrx_word' id='word_1_169' title='bbox 3484 2179 3613 2233; x_wconf 91' lang='lat' dir='ltr'><strong>boni</strong></span> <span class='ocrx_word' id='word_1_170' title='bbox 3646 2195 3802 2249; x_wconf 81' lang='lat' dir='ltr'><strong>posse</strong></span> 
     </span>
    </p>
   </div>
   <div class='ocr_carea' id='block_1_27' title="bbox 2214 2264 3802 2337">
    <p class='ocr_par' dir='ltr' id='par_1_27' title="bbox 2214 2264 3802 2337">
     <span class='ocr_line' id='line_1_27' title="bbox 2214 2264 3802 2337; baseline 0.004 -19"><span class='ocrx_word' id='word_1_171' title='bbox 2214 2278 2409 2335; x_wconf 85' lang='lat' dir='ltr'><strong>agere,</strong></span> <span class='ocrx_word' id='word_1_172' title='bbox 2439 2272 2532 2317; x_wconf 90' lang='lat' dir='ltr'><strong>tua</strong></span> <span class='ocrx_word' id='word_1_173' title='bbox 2575 2264 2746 2335; x_wconf 87' lang='lat' dir='ltr'><strong>gratia</strong></span> <span class='ocrx_word' id='word_1_174' title='bbox 2773 2266 2926 2320; x_wconf 90' lang='lat' dir='ltr'><strong>trahe</strong></span> <span class='ocrx_word' id='word_1_175' title='bbox 2966 2282 3049 2319; x_wconf 88' lang='lat' dir='ltr'><strong>me</strong></span> <span class='ocrx_word' id='word_1_176' title='bbox 3075 2267 3143 2321; x_wconf 89' lang='lat' dir='ltr'><strong>ad</strong></span> <span class='ocrx_word' id='word_1_177' title='bbox 3189 2267 3264 2321; x_wconf 92' lang='lat' dir='ltr'><strong>tui</strong></span> <span class='ocrx_word' id='word_1_178' title='bbox 3293 2267 3691 2337; x_wconf 87' lang='lat' dir='ltr'><strong>imitationem,</strong></span> <span class='ocrx_word' id='word_1_179' title='bbox 3726 2272 3802 2325; x_wconf 77' lang='lat' dir='ltr'><strong>vel</strong></span> 
     </span>
    </p>
   </div>
   <div class='ocr_carea' id='block_1_28' title="bbox 2215 2354 3803 2428">
    <p class='ocr_par' dir='ltr' id='par_1_28' title="bbox 2215 2354 3803 2428">
     <span class='ocr_line' id='line_1_28' title="bbox 2215 2354 3803 2428; baseline 0.006 -19"><span class='ocrx_word' id='word_1_180' title='bbox 2215 2354 2400 2419; x_wconf 89' lang='lat' dir='ltr'><strong>etiam,</strong></span> <span class='ocrx_word' id='word_1_181' title='bbox 2419 2369 2541 2409; x_wconf 90' lang='lat' dir='ltr'><strong>cum</strong></span> <span class='ocrx_word' id='word_1_182' title='bbox 2564 2354 2761 2409; x_wconf 73' lang='lat' dir='ltr'><strong>crelum</strong></span> <span class='ocrx_word' id='word_1_183' title='bbox 2786 2355 3115 2422; x_wconf 89' lang='lat' dir='ltr'><strong>ascenderis,</strong></span> <span class='ocrx_word' id='word_1_184' title='bbox 3134 2357 3286 2412; x_wconf 90' lang='lat' dir='ltr'><strong>trahe</strong></span> <span class='ocrx_word' id='word_1_185' title='bbox 3311 2372 3398 2413; x_wconf 90' lang='lat' dir='ltr'><strong>mc</strong></span> <span class='ocrx_word' id='word_1_186' title='bbox 3422 2368 3549 2428; x_wconf 89' lang='lat' dir='ltr'><strong>post</strong></span> <span class='ocrx_word' id='word_1_187' title='bbox 3576 2368 3651 2416; x_wconf 89' lang='lat' dir='ltr'><strong>te.</strong></span> <span class='ocrx_word' id='word_1_188' title='bbox 3684 2383 3702 2413; x_wconf 84' lang='grc' dir='ltr'>ι</span> <span class='ocrx_word' id='word_1_189' title='bbox 3726 2364 3803 2418; x_wconf 84' lang='lat' dir='ltr'><strong>ln-</strong></span> 
     </span>
    </p>
   </div>
   <div class='ocr_carea' id='block_1_29' title="bbox 2152 2445 3804 2519">
    <p class='ocr_par' dir='ltr' id='par_1_29' title="bbox 2152 2445 3804 2519">
     <span class='ocr_line' id='line_1_29' title="bbox 2152 2445 3804 2519; baseline 0.004 -20"><span class='ocrx_word' id='word_1_190' title='bbox 2152 2464 2155 2467; x_wconf 50' lang='grc' dir='ltr'><strong>ί</strong></span> <span class='ocrx_word' id='word_1_191' title='bbox 2217 2445 2453 2501; x_wconf 78' lang='lat' dir='ltr'><strong>traduxit</strong></span> <span class='ocrx_word' id='word_1_192' title='bbox 2482 2460 2568 2501; x_wconf 91' lang='lat' dir='ltr'><strong>me</strong></span> <span class='ocrx_word' id='word_1_193' title='bbox 2606 2461 2702 2500; x_wconf 78' lang='lat' dir='ltr'><strong>rex</strong></span> <span class='ocrx_word' id='word_1_194' title='bbox 2746 2448 2799 2500; x_wconf 92' lang='lat' dir='ltr'><strong>in</strong></span> <span class='ocrx_word' id='word_1_195' title='bbox 2840 2446 3057 2501; x_wconf 89' lang='lat' dir='ltr'><strong>cellaria</strong></span> <span class='ocrx_word' id='word_1_196' title='bbox 3101 2463 3219 2502; x_wconf 91' lang='lat' dir='ltr'><strong>sua.</strong></span> <span class='ocrx_word' id='word_1_197' title='bbox 3267 2467 3287 2501; x_wconf 70' lang='grc' dir='ltr'><strong>ι</strong></span> <span class='ocrx_word' id='word_1_198' title='bbox 3332 2448 3430 2504; x_wconf 88' lang='lat' dir='ltr'><strong>llic</strong></span> <span class='ocrx_word' id='word_1_199' title='bbox 3468 2449 3716 2519; x_wconf 83' lang='lat' dir='ltr'><strong>loquitur</strong></span> <span class='ocrx_word' id='word_1_200' title='bbox 3743 2453 3804 2506; x_wconf 84' lang='lat' dir='ltr'><strong>de</strong></span> 
     </span>
    </p>
   </div>
   <div class='ocr_carea' id='block_1_30' title="bbox 2213 2536 3802 2608">
    <p class='ocr_par' dir='ltr' id='par_1_30' title="bbox 2213 2536 3802 2608">
     <span class='ocr_line' id='line_1_30' title="bbox 2213 2536 3802 2608; baseline 0.003 -15"><span class='ocrx_word' id='word_1_201' title='bbox 2213 2536 2427 2593; x_wconf 88' lang='lat' dir='ltr'><strong>Christo</strong></span> <span class='ocrx_word' id='word_1_202' title='bbox 2467 2552 2667 2608; x_wconf 90' lang='lat' dir='ltr'><strong>sponso</strong></span> <span class='ocrx_word' id='word_1_203' title='bbox 2698 2552 2795 2592; x_wconf 91' lang='lat' dir='ltr'><strong>suo</strong></span> <span class='ocrx_word' id='word_1_204' title='bbox 2824 2539 2892 2593; x_wconf 89' lang='lat' dir='ltr'><strong>ad</strong></span> <span class='ocrx_word' id='word_1_205' title='bbox 2933 2539 3140 2595; x_wconf 90' lang='lat' dir='ltr'><strong>animas</strong></span> <span class='ocrx_word' id='word_1_206' title='bbox 3178 2538 3381 2594; x_wconf 90' lang='lat' dir='ltr'><strong>ﬁdeles.</strong></span> <span class='ocrx_word' id='word_1_207' title='bbox 3432 2540 3673 2596; x_wconf 87' lang='lat' dir='ltr'><strong>Cellaria</strong></span> <span class='ocrx_word' id='word_1_208' title='bbox 3714 2544 3802 2597; x_wconf 84' lang='lat' dir='ltr'><strong>Dei</strong></span> 
     </span>
    </p>
   </div>
   <div class='ocr_carea' id='block_1_31' title="bbox 2214 2629 3801 2701">
    <p class='ocr_par' dir='ltr' id='par_1_31' title="bbox 2214 2629 3801 2701">
     <span class='ocr_line' id='line_1_31' title="bbox 2214 2629 3801 2701; baseline 0.001 -15"><span class='ocrx_word' id='word_1_209' title='bbox 2214 2638 2340 2686; x_wconf 87' lang='lat' dir='ltr'><strong>sunt</strong></span> <span class='ocrx_word' id='word_1_210' title='bbox 2367 2638 2567 2685; x_wconf 67' lang='lat' dir='ltr'><strong>aeterna</strong></span> <span class='ocrx_word' id='word_1_211' title='bbox 2592 2629 2887 2695; x_wconf 87' lang='lat' dir='ltr'><strong>beatitudo,</strong></span> <span class='ocrx_word' id='word_1_212' title='bbox 2915 2638 2971 2685; x_wconf 89' lang='lat' dir='ltr'><strong>et</strong></span> <span class='ocrx_word' id='word_1_213' title='bbox 3000 2645 3244 2699; x_wconf 71' lang='lat' dir='ltr'><strong>superum</strong></span> <span class='ocrx_word' id='word_1_214' title='bbox 3274 2631 3464 2700; x_wconf 74' lang='lat' dir='ltr'><strong>patria:</strong></span> <span class='ocrx_word' id='word_1_215' title='bbox 3491 2633 3723 2701; x_wconf 84' lang='lat' dir='ltr'><strong>gaudia,</strong></span> <span class='ocrx_word' id='word_1_216' title='bbox 3750 2634 3801 2687; x_wconf 89' lang='lat' dir='ltr'><strong>in</strong></span> 
     </span>
    </p>
   </div>
   <div class='ocr_carea' id='block_1_32' title="bbox 2215 2720 3801 2795">
    <p class='ocr_par' dir='ltr' id='par_1_32' title="bbox 2215 2720 3801 2795">
     <span class='ocr_line' id='line_1_32' title="bbox 2215 2720 3801 2795; baseline 0.003 -20"><span class='ocrx_word' id='word_1_217' title='bbox 2215 2736 2322 2791; x_wconf 88' lang='lat' dir='ltr'><strong>qua</strong></span> <span class='ocrx_word' id='word_1_218' title='bbox 2347 2721 2771 2779; x_wconf 61' lang='lat' dir='ltr'><strong>introducta-est</strong></span> <span class='ocrx_word' id='word_1_219' title='bbox 2802 2720 2914 2790; x_wconf 90' lang='lat' dir='ltr'><strong>jam</strong></span> <span class='ocrx_word' id='word_1_220' title='bbox 2951 2722 3191 2776; x_wconf 85' lang='lat' dir='ltr'><strong>Ecclesia</strong></span> <span class='ocrx_word' id='word_1_221' title='bbox 3220 2736 3317 2792; x_wconf 89' lang='lat' dir='ltr'><strong>per</strong></span> <span class='ocrx_word' id='word_1_222' title='bbox 3353 2721 3513 2776; x_wconf 89' lang='lat' dir='ltr'><strong>ﬁdem</strong></span> <span class='ocrx_word' id='word_1_223' title='bbox 3546 2733 3602 2778; x_wconf 90' lang='lat' dir='ltr'><strong>et</strong></span> <span class='ocrx_word' id='word_1_224' title='bbox 3630 2739 3801 2795; x_wconf 90' lang='lat' dir='ltr'><strong>spem,</strong></span> 
     </span>
    </p>
   </div>
   <div class='ocr_carea' id='block_1_33' title="bbox 2215 2812 3805 2883">
    <p class='ocr_par' dir='ltr' id='par_1_33' title="bbox 2215 2812 3805 2883">
     <span class='ocr_line' id='line_1_33' title="bbox 2215 2812 3805 2883; baseline 0.003 -17"><span class='ocrx_word' id='word_1_225' title='bbox 2215 2812 2539 2883; x_wconf 89' lang='lat' dir='ltr'><strong>quandoque</strong></span> <span class='ocrx_word' id='word_1_226' title='bbox 2573 2812 2944 2867; x_wconf 88' lang='lat' dir='ltr'><strong>introducetur</strong></span> <span class='ocrx_word' id='word_1_227' title='bbox 2970 2828 3065 2882; x_wconf 88' lang='lat' dir='ltr'><strong>per</strong></span> <span class='ocrx_word' id='word_1_228' title='bbox 3100 2828 3232 2867; x_wconf 89' lang='lat' dir='ltr'><strong>rem.</strong></span> <span class='ocrx_word' id='word_1_229' title='bbox 3266 2832 3283 2864; x_wconf 74' lang='grc' dir='ltr'>ι</span> <span class='ocrx_word' id='word_1_230' title='bbox 3313 2813 3731 2870; x_wconf 75' lang='lat' dir='ltr'><strong>Exsultabimus</strong></span> <span class='ocrx_word' id='word_1_231' title='bbox 3754 2825 3805 2870; x_wconf 89' lang='lat' dir='ltr'><strong>et</strong></span> 
     </span>
    </p>
   </div>
   <div class='ocr_carea' id='block_1_34' title="bbox 2216 2902 3803 2975">
    <p class='ocr_par' dir='ltr' id='par_1_34' title="bbox 2216 2902 3803 2975">
     <span class='ocr_line' id='line_1_34' title="bbox 2216 2902 3803 2975; baseline 0.004 -19"><span class='ocrx_word' id='word_1_232' title='bbox 2216 2903 2519 2959; x_wconf 73' lang='lat' dir='ltr'><strong>laztabimur</strong></span> <span class='ocrx_word' id='word_1_233' title='bbox 2540 2902 2594 2956; x_wconf 92' lang='lat' dir='ltr'><strong>in</strong></span> <span class='ocrx_word' id='word_1_234' title='bbox 2619 2911 2690 2957; x_wconf 91' lang='lat' dir='ltr'><strong>te.</strong></span> <span class='ocrx_word' id='word_1_235' title='bbox 2723 2922 2740 2956; x_wconf 78' lang='grc' dir='ltr'><strong>ι</strong></span> <span class='ocrx_word' id='word_1_236' title='bbox 2771 2902 2847 2957; x_wconf 90' lang='lat' dir='ltr'><strong>De</strong></span> <span class='ocrx_word' id='word_1_237' title='bbox 2868 2903 3022 2957; x_wconf 90' lang='lat' dir='ltr'><strong>donis</strong></span> <span class='ocrx_word' id='word_1_238' title='bbox 3043 2903 3259 2975; x_wconf 86' lang='lat' dir='ltr'><strong>(inquit)</strong></span> <span class='ocrx_word' id='word_1_239' title='bbox 3286 2905 3389 2958; x_wconf 90' lang='lat' dir='ltr'><strong>tuis</strong></span> <span class='ocrx_word' id='word_1_240' title='bbox 3412 2905 3803 2962; x_wconf 80' lang='lat' dir='ltr'><strong>exsultabimns</strong></span> 
     </span>
    </p>
   </div>
   <div class='ocr_carea' id='block_1_35' title="bbox 535 2993 3803 3070">
    <p class='ocr_par' dir='ltr' id='par_1_35' title="bbox 535 2993 3803 3070">
     <span class='ocr_line' id='line_1_35' title="bbox 535 2993 3803 3070; baseline -0.001 -14"><span class='ocrx_word' id='word_1_241' title='bbox 535 3002 635 3056; x_wconf 89' lang='lat' dir='ltr'><strong>ties</strong></span> <span class='ocrx_word' id='word_1_242' title='bbox 678 3000 808 3054; x_wconf 90' lang='lat' dir='ltr'><strong>mihi</strong></span> <span class='ocrx_word' id='word_1_243' title='bbox 853 3001 1139 3055; x_wconf 76' lang='lat' dir='ltr'><strong>adventum</strong></span> <span class='ocrx_word' id='word_1_244' title='bbox 1190 3016 1346 3054; x_wconf 91' lang='lat' dir='ltr'><strong>suum</strong></span> <span class='ocrx_word' id='word_1_245' title='bbox 1391 3000 1639 3070; x_wconf 89' lang='lat' dir='ltr'><strong>promisit</strong></span> <span class='ocrx_word' id='word_1_246' title='bbox 1663 3013 1758 3069; x_wconf 88' lang='lat' dir='ltr'><strong>per</strong></span> <span class='ocrx_word' id='word_1_247' title='bbox 1796 2998 2111 3069; x_wconf 89' lang='lat' dir='ltr'><strong>prophetas,</strong></span> <span class='ocrx_word' id='word_1_248' title='bbox 2143 3002 2189 3062; x_wconf 81' lang='grc' dir='ltr'><strong>Β</strong></span> <span class='ocrx_word' id='word_1_249' title='bbox 2216 3001 2273 3049; x_wconf 90' lang='lat' dir='ltr'><strong>et</strong></span> <span class='ocrx_word' id='word_1_250' title='bbox 2300 2993 2619 3049; x_wconf 82' lang='lat' dir='ltr'><strong>laetabimur.</strong></span> <span class='ocrx_word' id='word_1_251' title='bbox 2656 2994 2764 3050; x_wconf 87' lang='lat' dir='ltr'><strong>Sed</strong></span> <span class='ocrx_word' id='word_1_252' title='bbox 2807 2994 2929 3064; x_wconf 90' lang='lat' dir='ltr'><strong>quia</strong></span> <span class='ocrx_word' id='word_1_253' title='bbox 2961 2996 3160 3050; x_wconf 87' lang='lat' dir='ltr'><strong>scimus</strong></span> <span class='ocrx_word' id='word_1_254' title='bbox 3190 2996 3293 3051; x_wconf 92' lang='lat' dir='ltr'><strong>hoc</strong></span> <span class='ocrx_word' id='word_1_255' title='bbox 3324 3012 3430 3051; x_wconf 92' lang='lat' dir='ltr'><strong>non</strong></span> <span class='ocrx_word' id='word_1_256' title='bbox 3469 2998 3648 3052; x_wconf 88' lang='lat' dir='ltr'><strong>nostri</strong></span> <span class='ocrx_word' id='word_1_257' title='bbox 3689 3013 3803 3054; x_wconf 84' lang='lat' dir='ltr'><strong>esse</strong></span> 
     </span>
    </p>
   </div>
   <div class='ocr_carea' id='block_1_36' title="bbox 533 3086 2114 3162">
    <p class='ocr_par' dir='ltr' id='par_1_36' title="bbox 533 3086 2114 3162">
     <span class='ocr_line' id='line_1_36' title="bbox 533 3086 2114 3162; baseline -0.003 -17"><span class='ocrx_word' id='word_1_258' title='bbox 533 3093 716 3149; x_wconf 84' lang='lat' dir='ltr'><strong>veniat</strong></span> <span class='ocrx_word' id='word_1_259' title='bbox 739 3106 867 3162; x_wconf 89' lang='lat' dir='ltr'><strong>ergo</strong></span> <span class='ocrx_word' id='word_1_260' title='bbox 885 3089 1021 3159; x_wconf 85' lang='lat' dir='ltr'><strong>jam,</strong></span> <span class='ocrx_word' id='word_1_261' title='bbox 1055 3101 1110 3147; x_wconf 90' lang='lat' dir='ltr'><strong>et</strong></span> <span class='ocrx_word' id='word_1_262' title='bbox 1154 3090 1431 3146; x_wconf 90' lang='lat' dir='ltr'><strong>osculetur</strong></span> <span class='ocrx_word' id='word_1_263' title='bbox 1456 3106 1540 3145; x_wconf 90' lang='lat' dir='ltr'><strong>me</strong></span> <span class='ocrx_word' id='word_1_264' title='bbox 1568 3089 1755 3145; x_wconf 90' lang='lat' dir='ltr'><strong>osculo</strong></span> <span class='ocrx_word' id='word_1_265' title='bbox 1789 3090 1901 3144; x_wconf 88' lang='lat' dir='ltr'><strong>oris</strong></span> <span class='ocrx_word' id='word_1_266' title='bbox 1925 3089 2032 3153; x_wconf 87' lang='lat' dir='ltr'><strong>sui,</strong></span> <span class='ocrx_word' id='word_1_267' title='bbox 2060 3086 2114 3142; x_wconf 91' lang='lat' dir='ltr'><strong>id</strong></span> 
     </span>
    </p>
   </div>
   <div class='ocr_carea' id='block_1_37' title="bbox 531 3181 2116 3254">
    <p class='ocr_par' dir='ltr' id='par_1_37' title="bbox 531 3181 2116 3254">
     <span class='ocr_line' id='line_1_37' title="bbox 531 3181 2116 3254; baseline -0.005 -14"><span class='ocrx_word' id='word_1_268' title='bbox 531 3193 615 3240; x_wconf 87' lang='lat' dir='ltr'><strong>est</strong></span> <span class='ocrx_word' id='word_1_269' title='bbox 639 3199 737 3254; x_wconf 90' lang='lat' dir='ltr'><strong>per</strong></span> <span class='ocrx_word' id='word_1_270' title='bbox 763 3198 821 3239; x_wconf 91' lang='lat' dir='ltr'><strong>se</strong></span> <span class='ocrx_word' id='word_1_271' title='bbox 850 3184 1022 3254; x_wconf 90' lang='lat' dir='ltr'><strong>ipsum</strong></span> <span class='ocrx_word' id='word_1_272' title='bbox 1052 3184 1181 3237; x_wconf 89' lang='lat' dir='ltr'><strong>mihi</strong></span> <span class='ocrx_word' id='word_1_273' title='bbox 1199 3183 1466 3253; x_wconf 72' lang='lat' dir='ltr'><strong>loquatur.</strong></span> <span class='ocrx_word' id='word_1_274' title='bbox 1499 3201 1518 3234; x_wconf 85' lang='grc'><em>‹</em></span> <span class='ocrx_word' id='word_1_275' title='bbox 1558 3182 1692 3250; x_wconf 87' lang='lat' dir='ltr'><strong>Quia</strong></span> <span class='ocrx_word' id='word_1_276' title='bbox 1720 3181 1941 3237; x_wconf 85' lang='lat' dir='ltr'><strong>meliora</strong></span> <span class='ocrx_word' id='word_1_277' title='bbox 1990 3188 2116 3235; x_wconf 80' lang='lat' dir='ltr'><strong>sunt</strong></span> 
     </span>
    </p>
   </div>
   <div class='ocr_carea' id='block_1_38' title="bbox 532 3271 2116 3345">
    <p class='ocr_par' dir='ltr' id='par_1_38' title="bbox 532 3271 2116 3345">
     <span class='ocr_line' id='line_1_38' title="bbox 532 3271 2116 3345; baseline -0.002 -15"><span class='ocrx_word' id='word_1_278' title='bbox 532 3277 699 3331; x_wconf 89' lang='lat' dir='ltr'><strong>ubera</strong></span> <span class='ocrx_word' id='word_1_279' title='bbox 716 3283 807 3330; x_wconf 91' lang='lat' dir='ltr'><strong>tua</strong></span> <span class='ocrx_word' id='word_1_280' title='bbox 834 3277 980 3330; x_wconf 84' lang='lat' dir='ltr'><strong>vino.</strong></span> <span class='ocrx_word' id='word_1_281' title='bbox 1016 3296 1034 3328; x_wconf 73' lang='grc' dir='ltr'><strong><em>ι</em></strong></span> <span class='ocrx_word' id='word_1_282' title='bbox 1070 3275 1312 3345; x_wconf 84' lang='lat' dir='ltr'><strong>Repente</strong></span> <span class='ocrx_word' id='word_1_283' title='bbox 1342 3275 1408 3330; x_wconf 91' lang='lat' dir='ltr'><strong>ad</strong></span> <span class='ocrx_word' id='word_1_284' title='bbox 1437 3275 1635 3344; x_wconf 89' lang='lat' dir='ltr'><strong>ipsum,</strong></span> <span class='ocrx_word' id='word_1_285' title='bbox 1666 3271 1821 3342; x_wconf 86' lang='lat' dir='ltr'><strong>cujus</strong></span> <span class='ocrx_word' id='word_1_286' title='bbox 1849 3272 2116 3327; x_wconf 88' lang='lat' dir='ltr'><strong>desiderio</strong></span> 
     </span>
    </p>
   </div>
   <div class='ocr_carea' id='block_1_39' title="bbox 533 3360 2115 3434">
    <p class='ocr_par' dir='ltr' id='par_1_39' title="bbox 533 3360 2115 3434">
     <span class='ocr_line' id='line_1_39' title="bbox 533 3360 2115 3434; baseline -0.002 -16"><span class='ocrx_word' id='word_1_287' title='bbox 533 3363 811 3434; x_wconf 77' lang='lat' dir='ltr'><strong>ﬂagrabat,</strong></span> <span class='ocrx_word' id='word_1_288' title='bbox 837 3365 1000 3418; x_wconf 89' lang='lat' dir='ltr'><strong>verba</strong></span> <span class='ocrx_word' id='word_1_289' title='bbox 1040 3373 1384 3429; x_wconf 81' lang='lat' dir='ltr'><strong>convertens,</strong></span> <span class='ocrx_word' id='word_1_290' title='bbox 1416 3364 1635 3418; x_wconf 89' lang='lat' dir='ltr'><strong>subdit:</strong></span> <span class='ocrx_word' id='word_1_291' title='bbox 1673 3370 1695 3413; x_wconf 63' lang='grc' dir='ltr'><strong>ί</strong></span> <span class='ocrx_word' id='word_1_292' title='bbox 1728 3362 1864 3428; x_wconf 88' lang='lat' dir='ltr'><strong>Quia</strong></span> <span class='ocrx_word' id='word_1_293' title='bbox 1897 3360 2115 3415; x_wconf 87' lang='lat' dir='ltr'><strong>meliora</strong></span> 
     </span>
    </p>
   </div>
   <div class='ocr_carea' id='block_1_40' title="bbox 535 3452 2119 3521">
    <p class='ocr_par' dir='ltr' id='par_1_40' title="bbox 535 3452 2119 3521">
     <span class='ocr_line' id='line_1_40' title="bbox 535 3452 2119 3521; baseline -0.004 -9"><span class='ocrx_word' id='word_1_294' title='bbox 535 3459 846 3512; x_wconf 78' lang='lat' dir='ltr'><strong>sunt‘ubera</strong></span> <span class='ocrx_word' id='word_1_295' title='bbox 865 3464 974 3521; x_wconf 86' lang='lat' dir='ltr'><strong>tua,</strong></span> <span class='ocrx_word' id='word_1_296' title='bbox 999 3476 1018 3509; x_wconf 67' lang='grc' dir='ltr'><strong>ι</strong></span> <span class='ocrx_word' id='word_1_297' title='bbox 1038 3464 1140 3511; x_wconf 88' lang='lat' dir='ltr'><strong>etc.</strong></span> <span class='ocrx_word' id='word_1_298' title='bbox 1160 3454 1264 3509; x_wconf 91' lang='lat' dir='ltr'><strong>Per</strong></span> <span class='ocrx_word' id='word_1_299' title='bbox 1278 3454 1442 3508; x_wconf 89' lang='lat' dir='ltr'><strong>ubera</strong></span> <span class='ocrx_word' id='word_1_300' title='bbox 1456 3453 1675 3519; x_wconf 87' lang='lat' dir='ltr'><strong>Christi,</strong></span> <span class='ocrx_word' id='word_1_301' title='bbox 1700 3452 1924 3508; x_wconf 83' lang='lat' dir='ltr'><strong>dulcedo</strong></span> <span class='ocrx_word' id='word_1_302' title='bbox 1945 3452 2119 3507; x_wconf 84' lang='lat' dir='ltr'><strong>Evan-</strong></span> 
     </span>
    </p>
   </div>
   <div class='ocr_carea' id='block_1_41' title="bbox 535 3544 2119 3621">
    <p class='ocr_par' dir='ltr' id='par_1_41' title="bbox 535 3544 2119 3621">
     <span class='ocr_line' id='line_1_41' title="bbox 535 3544 2119 3621; baseline -0.003 -18"><span class='ocrx_word' id='word_1_303' title='bbox 535 3550 659 3621; x_wconf 89' lang='lat' dir='ltr'><strong>gelii</strong></span> <span class='ocrx_word' id='word_1_304' title='bbox 701 3549 1016 3617; x_wconf 79' lang='lat' dir='ltr'><strong>intelligitur</strong></span> <span class='ocrx_word' id='word_1_305' title='bbox 1035 3588 1050 3612; x_wconf 94' lang='lat'><strong>,</strong></span> <span class='ocrx_word' id='word_1_306' title='bbox 1075 3548 1201 3617; x_wconf 84' lang='lat' dir='ltr'><strong>quia</strong></span> <span class='ocrx_word' id='word_1_307' title='bbox 1230 3563 1294 3601; x_wconf 89' lang='lat' dir='ltr'><strong>eo</strong></span> <span class='ocrx_word' id='word_1_308' title='bbox 1321 3546 1483 3601; x_wconf 81' lang='lat' dir='ltr'><strong>veluti</strong></span> <span class='ocrx_word' id='word_1_309' title='bbox 1515 3546 1655 3601; x_wconf 90' lang='lat' dir='ltr'><strong>lacte</strong></span> <span class='ocrx_word' id='word_1_310' title='bbox 1682 3546 1920 3600; x_wconf 87' lang='lat' dir='ltr'><strong>nutritur</strong></span> <span class='ocrx_word' id='word_1_311' title='bbox 1950 3544 2119 3599; x_wconf 81' lang='lat' dir='ltr'><strong>infan-</strong></span> 
     </span>
    </p>
   </div>
   <div class='ocr_carea' id='block_1_42' title="bbox 539 3635 2116 3706">
    <p class='ocr_par' dir='ltr' id='par_1_42' title="bbox 539 3635 2116 3706">
     <span class='ocr_line' id='line_1_42' title="bbox 539 3635 2116 3706; baseline -0.001 -13"><span class='ocrx_word' id='word_1_312' title='bbox 539 3640 612 3693; x_wconf 87' lang='lat' dir='ltr'><strong>tia</strong></span> <span class='ocrx_word' id='word_1_313' title='bbox 637 3638 993 3694; x_wconf 88' lang='lat' dir='ltr'><strong>credentium.</strong></span> <span class='ocrx_word' id='word_1_314' title='bbox 1022 3636 1218 3692; x_wconf 78' lang='lat' dir='ltr'><strong>\&#39;inum</strong></span> <span class='ocrx_word' id='word_1_315' title='bbox 1269 3645 1448 3692; x_wconf 89' lang='lat' dir='ltr'><strong>autem</strong></span> <span class='ocrx_word' id='word_1_316' title='bbox 1492 3636 1860 3691; x_wconf 88' lang='lat' dir='ltr'><strong>austeritatem</strong></span> <span class='ocrx_word' id='word_1_317' title='bbox 1890 3635 2020 3706; x_wconf 89' lang='lat' dir='ltr'><strong>legis</strong></span> <span class='ocrx_word' id='word_1_318' title='bbox 2045 3636 2116 3691; x_wconf 88' lang='lat' dir='ltr'><strong>si-</strong></span> 
     </span>
    </p>
   </div>
   <div class='ocr_carea' id='block_1_43' title="bbox 537 3726 2116 3800">
    <p class='ocr_par' dir='ltr' id='par_1_43' title="bbox 537 3726 2116 3800">
     <span class='ocr_line' id='line_1_43' title="bbox 537 3726 2116 3800; baseline -0.001 -18"><span class='ocrx_word' id='word_1_319' title='bbox 537 3728 794 3800; x_wconf 86' lang='lat' dir='ltr'><strong>gniﬁcat;</strong></span> <span class='ocrx_word' id='word_1_320' title='bbox 835 3727 928 3783; x_wconf 91' lang='lat' dir='ltr'><strong>sed</strong></span> <span class='ocrx_word' id='word_1_321' title='bbox 959 3728 1123 3781; x_wconf 87' lang='lat' dir='ltr'><strong>ubera</strong></span> <span class='ocrx_word' id='word_1_322' title='bbox 1149 3726 1352 3796; x_wconf 70' lang='lat' dir='ltr'><strong>Christi</strong></span> <span class='ocrx_word' id='word_1_323' title='bbox 1397 3726 1620 3782; x_wconf 88' lang='lat' dir='ltr'><strong>meliora</strong></span> <span class='ocrx_word' id='word_1_324' title='bbox 1667 3735 1793 3782; x_wconf 88' lang='lat' dir='ltr'><strong>sunt</strong></span> <span class='ocrx_word' id='word_1_325' title='bbox 1818 3728 1962 3788; x_wconf 84' lang='lat' dir='ltr'><strong>vino.</strong></span> <span class='ocrx_word' id='word_1_326' title='bbox 1990 3726 2116 3798; x_wconf 89' lang='lat' dir='ltr'><strong>quia</strong></span> 
     </span>
    </p>
   </div>
   <div class='ocr_carea' id='block_1_44' title="bbox 534 3820 2118 3894">
    <p class='ocr_par' dir='ltr' id='par_1_44' title="bbox 534 3820 2118 3894">
     <span class='ocr_line' id='line_1_44' title="bbox 534 3820 2118 3894; baseline -0.003 -14"><span class='ocrx_word' id='word_1_327' title='bbox 534 3824 760 3881; x_wconf 87' lang='lat' dir='ltr'><strong>dulcedo</strong></span> <span class='ocrx_word' id='word_1_328' title='bbox 780 3822 1055 3894; x_wconf 77' lang='lat' dir='ltr'><strong>Evangelii</strong></span> <span class='ocrx_word' id='word_1_329' title='bbox 1085 3823 1278 3878; x_wconf 89' lang='lat' dir='ltr'><strong>melior</strong></span> <span class='ocrx_word' id='word_1_330' title='bbox 1300 3830 1383 3878; x_wconf 93' lang='lat' dir='ltr'><strong>est</strong></span> <span class='ocrx_word' id='word_1_331' title='bbox 1409 3823 1725 3877; x_wconf 78' lang='lat' dir='ltr'><strong>auSteritate</strong></span> <span class='ocrx_word' id='word_1_332' title='bbox 1749 3823 1899 3892; x_wconf 80' lang='lat' dir='ltr'><strong>legis.</strong></span> <span class='ocrx_word' id='word_1_333' title='bbox 1924 3821 1979 3875; x_wconf 87' lang='lat' dir='ltr'><strong>In</strong></span> <span class='ocrx_word' id='word_1_334' title='bbox 2003 3820 2118 3892; x_wconf 91' lang='lat' dir='ltr'><strong>lege</strong></span> 
     </span>
    </p>
   </div>
   <div class='ocr_carea' id='block_1_45' title="bbox 535 3913 2119 3987">
    <p class='ocr_par' dir='ltr' id='par_1_45' title="bbox 535 3913 2119 3987">
     <span class='ocr_line' id='line_1_45' title="bbox 535 3913 2119 3987; baseline -0.003 -16"><span class='ocrx_word' id='word_1_335' title='bbox 535 3916 678 3971; x_wconf 90' lang='lat' dir='ltr'><strong>enim</strong></span> <span class='ocrx_word' id='word_1_336' title='bbox 716 3916 863 3970; x_wconf 91' lang='lat' dir='ltr'><strong>nulla</strong></span> <span class='ocrx_word' id='word_1_337' title='bbox 895 3925 1208 3970; x_wconf 88' lang='lat' dir='ltr'><strong>reservatur</strong></span> <span class='ocrx_word' id='word_1_338' title='bbox 1234 3914 1547 3987; x_wconf 76' lang='lat' dir='ltr'><strong>poenitentia</strong></span> <span class='ocrx_word' id='word_1_339' title='bbox 1566 3954 1582 3980; x_wconf 87' lang='lat'><strong>,</strong></span> <span class='ocrx_word' id='word_1_340' title='bbox 1607 3913 1699 3969; x_wconf 90' lang='lat' dir='ltr'><strong>sed</strong></span> <span class='ocrx_word' id='word_1_341' title='bbox 1724 3913 2033 3984; x_wconf 69' lang='lat' dir='ltr'><strong>praecipitur</strong></span> <span class='ocrx_word' id='word_1_342' title='bbox 2061 3920 2119 3966; x_wconf 87' lang='lat' dir='ltr'><strong>ut</strong></span> 
     </span>
    </p>
   </div>
   <div class='ocr_carea' id='block_1_46' title="bbox 532 4004 2112 4078">
    <p class='ocr_par' dir='ltr' id='par_1_46' title="bbox 532 4004 2112 4078">
     <span class='ocr_line' id='line_1_46' title="bbox 532 4004 2112 4078; baseline -0.003 -16"><span class='ocrx_word' id='word_1_343' title='bbox 532 4007 623 4078; x_wconf 92' lang='lat' dir='ltr'><strong>qui</strong></span> <span class='ocrx_word' id='word_1_344' title='bbox 670 4014 860 4078; x_wconf 85' lang='lat' dir='ltr'><strong>peccat</strong></span> <span class='ocrx_word' id='word_1_345' title='bbox 909 4006 1187 4062; x_wconf 90' lang='lat' dir='ltr'><strong>occidatur</strong></span> <span class='ocrx_word' id='word_1_346' title='bbox 1232 4024 1245 4059; x_wconf 92' lang='lat'><strong>:</strong></span> <span class='ocrx_word' id='word_1_347' title='bbox 1300 4004 1647 4078; x_wconf 85' lang='lat' dir='ltr'><strong>Evangelium</strong></span> <span class='ocrx_word' id='word_1_348' title='bbox 1695 4012 1878 4059; x_wconf 89' lang='lat' dir='ltr'><strong>autem</strong></span> <span class='ocrx_word' id='word_1_349' title='bbox 1925 4004 2056 4059; x_wconf 89' lang='lat' dir='ltr'><strong>dicit</strong></span> <span class='ocrx_word' id='word_1_350' title='bbox 2098 4020 2112 4057; x_wconf 89' lang='lat'><strong>:</strong></span> 
     </span>
    </p>
   </div>
   <div class='ocr_carea' id='block_1_47' title="bbox 536 4096 1513 4168">
    <p class='ocr_par' dir='ltr' id='par_1_47' title="bbox 536 4096 1513 4168">
     <span class='ocr_line' id='line_1_47' title="bbox 536 4096 1513 4168; baseline 0.001 -17"><span class='ocrx_word' id='word_1_351' title='bbox 536 4118 555 4151; x_wconf 74' lang='grc' dir='ltr'>ι</span> <span class='ocrx_word' id='word_1_352' title='bbox 582 4096 716 4153; x_wconf 85' lang='lat' dir='ltr'><strong>Nolo</strong></span> <span class='ocrx_word' id='word_1_353' title='bbox 741 4108 969 4153; x_wconf 91' lang='lat' dir='ltr'><strong>mortem</strong></span> <span class='ocrx_word' id='word_1_354' title='bbox 996 4098 1323 4168; x_wconf 83' lang='lat' dir='ltr'><strong>peccatoris,</strong></span> <span class='ocrx_word' id='word_1_355' title='bbox 1361 4117 1379 4149; x_wconf 73' lang='grc' dir='ltr'><strong><em>ι</em></strong></span> <span class='ocrx_word' id='word_1_356' title='bbox 1407 4106 1513 4152; x_wconf 90' lang='lat' dir='ltr'><strong>etc.</strong></span> 
     </span>
    </p>
   </div>
   <div class='ocr_carea' id='block_1_48' title="bbox 608 4190 2119 4261">
    <p class='ocr_par' dir='ltr' id='par_1_48' title="bbox 608 4190 2119 4261">
     <span class='ocr_line' id='line_1_48' title="bbox 608 4190 2119 4261; baseline 0.003 -20"><span class='ocrx_word' id='word_1_357' title='bbox 608 4208 628 4240; x_wconf 75' lang='grc' dir='ltr'>ι</span> <span class='ocrx_word' id='word_1_358' title='bbox 664 4190 980 4261; x_wconf 81' lang='lat' dir='ltr'><strong>Fragrantia</strong></span> <span class='ocrx_word' id='word_1_359' title='bbox 1007 4191 1295 4259; x_wconf 71' lang='lat' dir='ltr'><strong>unguentis</strong></span> <span class='ocrx_word' id='word_1_360' title='bbox 1334 4190 1569 4260; x_wconf 89' lang='lat' dir='ltr'><strong>optimis.</strong></span> <span class='ocrx_word' id='word_1_361' title='bbox 1606 4209 1625 4244; x_wconf 71' lang='grc' dir='ltr'><strong>ι</strong></span> <span class='ocrx_word' id='word_1_362' title='bbox 1669 4190 1950 4261; x_wconf 85' lang='lat' dir='ltr'><strong>Unguenta</strong></span> <span class='ocrx_word' id='word_1_363' title='bbox 1994 4198 2119 4245; x_wconf 91' lang='lat' dir='ltr'><strong>sunt</strong></span> 
     </span>
    </p>
   </div>
   <div class='ocr_carea' id='block_1_49' title="bbox 533 4279 2112 4351">
    <p class='ocr_par' dir='ltr' id='par_1_49' title="bbox 533 4279 2112 4351">
     <span class='ocr_line' id='line_1_49' title="bbox 533 4279 2112 4351; baseline -0.001 -14"><span class='ocrx_word' id='word_1_364' title='bbox 533 4282 670 4337; x_wconf 86' lang='lat' dir='ltr'><strong>dona</strong></span> <span class='ocrx_word' id='word_1_365' title='bbox 704 4279 938 4351; x_wconf 86' lang='lat' dir='ltr'><strong>Spiritus</strong></span> <span class='ocrx_word' id='word_1_366' title='bbox 958 4281 1129 4335; x_wconf 78' lang='lat' dir='ltr'><strong>sancti</strong></span> <span class='ocrx_word' id='word_1_367' title='bbox 1150 4321 1166 4346; x_wconf 90' lang='lat'><strong>,</strong></span> <span class='ocrx_word' id='word_1_368' title='bbox 1209 4281 1292 4335; x_wconf 88' lang='lat' dir='ltr'><strong>vel</strong></span> <span class='ocrx_word' id='word_1_369' title='bbox 1324 4282 1485 4336; x_wconf 90' lang='lat' dir='ltr'><strong>etiam</strong></span> <span class='ocrx_word' id='word_1_370' title='bbox 1514 4282 1795 4351; x_wconf 86' lang='lat' dir='ltr'><strong>opiniones</strong></span> <span class='ocrx_word' id='word_1_371' title='bbox 1821 4283 2077 4338; x_wconf 88' lang='lat' dir='ltr'><strong>virtutum</strong></span> <span class='ocrx_word' id='word_1_372' title='bbox 2096 4321 2112 4347; x_wconf 94' lang='lat'><strong>,</strong></span> 
     </span>
    </p>
   </div>
   <div class='ocr_carea' id='block_1_50' title="bbox 2216 3087 3803 3153">
    <p class='ocr_par' dir='ltr' id='par_1_50' title="bbox 2216 3087 3803 3153">
     <span class='ocr_line' id='line_1_50' title="bbox 2216 3087 3803 3153; baseline 0.006 -12"><span class='ocrx_word' id='word_1_373' title='bbox 2216 3088 2427 3152; x_wconf 89' lang='lat' dir='ltr'><strong>meriti,</strong></span> <span class='ocrx_word' id='word_1_374' title='bbox 2472 3087 2527 3142; x_wconf 94' lang='lat' dir='ltr'><strong>in</strong></span> <span class='ocrx_word' id='word_1_375' title='bbox 2559 3097 2644 3153; x_wconf 88' lang='lat' dir='ltr'><strong>te,</strong></span> <span class='ocrx_word' id='word_1_376' title='bbox 2672 3104 2778 3145; x_wconf 89' lang='lat' dir='ltr'><strong>non</strong></span> <span class='ocrx_word' id='word_1_377' title='bbox 2810 3089 2864 3144; x_wconf 83' lang='lat' dir='ltr'><strong>in</strong></span> <span class='ocrx_word' id='word_1_378' title='bbox 2910 3089 3066 3144; x_wconf 91' lang='lat' dir='ltr'><strong>nobis</strong></span> <span class='ocrx_word' id='word_1_379' title='bbox 3101 3090 3494 3146; x_wconf 81' lang='lat' dir='ltr'><strong>exsultabimus</strong></span> <span class='ocrx_word' id='word_1_380' title='bbox 3532 3109 3547 3146; x_wconf 92' lang='lat'><strong>:</strong></span> <span class='ocrx_word' id='word_1_381' title='bbox 3580 3093 3689 3149; x_wconf 88' lang='lat' dir='ltr'><strong>hoc</strong></span> <span class='ocrx_word' id='word_1_382' title='bbox 3725 3104 3803 3151; x_wconf 68' lang='lat' dir='ltr'><strong>est</strong></span> 
     </span>
    </p>
   </div>
   <div class='ocr_carea' id='block_1_51' title="bbox 2215 3179 3805 3256">
    <p class='ocr_par' dir='ltr' id='par_1_51' title="bbox 2215 3179 3805 3256">
     <span class='ocr_line' id='line_1_51' title="bbox 2215 3179 3805 3256; baseline 0.004 -23"><span class='ocrx_word' id='word_1_383' title='bbox 2215 3180 2358 3250; x_wconf 88' lang='lat' dir='ltr'><strong>quod</strong></span> <span class='ocrx_word' id='word_1_384' title='bbox 2386 3179 2673 3250; x_wconf 85' lang='lat' dir='ltr'><strong>Apostolus</strong></span> <span class='ocrx_word' id='word_1_385' title='bbox 2699 3182 2811 3234; x_wconf 87' lang='lat' dir='ltr'><strong>ait:</strong></span> <span class='ocrx_word' id='word_1_386' title='bbox 2847 3198 2865 3232; x_wconf 75' lang='grc' dir='ltr'>ι</span> <span class='ocrx_word' id='word_1_387' title='bbox 2896 3180 2997 3248; x_wconf 86' lang='lat' dir='ltr'><strong>Qui</strong></span> <span class='ocrx_word' id='word_1_388' title='bbox 3030 3182 3314 3253; x_wconf 82' lang='lat' dir='ltr'><strong>gloriatur,</strong></span> <span class='ocrx_word' id='word_1_389' title='bbox 3348 3183 3399 3236; x_wconf 92' lang='lat' dir='ltr'><strong>in</strong></span> <span class='ocrx_word' id='word_1_390' title='bbox 3436 3182 3673 3239; x_wconf 89' lang='lat' dir='ltr'><strong>Domino</strong></span> <span class='ocrx_word' id='word_1_391' title='bbox 3697 3184 3805 3256; x_wconf 82' lang='lat' dir='ltr'><strong>glo-</strong></span> 
     </span>
    </p>
   </div>
   <div class='ocr_carea' id='block_1_52' title="bbox 2217 3270 3799 3343">
    <p class='ocr_par' dir='ltr' id='par_1_52' title="bbox 2217 3270 3799 3343">
     <span class='ocr_line' id='line_1_52' title="bbox 2217 3270 3799 3343; baseline 0.003 -20"><span class='ocrx_word' id='word_1_392' title='bbox 2217 3270 2406 3324; x_wconf 86' lang='lat' dir='ltr'><strong>rietur.</strong></span> <span class='ocrx_word' id='word_1_393' title='bbox 2441 3290 2460 3322; x_wconf 74' lang='grc' dir='ltr'><strong><em>ι</em></strong></span> <span class='ocrx_word' id='word_1_394' title='bbox 2496 3288 2514 3321; x_wconf 74' lang='grc' dir='ltr'>ι</span> <span class='ocrx_word' id='word_1_395' title='bbox 2550 3270 2818 3327; x_wconf 82' lang='lat' dir='ltr'><strong>Memores</strong></span> <span class='ocrx_word' id='word_1_396' title='bbox 2843 3273 3067 3327; x_wconf 85' lang='lat' dir='ltr'><strong>uberum</strong></span> <span class='ocrx_word' id='word_1_397' title='bbox 3102 3281 3313 3327; x_wconf 90' lang='lat' dir='ltr'><strong>tuorum</strong></span> <span class='ocrx_word' id='word_1_398' title='bbox 3344 3288 3503 3342; x_wconf 85' lang='lat' dir='ltr'><strong>super</strong></span> <span class='ocrx_word' id='word_1_399' title='bbox 3537 3276 3752 3343; x_wconf 83' lang='lat' dir='ltr'><strong>vinum,</strong></span> <span class='ocrx_word' id='word_1_400' title='bbox 3781 3295 3799 3327; x_wconf 77' lang='grc' dir='ltr'><strong><em>ι</em></strong></span> 
     </span>
    </p>
   </div>
   <div class='ocr_carea' id='block_1_53' title="bbox 2216 3363 3805 3439">
    <p class='ocr_par' dir='ltr' id='par_1_53' title="bbox 2216 3363 3805 3439">
     <span class='ocr_line' id='line_1_53' title="bbox 2216 3363 3805 3439; baseline 0.003 -22"><span class='ocrx_word' id='word_1_401' title='bbox 2216 3363 2270 3417; x_wconf 90' lang='lat' dir='ltr'><strong>id</strong></span> <span class='ocrx_word' id='word_1_402' title='bbox 2296 3372 2399 3428; x_wconf 89' lang='lat' dir='ltr'><strong>est,</strong></span> <span class='ocrx_word' id='word_1_403' title='bbox 2423 3378 2691 3419; x_wconf 89' lang='lat' dir='ltr'><strong>memores</strong></span> <span class='ocrx_word' id='word_1_404' title='bbox 2719 3366 2906 3435; x_wconf 85' lang='lat' dir='ltr'><strong>gratiae</strong></span> <span class='ocrx_word' id='word_1_405' title='bbox 2936 3376 3039 3420; x_wconf 63' lang='lat' dir='ltr'><strong>ture</strong></span> <span class='ocrx_word' id='word_1_406' title='bbox 3061 3374 3116 3420; x_wconf 90' lang='lat' dir='ltr'><strong>et</strong></span> <span class='ocrx_word' id='word_1_407' title='bbox 3140 3366 3525 3421; x_wconf 74' lang='lat' dir='ltr'><strong>misericordia:</strong></span> <span class='ocrx_word' id='word_1_408' title='bbox 3551 3375 3680 3432; x_wconf 67' lang='lat' dir='ltr'><strong>tum,</strong></span> <span class='ocrx_word' id='word_1_409' title='bbox 3704 3384 3805 3439; x_wconf 81' lang='lat' dir='ltr'><strong>qna</strong></span> 
     </span>
    </p>
   </div>
   <div class='ocr_carea' id='block_1_54' title="bbox 2217 3453 3807 3528">
    <p class='ocr_par' dir='ltr' id='par_1_54' title="bbox 2217 3453 3807 3528">
     <span class='ocr_line' id='line_1_54' title="bbox 2217 3453 3807 3528; baseline 0.003 -20"><span class='ocrx_word' id='word_1_410' title='bbox 2217 3453 2409 3508; x_wconf 86' lang='lat' dir='ltr'><strong>salvati</strong></span> <span class='ocrx_word' id='word_1_411' title='bbox 2437 3469 2641 3509; x_wconf 92' lang='lat' dir='ltr'><strong>sumus.</strong></span> <span class='ocrx_word' id='word_1_412' title='bbox 2678 3453 2856 3511; x_wconf 88' lang='lat' dir='ltr'><strong>Ubera</strong></span> <span class='ocrx_word' id='word_1_413' title='bbox 2884 3458 3027 3510; x_wconf 90' lang='lat' dir='ltr'><strong>enim</strong></span> <span class='ocrx_word' id='word_1_414' title='bbox 3052 3466 3178 3511; x_wconf 88' lang='lat' dir='ltr'><strong>sunt</strong></span> <span class='ocrx_word' id='word_1_415' title='bbox 3203 3458 3316 3527; x_wconf 87' lang='lat' dir='ltr'><strong>ipsa</strong></span> <span class='ocrx_word' id='word_1_416' title='bbox 3348 3458 3540 3527; x_wconf 85' lang='lat' dir='ltr'><strong>gratia,</strong></span> <span class='ocrx_word' id='word_1_417' title='bbox 3568 3474 3682 3528; x_wconf 83' lang='lat' dir='ltr'><strong>qua</strong></span> <span class='ocrx_word' id='word_1_418' title='bbox 3712 3458 3807 3513; x_wconf 79' lang='lat' dir='ltr'><strong>sal—</strong></span> 
     </span>
    </p>
   </div>
   <div class='ocr_carea' id='block_1_55' title="bbox 2217 3544 3805 3616">
    <p class='ocr_par' dir='ltr' id='par_1_55' title="bbox 2217 3544 3805 3616">
     <span class='ocr_line' id='line_1_55' title="bbox 2217 3544 3805 3616; baseline 0.005 -20"><span class='ocrx_word' id='word_1_419' title='bbox 2217 3544 2327 3597; x_wconf 86' lang='lat' dir='ltr'><strong>vati</strong></span> <span class='ocrx_word' id='word_1_420' title='bbox 2354 3559 2560 3598; x_wconf 92' lang='lat' dir='ltr'><strong>sumus.</strong></span> <span class='ocrx_word' id='word_1_421' title='bbox 2594 3544 2956 3601; x_wconf 83' lang='lat' dir='ltr'><strong>Rccordantes</strong></span> <span class='ocrx_word' id='word_1_422' title='bbox 2982 3546 3143 3601; x_wconf 85' lang='lat' dir='ltr'><strong>etiam</strong></span> <span class='ocrx_word' id='word_1_423' title='bbox 3181 3546 3306 3616; x_wconf 86' lang='lat' dir='ltr'><strong>quia</strong></span> <span class='ocrx_word' id='word_1_424' title='bbox 3340 3555 3395 3600; x_wconf 92' lang='lat' dir='ltr'><strong>tu</strong></span> <span class='ocrx_word' id='word_1_425' title='bbox 3427 3549 3805 3604; x_wconf 78' lang='lat' dir='ltr'><strong>austeritatem</strong></span> 
     </span>
    </p>
   </div>
   <div class='ocr_carea' id='block_1_56' title="bbox 2216 3634 3807 3709">
    <p class='ocr_par' dir='ltr' id='par_1_56' title="bbox 2216 3634 3807 3709">
     <span class='ocr_line' id='line_1_56' title="bbox 2216 3634 3807 3709; baseline 0.003 -22"><span class='ocrx_word' id='word_1_426' title='bbox 2216 3634 2351 3706; x_wconf 85' lang='lat' dir='ltr'><strong>legis</strong></span> <span class='ocrx_word' id='word_1_427' title='bbox 2375 3635 2628 3690; x_wconf 87' lang='lat' dir='ltr'><strong>uberibus</strong></span> <span class='ocrx_word' id='word_1_428' title='bbox 2657 3636 2913 3693; x_wconf 72' lang='lat' dir='ltr'><strong>doctrinm</strong></span> <span class='ocrx_word' id='word_1_429' title='bbox 2935 3637 3255 3709; x_wconf 81' lang='lat' dir='ltr'><strong>evangelica:</strong></span> <span class='ocrx_word' id='word_1_430' title='bbox 3283 3646 3588 3708; x_wconf 87' lang='lat' dir='ltr'><strong>temperare</strong></span> <span class='ocrx_word' id='word_1_431' title='bbox 3614 3640 3807 3708; x_wconf 79' lang='lat' dir='ltr'><strong>digna-</strong></span> 
     </span>
    </p>
   </div>
   <div class='ocr_carea' id='block_1_57' title="bbox 2219 3726 3805 3802">
    <p class='ocr_par' dir='ltr' id='par_1_57' title="bbox 2219 3726 3805 3802">
     <span class='ocr_line' id='line_1_57' title="bbox 2219 3726 3805 3802; baseline 0.001 -20"><span class='ocrx_word' id='word_1_432' title='bbox 2219 3735 2303 3782; x_wconf 87' lang='lat' dir='ltr'><strong>tus</strong></span> <span class='ocrx_word' id='word_1_433' title='bbox 2341 3743 2418 3782; x_wconf 88' lang='lat' dir='ltr'><strong>es.</strong></span> <span class='ocrx_word' id='word_1_434' title='bbox 2457 3746 2476 3778; x_wconf 74' lang='grc' dir='ltr'>ι</span> <span class='ocrx_word' id='word_1_435' title='bbox 2506 3726 2659 3783; x_wconf 78' lang='lat' dir='ltr'><strong>Recti</strong></span> <span class='ocrx_word' id='word_1_436' title='bbox 2702 3728 2927 3800; x_wconf 90' lang='lat' dir='ltr'><strong>diligunt</strong></span> <span class='ocrx_word' id='word_1_437' title='bbox 2976 3738 3045 3784; x_wconf 91' lang='lat' dir='ltr'><strong>te.</strong></span> <span class='ocrx_word' id='word_1_438' title='bbox 3089 3748 3107 3780; x_wconf 75' lang='grc' dir='ltr'><strong>ι</strong></span> <span class='ocrx_word' id='word_1_439' title='bbox 3142 3728 3222 3785; x_wconf 90' lang='lat' dir='ltr'><strong>llli</strong></span> <span class='ocrx_word' id='word_1_440' title='bbox 3274 3728 3488 3802; x_wconf 90' lang='lat' dir='ltr'><strong>(inquit)</strong></span> <span class='ocrx_word' id='word_1_441' title='bbox 3532 3732 3623 3800; x_wconf 85' lang='lat' dir='ltr'><strong>qui</strong></span> <span class='ocrx_word' id='word_1_442' title='bbox 3676 3729 3805 3785; x_wconf 82' lang='lat' dir='ltr'><strong>recti</strong></span> 
     </span>
    </p>
   </div>
   <div class='ocr_carea' id='block_1_58' title="bbox 2216 3819 3804 3890">
    <p class='ocr_par' dir='ltr' id='par_1_58' title="bbox 2216 3819 3804 3890">
     <span class='ocr_line' id='line_1_58' title="bbox 2216 3819 3804 3890; baseline 0.001 -18"><span class='ocrx_word' id='word_1_443' title='bbox 2216 3819 2379 3873; x_wconf 88' lang='lat' dir='ltr'><strong>corde</strong></span> <span class='ocrx_word' id='word_1_444' title='bbox 2411 3827 2556 3885; x_wconf 91' lang='lat' dir='ltr'><strong>sunt,</strong></span> <span class='ocrx_word' id='word_1_445' title='bbox 2584 3819 2810 3890; x_wconf 88' lang='lat' dir='ltr'><strong>diligunt</strong></span> <span class='ocrx_word' id='word_1_446' title='bbox 2842 3828 2911 3884; x_wconf 89' lang='lat' dir='ltr'><strong>te,</strong></span> <span class='ocrx_word' id='word_1_447' title='bbox 2941 3820 2993 3874; x_wconf 92' lang='lat' dir='ltr'><strong>id</strong></span> <span class='ocrx_word' id='word_1_448' title='bbox 3021 3828 3118 3885; x_wconf 87' lang='lat' dir='ltr'><strong>est,</strong></span> <span class='ocrx_word' id='word_1_449' title='bbox 3149 3819 3223 3874; x_wconf 90' lang='lat' dir='ltr'><strong>illi</strong></span> <span class='ocrx_word' id='word_1_450' title='bbox 3264 3820 3356 3890; x_wconf 90' lang='lat' dir='ltr'><strong>qui</strong></span> <span class='ocrx_word' id='word_1_451' title='bbox 3385 3820 3519 3874; x_wconf 87' lang='lat' dir='ltr'><strong>nihil</strong></span> <span class='ocrx_word' id='word_1_452' title='bbox 3548 3820 3664 3874; x_wconf 88' lang='lat' dir='ltr'><strong>suis</strong></span> <span class='ocrx_word' id='word_1_453' title='bbox 3694 3834 3804 3874; x_wconf 79' lang='lat' dir='ltr'><strong>me-</strong></span> 
     </span>
    </p>
   </div>
   <div class='ocr_carea' id='block_1_59' title="bbox 2220 3907 3808 3980">
    <p class='ocr_par' dir='ltr' id='par_1_59' title="bbox 2220 3907 3808 3980">
     <span class='ocr_line' id='line_1_59' title="bbox 2220 3907 3808 3980; baseline -0.001 -17"><span class='ocrx_word' id='word_1_454' title='bbox 2220 3908 2336 3963; x_wconf 85' lang='lat' dir='ltr'><strong>ritis</strong></span> <span class='ocrx_word' id='word_1_455' title='bbox 2368 3908 2637 3969; x_wconf 85' lang='lat' dir='ltr'><strong>tribuunt,</strong></span> <span class='ocrx_word' id='word_1_456' title='bbox 2673 3909 2767 3964; x_wconf 89' lang='lat' dir='ltr'><strong>sed</strong></span> <span class='ocrx_word' id='word_1_457' title='bbox 2796 3908 2976 3962; x_wconf 88' lang='lat' dir='ltr'><strong>omnia</strong></span> <span class='ocrx_word' id='word_1_458' title='bbox 3013 3917 3114 3963; x_wconf 67' lang='lat' dir='ltr'><strong>tum</strong></span> <span class='ocrx_word' id='word_1_459' title='bbox 3143 3908 3330 3980; x_wconf 66' lang='lat' dir='ltr'><strong>gratiae</strong></span> <span class='ocrx_word' id='word_1_460' title='bbox 3356 3907 3641 3978; x_wconf 73' lang='lat' dir='ltr'><strong>deputant.</strong></span> <span class='ocrx_word' id='word_1_461' title='bbox 3683 3908 3808 3962; x_wconf 83' lang='lat' dir='ltr'><strong>Nul-</strong></span> 
     </span>
    </p>
   </div>
   <div class='ocr_carea' id='block_1_60' title="bbox 2217 3998 3807 4079">
    <p class='ocr_par' dir='ltr' id='par_1_60' title="bbox 2217 3998 3807 4079">
     <span class='ocr_line' id='line_1_60' title="bbox 2217 3998 3807 4079; baseline 0.003 -28"><span class='ocrx_word' id='word_1_462' title='bbox 2217 3998 2301 4053; x_wconf 92' lang='lat' dir='ltr'><strong>lus</strong></span> <span class='ocrx_word' id='word_1_463' title='bbox 2326 3999 2469 4055; x_wconf 83' lang='lat' dir='ltr'><strong>enim</strong></span> <span class='ocrx_word' id='word_1_464' title='bbox 2512 4009 2564 4055; x_wconf 88' lang='lat' dir='ltr'><strong>te</strong></span> <span class='ocrx_word' id='word_1_465' title='bbox 2592 3999 2764 4071; x_wconf 82' lang='lat' dir='ltr'><strong>diligit</strong></span> <span class='ocrx_word' id='word_1_466' title='bbox 2794 4000 2897 4079; x_wconf 89' lang='lat' dir='ltr'><strong>nisi</strong></span> <span class='ocrx_word' id='word_1_467' title='bbox 2935 4010 3147 4068; x_wconf 88' lang='lat' dir='ltr'><strong>rectus,</strong></span> <span class='ocrx_word' id='word_1_468' title='bbox 3198 4009 3253 4056; x_wconf 91' lang='lat' dir='ltr'><strong>et</strong></span> <span class='ocrx_word' id='word_1_469' title='bbox 3281 4000 3459 4056; x_wconf 92' lang='lat' dir='ltr'><strong>nullus</strong></span> <span class='ocrx_word' id='word_1_470' title='bbox 3494 4010 3581 4057; x_wconf 88' lang='lat' dir='ltr'><strong>est</strong></span> <span class='ocrx_word' id='word_1_471' title='bbox 3624 4012 3807 4059; x_wconf 85' lang='lat' dir='ltr'><strong>rectus</strong></span> 
     </span>
    </p>
   </div>
   <div class='ocr_carea' id='block_1_61' title="bbox 2218 4090 3588 4164">
    <p class='ocr_par' dir='ltr' id='par_1_61' title="bbox 2218 4090 3588 4164">
     <span class='ocr_line' id='line_1_61' title="bbox 2218 4090 3588 4164; baseline 0.002 -19"><span class='ocrx_word' id='word_1_472' title='bbox 2218 4090 2322 4145; x_wconf 84' lang='lat' dir='ltr'><strong>nisi</strong></span> <span class='ocrx_word' id='word_1_473' title='bbox 2347 4091 2436 4160; x_wconf 90' lang='lat' dir='ltr'><strong>qui</strong></span> <span class='ocrx_word' id='word_1_474' title='bbox 2474 4100 2524 4146; x_wconf 90' lang='lat' dir='ltr'><strong>te</strong></span> <span class='ocrx_word' id='word_1_475' title='bbox 2550 4091 2740 4162; x_wconf 82' lang='lat' dir='ltr'><strong>diligit.</strong></span> <span class='ocrx_word' id='word_1_476' title='bbox 2773 4092 3012 4148; x_wconf 86' lang='lat' dir='ltr'><strong>Ecclesia</strong></span> <span class='ocrx_word' id='word_1_477' title='bbox 3044 4094 3108 4148; x_wconf 89' lang='lat' dir='ltr'><strong>de</strong></span> <span class='ocrx_word' id='word_1_478' title='bbox 3131 4094 3244 4149; x_wconf 90' lang='lat' dir='ltr'><strong>suis</strong></span> <span class='ocrx_word' id='word_1_479' title='bbox 3274 4096 3546 4164; x_wconf 88' lang='lat' dir='ltr'><strong>pressuris</strong></span> <span class='ocrx_word' id='word_1_480' title='bbox 3574 4113 3588 4148; x_wconf 90' lang='lat'><strong>:</strong></span> 
     </span>
    </p>
   </div>
   <div class='ocr_carea' id='block_1_62' title="bbox 2293 4180 3802 4253">
    <p class='ocr_par' dir='ltr' id='par_1_62' title="bbox 2293 4180 3802 4253">
     <span class='ocr_line' id='line_1_62' title="bbox 2293 4180 3802 4253; baseline 0.004 -21"><span class='ocrx_word' id='word_1_481' title='bbox 2293 4199 2310 4232; x_wconf 74' lang='grc' dir='ltr'>ι</span> <span class='ocrx_word' id='word_1_482' title='bbox 2349 4180 2510 4253; x_wconf 75' lang='lat' dir='ltr'><strong>Nigra</strong></span> <span class='ocrx_word' id='word_1_483' title='bbox 2536 4197 2676 4247; x_wconf 71' lang='lat' dir='ltr'><strong>suun,</strong></span> <span class='ocrx_word' id='word_1_484' title='bbox 2705 4183 2796 4237; x_wconf 92' lang='lat' dir='ltr'><strong>sed</strong></span> <span class='ocrx_word' id='word_1_485' title='bbox 2827 4181 3082 4251; x_wconf 79' lang='lat' dir='ltr'><strong>formosa,</strong></span> <span class='ocrx_word' id='word_1_486' title='bbox 3118 4182 3241 4238; x_wconf 71' lang='lat' dir='ltr'><strong>ﬁlire</strong></span> <span class='ocrx_word' id='word_1_487' title='bbox 3266 4184 3628 4240; x_wconf 79' lang='lat' dir='ltr'><strong>Hierusalem.</strong></span> <span class='ocrx_word' id='word_1_488' title='bbox 3667 4206 3685 4237; x_wconf 74' lang='grc' dir='ltr'>ι</span> <span class='ocrx_word' id='word_1_489' title='bbox 3712 4186 3802 4240; x_wconf 81' lang='lat' dir='ltr'><strong>Hic</strong></span> 
     </span>
    </p>
   </div>
   <div class='ocr_carea' id='block_1_63' title="bbox 2219 4272 3809 4351">
    <p class='ocr_par' dir='ltr' id='par_1_63' title="bbox 2219 4272 3809 4351">
     <span class='ocr_line' id='line_1_63' title="bbox 2219 4272 3809 4351; baseline 0.005 -25"><span class='ocrx_word' id='word_1_490' title='bbox 2219 4287 2406 4327; x_wconf 85' lang='lat' dir='ltr'><strong>rursus</strong></span> <span class='ocrx_word' id='word_1_491' title='bbox 2450 4272 2688 4342; x_wconf 90' lang='lat' dir='ltr'><strong>loquitur</strong></span> <span class='ocrx_word' id='word_1_492' title='bbox 2727 4273 2969 4351; x_wconf 77' lang='lat' dir='ltr'><strong>Ecclesia</strong></span> <span class='ocrx_word' id='word_1_493' title='bbox 3007 4276 3074 4330; x_wconf 88' lang='lat' dir='ltr'><strong>ad</strong></span> <span class='ocrx_word' id='word_1_494' title='bbox 3113 4285 3330 4331; x_wconf 87' lang='lat' dir='ltr'><strong>sanctas</strong></span> <span class='ocrx_word' id='word_1_495' title='bbox 3367 4277 3809 4350; x_wconf 68' lang='lat' dir='ltr'><strong>auimas:‘1\’igra</strong></span> 
     </span>
    </p>
   </div>
   <div class='ocr_carea' id='block_1_64' title="bbox 535 4358 2115 4438">
    <p class='ocr_par' dir='ltr' id='par_1_64' title="bbox 535 4358 2106 4438">
     <span class='ocr_line' id='line_1_64' title="bbox 535 4358 2106 4438; baseline 0.001 -13"><span class='ocrx_word' id='word_1_496' title='bbox 535 4369 602 4425; x_wconf 91' lang='lat' dir='ltr'><strong>de</strong></span> <span class='ocrx_word' id='word_1_497' title='bbox 629 4367 827 4437; x_wconf 91' lang='lat' dir='ltr'><strong>quibus</strong></span> <span class='ocrx_word' id='word_1_498' title='bbox 856 4369 1176 4438; x_wconf 86' lang='lat' dir='ltr'><strong>Apostolus:</strong></span> <span class='ocrx_word' id='word_1_499' title='bbox 1207 4387 1226 4420; x_wconf 89' lang='grc'><em>‹</em></span> <span class='ocrx_word' id='word_1_500' title='bbox 1257 4368 1457 4425; x_wconf 88' lang='lat' dir='ltr'><strong>Christi</strong></span> <span class='ocrx_word' id='word_1_501' title='bbox 1487 4372 1659 4426; x_wconf 91' lang='lat' dir='ltr'><strong>bonus</strong></span> <span class='ocrx_word' id='word_1_502' title='bbox 1685 4372 1818 4428; x_wconf 87' lang='lat' dir='ltr'><strong>odor</strong></span> <span class='ocrx_word' id='word_1_503' title='bbox 1842 4388 2049 4429; x_wconf 89' lang='lat' dir='ltr'><strong>sumus.</strong></span> <span class='ocrx_word' id='word_1_504' title='bbox 2070 4358 2106 4426; x_wconf 15' lang='grc' dir='ltr'><strong>ν»</strong></span> 
     </span>
    </p>
   </div>
   <div class='ocr_carea' id='block_1_65' title="bbox 2221 4358 3814 4438">
    <p class='ocr_par' dir='ltr' id='par_1_65' title="bbox 2221 4365 3814 4436">
     <span class='ocr_line' id='line_1_65' title="bbox 2221 4365 3814 4436; baseline 0.001 -16"><span class='ocrx_word' id='word_1_505' title='bbox 2221 4380 2356 4428; x_wconf 93' lang='lat' dir='ltr'><strong>sum,</strong></span> <span class='ocrx_word' id='word_1_506' title='bbox 2385 4365 2508 4433; x_wconf 86' lang='lat' dir='ltr'><strong>quia</strong></span> <span class='ocrx_word' id='word_1_507' title='bbox 2531 4365 2931 4434; x_wconf 89' lang='lat' dir='ltr'><strong>persecutiones</strong></span> <span class='ocrx_word' id='word_1_508' title='bbox 2957 4366 3150 4436; x_wconf 89' lang='lat' dir='ltr'><strong>patior,</strong></span> <span class='ocrx_word' id='word_1_509' title='bbox 3173 4368 3267 4423; x_wconf 85' lang='lat' dir='ltr'><strong>sed</strong></span> <span class='ocrx_word' id='word_1_510' title='bbox 3290 4367 3525 4425; x_wconf 78' lang='lat' dir='ltr'><strong>formosa</strong></span> <span class='ocrx_word' id='word_1_511' title='bbox 3551 4386 3675 4425; x_wconf 88' lang='lat' dir='ltr'><strong>sum</strong></span> <span class='ocrx_word' id='word_1_512' title='bbox 3705 4372 3814 4425; x_wconf 81' lang='lat' dir='ltr'><strong>vir.</strong></span> 
     </span>
    </p>
   </div>
   <div class='ocr_carea' id='block_1_66' title="bbox 540 4458 2111 4529">
    <p class='ocr_par' dir='ltr' id='par_1_66' title="bbox 540 4458 2111 4529">
     <span class='ocr_line' id='line_1_66' title="bbox 540 4458 2111 4529; baseline 0.006 -18"><span class='ocrx_word' id='word_1_513' title='bbox 540 4479 558 4511; x_wconf 74' lang='grc' dir='ltr'>ι</span> <span class='ocrx_word' id='word_1_514' title='bbox 590 4459 779 4514; x_wconf 89' lang='lat' dir='ltr'><strong>Oleum</strong></span> <span class='ocrx_word' id='word_1_515' title='bbox 822 4458 1049 4515; x_wconf 80' lang='lat' dir='ltr'><strong>effusum</strong></span> <span class='ocrx_word' id='word_1_516' title='bbox 1088 4474 1283 4516; x_wconf 89' lang='lat' dir='ltr'><strong>nomen</strong></span> <span class='ocrx_word' id='word_1_517' title='bbox 1335 4469 1503 4515; x_wconf 90' lang='lat' dir='ltr'><strong>tuum.</strong></span> <span class='ocrx_word' id='word_1_518' title='bbox 1546 4482 1565 4513; x_wconf 74' lang='grc' dir='ltr'><strong><em>ι</em></strong></span> <span class='ocrx_word' id='word_1_519' title='bbox 1615 4462 1818 4518; x_wconf 87' lang='lat' dir='ltr'><strong>Nomen</strong></span> <span class='ocrx_word' id='word_1_520' title='bbox 1864 4472 2049 4529; x_wconf 89' lang='lat' dir='ltr'><strong>tuum,</strong></span> <span class='ocrx_word' id='word_1_521' title='bbox 2078 4480 2111 4520; x_wconf 91' lang='grc' dir='ltr'>ο</span> 
     </span>
    </p>
   </div>
   <div class='ocr_carea' id='block_1_67' title="bbox 538 4547 2108 4620">
    <p class='ocr_par' dir='ltr' id='par_1_67' title="bbox 538 4547 2108 4620">
     <span class='ocr_line' id='line_1_67' title="bbox 538 4547 2108 4620; baseline 0.003 -17"><span class='ocrx_word' id='word_1_522' title='bbox 538 4547 766 4612; x_wconf 81' lang='lat' dir='ltr'><strong>Christe,</strong></span> <span class='ocrx_word' id='word_1_523' title='bbox 799 4548 1024 4604; x_wconf 75' lang='lat' dir='ltr'><strong>ell‘usum</strong></span> <span class='ocrx_word' id='word_1_524' title='bbox 1053 4558 1155 4606; x_wconf 89' lang='lat' dir='ltr'><strong>est.</strong></span> <span class='ocrx_word' id='word_1_525' title='bbox 1183 4549 1431 4605; x_wconf 87' lang='lat' dir='ltr'><strong>Chrisma</strong></span> <span class='ocrx_word' id='word_1_526' title='bbox 1455 4550 1660 4618; x_wconf 83' lang='lat' dir='ltr'><strong>Graece,</strong></span> <span class='ocrx_word' id='word_1_527' title='bbox 1682 4552 1872 4608; x_wconf 87' lang='lat' dir='ltr'><strong>Latine</strong></span> <span class='ocrx_word' id='word_1_528' title='bbox 1894 4555 2075 4609; x_wconf 89' lang='lat' dir='ltr'><strong>unctio</strong></span> <span class='ocrx_word' id='word_1_529' title='bbox 2094 4596 2108 4620; x_wconf 94' lang='lat'><strong>,</strong></span> 
     </span>
    </p>
   </div>
   <div class='ocr_carea' id='block_1_68' title="bbox 528 4636 2112 4697">
    <p class='ocr_par' dir='ltr' id='par_1_68' title="bbox 528 4636 2112 4697">
     <span class='ocr_line' id='line_1_68' title="bbox 528 4636 2112 4697; baseline 0.004 -7"><span class='ocrx_word' id='word_1_530' title='bbox 528 4638 679 4697; x_wconf 86' lang='lat' dir='ltr'><strong>unde</strong></span> <span class='ocrx_word' id='word_1_531' title='bbox 706 4636 988 4693; x_wconf 87' lang='lat' dir='ltr'><strong>Christus:</strong></span> <span class='ocrx_word' id='word_1_532' title='bbox 1012 4654 1207 4694; x_wconf 86' lang='lat' dir='ltr'><strong>nomen</strong></span> <span class='ocrx_word' id='word_1_533' title='bbox 1235 4639 1436 4694; x_wconf 89' lang='lat' dir='ltr'><strong>Christi</strong></span> <span class='ocrx_word' id='word_1_534' title='bbox 1464 4640 1532 4694; x_wconf 90' lang='lat' dir='ltr'><strong>ab</strong></span> <span class='ocrx_word' id='word_1_535' title='bbox 1574 4641 1825 4696; x_wconf 90' lang='lat' dir='ltr'><strong>unctione</strong></span> <span class='ocrx_word' id='word_1_536' title='bbox 1864 4652 2112 4697; x_wconf 86' lang='lat' dir='ltr'><strong>vocatum</strong></span> 
     </span>
    </p>
   </div>
   <div class='ocr_carea' id='block_1_69' title="bbox 540 4727 2113 4804">
    <p class='ocr_par' dir='ltr' id='par_1_69' title="bbox 540 4727 2113 4804">
     <span class='ocr_line' id='line_1_69' title="bbox 540 4727 2113 4804; baseline 0.002 -21"><span class='ocrx_word' id='word_1_537' title='bbox 540 4736 640 4783; x_wconf 89' lang='lat' dir='ltr'><strong>est.</strong></span> <span class='ocrx_word' id='word_1_538' title='bbox 672 4727 819 4783; x_wconf 90' lang='lat' dir='ltr'><strong>Solet</strong></span> <span class='ocrx_word' id='word_1_539' title='bbox 850 4729 994 4784; x_wconf 90' lang='lat' dir='ltr'><strong>enim</strong></span> <span class='ocrx_word' id='word_1_540' title='bbox 1025 4728 1259 4800; x_wconf 88' lang='lat' dir='ltr'><strong>Spiritus</strong></span> <span class='ocrx_word' id='word_1_541' title='bbox 1300 4740 1519 4787; x_wconf 89' lang='lat' dir='ltr'><strong>sanctus</strong></span> <span class='ocrx_word' id='word_1_542' title='bbox 1545 4733 1651 4788; x_wconf 91' lang='lat' dir='ltr'><strong>olei</strong></span> <span class='ocrx_word' id='word_1_543' title='bbox 1680 4733 1896 4788; x_wconf 89' lang='lat' dir='ltr'><strong>nomine</strong></span> <span class='ocrx_word' id='word_1_544' title='bbox 1929 4733 2113 4804; x_wconf 82' lang='lat' dir='ltr'><strong>appel-</strong></span> 
     </span>
    </p>
   </div>
   <div class='ocr_carea' id='block_1_70' title="bbox 541 4816 2117 4890">
    <p class='ocr_par' dir='ltr' id='par_1_70' title="bbox 541 4816 2117 4890">
     <span class='ocr_line' id='line_1_70' title="bbox 541 4816 2117 4890; baseline 0.006 -19"><span class='ocrx_word' id='word_1_545' title='bbox 541 4816 668 4882; x_wconf 88' lang='lat' dir='ltr'><strong>lari&#39;,</strong></span> <span class='ocrx_word' id='word_1_546' title='bbox 690 4816 846 4887; x_wconf 81' lang='lat' dir='ltr'><strong>juxta</strong></span> <span class='ocrx_word' id='word_1_547' title='bbox 878 4821 1018 4890; x_wconf 91' lang='lat' dir='ltr'><strong>quod</strong></span> <span class='ocrx_word' id='word_1_548' title='bbox 1041 4821 1327 4879; x_wconf 87' lang='lat' dir='ltr'><strong>Psalmista</strong></span> <span class='ocrx_word' id='word_1_549' title='bbox 1350 4823 1424 4877; x_wconf 89' lang='lat' dir='ltr'><strong>ait</strong></span> <span class='ocrx_word' id='word_1_550' title='bbox 1451 4843 1463 4878; x_wconf 88' lang='lat'><strong>:</strong></span> <span class='ocrx_word' id='word_1_551' title='bbox 1495 4842 1513 4876; x_wconf 77' lang='grc' dir='ltr'>ι</span> <span class='ocrx_word' id='word_1_552' title='bbox 1548 4824 1711 4879; x_wconf 82' lang='lat' dir='ltr'><strong>Unxit</strong></span> <span class='ocrx_word' id='word_1_553' title='bbox 1745 4832 1797 4879; x_wconf 91' lang='lat' dir='ltr'><strong>te</strong></span> <span class='ocrx_word' id='word_1_554' title='bbox 1834 4825 1975 4881; x_wconf 89' lang='lat' dir='ltr'><strong>Deus</strong></span> <span class='ocrx_word' id='word_1_555' title='bbox 1998 4834 2117 4880; x_wconf 91' lang='lat' dir='ltr'><strong>tuus</strong></span> 
     </span>
    </p>
   </div>
   <div class='ocr_carea' id='block_1_71' title="bbox 543 4910 2116 4983">
    <p class='ocr_par' dir='ltr' id='par_1_71' title="bbox 543 4910 2116 4983">
     <span class='ocr_line' id='line_1_71' title="bbox 543 4910 2116 4983; baseline 0.003 -17"><span class='ocrx_word' id='word_1_556' title='bbox 543 4910 678 4976; x_wconf 87' lang='lat' dir='ltr'><strong>oleo,</strong></span> <span class='ocrx_word' id='word_1_557' title='bbox 708 4931 726 4963; x_wconf 75' lang='grc' dir='ltr'><strong><em>ι</em></strong></span> <span class='ocrx_word' id='word_1_558' title='bbox 763 4911 816 4967; x_wconf 90' lang='lat' dir='ltr'><strong>id</strong></span> <span class='ocrx_word' id='word_1_559' title='bbox 842 4921 925 4967; x_wconf 90' lang='lat' dir='ltr'><strong>est</strong></span> <span class='ocrx_word' id='word_1_560' title='bbox 953 4914 1158 4983; x_wconf 87' lang='lat' dir='ltr'><strong>Spiritu</strong></span> <span class='ocrx_word' id='word_1_561' title='bbox 1185 4923 1389 4970; x_wconf 87' lang='lat' dir='ltr'><strong>sancto.</strong></span> <span class='ocrx_word' id='word_1_562' title='bbox 1426 4916 1538 4972; x_wconf 85' lang='lat' dir='ltr'><strong>Hoc</strong></span> <span class='ocrx_word' id='word_1_563' title='bbox 1562 4917 1735 4972; x_wconf 88' lang='lat' dir='ltr'><strong>oleum</strong></span> <span class='ocrx_word' id='word_1_564' title='bbox 1762 4915 1987 4972; x_wconf 73' lang='lat' dir='ltr'><strong>effusum</strong></span> <span class='ocrx_word' id='word_1_565' title='bbox 2012 4924 2116 4983; x_wconf 86' lang='lat' dir='ltr'><strong>est,</strong></span> 
     </span>
    </p>
   </div>
   <div class='ocr_carea' id='block_1_72' title="bbox 545 5003 2116 5081">
    <p class='ocr_par' dir='ltr' id='par_1_72' title="bbox 545 5003 2116 5081">
     <span class='ocr_line' id='line_1_72' title="bbox 545 5003 2116 5081; baseline 0.004 -24"><span class='ocrx_word' id='word_1_566' title='bbox 545 5003 753 5073; x_wconf 75' lang='lat' dir='ltr'><strong>quando</strong></span> <span class='ocrx_word' id='word_1_567' title='bbox 767 5004 880 5060; x_wconf 67' lang='lat' dir='ltr'><strong>haec</strong></span> <span class='ocrx_word' id='word_1_568' title='bbox 899 5006 1094 5076; x_wconf 88' lang='lat' dir='ltr'><strong>gratia,</strong></span> <span class='ocrx_word' id='word_1_569' title='bbox 1111 5023 1270 5077; x_wconf 92' lang='lat' dir='ltr'><strong>quam</strong></span> <span class='ocrx_word' id='word_1_570' title='bbox 1289 5009 1535 5065; x_wconf 90' lang='lat' dir='ltr'><strong>Christus</strong></span> <span class='ocrx_word' id='word_1_571' title='bbox 1548 5009 1890 5081; x_wconf 85' lang='lat' dir='ltr'><strong>singulariter</strong></span> <span class='ocrx_word' id='word_1_572' title='bbox 1910 5010 2116 5076; x_wconf 88' lang='lat' dir='ltr'><strong>habuit,</strong></span> 
     </span>
    </p>
   </div>
   <div class='ocr_carea' id='block_1_73' title="bbox 541 5097 2118 5159">
    <p class='ocr_par' dir='ltr' id='par_1_73' title="bbox 541 5097 2118 5159">
     <span class='ocr_line' id='line_1_73' title="bbox 541 5097 2118 5159; baseline 0.002 -5"><span class='ocrx_word' id='word_1_573' title='bbox 541 5097 662 5154; x_wconf 79' lang='lat' dir='ltr'><strong>data</strong></span> <span class='ocrx_word' id='word_1_574' title='bbox 707 5105 792 5153; x_wconf 90' lang='lat' dir='ltr'><strong>est</strong></span> <span class='ocrx_word' id='word_1_575' title='bbox 835 5100 1085 5154; x_wconf 91' lang='lat' dir='ltr'><strong>omnibus</strong></span> <span class='ocrx_word' id='word_1_576' title='bbox 1126 5100 1312 5157; x_wconf 89' lang='lat' dir='ltr'><strong>electis</strong></span> <span class='ocrx_word' id='word_1_577' title='bbox 1339 5121 1352 5156; x_wconf 91' lang='lat'><strong>:</strong></span> <span class='ocrx_word' id='word_1_578' title='bbox 1379 5103 1521 5159; x_wconf 88' lang='lat' dir='ltr'><strong>unde</strong></span> <span class='ocrx_word' id='word_1_579' title='bbox 1555 5113 1608 5158; x_wconf 94' lang='lat' dir='ltr'><strong>et</strong></span> <span class='ocrx_word' id='word_1_580' title='bbox 1647 5119 1677 5157; x_wconf 88' lang='lat' dir='ltr'><strong>a</strong></span> <span class='ocrx_word' id='word_1_581' title='bbox 1709 5104 1923 5159; x_wconf 86' lang='lat' dir='ltr'><strong>Christo</strong></span> <span class='ocrx_word' id='word_1_582' title='bbox 1961 5103 2118 5158; x_wconf 90' lang='lat' dir='ltr'><strong>Chri-</strong></span> 
     </span>
    </p>
   </div>
   <div class='ocr_carea' id='block_1_74' title="bbox 540 5189 2119 5263">
    <p class='ocr_par' dir='ltr' id='par_1_74' title="bbox 540 5189 2119 5263">
     <span class='ocr_line' id='line_1_74' title="bbox 540 5189 2119 5263; baseline 0.003 -19"><span class='ocrx_word' id='word_1_583' title='bbox 540 5189 700 5244; x_wconf 87' lang='lat' dir='ltr'><strong>stiani</strong></span> <span class='ocrx_word' id='word_1_584' title='bbox 732 5189 1005 5257; x_wconf 90' lang='lat' dir='ltr'><strong>dicuntur,</strong></span> <span class='ocrx_word' id='word_1_585' title='bbox 1047 5193 1332 5263; x_wconf 87' lang='lat' dir='ltr'><strong>participio</strong></span> <span class='ocrx_word' id='word_1_586' title='bbox 1371 5196 1603 5249; x_wconf 86' lang='lat' dir='ltr'><strong>nominis</strong></span> <span class='ocrx_word' id='word_1_587' title='bbox 1639 5195 1859 5249; x_wconf 88' lang='lat' dir='ltr'><strong>Christi.</strong></span> <span class='ocrx_word' id='word_1_588' title='bbox 1894 5196 1957 5248; x_wconf 90' lang='lat' dir='ltr'><strong>Et</strong></span> <span class='ocrx_word' id='word_1_589' title='bbox 1983 5196 2119 5248; x_wconf 89' lang='lat' dir='ltr'><strong>bene</strong></span> 
     </span>
    </p>
   </div>
   <div class='ocr_carea' id='block_1_75' title="bbox 542 5278 2122 5354">
    <p class='ocr_par' dir='ltr' id='par_1_75' title="bbox 542 5278 2122 5354">
     <span class='ocr_line' id='line_1_75' title="bbox 542 5278 2122 5354; baseline 0.001 -20"><span class='ocrx_word' id='word_1_590' title='bbox 542 5294 647 5335; x_wconf 87' lang='lat' dir='ltr'><strong>non</strong></span> <span class='ocrx_word' id='word_1_591' title='bbox 676 5278 955 5346; x_wconf 83' lang='lat' dir='ltr'><strong>stillatum,</strong></span> <span class='ocrx_word' id='word_1_592' title='bbox 983 5282 1076 5336; x_wconf 87' lang='lat' dir='ltr'><strong>sed</strong></span> <span class='ocrx_word' id='word_1_593' title='bbox 1099 5282 1325 5339; x_wconf 76' lang='lat' dir='ltr'><strong>effusum</strong></span> <span class='ocrx_word' id='word_1_594' title='bbox 1348 5284 1524 5338; x_wconf 89' lang='lat' dir='ltr'><strong>oleum</strong></span> <span class='ocrx_word' id='word_1_595' title='bbox 1553 5285 1769 5349; x_wconf 88' lang='lat' dir='ltr'><strong>dicitur,</strong></span> <span class='ocrx_word' id='word_1_596' title='bbox 1800 5284 1924 5354; x_wconf 85' lang='lat' dir='ltr'><strong>quia</strong></span> <span class='ocrx_word' id='word_1_597' title='bbox 1952 5285 2122 5337; x_wconf 90' lang='lat' dir='ltr'><strong>abun-</strong></span> 
     </span>
    </p>
   </div>
   <div class='ocr_carea' id='block_1_76' title="bbox 541 5369 2123 5443">
    <p class='ocr_par' dir='ltr' id='par_1_76' title="bbox 541 5369 2123 5443">
     <span class='ocr_line' id='line_1_76' title="bbox 541 5369 2123 5443; baseline 0.001 -18"><span class='ocrx_word' id='word_1_598' title='bbox 541 5369 729 5425; x_wconf 90' lang='lat' dir='ltr'><strong>danter</strong></span> <span class='ocrx_word' id='word_1_599' title='bbox 754 5370 870 5425; x_wconf 64' lang='lat' dir='ltr'><strong>haec</strong></span> <span class='ocrx_word' id='word_1_600' title='bbox 897 5371 1067 5442; x_wconf 89' lang='lat' dir='ltr'><strong>gratia</strong></span> <span class='ocrx_word' id='word_1_601' title='bbox 1092 5373 1342 5443; x_wconf 87' lang='lat' dir='ltr'><strong>omnibus</strong></span> <span class='ocrx_word' id='word_1_602' title='bbox 1366 5374 1489 5428; x_wconf 90' lang='lat' dir='ltr'><strong>data</strong></span> <span class='ocrx_word' id='word_1_603' title='bbox 1517 5384 1600 5428; x_wconf 87' lang='lat' dir='ltr'><strong>est</strong></span> <span class='ocrx_word' id='word_1_604' title='bbox 1632 5374 1790 5428; x_wconf 85' lang='lat' dir='ltr'><strong>Iidem</strong></span> <span class='ocrx_word' id='word_1_605' title='bbox 1810 5373 2012 5428; x_wconf 89' lang='lat' dir='ltr'><strong>Christi</strong></span> <span class='ocrx_word' id='word_1_606' title='bbox 2038 5386 2123 5426; x_wconf 88' lang='lat' dir='ltr'><strong>re-</strong></span> 
     </span>
    </p>
   </div>
   <div class='ocr_carea' id='block_1_77' title="bbox 542 5460 2114 5520">
    <p class='ocr_par' dir='ltr' id='par_1_77' title="bbox 542 5460 2114 5520">
     <span class='ocr_line' id='line_1_77' title="bbox 542 5460 2114 5520; baseline 0.001 -4"><span class='ocrx_word' id='word_1_607' title='bbox 542 5460 864 5518; x_wconf 79' lang='lat' dir='ltr'><strong>calentibus.</strong></span> <span class='ocrx_word' id='word_1_608' title='bbox 920 5480 940 5514; x_wconf 77' lang='grc' dir='ltr'>ι</span> <span class='ocrx_word' id='word_1_609' title='bbox 986 5461 1110 5519; x_wconf 88' lang='lat' dir='ltr'><strong>ldeo</strong></span> <span class='ocrx_word' id='word_1_610' title='bbox 1142 5462 1571 5520; x_wconf 68' lang='lat' dir='ltr'><strong>adolescentula:</strong></span> <span class='ocrx_word' id='word_1_611' title='bbox 1620 5463 1925 5518; x_wconf 75' lang='lat' dir='ltr'><strong>dilexerunt</strong></span> <span class='ocrx_word' id='word_1_612' title='bbox 1966 5472 2038 5519; x_wconf 91' lang='lat' dir='ltr'><strong>te.</strong></span> <span class='ocrx_word' id='word_1_613' title='bbox 2094 5484 2114 5517; x_wconf 74' lang='grc' dir='ltr'><strong><em>ι</em></strong></span> 
     </span>
    </p>
   </div>
   <div class='ocr_carea' id='block_1_78' title="bbox 541 5551 2120 5624">
    <p class='ocr_par' dir='ltr' id='par_1_78' title="bbox 541 5551 2120 5624">
     <span class='ocr_line' id='line_1_78' title="bbox 541 5551 2120 5624; baseline -0.001 -13"><span class='ocrx_word' id='word_1_614' title='bbox 541 5551 970 5611; x_wconf 68' lang='lat' dir='ltr'><strong>Adolescentulaa</strong></span> <span class='ocrx_word' id='word_1_615' title='bbox 1017 5556 1273 5611; x_wconf 89' lang='lat' dir='ltr'><strong>dicuntur</strong></span> <span class='ocrx_word' id='word_1_616' title='bbox 1314 5556 1506 5611; x_wconf 65' lang='lat' dir='ltr'><strong>animae</strong></span> <span class='ocrx_word' id='word_1_617' title='bbox 1533 5554 1826 5610; x_wconf 88' lang='lat' dir='ltr'><strong>electorum</strong></span> <span class='ocrx_word' id='word_1_618' title='bbox 1852 5594 1867 5621; x_wconf 94' lang='lat'><strong>,</strong></span> <span class='ocrx_word' id='word_1_619' title='bbox 1913 5555 2035 5624; x_wconf 89' lang='lat' dir='ltr'><strong>quia</strong></span> <span class='ocrx_word' id='word_1_620' title='bbox 2066 5555 2120 5609; x_wconf 92' lang='lat' dir='ltr'><strong>in</strong></span> 
     </span>
    </p>
   </div>
   <div class='ocr_carea' id='block_1_79' title="bbox 542 5644 2119 5717">
    <p class='ocr_par' dir='ltr' id='par_1_79' title="bbox 542 5644 2119 5717">
     <span class='ocr_line' id='line_1_79' title="bbox 542 5644 2119 5717; baseline 0.001 -17"><span class='ocrx_word' id='word_1_621' title='bbox 542 5644 812 5715; x_wconf 88' lang='lat' dir='ltr'><strong>baptismo</strong></span> <span class='ocrx_word' id='word_1_622' title='bbox 839 5647 1172 5717; x_wconf 88' lang='lat' dir='ltr'><strong>reliquerunt</strong></span> <span class='ocrx_word' id='word_1_623' title='bbox 1215 5646 1401 5702; x_wconf 86' lang='lat' dir='ltr'><strong>sordes</strong></span> <span class='ocrx_word' id='word_1_624' title='bbox 1426 5648 1624 5703; x_wconf 85' lang='lat' dir='ltr'><strong>veteris</strong></span> <span class='ocrx_word' id='word_1_625' title='bbox 1653 5648 1917 5713; x_wconf 88' lang='lat' dir='ltr'><strong>hominis,</strong></span> <span class='ocrx_word' id='word_1_626' title='bbox 1958 5658 2011 5702; x_wconf 92' lang='lat' dir='ltr'><strong>et</strong></span> <span class='ocrx_word' id='word_1_627' title='bbox 2032 5662 2119 5703; x_wconf 90' lang='lat' dir='ltr'><strong>re-</strong></span> 
     </span>
    </p>
   </div>
   <div class='ocr_carea' id='block_1_80' title="bbox 2215 4455 3810 4525">
    <p class='ocr_par' dir='ltr' id='par_1_80' title="bbox 2215 4455 3810 4525">
     <span class='ocr_line' id='line_1_80' title="bbox 2215 4455 3810 4525; baseline 0.007 -17"><span class='ocrx_word' id='word_1_628' title='bbox 2215 4456 2450 4520; x_wconf 89' lang='lat' dir='ltr'><strong>tutibus,</strong></span> <span class='ocrx_word' id='word_1_629' title='bbox 2494 4472 2527 4511; x_wconf 92' lang='grc' dir='ltr'>ο</span> <span class='ocrx_word' id='word_1_630' title='bbox 2558 4455 2680 4511; x_wconf 74' lang='lat' dir='ltr'><strong>ﬁliae</strong></span> <span class='ocrx_word' id='word_1_631' title='bbox 2721 4456 3086 4525; x_wconf 87' lang='lat' dir='ltr'><strong>Hierusalem,</strong></span> <span class='ocrx_word' id='word_1_632' title='bbox 3135 4459 3188 4514; x_wconf 90' lang='lat' dir='ltr'><strong>id</strong></span> <span class='ocrx_word' id='word_1_633' title='bbox 3229 4468 3315 4517; x_wconf 89' lang='lat' dir='ltr'><strong>est</strong></span> <span class='ocrx_word' id='word_1_634' title='bbox 3358 4462 3556 4518; x_wconf 65' lang='lat' dir='ltr'><strong>animae</strong></span> <span class='ocrx_word' id='word_1_635' title='bbox 3600 4464 3810 4522; x_wconf 79' lang='lat' dir='ltr'><strong>ﬁdeles-</strong></span> 
     </span>
    </p>
   </div>
   <div class='ocr_carea' id='block_1_81' title="bbox 2215 4545 3813 4620">
    <p class='ocr_par' dir='ltr' id='par_1_81' title="bbox 2215 4545 3813 4620">
     <span class='ocr_line' id='line_1_81' title="bbox 2215 4545 3813 4620; baseline 0.008 -22"><span class='ocrx_word' id='word_1_636' title='bbox 2215 4545 2376 4614; x_wconf 79' lang='lat' dir='ltr'><strong>Nigra</strong></span> <span class='ocrx_word' id='word_1_637' title='bbox 2404 4559 2546 4613; x_wconf 89' lang='lat' dir='ltr'><strong>sum,</strong></span> <span class='ocrx_word' id='word_1_638' title='bbox 2578 4546 2628 4600; x_wconf 90' lang='lat' dir='ltr'><strong>id</strong></span> <span class='ocrx_word' id='word_1_639' title='bbox 2656 4555 2757 4613; x_wconf 90' lang='lat' dir='ltr'><strong>est,</strong></span> <span class='ocrx_word' id='word_1_640' title='bbox 2783 4546 3040 4604; x_wconf 81' lang='lat' dir='ltr'><strong>deformis</strong></span> <span class='ocrx_word' id='word_1_641' title='bbox 3072 4552 3540 4620; x_wconf 88' lang='lat' dir='ltr'><strong>persecutionibus</strong></span> <span class='ocrx_word' id='word_1_642' title='bbox 3572 4565 3628 4609; x_wconf 87' lang='lat' dir='ltr'><strong>et</strong></span> <span class='ocrx_word' id='word_1_643' title='bbox 3668 4572 3813 4611; x_wconf 63' lang='grc' dir='ltr'><strong>εει-ιι-</strong></span> 
     </span>
    </p>
   </div>
   <div class='ocr_carea' id='block_1_82' title="bbox 2217 4636 3818 4707">
    <p class='ocr_par' dir='ltr' id='par_1_82' title="bbox 2217 4636 3818 4707">
     <span class='ocr_line' id='line_1_82' title="bbox 2217 4636 3818 4707; baseline 0.008 -19"><span class='ocrx_word' id='word_1_644' title='bbox 2217 4636 2356 4690; x_wconf 91' lang='lat' dir='ltr'><strong>mnis</strong></span> <span class='ocrx_word' id='word_1_645' title='bbox 2401 4652 2534 4707; x_wconf 90' lang='lat' dir='ltr'><strong>quas</strong></span> <span class='ocrx_word' id='word_1_646' title='bbox 2576 4639 2835 4704; x_wconf 86' lang='lat' dir='ltr'><strong>sustineo,</strong></span> <span class='ocrx_word' id='word_1_647' title='bbox 2868 4641 2962 4695; x_wconf 89' lang='lat' dir='ltr'><strong>sed</strong></span> <span class='ocrx_word' id='word_1_648' title='bbox 2992 4639 3227 4696; x_wconf 80' lang='lat' dir='ltr'><strong>formosa</strong></span> <span class='ocrx_word' id='word_1_649' title='bbox 3255 4658 3374 4698; x_wconf 89' lang='lat' dir='ltr'><strong>sum</strong></span> <span class='ocrx_word' id='word_1_650' title='bbox 3403 4643 3605 4700; x_wconf 68' lang='lat' dir='ltr'><strong>decore</strong></span> <span class='ocrx_word' id='word_1_651' title='bbox 3640 4648 3818 4701; x_wconf 75' lang='lat' dir='ltr'><strong>virtu-</strong></span> 
     </span>
    </p>
   </div>
   <div class='ocr_carea' id='block_1_83' title="bbox 2217 4728 3819 4807">
    <p class='ocr_par' dir='ltr' id='par_1_83' title="bbox 2217 4728 3819 4807">
     <span class='ocr_line' id='line_1_83' title="bbox 2217 4728 3819 4807; baseline 0.008 -24"><span class='ocrx_word' id='word_1_652' title='bbox 2217 4733 2348 4783; x_wconf 84' lang='lat' dir='ltr'><strong>tum.</strong></span> <span class='ocrx_word' id='word_1_653' title='bbox 2374 4728 2654 4795; x_wconf 88' lang='lat' dir='ltr'><strong>Quomodo</strong></span> <span class='ocrx_word' id='word_1_654' title='bbox 2675 4741 2854 4787; x_wconf 86' lang='lat' dir='ltr'><strong>autem</strong></span> <span class='ocrx_word' id='word_1_655' title='bbox 2877 4734 3027 4805; x_wconf 87' lang='lat' dir='ltr'><strong>nigra</strong></span> <span class='ocrx_word' id='word_1_656' title='bbox 3051 4734 3141 4799; x_wconf 85' lang='lat' dir='ltr'><strong>sit,</strong></span> <span class='ocrx_word' id='word_1_657' title='bbox 3169 4744 3224 4790; x_wconf 88' lang='lat' dir='ltr'><strong>et</strong></span> <span class='ocrx_word' id='word_1_658' title='bbox 3247 4737 3514 4807; x_wconf 89' lang='lat' dir='ltr'><strong>quomodo</strong></span> <span class='ocrx_word' id='word_1_659' title='bbox 3548 4738 3819 4802; x_wconf 77' lang='lat' dir='ltr'><strong>formosa,</strong></span> 
     </span>
    </p>
   </div>
   <div class='ocr_carea' id='block_1_84' title="bbox 2217 4818 3873 4897">
    <p class='ocr_par' dir='ltr' id='par_1_84' title="bbox 2217 4818 3873 4897">
     <span class='ocr_line' id='line_1_84' title="bbox 2217 4818 3873 4897; baseline 0.009 -25"><span class='ocrx_word' id='word_1_660' title='bbox 2217 4818 2450 4873; x_wconf 84' lang='lat' dir='ltr'><strong>ostendit</strong></span> <span class='ocrx_word' id='word_1_661' title='bbox 2475 4836 2594 4874; x_wconf 92' lang='lat' dir='ltr'><strong>cum</strong></span> <span class='ocrx_word' id='word_1_662' title='bbox 2622 4821 2836 4876; x_wconf 86' lang='lat' dir='ltr'><strong>subdit:</strong></span> <span class='ocrx_word' id='word_1_663' title='bbox 2872 4843 2889 4874; x_wconf 76' lang='grc' dir='ltr'>ι</span> <span class='ocrx_word' id='word_1_664' title='bbox 2923 4823 3072 4878; x_wconf 89' lang='lat' dir='ltr'><strong>Sicut</strong></span> <span class='ocrx_word' id='word_1_665' title='bbox 3105 4824 3445 4881; x_wconf 89' lang='lat' dir='ltr'><strong>tabernacula</strong></span> <span class='ocrx_word' id='word_1_666' title='bbox 3473 4826 3683 4897; x_wconf 85' lang='lat' dir='ltr'><strong>Cedar,</strong></span> <span class='ocrx_word' id='word_1_667' title='bbox 3716 4831 3820 4886; x_wconf 83' lang='lat' dir='ltr'><strong>sic-</strong></span> <span class='ocrx_word' id='word_1_668' title='bbox 3852 4838 3873 4862; x_wconf 83' lang='lat'><strong><em>‘</em></strong></span> 
     </span>
    </p>
   </div>
   <div class='ocr_carea' id='block_1_85' title="bbox 2219 4910 3822 4994">
    <p class='ocr_par' dir='ltr' id='par_1_85' title="bbox 2219 4910 3822 4994">
     <span class='ocr_line' id='line_1_85' title="bbox 2219 4910 3822 4994; baseline 0.009 -32"><span class='ocrx_word' id='word_1_669' title='bbox 2219 4921 2277 4963; x_wconf 86' lang='lat' dir='ltr'><strong>ut</strong></span> <span class='ocrx_word' id='word_1_670' title='bbox 2314 4910 2480 4980; x_wconf 87' lang='lat' dir='ltr'><strong>pelles</strong></span> <span class='ocrx_word' id='word_1_671' title='bbox 2516 4910 2838 4967; x_wconf 89' lang='lat' dir='ltr'><strong>Salomonis.</strong></span> <span class='ocrx_word' id='word_1_672' title='bbox 2877 4934 2895 4967; x_wconf 83' lang='grc'><strong>›</strong></span> <span class='ocrx_word' id='word_1_673' title='bbox 2930 4915 3006 4969; x_wconf 91' lang='lat' dir='ltr'><strong>lta</strong></span> <span class='ocrx_word' id='word_1_674' title='bbox 3038 4916 3180 4970; x_wconf 89' lang='lat' dir='ltr'><strong>enim</strong></span> <span class='ocrx_word' id='word_1_675' title='bbox 3208 4918 3560 4987; x_wconf 85' lang='lat' dir='ltr'><strong>distinguitur</strong></span> <span class='ocrx_word' id='word_1_676' title='bbox 3603 4940 3617 4974; x_wconf 93' lang='lat'><strong>:</strong></span> <span class='ocrx_word' id='word_1_677' title='bbox 3646 4921 3822 4994; x_wconf 65' lang='lat' dir='ltr'><strong>Nigra</strong></span> 
     </span>
    </p>
   </div>
   <div class='ocr_carea' id='block_1_86' title="bbox 2220 5000 3825 5084">
    <p class='ocr_par' dir='ltr' id='par_1_86' title="bbox 2220 5000 3825 5084">
     <span class='ocr_line' id='line_1_86' title="bbox 2220 5000 3825 5084; baseline 0.009 -28"><span class='ocrx_word' id='word_1_678' title='bbox 2220 5018 2337 5057; x_wconf 91' lang='lat' dir='ltr'><strong>sum</strong></span> <span class='ocrx_word' id='word_1_679' title='bbox 2383 5003 2523 5058; x_wconf 80' lang='lat' dir='ltr'><strong>sicut</strong></span> <span class='ocrx_word' id='word_1_680' title='bbox 2565 5004 2905 5059; x_wconf 86' lang='lat' dir='ltr'><strong>tabernacula</strong></span> <span class='ocrx_word' id='word_1_681' title='bbox 2950 5004 3156 5072; x_wconf 85' lang='lat' dir='ltr'><strong>Cedar,</strong></span> <span class='ocrx_word' id='word_1_682' title='bbox 3190 5002 3419 5064; x_wconf 82' lang='lat' dir='ltr'><strong>formosa</strong></span> <span class='ocrx_word' id='word_1_683' title='bbox 3471 5010 3621 5067; x_wconf 87' lang='lat' dir='ltr'><strong>sicut</strong></span> 
     </span>
    </p>
   </div>
   <div class='ocr_carea' id='block_1_87' title="bbox 2220 5092 3828 5176">
    <p class='ocr_par' dir='ltr' id='par_1_87' title="bbox 2220 5092 3828 5176">
     <span class='ocr_line' id='line_1_87' title="bbox 2220 5092 3828 5176; baseline 0.008 -28"><span class='ocrx_word' id='word_1_684' title='bbox 2220 5092 2543 5149; x_wconf 85' lang='lat' dir='ltr'><strong>Salomonis.</strong></span> <span class='ocrx_word' id='word_1_685' title='bbox 2573 5095 2746 5150; x_wconf 88' lang='lat' dir='ltr'><strong>Cedar</strong></span> <span class='ocrx_word' id='word_1_686' title='bbox 2772 5096 2912 5151; x_wconf 89' lang='lat' dir='ltr'><strong>ﬁlius</strong></span> <span class='ocrx_word' id='word_1_687' title='bbox 2937 5098 3176 5154; x_wconf 91' lang='lat' dir='ltr'><strong>lsmaclis</strong></span> <span class='ocrx_word' id='word_1_688' title='bbox 3206 5098 3327 5166; x_wconf 82' lang='lat' dir='ltr'><strong>fuit,</strong></span> <span class='ocrx_word' id='word_1_689' title='bbox 3356 5102 3447 5172; x_wconf 92' lang='lat' dir='ltr'><strong>qui</strong></span> <span class='ocrx_word' id='word_1_690' title='bbox 3479 5103 3828 5176; x_wconf 74' lang='lat' dir='ltr'><strong>interpreta-</strong></span> 
     </span>
    </p>
   </div>
   <div class='ocr_carea' id='block_1_88' title="bbox 2221 5186 3835 5261">
    <p class='ocr_par' dir='ltr' id='par_1_88' title="bbox 2221 5186 3835 5261">
     <span class='ocr_line' id='line_1_88' title="bbox 2221 5186 3835 5261; baseline 0.008 -23"><span class='ocrx_word' id='word_1_691' title='bbox 2221 5194 2310 5238; x_wconf 91' lang='lat' dir='ltr'><strong>tur</strong></span> <span class='ocrx_word' id='word_1_692' title='bbox 2339 5187 2588 5240; x_wconf 73' lang='lat' dir='ltr'><strong>tenebrte.</strong></span> <span class='ocrx_word' id='word_1_693' title='bbox 2623 5186 2903 5243; x_wconf 70' lang='lat' dir='ltr'><strong>lsmaelita&#39;:</strong></span> <span class='ocrx_word' id='word_1_694' title='bbox 2943 5204 3072 5243; x_wconf 87' lang='lat' dir='ltr'><strong>vero</strong></span> <span class='ocrx_word' id='word_1_695' title='bbox 3099 5204 3313 5261; x_wconf 88' lang='lat' dir='ltr'><strong>semper</strong></span> <span class='ocrx_word' id='word_1_696' title='bbox 3349 5193 3401 5247; x_wconf 94' lang='lat' dir='ltr'><strong>in</strong></span> <span class='ocrx_word' id='word_1_697' title='bbox 3445 5193 3835 5250; x_wconf 79' lang='lat' dir='ltr'><strong>tabernaculis</strong></span> 
     </span>
    </p>
   </div>
   <div class='ocr_carea' id='block_1_89' title="bbox 2220 5274 3836 5358">
    <p class='ocr_par' dir='ltr' id='par_1_89' title="bbox 2220 5274 3836 5358">
     <span class='ocr_line' id='line_1_89' title="bbox 2220 5274 3836 5358; baseline 0.007 -28"><span class='ocrx_word' id='word_1_698' title='bbox 2220 5274 2465 5330; x_wconf 84' lang='lat' dir='ltr'><strong>habitare</strong></span> <span class='ocrx_word' id='word_1_699' title='bbox 2493 5277 2631 5331; x_wconf 88' lang='lat' dir='ltr'><strong>soliti</strong></span> <span class='ocrx_word' id='word_1_700' title='bbox 2661 5287 2806 5345; x_wconf 89' lang='lat' dir='ltr'><strong>sunt,</strong></span> <span class='ocrx_word' id='word_1_701' title='bbox 2836 5288 2891 5334; x_wconf 94' lang='lat' dir='ltr'><strong>et</strong></span> <span class='ocrx_word' id='word_1_702' title='bbox 2918 5296 3022 5334; x_wconf 87' lang='lat' dir='ltr'><strong>non</strong></span> <span class='ocrx_word' id='word_1_703' title='bbox 3059 5281 3259 5336; x_wconf 89' lang='lat' dir='ltr'><strong>habent</strong></span> <span class='ocrx_word' id='word_1_704' title='bbox 3281 5281 3491 5338; x_wconf 92' lang='lat' dir='ltr'><strong>domos.</strong></span> <span class='ocrx_word' id='word_1_705' title='bbox 3514 5285 3665 5340; x_wconf 87' lang='lat' dir='ltr'><strong>Dicit</strong></span> <span class='ocrx_word' id='word_1_706' title='bbox 3695 5302 3836 5358; x_wconf 82' lang='lat' dir='ltr'><strong>ergo</strong></span> 
     </span>
    </p>
   </div>
   <div class='ocr_carea' id='block_1_90' title="bbox 2222 5366 3836 5440">
    <p class='ocr_par' dir='ltr' id='par_1_90' title="bbox 2222 5366 3836 5440">
     <span class='ocr_line' id='line_1_90' title="bbox 2222 5366 3836 5440; baseline 0.007 -21"><span class='ocrx_word' id='word_1_707' title='bbox 2222 5366 2460 5422; x_wconf 82' lang='lat' dir='ltr'><strong>Ecclesia</strong></span> <span class='ocrx_word' id='word_1_708' title='bbox 2502 5383 2562 5422; x_wconf 91' lang='lat' dir='ltr'><strong>se</strong></span> <span class='ocrx_word' id='word_1_709' title='bbox 2608 5369 2816 5440; x_wconf 85' lang='lat' dir='ltr'><strong>nigram</strong></span> <span class='ocrx_word' id='word_1_710' title='bbox 2872 5385 2991 5425; x_wconf 89' lang='lat' dir='ltr'><strong>esse</strong></span> <span class='ocrx_word' id='word_1_711' title='bbox 3035 5372 3174 5427; x_wconf 65' lang='lat' dir='ltr'><strong>sicut</strong></span> <span class='ocrx_word' id='word_1_712' title='bbox 3215 5374 3564 5430; x_wconf 88' lang='lat' dir='ltr'><strong>tabernacula</strong></span> <span class='ocrx_word' id='word_1_713' title='bbox 3608 5375 3836 5439; x_wconf 72' lang='lat' dir='ltr'><strong>(le-dar,</strong></span> 
     </span>
    </p>
   </div>
   <div class='ocr_carea' id='block_1_91' title="bbox 2222 5459 3841 5530">
    <p class='ocr_par' dir='ltr' id='par_1_91' title="bbox 2222 5459 3841 5530">
     <span class='ocr_line' id='line_1_91' title="bbox 2222 5459 3841 5530; baseline 0.008 -22"><span class='ocrx_word' id='word_1_714' title='bbox 2222 5467 2439 5525; x_wconf 85' lang='lat' dir='ltr'><strong>propter</strong></span> <span class='ocrx_word' id='word_1_715' title='bbox 2480 5459 2880 5526; x_wconf 81' lang='lat' dir='ltr'><strong>persecutiones</strong></span> <span class='ocrx_word' id='word_1_716' title='bbox 2918 5474 3051 5529; x_wconf 87' lang='lat' dir='ltr'><strong>quas</strong></span> <span class='ocrx_word' id='word_1_717' title='bbox 3080 5462 3386 5530; x_wconf 88' lang='lat' dir='ltr'><strong>patiebatur</strong></span> <span class='ocrx_word' id='word_1_718' title='bbox 3426 5479 3458 5518; x_wconf 88' lang='lat' dir='ltr'><strong>a</strong></span> <span class='ocrx_word' id='word_1_719' title='bbox 3491 5465 3626 5520; x_wconf 83' lang='lat' dir='ltr'><strong>ﬁliis</strong></span> <span class='ocrx_word' id='word_1_720' title='bbox 3668 5477 3841 5522; x_wconf 77' lang='lat' dir='ltr'><strong>tene-</strong></span> 
     </span>
    </p>
   </div>
   <div class='ocr_carea' id='block_1_92' title="bbox 2222 5549 3843 5621">
    <p class='ocr_par' dir='ltr' id='par_1_92' title="bbox 2222 5549 3843 5621">
     <span class='ocr_line' id='line_1_92' title="bbox 2222 5549 3843 5621; baseline 0.007 -18"><span class='ocrx_word' id='word_1_721' title='bbox 2222 5549 2441 5603; x_wconf 90' lang='lat' dir='ltr'><strong>brarum</strong></span> <span class='ocrx_word' id='word_1_722' title='bbox 2465 5589 2480 5614; x_wconf 92' lang='lat'><strong>,</strong></span> <span class='ocrx_word' id='word_1_723' title='bbox 2513 5550 2656 5618; x_wconf 85' lang='lat' dir='ltr'><strong>quod</strong></span> <span class='ocrx_word' id='word_1_724' title='bbox 2694 5553 3077 5621; x_wconf 87' lang='lat' dir='ltr'><strong>interpretatur</strong></span> <span class='ocrx_word' id='word_1_725' title='bbox 3117 5553 3308 5609; x_wconf 90' lang='lat' dir='ltr'><strong>Cedar.</strong></span> <span class='ocrx_word' id='word_1_726' title='bbox 3348 5555 3486 5610; x_wconf 86' lang='lat' dir='ltr'><strong>llinc</strong></span> <span class='ocrx_word' id='word_1_727' title='bbox 3524 5555 3843 5614; x_wconf 78' lang='lat' dir='ltr'><strong>Psalmista</strong></span> 
     </span>
    </p>
   </div>
   <div class='ocr_carea' id='block_1_93' title="bbox 2225 5638 3844 5714">
    <p class='ocr_par' dir='ltr' id='par_1_93' title="bbox 2225 5638 3844 5714">
     <span class='ocr_line' id='line_1_93' title="bbox 2225 5638 3844 5714; baseline 0.008 -22"><span class='ocrx_word' id='word_1_728' title='bbox 2225 5638 2353 5693; x_wconf 89' lang='lat' dir='ltr'><strong>dicit</strong></span> <span class='ocrx_word' id='word_1_729' title='bbox 2382 5658 2394 5693; x_wconf 90' lang='lat'><strong>:</strong></span> <span class='ocrx_word' id='word_1_730' title='bbox 2434 5660 2451 5691; x_wconf 74' lang='grc' dir='ltr'>ι</span> <span class='ocrx_word' id='word_1_731' title='bbox 2482 5638 2729 5695; x_wconf 83' lang='lat' dir='ltr'><strong>Habitavi</strong></span> <span class='ocrx_word' id='word_1_732' title='bbox 2759 5658 2882 5697; x_wconf 92' lang='lat' dir='ltr'><strong>cum</strong></span> <span class='ocrx_word' id='word_1_733' title='bbox 2916 5643 3287 5701; x_wconf 79' lang='lat' dir='ltr'><strong>habitantibus</strong></span> <span class='ocrx_word' id='word_1_734' title='bbox 3318 5644 3514 5714; x_wconf 87' lang='lat' dir='ltr'><strong>Cedar,</strong></span> <span class='ocrx_word' id='word_1_735' title='bbox 3558 5667 3580 5701; x_wconf 73' lang='grc' dir='ltr'><strong><em>ι</em></strong></span> <span class='ocrx_word' id='word_1_736' title='bbox 3612 5649 3672 5704; x_wconf 88' lang='lat' dir='ltr'><strong>id</strong></span> <span class='ocrx_word' id='word_1_737' title='bbox 3728 5658 3844 5713; x_wconf 82' lang='lat' dir='ltr'><strong>est,</strong></span> 
     </span>
    </p>
   </div>
   <div class='ocr_carea' id='block_1_94' title="bbox 544 5730 3845 5811">
    <p class='ocr_par' dir='ltr' id='par_1_94' title="bbox 544 5730 3845 5811">
     <span class='ocr_line' id='line_1_94' title="bbox 544 5730 3845 5811; baseline 0.001 -21"><span class='ocrx_word' id='word_1_738' title='bbox 544 5744 753 5792; x_wconf 70' lang='lat' dir='ltr'><strong>novata:</strong></span> <span class='ocrx_word' id='word_1_739' title='bbox 778 5746 905 5793; x_wconf 87' lang='lat' dir='ltr'><strong>sunt</strong></span> <span class='ocrx_word' id='word_1_740' title='bbox 924 5739 979 5793; x_wconf 93' lang='lat' dir='ltr'><strong>in</strong></span> <span class='ocrx_word' id='word_1_741' title='bbox 1000 5737 1236 5795; x_wconf 85' lang='lat' dir='ltr'><strong>Christo.</strong></span> <span class='ocrx_word' id='word_1_742' title='bbox 1267 5738 1410 5794; x_wconf 90' lang='lat' dir='ltr'><strong>Bene</strong></span> <span class='ocrx_word' id='word_1_743' title='bbox 1439 5748 1617 5795; x_wconf 89' lang='lat' dir='ltr'><strong>autem</strong></span> <span class='ocrx_word' id='word_1_744' title='bbox 1646 5738 1902 5795; x_wconf 83' lang='lat' dir='ltr'><strong>feminino</strong></span> <span class='ocrx_word' id='word_1_745' title='bbox 1922 5754 2114 5811; x_wconf 88' lang='lat' dir='ltr'><strong>genere</strong></span> <span class='ocrx_word' id='word_1_746' title='bbox 2139 5730 2192 5790; x_wconf 91' lang='lat' dir='ltr'><strong>D</strong></span> <span class='ocrx_word' id='word_1_747' title='bbox 2220 5739 2567 5787; x_wconf 72' lang='lat' dir='ltr'><strong>conversatus</strong></span> <span class='ocrx_word' id='word_1_748' title='bbox 2591 5748 2707 5787; x_wconf 89' lang='lat' dir='ltr'><strong>sum</strong></span> <span class='ocrx_word' id='word_1_749' title='bbox 2744 5734 2886 5790; x_wconf 85' lang='lat' dir='ltr'><strong>inter</strong></span> <span class='ocrx_word' id='word_1_750' title='bbox 2908 5749 3284 5807; x_wconf 89' lang='lat' dir='ltr'><strong>persecutores</strong></span> <span class='ocrx_word' id='word_1_751' title='bbox 3308 5747 3362 5794; x_wconf 87' lang='lat' dir='ltr'><strong>et</strong></span> <span class='ocrx_word' id='word_1_752' title='bbox 3389 5751 3733 5811; x_wconf 80' lang='lat' dir='ltr'><strong>peccatores</strong></span> <span class='ocrx_word' id='word_1_753' title='bbox 3756 5744 3845 5798; x_wconf 81' lang='lat' dir='ltr'><strong>in-</strong></span> 
     </span>
    </p>
   </div>
   <div class='ocr_carea' id='block_1_95' title="bbox 545 5828 2115 5906">
    <p class='ocr_par' dir='ltr' id='par_1_95' title="bbox 545 5828 2115 5906">
     <span class='ocr_line' id='line_1_95' title="bbox 545 5828 2115 5906; baseline 0.003 -22"><span class='ocrx_word' id='word_1_754' title='bbox 545 5828 821 5897; x_wconf 77' lang='lat' dir='ltr'><strong>dicuntur,</strong></span> <span class='ocrx_word' id='word_1_755' title='bbox 849 5831 974 5891; x_wconf 85' lang='lat' dir='ltr'><strong>quia</strong></span> <span class='ocrx_word' id='word_1_756' title='bbox 1004 5831 1196 5887; x_wconf 76' lang='lat' dir='ltr'><strong>animae</strong></span> <span class='ocrx_word' id='word_1_757' title='bbox 1224 5840 1531 5888; x_wconf 88' lang='lat' dir='ltr'><strong>sanctorum</strong></span> <span class='ocrx_word' id='word_1_758' title='bbox 1562 5848 1668 5905; x_wconf 83' lang='lat' dir='ltr'><strong>quo</strong></span> <span class='ocrx_word' id='word_1_759' title='bbox 1708 5834 1926 5906; x_wconf 86' lang='lat' dir='ltr'><strong>majoris</strong></span> <span class='ocrx_word' id='word_1_760' title='bbox 1954 5834 2115 5906; x_wconf 84' lang='lat' dir='ltr'><strong>fragi-</strong></span> 
     </span>
    </p>
   </div>
   <div class='ocr_carea' id='block_1_96' title="bbox 2227 5825 3846 5911">
    <p class='ocr_par' dir='ltr' id='par_1_96' title="bbox 2227 5825 3846 5911">
     <span class='ocr_line' id='line_1_96' title="bbox 2227 5825 3846 5911; baseline 0.009 -31"><span class='ocrx_word' id='word_1_761' title='bbox 2227 5825 2477 5881; x_wconf 78' lang='lat' dir='ltr'><strong>ﬁdelitate</strong></span> <span class='ocrx_word' id='word_1_762' title='bbox 2508 5828 2707 5898; x_wconf 80' lang='lat' dir='ltr'><strong>nigros.</strong></span> <span class='ocrx_word' id='word_1_763' title='bbox 2740 5829 3051 5890; x_wconf 87' lang='lat' dir='ltr'><strong>Formosam</strong></span> <span class='ocrx_word' id='word_1_764' title='bbox 3075 5846 3205 5890; x_wconf 88' lang='lat' dir='ltr'><strong>vero</strong></span> <span class='ocrx_word' id='word_1_765' title='bbox 3229 5833 3361 5892; x_wconf 89' lang='lat' dir='ltr'><strong>dicit</strong></span> <span class='ocrx_word' id='word_1_766' title='bbox 3383 5850 3442 5893; x_wconf 87' lang='lat' dir='ltr'><strong>se</strong></span> <span class='ocrx_word' id='word_1_767' title='bbox 3460 5837 3607 5894; x_wconf 87' lang='lat' dir='ltr'><strong>sicut</strong></span> <span class='ocrx_word' id='word_1_768' title='bbox 3634 5839 3846 5911; x_wconf 74' lang='lat' dir='ltr'><strong>pelles.</strong></span> 
     </span>
    </p>
   </div>
  </div>
