3950 6444
223 405 335 461 297

1183 390 1578 450 ENARRATIO
1619 387 1683 442 ΙΝ
1722 385 2014 440 CANTICA
2053 387 2521 444 CANTICURUM.

3375 389 3482 443 208

223 523 281 576 id
311 526 393 575 est
423 514 766 573 tabernacula
798 509 1124 574 Saioumnis,
1155 510 1242 577 qui
1268 508 1522 578 paciﬁcus
1547 505 1808 570 iuterpre-
1837 506 1882 563 Α
1912 501 2397 569 persecutionibus,
2417 502 2665 554 obsecrat
2689 514 2954 569 sponsum.
2969 513 3126 554 suum
3159 511 3215 576 u__t
3246 499 3296 556 ei
3322 501 3482 557 dicato

223 625 394 679 tatur,
431 609 685 682 quoniam
715 608 873 678 digna
899 613 1017 661 erat
1042 602 1345 658 visitatione
1371 608 1426 656 et
1448 595 1814 654 consolatione

221 709 411 780 sponsi
441 707 524 762 sui
558 703 759 760 Christi
783 704 922 756 inter
946 698 1241 770 angustias.
1288 695 1356 750 Et
1403 693 1542 749 sicut
1567 691 1815 780 taberna-

221 777 346 855 cula
367 813 435 853 ex
465 795 694 867 pellibus
718 801 1050 847 mortuorum
1083 787 1218 840 ﬁunt
1244 782 1582 846 animalium,
1615 779 1687 833 ita
1715 777 1815 831 Ec-

222 893 391 948 clesia
408 932 424 956 ,
450 885 854 945 tabernaculum
875 881 1123 938 videlicet
1143 878 1259 943 Dei,
1279 893 1347 932 ex
1368 877 1453 930 his
1483 871 1817 930 construitur

222 984 320 1053 qui
351 982 557 1050 seipsos
579 993 703 1034 cum
730 975 876 1030 vitiis
900 982 955 1029 et
982 968 1434 1041 concupiscentiis
1460 963 1812 1022 mortiﬁcant.

306 1092 323 1123 ‹
347 1070 520 1125 Nolite
549 1084 635 1123 me
657 1064 1001 1122 considerare
1015 1060 1158 1130 quod
1186 1058 1334 1114 fusca
1361 1056 1483 1120 sim,
1505 1053 1631 1123 quia
1659 1053 1816 1106 deco-

221 1162 425 1217 loravit
467 1174 554 1214 me
601 1156 701 1213 sol.
737 1175 756 1208 ι
788 1154 834 1211 Ο
863 1153 1058 1208 animm
1105 1149 1290 1204 ﬁdeles
1330 1154 1386 1202 et
1430 1145 1637 1200 devota:
1679 1140 1812 1204 Deo,

230 1273 248 1302 ι
284 1251 452 1307 nolite
481 1265 567 1304 me
589 1245 932 1302 considerare
951 1239 1092 1314 quod
1115 1239 1264 1294 fusca
1287 1237 1412 1301 sim,
1444 1255 1462 1287 ι
1496 1233 1546 1288 id
1573 1241 1658 1288 est
1675 1229 1816 1300 quod

223 1337 664 1396 tribulationibus
693 1333 914 1397 alliciar,
962 1329 1104 1400 quod
1129 1325 1593 1399 persecutionibus
1639 1320 1818 1391 oppri—

226 1448 372 1497 mar,
401 1449 419 1481 ‹
447 1430 572 1501 quia
596 1424 924 1482 decoloravit
949 1437 1035 1478 me
1062 1419 1166 1488 sol,
1193 1440 1212 1470 ι
1240 1419 1292 1473 id
1322 1427 1404 1502 est
1427 1409 1817 1486 persecutionis

225 1522 412 1577 fervor
450 1534 627 1575 meum
666 1515 1002 1587 splendorem
1051 1506 1445 1582 quodammodo
1488 1502 1810 1560 obfuscavit.

223 1614 308 1668 Ae
344 1612 390 1666 si
421 1611 664 1665 diceret:
694 1604 1009 1662 lnteriorem
1034 1598 1490 1672 pulchritudinem
1517 1609 1693 1648 meam
1726 1606 1817 1646 co-

223 1703 424 1774 gitate,
452 1709 510 1755 et
542 1698 684 1753 illam
714 1694 1008 1756 attendite,
1036 1705 1143 1744 non
1183 1687 1326 1742 illam
1356 1699 1517 1755 quam
1551 1681 1684 1774 foris
1700 1679 1814 1774 pati

226 1770 434 1849 videor.
470 1790 598 1845 Tale
623 1795 704 1844 est
729 1786 870 1856 quod
901 1792 954 1839 et
979 1779 1269 1853 Apostolus
1293 1777 1454 1832 dicit:
1488 1773 1662 1828 Nolite
1683 1770 1816 1826 deﬁ-

1903 593 1968 646 ‘in
2004 606 2230 660 quorum
2258 591 2526 645 mentibus
2554 592 2876 660 requiescat.
2900 589 3034 644 Nam
3059 592 3257 646 cubare
3282 593 3480 660 sponsi.

1915 682 2254 750 requiescere
2275 690 2379 746 est,
2407 681 2544 735 sicut
2570 682 2684 750 ipse
2720 683 2850 736 dicit
2879 701 2890 735 :
2924 701 2942 732 ‹
2995 681 3168 754 Super
3199 699 3359 753 quem
3400 699 3462 737 re

1915 774 2144 844 quiescit
2187 773 2409 843 spiritus
2436 786 2606 836 meus,
2646 792 2663 823 ι
2711 781 2814 828 etc.
2861 771 2938 827 Ne
2963 776 3106 828 enim
3150 774 3320 829 sancti
3352 782 3487 828 aestu

1919 865 2231 919 tentattonis
2257 872 2529 928 arescant,
2557 863 2670 932 ipse
2697 863 2748 916 in
2778 879 2962 917 eorum
2987 865 3238 921 cordibus
3257 866 3416 920 cubat
3438 874 3494 919 et

1917 957 2230 1026 requiescit,
2281 966 2444 1026 atque
2485 956 2552 1010 ab
2590 955 2736 1010 omni
2786 955 2998 1010 fervore
3039 960 3391 1014 tentationum
3437 969 3492 1014 et

1916 1048 2348 1118 persecutionum
2378 1047 2630 1118 protegit.
2659 1045 2838 1114 Quare
2860 1048 2963 1102 hoc
2983 1048 3009 1101 ἲ
3037 1067 3053 1098 ι
3092 1048 3168 1104 Ne
3191 1051 3376 1120 vagari
3410 1051 3493 1105 in-

1917 1143 2109 1212 cipiam
2130 1149 2252 1211 post
2273 1156 2465 1213 greges
2489 1141 2754 1196 sodalium
2791 1148 3024 1194 tuorum.
3057 1160 3074 1192 ι
3100 1139 3304 1213 Greges
3327 1143 3489 1198 soda-

1918 1233 2046 1286 lium
2074 1233 2309 1302 appellat
2331 1231 2703 1288 conventicula
2729 1231 3124 1296 haereticorum,
3160 1233 3250 1301 qui
3281 1233 3492 1289 sodales

1916 1322 2118 1378 Christi
2141 1331 2286 1388 sunt,
2311 1323 2436 1392 quia
2469 1330 2523 1398 et
2547 1322 2646 1391 ipsi
2679 1336 2870 1392 greges
2901 1335 3027 1376 suos
3055 1330 3300 1392 pascunt.
3325 1323 3390 1376 Et
3411 1331 3497 1377 est

1918 1426 2148 1466 sensus:
2202 1410 2246 1466 Ο
2275 1398 2505 1480 sponse,
2545 1411 2723 1465 indica
2770 1411 2902 1465 mihi
2941 1420 3158 1466 sanctos
3196 1420 3250 1466 et
3294 1412 3496 1466 electos

1920 1512 2057 1567 tuos,
2105 1520 2172 1558 ne
2213 1502 2351 1558 forte
2389 1503 2656 1559 offendam
2688 1511 2742 1558 et
2777 1503 3047 1559 incurram
3071 1504 3146 1566 ,in
3189 1503 3494 1566 hereticos,

1916 1600 2112 1661 putans
2145 1601 2195 1646 te
2223 1609 2308 1647 me
2336 1594 2408 1648 ibi
2452 1608 2610 1664 posse
2639 1593 2897 1648 invenire.
2946 1591 3101 1648 llunc
3132 1608 3346 1648 versum
3376 1607 3492 1646 ma-

1918 1683 1968 1735 le
2013 1683 2251 1750 haeretici
2286 1684 2718 1754 distinguebant,
2750 1692 3006 1755 tanquam
3029 1699 3223 1753 sponsa
3259 1685 3496 1738 interro-

1918 1787 2069 1847 garet
2098 1797 2111 1831 :
2141 1776 2238 1833 Ubi
2265 1794 2474 1848 pascas,
2499 1777 2589 1832 ubi
2629 1778 2838 1834 cubes?
2866 1787 2920 1834 et
2959 1779 3073 1850 ipse
3104 1781 3454 1851 responderet
3478 1793 3496 1834 :

222 1898 357 1938 cere
389 1882 443 1936 in
472 1854 908 1935 tribulationibus
934 1873 1070 1927 meis
1098 1884 1197 1940 pro
1235 1866 1413 1930 vobis,
1447 1878 1566 1933 qum
1594 1870 1676 1916 est
1704 1859 1813 1930 glo-
1842 1854 1886 1913 B
1914 1868 1972 1922 1η
1999 1869 2224 1924 meridie
2253 1870 2388 1924 cubo
2414 1878 2468 1924 οι
2490 1870 2543 1924 in
2567 1870 2786 1924 australi
2805 1881 2980 1940 parte.

227 1975 315 2027 ria
358 1979 554 2026 vestra.
593 1967 708 2023 Non
735 1967 880 2021 enim
907 1973 1030 2020 sunt
1075 1959 1354 2030 condigmc
1380 1956 1675 2027 passiones,
1706 1961 1811 2006 etc.

229 2063 329 2120 Sel
365 2069 541 2116 autem
588 2060 641 2113 in
668 2055 962 2126 Scripturis
1004 2052 1202 2107 multos
1244 2049 1406 2103 habet
1446 2060 1655 2100 sensus.
1701 2041 1814 2095 Ali-

230 2155 451 2224 quando
470 2149 733 2222 signiﬁcat
753 2147 928 2218 ipsum
953 2143 1048 2198 Dei
1070 2141 1421 2196 mediatorem
1442 2145 1496 2190 ct
1519 2134 1814 2194 hominum;

227 2244 374 2298 unde
397 2242 654 2312 scriptum
681 2247 800 2294 est:
835 2255 853 2288 ‹
885 2235 1048 2291 Vobis
1078 2231 1392 2312 timentibus
1418 2241 1610 2281 nomen
1639 2237 1814 2278 meum

223 2332 438 2386 orietur
465 2311 542 2385 sol
570 2328 828 2399 iustitiae,
870 2346 888 2379 ›
927 2325 980 2380 id
1007 2334 1089 2379 est
1116 2311 1381 2376 Christus.
1412 2317 1690 2384 Signiﬁcat
1717 2313 1818 2368 Ec-

223 2424 450 2479 clesiam
497 2422 640 2477 sicut
675 2418 845 2473 David
893 2415 1066 2472 dixit:
1103 2433 1120 2466 r
1162 2409 1464 2484 Fulgebunt
1503 2407 1635 2477 justi
1680 2407 1818 2460 sicut

225 2517 331 2572 sol.
362 2536 382 2570 ι
412 2513 714 2584 Aliquando
755 2511 1024 2567 fervorem
1079 2503 1490 2578 persecutionis,
1525 2500 1665 2556 sicut
1705 2499 1815 2563 hic,

224 2617 285 2664 et
311 2609 366 2663 in
397 2604 720 2677 Evangelio,
752 2603 842 2658 ubi
867 2601 1065 2658 dicitur
1094 2599 1158 2653 de
1197 2596 1400 2652 semine
1443 2592 1584 2664 quod
1624 2589 1819 2646 cecidit

225 2714 393 2769 supra
436 2706 681 2768 petram,
726 2704 780 2750 et
818 2706 938 2748 orto
980 2689 1093 2745 sole
1132 2687 1466 2742 exaestuavit.
1512 2681 1664 2750 Quod
1705 2680 1820 2749 ipse

226 2788 488 2844 Dominus
515 2786 689 2856 aperit
710 2795 981 2853 exponens
1007 2797 1018 2834 :
1043 2778 1211 2832 Facta
1242 2784 1421 2831 autem
1446 2772 1818 2844 persecutione

226 2884 454 2948 propter
497 2874 741 2938 verbum,
783 2868 1235 2927 scandalizantur.
1275 2885 1292 2915 ε
1323 2863 1444 2918 Filii
1471 2861 1659 2917 matris
1686 2874 1818 2915 mea:

225 2975 604 3041 pugnaverunt
630 2975 820 3021 contra
845 2977 930 3018 me
950 3001 965 3028 ,
993 2979 1011 3011 ι
1040 2967 1145 3014 etc.
1166 2999 1183 3024 ,
1211 2973 1370 3026 usque
1393 2996 1406 3022 ,
1437 2974 1455 3006 ί
1487 2952 1600 3007 Non
1637 2960 1817 3008 custo-

228 3059 365 3114 divi.
396 3078 414 3111 ι
451 3057 603 3114 Unde
640 3054 865 3126 coeperit
905 3053 1018 3108 haec
1055 3047 1390 3120 persecutio,
1423 3043 1656 3100 ostendit
1696 3057 1818 3097 cum

1905 1954 1912 1962 ’
1992 1979 2011 2009 ι
2047 1958 2102 2013 Si
2127 1959 2342 2030 ignoras
2369 1971 2439 2026 te,
2464 1975 2496 2014 o
2521 1960 2745 2030 pulchra
2772 1962 2913 2016 inter
2935 1962 3209 2029 mulieres,
3237 1945 3496 2034 egredere

1909 2045 1969 2104 et
1997 2049 2083 2105 abi
2107 2059 2226 2119 post
2254 2050 2482 2120 vestigia
2529 2064 2770 2122 gregum.
2812 2071 2829 2102 ›
2861 2052 2975 2109 Vox
3018 2055 3202 2123 sponsi
3233 2055 3299 2109 ad
3329 2069 3494 2124 spon-

1917 2155 2031 2193 sam
2068 2155 2220 2194 suam
2249 2140 2545 2196 Eeclesiam
2576 2160 2587 2193 :
2618 2142 2694 2196 Ac
2721 2141 2766 2196 si
2792 2141 2996 2196 diceret
3027 2161 3039 2196 :
3071 2142 3150 2197 Tu
3177 2144 3422 2213 quereris
3447 2139 3499 2199 te

1909 2226 2074 2299 quasi
2097 2246 2126 2283 a
2154 2245 2241 2286 me
2282 2231 2620 2296 derelictam,
2648 2240 2700 2286 et
2725 2232 3161 2301 persecutionum
3193 2232 3496 2288 fervoribus

1918 2324 2275 2395 denigratam,
2306 2338 2407 2378 nec
2446 2324 2757 2380 consideras
2787 2325 2929 2395 quod
2973 2323 3199 2394 pulchra
3240 2325 3316 2379 sis
3358 2325 3500 2379 inter

1917 2415 2191 2481 mulieres,
2228 2415 2280 2470 id
2303 2424 2387 2470 est
2431 2431 2536 2470 non
2567 2416 2801 2470 attendis
2841 2416 3101 2470 virtutum
3133 2416 3496 2486 spiritualium

1917 2505 2391 2574 pulchritudinem,
2413 2519 2517 2574 qua
2541 2521 2652 2574 pra:
2682 2505 2892 2560 caeteris
2915 2506 3207 2570 decoraris,
3232 2505 3357 2560 licet
3380 2513 3498 2560 ten-

1917 2594 2212 2649 tationibus
2255 2595 2573 2666 denigreris.
2625 2593 2682 2650 Si
2730 2596 2946 2664 ignoras
2983 2610 3114 2666 ergo
3141 2603 3225 2661 te,
3257 2595 3309 2650 id
3337 2603 3418 2649 est
3451 2595 3498 2650 si

1918 2687 2057 2740 hanc
2089 2686 2406 2757 dignitatem
2431 2696 2484 2742 et
2508 2687 2903 2743 formositatem
2928 2696 3074 2742 tuam
3107 2703 3213 2743 non
3238 2703 3499 2757 recogno—

1917 2782 2044 2845 scis,
2076 2783 2334 2853 egredere
2362 2783 2428 2838 de
2454 2799 2576 2840 meo
2603 2785 2894 2848 consortio,
2927 2792 2982 2839 et
3003 2785 3088 2839 abi
3122 2795 3244 2854 post
3269 2785 3493 2856 vestigia

1917 2887 2138 2942 gregum
2168 2890 2182 2938 ;
2213 2873 2315 2927 hoc
2343 2881 2444 2940 est,
2487 2890 2714 2944 sequere
2743 2884 2800 2931 et
2827 2875 3040 2930 imitare
3079 2877 3383 2932 doctrinam
3407 2879 3496 2931 er;

1919 2962 2151 3015 rantium
2179 2963 2578 3030 haareticorum,
2624 2965 2716 3034 qui
2755 2974 3065 3036 contempto
3109 2982 3238 3022 vero
3279 2975 3496 3036 pastore

1917 3052 2077 3105 unius
2101 3053 2300 3122 gregis,
2321 3053 2521 3108 multos
2545 3054 2643 3107 sibi
2667 3065 3122 3109 coacervaverunt
3143 3071 3350 3126 greges.
3385 3077 3404 3108 ι
3431 3056 3499 3112 Et

227 3151 414 3208 subdit
441 3169 455 3206 :
486 3169 503 3202 ι
530 3148 652 3204 Filii
680 3146 869 3202 matris
895 3159 1029 3199 meae
1057 3133 1716 3214 pugnaverunmelC-VOX
1737 3141 1822 3188 est
1857 3209 1888 3215 _
1921 3155 2082 3212 pasce
2126 3142 2306 3197 haedos
2332 3152 2470 3208 tuos,
2513 3163 2532 3194 ι
2571 3144 2622 3198 id
2667 3153 2750 3200 est
2779 3155 3094 3215 peccatores
3131 3155 3186 3200 et
3234 3162 3492 3200 erroneos

227 3241 518 3312 primitiva:
543 3237 814 3294 Ecclesia).
840 3209 1122 3306 synagoga
1135 3209 1318 3285 inater
1337 3235 1438 3294 cst,
1463 3229 1548 3282 cui
1574 3240 1668 3296 per
1689 3224 1816 3278 PI‘O-
1845 3209 1890 3271 Ο
1921 3209 2194 3288 auditores
2214 3232 2368 3302 juxta
2391 3234 2741 3288 tabernacula
2770 3209 3072 3303 pastorum,
3095 3235 3148 3288 id
3189 3244 3272 3290 est
3300 3251 3495 3289 secun-

227 3335 451 3404 phetam
482 3330 675 3387 dicitur
699 3347 744 3382 ει
773 3328 839 3382 Ει
860 3324 1138 3381 vocaberis
1153 3322 1345 3377 civitas
1370 3318 1542 3373 ﬁdelis
1565 3326 1619 3372 et
1642 3323 1814 3370 mater

229 3414 538 3487 civitatum,
557 3419 661 3474 ﬁlia
696 3418 845 3474 Sion.
873 3436 890 3468 ι
909 3415 1077 3487 Hujus
1107 3412 1202 3468 ﬁlii
1229 3420 1354 3467 sunt
1376 3408 1568 3474 Judaei,
1592 3406 1682 3476 qui
1711 3421 1811 3475 pu-

231 3519 538 3584 gnaverunt
557 3518 743 3565 contra
776 3506 1068 3561 Ecclesiam
1095 3501 1442 3574 primitivam,
1475 3497 1688 3567 quando
1715 3509 1812 3549 ex-

230 3603 538 3656 citaverunt
559 3597 987 3670 persecutionem
1009 3602 1196 3649 contra
1226 3590 1531 3650 credentes,
1555 3596 1608 3641 et
1629 3598 1815 3639 omnes

229 3694 462 3762 dispersi
499 3701 623 3748 sunt
652 3705 750 3761 per
777 3688 1022 3760 regiones
1042 3684 1322 3740 Samaria}.
1358 3702 1374 3731 ι
1411 3680 1709 3735 Posucrunt
1730 3692 1814 3731 me

231 3786 514 3840 custodem
545 3785 599 3838 in
633 3781 825 3836 vineis.
859 3799 876 3832 ι
909 3779 1076 3833 Vinea
1107 3792 1210 3830 una
1241 3775 1339 3828 fuit
1366 3773 1601 3844 primum
1632 3768 1814 3825 Eccle-

233 3897 319 3936 sia
375 3875 779 3946 Hierosolymis,
830 3871 924 3927 sed
965 3870 1034 3926 ob
1070 3868 1345 3923 Judaicam
1388 3864 1815 3936 persecutionem

233 3971 501 4041 dispersis
531 3965 871 4022 credentibus
899 3962 1178 4026 omnibus,
1230 3958 1407 4014 multa:
1450 3958 1620 4012 vinea:
1663 3955 1816 4010 facta:

235 4067 390 4122 sunt,
417 4057 470 4110 id
510 4063 594 4109 est
621 4052 798 4107 multa:
826 4049 1080 4105 Ecclesia:
1125 4057 1447 4102 constructa:
1474 4061 1570 4115 per
1599 4044 1816 4099 univer-

237 4165 362 4206 sum
391 4147 667 4203 mundum.
718 4143 858 4198 Dicit
886 4156 1014 4211 ergo
1055 4139 1291 4194 Ecclesia
1332 4137 1599 4208 primitiva
1627 4153 1638 4186 :
1671 4152 1688 4184 ι
1718 4133 1819 4188 Ρο-

215 4222 466 4299 suerunt
498 4255 584 4293 me
610 4235 834 4309 (scilicet
859 4231 1082 4302 apostoli
1098 4241 1153 4286 et
1173 4227 1442 4297 doctores)
1471 4224 1768 4290 custodem,
1794 4244 1810 4276 ι

236 4335 292 4390 id
322 4340 403 4387 est
426 4339 482 4385 ut
503 4344 675 4384 essem
695 4335 876 4382 custos
903 4322 1273 4380 ecclesiarum.
1305 4321 1454 4377 Unde
1478 4328 1533 4374 et
1559 4320 1611 4373 in
1633 4318 1819 4374 Grzeco

236 4425 380 4480 bene
408 4421 606 4475 dicitur
632 4436 645 4472 :
677 4435 695 4468 ‹
731 4413 1072 4471 Disseminati
1102 4420 1244 4473 sunt,
1279 4430 1296 4463 ι
1329 4410 1417 4465 ubi
1449 4424 1546 4464 nos
1572 4407 1816 4476 legimus,

1917 3325 2043 3379 dum
2089 3325 2336 3396 dogmata
2387 3325 2787 3380 haereticorum.
2836 3323 2981 3380 Unus
3023 3326 3166 3378 enim
3205 3335 3390 3394 pastor
3413 3335 3497 3380 est

1915 3415 2182 3480 Christus,
2212 3415 2305 3486 qui
2329 3431 2491 3470 unum
2539 3416 2702 3470 habet
2741 3430 2978 3486 gregem,
3027 3415 3081 3470 id
3125 3425 3208 3470 est
3234 3416 3493 3470 unitatem

1915 3506 2194 3560 catholicae
2215 3505 2490 3561 Ecclesize.
2530 3504 2782 3561 Pastores
2811 3520 2938 3561 vero
2979 3505 3131 3560 multi
3171 3513 3296 3561 sunt
3324 3507 3493 3560 lucre-

1917 3598 2029 3663 tici,
2048 3598 2136 3668 qui
2155 3615 2370 3670 gregem
2393 3599 2736 3668 deceptorum
2760 3598 3036 3653 hominum
3059 3599 3159 3654 sibi
3180 3607 3494 3669 aggregant,

1915 3705 2050 3760 quos
2073 3691 2282 3745 diabolo
2312 3698 2538 3760 pascunt
2562 3708 2574 3744 :
2602 3689 2666 3744 de
2693 3691 2889 3759 quibus
2913 3698 2966 3744 et
2985 3689 3270 3744 Psalmista
3293 3704 3308 3742 :
3334 3706 3353 3738 ‹
3383 3688 3500 3743 Sic-

1916 3791 1976 3836 ut
2011 3796 2140 3836 oves
2179 3782 2228 3836 in
2274 3781 2485 3836 inferno
2513 3782 2672 3851 positi
2721 3790 2863 3836 sunt.
2897 3801 2915 3833 ι
2958 3782 3098 3838 Oves
3141 3791 3402 3837 vocantur
3441 3784 3496 3836 in

1918 3874 2023 3928 hoc
2049 3874 2165 3929 loco
2191 3873 2349 3937 mali,
2395 3889 2500 3928 non
2543 3881 2764 3943 propter
2798 3873 3198 3944 simplicitatem
3231 3873 3311 3928 vel
3347 3873 3500 3930 inno-

1917 3966 2174 4030 centiam,
2225 3966 2319 4020 sed
2363 3973 2584 4035 propter
2627 3965 3038 4029 bebetudinem,
3079 3965 3205 4034 quia
3250 3965 3504 4019 nesciunt

1918 4063 2172 4109 resrstere
2200 4068 2380 4123 pravae
2405 4053 2685 4117 doctrinae,
2708 4053 2804 4107 sed
2835 4051 3018 4107 omnia
3047 4066 3166 4122 quas
3195 4051 3298 4107 sibi
3323 4052 3500 4121 impo«

1920 4153 2120 4199 nuntur
2144 4160 2176 4199 a
2199 4145 2381 4215 pravis
2403 4143 2744 4210 doctoribus,
2790 4142 3059 4199 sustinent
3098 4157 3205 4198 non
3233 4143 3372 4198 bona
3399 4157 3501 4212 pa-

1920 4235 2124 4290 tientia.

1997 4346 2015 4380 ι
2047 4326 2320 4398 Equitatui
2352 4343 2472 4383 meo
2503 4328 2793 4383 assimilavi
2821 4336 2895 4395 te,
2929 4330 3100 4386 amica
3132 4346 3272 4396 mea,
3299 4331 3351 4385 in
3379 4347 3504 4387 cur-

1922 4420 2070 4475 ribus
2096 4418 2415 4474 Pharaonis.
2453 4439 2470 4470 ι
2511 4418 2823 4489 Equitatum
2869 4435 3022 4475 suum
3068 4423 3300 4494 appellat
3344 4435 3503 4478 exer-

241 4512 505 4583 qdispersi
529 4517 671 4566 sunt.
705 4528 722 4560 ι
748 4505 827 4561 Ad
855 4506 956 4560 hoc
982 4504 1124 4559 enim
1151 4502 1405 4557 divinitus
1426 4501 1651 4571 dispersi
1673 4507 1814 4610 sunt,
1849 4549 1902 4610 υ
1924 4511 2093 4567 cirum
2118 4509 2347 4564 ﬁliorum
2393 4508 2580 4574 Israel,
2613 4511 2862 4566 videlicet
2891 4520 3148 4566 sexcenta
3189 4512 3376 4576 mima,
3407 4515 3501 4584 qui

236 4615 300 4660 ut
327 4603 505 4674 plures
531 4599 783 4667 Ecclesia:
826 4597 1014 4653 ﬁerent
1058 4609 1153 4665 per
1179 4594 1486 4648 universum
1538 4591 1815 4646 mundum.

235 4719 254 4750 ε
300 4695 525 4749 Vineam
561 4707 758 4756 meam,
787 4711 806 4742 ι
844 4689 896 4744 id
915 4697 999 4744 est
1020 4703 1179 4742 unam
1213 4685 1356 4740 illam
1389 4684 1681 4739 Ecclesiam
1702 4698 1820 4752 qua:

234 4791 293 4844 in
331 4783 712 4856 Hierosolymis
741 4782 858 4846 fuit,
888 4797 991 4835 non
1020 4779 1302 4834 custodivi.
1347 4778 1459 4833 Hoc
1502 4793 1606 4832 non
1633 4777 1700 4831 ad
1728 4791 1822 4830 vo-

234 4892 294 4933 tu
309 4893 360 4932 m
383 4891 555 4946 neque
574 4874 640 4928 ad
664 4881 896 4927 mentem
925 4879 1008 4924 est
1032 4868 1388 4934 referendum,
1417 4868 1509 4923 sed
1532 4868 1597 4922 ad
1622 4867 1816 4921 locum.

235 4991 254 5023 ¢
307 4969 423 5024 Non
451 4966 736 5029 custodiri,
771 4985 788 5016 ι
820 4962 1072 5017 subaudis
1099 4970 1154 5015 ut
1177 4970 1318 5015 esset
1347 4961 1418 5014 ibi
1448 4961 1534 5014 ubi
1563 4960 1746 5029 carpit.

325 5082 342 5110 ‹
377 5058 557 5112 l'ndica
581 5055 710 5111 mihi
737 5069 896 5125 quem
919 5052 1088 5120 diligit
1111 5051 1288 5105 anima
1319 5067 1457 5116 mea,
1482 5051 1570 5105 ubi
1607 5066 1822 5120 pascas,

239 5151 340 5207 ubi
367 5151 530 5205 cubes
552 5150 604 5204 in
630 5147 873 5202 meridie.
908 5166 926 5198 ι
952 5142 1068 5198 Vox
1093 5142 1345 5198 Ecclesiae
1373 5151 1456 5198 est
1475 5144 1542 5198 ad
1569 5159 1822 5212 sponsum

239 5259 406 5300 suum
427 5241 696 5298 Christum
718 5259 728 5292 :
757 5239 802 5294 Ο
817 5251 1196 5308 sponse,quem
1218 5234 1391 5305 diligit
1411 5235 1588 5288 anima
1606 5251 1746 5298 mea,
1773 5235 1826 5289 id

240 5341 336 5388 est
353 5345 514 5400 quem
531 5337 641 5384 tota
665 5328 861 5383 mentis
885 5326 1178 5381 intentione
1193 5325 1374 5396 diligo,
1392 5325 1565 5379 indica
1581 5324 1710 5378 mihi
1736 5325 1826 5380 ubi

242 5437 464 5496 pascas,
497 5421 552 5476 id
575 5429 659 5475 est
683 5421 772 5475 ubi
799 5435 926 5474 oves
955 5429 1072 5474 tuas
1096 5431 1317 5488 pascere
1360 5416 1556 5483 facias;
1587 5417 1700 5488 ipse
1742 5426 1826 5472 est

243 5513 396 5568 enim
437 5521 623 5582 pastor
663 5513 870 5575 bonus,
915 5511 1053 5565 sicut
1081 5511 1195 5580 ipse
1235 5509 1366 5564 dicit
1411 5509 1463 5562 in
1513 5509 1818 5578 Evangelio.

252 5625 273 5656 ι
301 5603 483 5658 Indica
512 5603 644 5658 mihi
668 5601 754 5656 ubi
778 5616 971 5672 pascas
997 5608 1050 5656 et
1073 5599 1160 5654 ubi
1181 5600 1360 5664 cubes,
1389 5621 1405 5652 ι
1433 5599 1484 5654 id
1505 5608 1589 5655 est
1610 5601 1822 5669 requie-

245 5712 397 5761 scas,
439 5705 493 5751 et
524 5695 702 5751 hocin
731 5693 974 5757 meridie,
1005 5693 1056 5747 id
1101 5702 1183 5748 est
1228 5694 1279 5748 in
1318 5693 1529 5748 fervore
1575 5709 1827 5762 persecu-

246 5787 419 5844 tionis
462 5786 546 5844 vel
601 5784 930 5841 tentalionis.
979 5782 1254 5838 Laborans
1299 5784 1441 5838 enim
1483 5783 1722 5839 Ecclesia
1772 5782 1823 5838 in

689 5880 958 5960 Parnm.
1005 5875 1252 5941 CXV”.

1923 4601 2124 4672 egressi
2147 4610 2276 4655 sunt
2289 4601 2354 4654 de
2367 4597 2622 4672 Egypto,
2645 4609 2698 4655 et
2718 4601 3049 4657 transierunt
3065 4618 3213 4658 mare
3232 4602 3497 4660 Rubrum.

1924 4690 2235 4760 Equitatum
2281 4701 2462 4745 autem
2514 4707 2693 4757 suum,
2727 4691 2873 4746 illam
2912 4692 3306 4749 multitudinem
3346 4695 3498 4763 dicit,

1923 4789 2048 4859 quia
2077 4789 2216 4842 sicut
2243 4788 2428 4857 auriga
2459 4787 2639 4840 currui
2672 4797 2884 4856 praeest,
2911 4788 2986 4842 ita
3022 4787 3162 4844 Deus
3199 4790 3337 4860 plebi
3371 4807 3502 4860 prae-

1925 4889 2062 4942 erat,
2083 4887 2370 4948 protegens
2399 4876 2542 4929 illam
2569 4885 2626 4930 et
2647 4876 2960 4942 defendens,
2996 4887 3048 4932 et
3087 4880 3152 4933 ad
3181 4888 3379 4934 terram
3411 4896 3500 4935 rc-

1924 4968 2303 5038 promissionis
2335 4966 2699 5021 introduccns.
2726 4965 2859 5022 Huic
2885 4983 3095 5023 summo
3123 4969 3382 5036 equitatui
3409 4988 3499 5025 as-

1927 5057 2184 5112 similavit
2219 5055 2447 5110 amicam
2484 5070 2661 5119 suam,
2692 5057 2946 5124 quoniam
2989 5057 3128 5111 sicut
3150 5057 3238 5111 ille
3273 5058 3502 5128 populus

1927 5163 2025 5218 per
2053 5162 2203 5201 mare
2231 5145 2474 5200 Rubrum
2506 5145 2744 5199 salvatus
2786 5155 2869 5200 est
2904 5145 3188 5201 Pharaone
3230 5147 3499 5213 demerso,

1927 5241 2002 5295 ita
2030 5239 2270 5295 Ecclesia
2300 5238 2538 5309 gentium
2571 5251 2668 5308 per
2697 5237 3019 5307 baptismum
3059 5239 3125 5293 de
3151 5239 3347 5294 diaboli
3389 5255 3502 5295 ser-

1929 5333 2060 5387 vitio
2081 5317 2332 5392 liberata,
2361 5336 2416 5382 et
2446 5328 2510 5381 ad
2537 5341 2717 5382 veram
2759 5328 3189 5397 repromissionis
3223 5336 3426 5383 terram
3447 5339 3502 5384 et

1925 5419 2286 5490 evangelicam
2320 5417 2622 5493 libertatem
2654 5417 2956 5471 introducta
3003 5426 3105 5481 est,
3152 5417 3336 5487 sicque
3381 5434 3501 5488 qua:

1926 5520 2044 5568 erat
2067 5508 2258 5564 ancilla
2280 5507 2529 5561 vitiorum
2578 5507 2718 5562 facta
2742 5517 2824 5561 est
2851 5507 3022 5561 amica
3051 5505 3274 5573 Christi,
3313 5523 3501 5564 emun-

1929 5605 2053 5660 data
2107 5612 2161 5656 et
2199 5599 2378 5654 abluta
2424 5613 2519 5668 per
2557 5598 2882 5670 baptismum
2925 5614 2955 5653 a
3004 5599 3252 5654 sordibus
3300 5615 3497 5671 pecca-

1930 5704 2126 5750 torum.
3052 5701 3055 5706 ’

2005 5806 2022 5838 ‹
2052 5783 2296 5840 Pulchra:
2319 5790 2443 5838 sunt
2470 5797 2617 5853 gente
2644 5790 2745 5836 ture
2771 5781 2909 5836 sicut
2931 5781 3176 5837 turturis.
3206 5801 3223 5833 ι
3251 5781 3500 5837 Turturis

3034 5874 3107 5934 10
