3950 6444
523 351 628 406 299

526 545 662 598 ultra
686 560 790 599 non
819 545 1075 614 requirat.
1100 543 1318 598 Turturi
1338 559 1469 614 ergo
1487 545 1816 600 assimilatur
1834 546 2095 613 Ecclesia,

523 638 646 705 quia
691 650 758 690 ex
796 651 900 704 quo
928 634 1175 689 Christus
1211 636 1472 689 mundum
1510 637 1798 705 praesentia
1830 637 2098 708 corporali

499 726 776 790 .deseruit,
805 735 858 780 et
887 725 1052 780 ccelos
1079 727 1253 794 petiit,
1289 725 1529 780 Ecclesia
1558 727 1611 781 in
1654 727 1770 796 ejus
1797 741 1982 780 amore
2021 735 2098 780 te-

521 816 803 871 nacissime
829 824 1159 884 perseverat,
1205 831 1307 871 nec
1330 817 1521 886 recipit
1544 816 1710 870 ullum
1735 817 2096 872 adulterinum

518 915 834 971 amatorem,
867 906 994 975 quia
1020 907 1320 960 contemnit
1341 907 1622 973 mundum,
1649 915 1704 962 et
1723 905 1887 962 solius
1913 908 2098 976 sponsi

515 997 596 1050 sui
627 995 1081 1066 pulchritudinem
1113 1007 1294 1052 mente
1333 985 1750 1052 contemplatur.
1796 995 1962 1052 Genis
2003 1013 2098 1052 au-

516 1093 623 1140 tem
651 1085 877 1141 turturis
897 1101 1065 1156 genas
1095 1085 1348 1142 Ecclesia:
1379 1094 1679 1157 comparat,
1705 1101 1830 1155 qma
1862 1086 1915 1140 in
1945 1087 2096 1158 genis

515 1177 744 1232 maxillae
787 1178 1110 1234 verecundia
1152 1187 1408 1248 apparet;
1455 1187 1510 1232 et
1537 1193 1635 1249 per
1678 1177 1781 1232 hoc
1829 1178 2001 1247 pudor
2039 1187 2097 1234 et

511 1270 837 1326 verecundia
855 1269 1106 1324 Ecclesiae
1127 1269 1447 1336 ostenditur,
1469 1270 1595 1340 quia
1610 1269 1877 1325 erubescit
1892 1269 2094 1339 aliquid

513 1361 715 1418 foedum
758 1372 814 1418 et
837 1364 980 1433 quod
1010 1378 1208 1433 sponso
1239 1378 1336 1418 suo
1362 1363 1641 1434 displiceat
1667 1372 2001 1434 perpetrare.
2024 1364 2094 1418 Et

513 1465 595 1510 est
617 1471 806 1510 sensus
834 1473 847 1509 :
879 1455 996 1510 Noli
1022 1455 1212 1510 timere
1249 1470 1316 1510 ne
1337 1455 1549 1525 vageris
1587 1469 1685 1524 per
1711 1469 1904 1526 greges
1929 1455 2089 1510 soda-

505 1537 644 1615 lium
668 1562 933 1614 meorum,
967 1547 1093 1616 quia
1128 1554 1279 1602 tanto
1299 1553 1354 1602 te
1395 1546 1598 1601 amoris
1631 1546 1737 1600 mei
1765 1545 1990 1616 pudore,
2035 1553 2091 1600 et

511 1647 659 1693 tanta
703 1638 1024 1694 verecundia
1057 1637 1272 1702 donavi,
1307 1645 1366 1692 ut
1396 1645 1576 1692 certus
1623 1636 1724 1691 sim
1775 1646 1827 1691 te
1865 1652 1953 1692 me
1981 1651 2088 1692 non

979 349 1345 422 ιΗΑΥΜΟΝΙΞ
1382 348 1855 405 HALBERSTAT.
1899 347 2112 404 EPISC.
2152 305 2300 404 ΟΡΡ.
2343 349 2520 406 PARS
2559 350 2600 405 l.
2636 380 2704 390 —
2739 348 3094 406 COMMENT.
3133 347 3304 404 BlBL.

426 500 434 513 .
527 467 716 510 natura
747 465 852 522 est,
894 464 950 510 ut
994 457 1037 510 si
1086 470 1215 510 casu
1245 453 1528 524 conjugem
1571 455 1885 526 perdiderit,
1929 456 2089 510 alium
2119 465 2168 525 Α
2197 459 2310 514 Dei.
2345 459 2450 514 Sed
2475 460 2614 514 sicut
2642 460 2846 514 dictum
2893 469 3010 526 est,
3043 462 3309 516 sanctitas
3357 468 3530 532 magis
3575 479 3611 517 ει
3663 474 3793 520 tem-

3684 357 3787 410 500

2200 564 2332 618 pore
2368 549 2758 604 incarnationis
2803 547 3004 604 Christi
3058 551 3329 611 excrevit,
3376 559 3430 603 et
3473 561 3605 605 tunc
3658 567 3792 620 quo-

2201 637 2487 694 dammodo
2514 639 2718 694 nardus
2747 637 3023 704 Ecclesiae,
3048 639 3101 692 id
3127 647 3212 692 est
3233 640 3366 693 odor
3397 640 3666 695 virtutum
3694 640 3792 695 for-

2199 728 2307 782 tius
2352 729 2499 783 dedit
2544 731 2765 783 odorem
2814 744 2992 782 suum.
3049 728 3211 782 Juxta
3265 729 3538 795 litteram,
3587 732 3792 785 nardus

2198 820 2364 874 herba
2392 829 2478 876 est
2506 820 2822 886 aromatica,
2849 835 3035 876 crassa
3063 830 3118 876 et
3160 819 3338 892 fragili
3369 823 3586 888 radice,
3633 823 3785 877 folio-

2196 931 2304 987 que
2333 931 2501 986 parvo
2542 925 2596 970 et
2623 915 2810 980 denso,
2860 915 3016 984 cujus
3059 914 3342 969 cacumina
3379 915 3434 968 in
3486 914 3696 968 aristas
3738 930 3791 969 se

2194 1015 2474 1078 spargunt.
2520 1005 2634 1062 Hoc
2662 1013 2933 1076 unguento
2978 1004 3144 1059 Maria
3191 1004 3503 1073 Magdalene
3533 1007 3709 1073 pedes
3731 1015 3791 1057 et

2198 1105 2363 1167 caput
2411 1095 2626 1151 Domini
2669 1095 2992 1166 perunxisse
3049 1095 3102 1150 in
3139 1094 3433 1166 Evangelio
3481 1093 3693 1164 legitur
3739 1096 3790 1149 in

2200 1187 2360 1242 domo
2391 1185 2653 1241 Simonis.

2269 1297 2289 1331 ‹
2346 1278 2656 1334 Fasciculus
2716 1277 2950 1349 myrrhae
3011 1277 3242 1332 dilectus
3316 1291 3468 1331 meus
3537 1273 3680 1330 mihi
3723 1289 3782 1324 ε»

2193 1371 2409 1442 Myrrha
2469 1368 2678 1439 species
2731 1377 2814 1422 est
2864 1367 3157 1422 aromatica
3192 1407 3208 1433 ,
3268 1382 3373 1436 qua
3441 1373 3787 1419 mortuorum

2190 1475 2416 1530 corpora
2451 1460 2794 1514 condiuntur.
2833 1457 2948 1512 lloc
2987 1458 3107 1512 loco
3141 1458 3322 1528 passio
3349 1455 3558 1511 Christi
3600 1465 3662 1509 et
3715 1469 3791 1509 se-

2189 1549 2404 1620 pultura
2436 1549 2786 1617 designantur
2816 1561 2831 1600 :
2869 1561 2992 1600 nam
3016 1547 3321 1617 depositum
3343 1560 3544 1614 corpus
3569 1543 3786 1598 Domini

2187 1638 2255 1693 de
2281 1651 2442 1692 cruce
2465 1652 2495 1690 a
2519 1635 2809 1690 Nicodemo
2833 1643 2888 1689 et
2907 1634 3127 1705 Ioseph,
3155 1634 3373 1705 myrrha
3403 1643 3458 1688 et
3489 1633 3618 1687 aloe
3663 1647 3786 1686 eon-

507 1743 668 1799 posse
705 1729 976 1794 deserere,
1005 1727 1092 1782 vel
1131 1715 1199 1782 5a
1229 1727 1434 1782 alienos
1473 1726 1777 1783 deﬂectere.
1820 1745 1839 1778 ι
1877 1726 2085 1783 Collum
2188 1729 2360 1782 ditum
2387 1737 2492 1792 est,
2524 1736 2578 1781 et
2616 1726 2918 1781 involutum
2949 1725 3131 1782 linteis
3161 1741 3282 1780 cum
3322 1725 3697 1788 aromatibus,
3728 1739 3787 1778 ac

511 1828 659 1873 tuum
689 1819 828 1874 sicut
867 1819 1105 1873 monilia.
1139 1837 1156 1870 ι
1187 1817 1293 1872 Per
1326 1818 1522 1873 collum
1556 1817 1810 1872 Ecclesiae
1839 1818 2090 1874 doctores
2123 1803 2168 1863 Β
2195 1821 2483 1890 sepulturae
2507 1820 2785 1874 traditum.
2810 1817 2953 1872 Dicit
2980 1833 3110 1889 ergo
3127 1816 3371 1871 Ecclesia
3398 1831 3605 1885 sponsa
3629 1815 3781 1885 ejus:

451 1897 454 1900 ⁴
509 1910 679 1964 sancti
728 1909 1102 1978 designantur,
1148 1924 1272 1963 nam
1302 1923 1404 1978 per
1441 1907 1633 1963 collum
1663 1908 1768 1963 cibi
1800 1907 2092 1964 reficiendo

507 2001 722 2072 corpori
769 2002 1169 2056 ministrantur.
1213 1999 1505 2056 Sermones
1543 2001 1736 2068 etiam,
1781 2001 1976 2070 quibus
2005 2016 2092 2055 ar-

507 2106 642 2145 cana
672 2091 934 2146 mentium
982 2091 1357 2161 designantur,
1385 2105 1482 2161 per
1507 2091 1630 2146 colli
1669 2091 1904 2146 ﬁstulam
1932 2105 2089 2161 egre-

505 2182 748 2237 diuntur.
792 2182 883 2238 Sic
911 2183 1162 2238 doctores
1194 2181 1368 2236 sancti
1397 2189 1452 2236 et
1493 2181 1672 2236 cibum
1709 2181 1864 2236 nobis
1890 2180 2093 2234 saluta-

507 2273 584 2328 ris
613 2274 868 2328 doctrinae
898 2272 1228 2336 ministrant,
1262 2279 1318 2324 et
1355 2270 1520 2324 etiam
1549 2279 1759 2325 secreta
1783 2269 2093 2340 Scriptura-

506 2377 626 2418 rum
671 2363 827 2418 nobis
867 2361 1236 2417 manifestant.
1266 2361 1380 2416 Hoc
1427 2375 1558 2431 ergo
1602 2361 1801 2416 collum
1833 2359 2090 2414 Ecclesiae

505 2457 659 2525 quasi
685 2453 882 2510 monile
903 2462 1001 2518 est,
1025 2454 1152 2523 quia
1180 2461 1343 2508 casce
1368 2452 1629 2506 doctrina:
1655 2451 1884 2522 gemmis
1903 2458 1959 2504 et
1979 2449 2090 2502 vir-

506 2555 682 2602 tutum
703 2545 1037 2602 ornamentis
1069 2545 1244 2599 sancti
1275 2544 1526 2598 doctores
1566 2542 1846 2596 decorant.
1891 2537 2089 2592 Monile

504 2638 651 2692 enim
675 2645 1050 2691 ornamentum
1081 2641 1166 2688 est
1209 2633 1480 2704 virginum
1507 2632 1590 2687 vel
1619 2641 2014 2686 matronarum.

583 2745 601 2778 ‹
634 2725 940 2781 Murenulas
983 2739 1178 2779 aureas
1226 2723 1487 2779 faciemus
1531 2723 1662 2788 tibi,
1705 2721 2088 2777 vermiculatas

507 2827 750 2889 argento.
777 2837 795 2870 ι
823 2816 1112 2872 Μυτθιιυιω
1131 2816 1285 2887 juxta
1311 2815 1543 2870 litteram
1565 2822 1941 2869 ornamentum
1963 2821 2089 2868 sunt

513 2909 636 2964 colli
663 2907 942 2980 virginalis
982 2916 1037 2960 et
1081 2906 1366 2976 puellaris,
1415 2905 1668 2961 videlicet
1702 2905 1923 2976 virgulae
1966 2903 2086 2958 auri

504 2998 802 3070 perplexae,
857 2997 1183 3052 intermixtis
1231 3011 1617 3066 nonnunquam
1661 2996 1884 3066 pulchra
1913 2995 2087 3049 varie-

506 3096 617 3145 tate
641 3077 1007 3145 subtilissimis
1038 3088 1245 3159 argenti
1275 3086 1402 3153 ﬁlis,
1431 3088 1612 3142 ethoc
1635 3096 1718 3142 est
1743 3088 1886 3156 quod
1931 3085 2081 3150 dicit,

507 3200 526 3232 ‹
558 3179 936 3235 vermiculatas
958 3189 1185 3250 argento
1203 3218 1217 3244 ,
1258 3197 1276 3232 ι
1305 3177 1357 3232 id
1379 3186 1464 3232 est
1485 3178 1539 3232 in
1569 3178 1787 3232 modum
1816 3176 2086 3230 vermium
2114 3163 2158 3224 C

502 3285 872 3338 terrenorum,
905 3287 1041 3342 quos
1066 3271 1362 3326 lumbricos
1392 3269 1606 3337 dicunt,
1635 3269 1939 3325 distinctas.
1972 3266 2088 3320 Mu-

503 3362 707 3420 renulee
734 3373 914 3417 autem
941 3362 1196 3416 dicuntur
1221 3376 1251 3414 a
1294 3360 1645 3415 similitudine
1675 3359 1839 3428 piscis
1868 3357 2085 3424 marini,

505 3456 596 3525 qui
629 3468 854 3508 murena
895 3459 1140 3507 vocatur.
1189 3448 1435 3520 Mystice,
1482 3447 1776 3502 murenula:
1807 3455 1932 3501 sunt
1958 3460 2085 3515 per-

502 3545 662 3613 plexa
695 3542 1100 3613 Scripturarum
1123 3539 1392 3610 dogmata,
1422 3546 1476 3592 et
1517 3537 1750 3592 diversis
1775 3546 2086 3592 sanctorum

503 3633 724 3688 Patrum
749 3632 1032 3689 sententiis
1060 3631 1199 3684 inter
1221 3642 1280 3682 se
1313 3627 1619 3698 conjuncta.
1655 3627 1860 3682 Aurum
1890 3628 2090 3698 quippe

501 3722 800 3776 claritatem
823 3719 1094 3791 significat
1121 3731 1311 3772 sensus
1341 3716 1618 3787 spiritalis,
1650 3725 1935 3788 argentum
1957 3732 2086 3772 vero

505 3815 736 3868 nitorem
783 3811 980 3881 eloquii
1030 3809 1295 3880 designat.
1359 3807 1667 3864 Murenulas
1720 3823 1848 3880 ergo
1891 3824 2088 3865 aureas

504 3924 734 3980 sponsus
774 3921 985 3979 sponsae
1012 3921 1125 3960 sua:
1163 3904 1325 3970 facit,
1357 3919 1478 3960 cum
1508 3903 1759 3959 Christus
1788 3903 2088 3959 Ecclesiam

505 4017 658 4057 suam
695 3999 953 4057 doctrinis
998 4005 1310 4053 sanctorum
1350 3994 1572 4050 Patrum
1598 4011 1758 4051 sensu
1781 4004 1836 4050 et
1873 3995 2087 4065 eloquio

502 4091 830 4163 fulgentibus
859 4089 1098 4156 instruit,
1141 4096 1305 4158 atque
1335 4087 1402 4142 ad
1434 4086 1648 4142 illorum
1682 4086 1841 4142 fidem
1885 4095 1941 4142 et
1979 4087 2088 4140 vir-

500 4193 671 4238 tutem
692 4181 1007 4236 imitandam
1025 4181 1291 4236 accendit.
1307 4178 1610 4234 Notandum
1627 4179 1772 4250 quod
1803 4179 2087 4250 pluraliter

500 4272 635 4327 dicit
667 4286 680 4324 :
710 4289 732 4321 ι
783 4269 1066 4324 Faciemus
1111 4268 1236 4333 tibi,
1275 4285 1292 4318 ι
1339 4267 1493 4336 quasi
1540 4267 1686 4322 enim
1731 4266 1980 4323 Christus
2026 4281 2086 4322 se

502 4358 750 4431 personis
791 4359 1072 4412 doctorum
1103 4355 1400 4425 coniungit,
1444 4371 1540 4424 per
1567 4371 1704 4424 quos
1750 4356 1878 4424 ipsre
1908 4371 2086 4411 mure-

501 4452 641 4506 nulae
667 4457 1111 4513 concatenantur,
1153 4455 1211 4500 ut
1255 4445 1397 4500 illius
1429 4445 1669 4500 Ecclesia
1697 4456 2010 4501 exornetur.

2197 1930 2216 1963 ‹
2249 1910 2558 1966 Fasciculus
2580 1911 2812 1981 myrrha:
2827 1908 3054 1964 dilectus
3084 1923 3236 1963 meus
3263 1909 3396 1962 mihi
3429 1927 3446 1958 ›
3467 1907 3657 1962 factus
3684 1914 3783 1973 est,

2191 2001 2314 2070 quia
2340 2008 2562 2071 prepter
2589 2014 2674 2054 me
2703 2006 2950 2054 mortuus
2971 2006 3055 2053 est
3081 2007 3136 2053 et
3176 1997 3418 2070 sepultus
3451 2006 3558 2051 est.
3589 2016 3610 2046 ι
3645 1997 3784 2050 [nter

2191 2093 2354 2148 ubera
2395 2107 2515 2147 mea
2561 2089 3009 2146 commorabitur.
3070 2109 3089 2142 ι
3133 2089 3301 2144 Nemo
3343 2088 3560 2143 dubitat
3604 2086 3783 2141 locum

2189 2183 2368 2238 cordis
2389 2183 2530 2236 inter
2549 2181 2716 2236 ubera
2737 2195 2876 2234 esse.
2903 2179 3042 2233 Dicit
3063 2194 3190 2250 ergo
3221 2195 3234 2231 :
3258 2198 3275 2229 ι
3306 2177 3450 2232 Inter
3468 2179 3644 2231 ubera
3668 2190 3783 2229 mea

2189 2274 2630 2330 commorabitur.
2663 2292 2682 2323 ι
2717 2271 2777 2325 1d
2806 2280 2890 2326 est
2917 2271 3098 2326 cordis
3122 2271 3227 2326 mei
3255 2271 3518 2324 memoria
3552 2280 3784 2323 aeterna-

2189 2365 2314 2420 liter
2335 2365 2642 2429 habebitur,
2686 2371 2743 2418 et
2787 2377 3062 2431 nunquam
3091 2370 3363 2416 tantorum
3401 2360 3524 2428 ejus
3568 2358 3779 2414 benefic

2188 2458 2400 2512 ciorum
2427 2455 2752 2511 obliviscar:
2781 2453 2874 2508 sed
2905 2453 3018 2507 sive
3061 2452 3114 2507 in
3144 2453 3418 2522 prosperis
3463 2451 3582 2505 sive
3624 2451 3682 2503 in
3698 2451 3783 2502 ad-

2188 2548 2378 2612 versis,
2406 2545 2730 2601 recordabor
2747 2542 2864 2612 ejus
2880 2542 2970 2611 qui
2987 2557 3072 2596 me
3095 2542 3304 2608 dilexit,
3329 2551 3382 2596 et
3397 2551 3654 2595 mortuus
3681 2549 3777 2593 est.

2263 2657 2282 2692 ‹
2314 2640 2508 2694 Botrus
2537 2636 2699 2708 Cypri
2737 2635 2964 2690 dilectus
3009 2648 3160 2688 meus
3189 2633 3326 2687 mihi
3369 2633 3422 2687 in
3452 2632 3632 2686 vineis
3674 2631 3771 2684 En-

2187 2729 2365 2801 gaddi.
2401 2746 2420 2780 ι
2452 2726 2660 2797 Cyprus
2699 2723 2872 2778 insula
2903 2731 2988 2777 est
3023 2723 3113 2778 ubi
3148 2723 3287 2776 vites
3311 2721 3519 2775 nobiles
3555 2736 3683 2775 esse
3707 2720 3779 2774 fe-

2188 2828 2403 2885 runtur,
2432 2818 2698 2872 maximos
2722 2815 2911 2872 botros
2941 2823 3311 2886 procreantes.
3339 2814 3585 2884 Engaddi
3627 2814 3776 2868 locus

2187 2909 2438 2965 similiter
2479 2923 2598 2962 esse
2650 2905 2855 2971 fertur,
2899 2905 3108 2959 habens
3154 2903 3471 2958 arbusculas
3512 2903 3774 2971 liquorem

2186 3000 2412 3056 balsami
2441 2999 2784 3054 desudantes.
2813 2995 3076 3065 Loquitur
3103 3010 3232 3066 ergo
3268 3010 3462 3064 sponsa
3492 2994 3562 3048 de
3596 3009 3776 3048 resur-

2187 3093 2428 3146 rectione
2453 3089 2654 3144 Christi
2690 3088 2772 3142 sui
2799 3087 2985 3156 sponsi
3014 3103 3028 3141 :
3065 3103 3085 3137 ι
3118 3085 3316 3140 Botrus
3357 3085 3522 3156 Cypri
3549 3086 3776 3139 dilectus

2190 3197 2343 3236 meus
2389 3180 2539 3235 mihi.
2573 3199 2592 3232 ι
2636 3180 2716 3233 Ac
2753 3178 2798 3232 si
2849 3177 3053 3231 diceret
3101 3191 3115 3230 :
3167 3176 3410 3246 Sponsus
3451 3190 3639 3241 meus,
3686 3176 3772 3243 qui

2188 3273 2382 3327 mortis
2411 3267 2820 3326 amaritudinem
2852 3283 2952 3338 pro
2977 3283 3063 3323 me
3092 3270 3352 3337 gustavit,
3398 3276 3448 3322 et
3480 3268 3775 3322 fasciculus

2188 3362 2323 3416 mihi
2345 3361 2499 3431 quasi
2529 3361 2760 3430 myrrha:
2792 3359 2914 3425 fuit,
2943 3376 2996 3413 tn
3032 3361 3433 3416 resurrectione
3463 3375 3563 3413 sua
3598 3359 3773 3414 factus

2186 3463 2271 3508 est
2302 3453 2433 3507 mihi
2457 3453 2642 3506 botrus
2665 3452 2848 3522 Cypri,
2883 3452 3100 3522 quando
3119 3467 3205 3507 me
3231 3453 3428 3523 gaudio
3451 3467 3565 3506 sua:
3588 3466 3769 3505 resur-

2188 3545 2446 3604 rectionis
2487 3544 2800 3599 lzetificavit.
2835 3544 3027 3599 Vinum
3069 3546 3213 3599 enim
3255 3545 3494 3599 laetificat
3536 3561 3634 3600 cor
3674 3546 3772 3599 ho-

2185 3639 2379 3705 minis;
2410 3647 2464 3694 et
2490 3639 2595 3694 hoc
2623 3639 2677 3693 in
2712 3638 2886 3693 vineis
2911 3638 3173 3710 Engaddi,
3208 3639 3334 3708 quia
3367 3653 3439 3692 ex
3461 3653 3560 3692 sua
3588 3653 3769 3691 resur-

2185 3733 2428 3787 rectione
2454 3731 2608 3800 quasi
2636 3731 2967 3786 suavissimo
2988 3730 3214 3784 balsami
3241 3731 3406 3785 odore
3429 3744 3526 3799 per
3556 3731 3771 3782 univer-

2185 3838 2306 3879 sum
2339 3823 2596 3876 mundum
2637 3820 2889 3886 redoluit,
2917 3829 2973 3874 et
2994 3818 3344 3891 fragrantiam
3374 3833 3486 3873 sua:
3513 3818 3638 3873 ﬁdei
3665 3817 3770 3870 late

2187 3914 2456 3984 dispersit.
2499 3911 2742 3982 Engaddi
2781 3918 2960 3966 autem
2999 3909 3122 3965 fons
3166 3909 3305 3964 haedi
3345 3910 3766 3978 interpretatur,

2184 4018 2282 4074 per
2306 4002 2448 4072 quod
2477 4001 2811 4073 signiﬁcatur
2833 4000 3120 4070 baptisma,
3145 4007 3201 4054 et
3229 3997 3558 4053 sacrificium
3584 3997 3637 4050 in
3663 4010 3768 4064 quo

2184 4106 2406 4168 peccata
2433 4095 2615 4150 omnia
2650 4093 2971 4158 abluuntur;
2993 4091 3176 4147 haedus
3198 4105 3432 4159 namque
3453 4098 3769 4158 peccatores

2151 4179 2156 4183 ’
2185 4188 2470 4260 significat.
2502 4185 2808 4257 Baptismus
2842 4199 2970 4255 ergo
3004 4183 3126 4238 fons
3154 4191 3240 4238 est
3275 4181 3414 4238 haedi
3436 4221 3452 4247 ,
3485 4181 3614 4249 quia
3647 4195 3769 4250 pec-

2185 4287 2400 4334 catores
2428 4279 2688 4355 suscepit,
2729 4277 2823 4331 sed
2869 4275 3243 4330 immaculatos
3279 4283 3334 4328 et
3367 4272 3663 4326 mandatos
3706 4271 3770 4324 ab

2184 4369 2438 4423 omnibus
2478 4366 2719 4438 peccatis
2748 4364 2946 4419 reddit.

2265 4477 2284 4510 ι
2320 4459 2462 4513 Ecce
2491 4467 2544 4511 tu
2574 4456 2800 4527 pulchra
2841 4469 2923 4521 es,
2953 4453 3127 4507 amica
3166 4467 3306 4508 mea.
3347 4473 3366 4505 ι
3417 4452 3535 4509 Vox
3586 4455 3770 4526 sponsi

576 4563 594 4593 ‹
625 4543 758 4596 Dum
803 4548 948 4598 esset
990 4552 1085 4593 rex
1116 4539 1169 4592 in
1213 4535 1463 4591 accubitu
1503 4551 1620 4590 suo.
1652 4555 1670 4588 ι
1723 4537 1838 4592 Vox
1870 4552 2079 4606 sponsae

2191 4549 2386 4606 Christi
2415 4548 2481 4604 ad
2525 4511 2776 4618 sponsam
2806 4560 2960 4600 suam
2989 4544 3308 4599 Ecclesiam.
3341 4563 3361 4596 ι
3396 4544 3540 4600 Ecce
3563 4511 3632 4599 tu.
3655 4545 3774 4616 pul-

503 4647 687 4702 regem
709 4646 966 4701 sponsum
1009 4644 1162 4684 suum
1207 4627 1482 4684 Christum
1511 4627 1663 4693 dicit,
1693 4627 1786 4697 qui
1817 4643 1916 4698 per
1950 4629 2080 4683 divi-

499 4725 723 4778 nitatem
753 4737 905 4776 suam
944 4721 1124 4776 omnia
1168 4719 1325 4789 regit,
1357 4726 1411 4774 et
1447 4719 1612 4772 etiam
1649 4719 1944 4774 secundum
1973 4721 2076 4774 hu-

498 4814 810 4868 manitatem
840 4811 905 4866 de
935 4811 1082 4881 regia
1123 4808 1337 4863 Davidis
1369 4809 1536 4877 stirpe
1564 4819 1722 4863 natus
1761 4815 1864 4864 est.
1896 4808 2076 4863 Accu-

496 4908 640 4962 bitus
677 4907 816 4978 regis
837 4905 939 4960 fuit
959 4904 1260 4960 incarnatio
1287 4902 1421 4972 ejus.
1451 4903 1784 4960 Accumbere
1821 4905 1964 4960 enim
1993 4913 2078 4960 est

497 5001 757 5056 recubare
782 4997 866 5054 vel
895 4996 1316 5052 rediscumbere.
1346 4994 1411 5049 Et
1460 5003 1586 5050 tunc
1625 4995 1874 5052 Christus
1911 5011 2077 5052 accu-

495 5091 632 5156 buit,
668 5089 885 5160 quando
914 5103 1012 5160 pro
1044 5097 1229 5142 nostra
1278 5085 1646 5156 redemptione
1693 5101 1752 5140 se
1795 5086 2077 5154 usque-ad

497 5179 894 5252 suscipiendam
925 5186 1172 5232 naturam
1212 5185 1450 5231 nostram
1496 5175 1790 5230 inclinavit.
1824 5175 1892 5229 Et
1927 5185 2076 5241 tunc,

502 5291 520 5325 ι
557 5271 759 5328 nardus
785 5286 904 5326 mea
926 5271 1147 5325 odorem
1181 5285 1335 5324 suum
1363 5269 1533 5334 dedit,
1556 5287 1574 5319 ι
1609 5268 1734 5336 quia
1762 5267 1934 5322 virtus
1976 5267 2076 5322 Ec-

495 5363 675 5420 clesiae
697 5362 868 5433 magis
889 5361 1098 5418 enituit.
1131 5359 1263 5414 Cum
1289 5359 1434 5414 enim
1467 5356 1955 5412 consideratDeum
1978 5371 2078 5426 pro

495 5471 556 5511 se
588 5455 859 5510 hominem
891 5454 1112 5518 factum,
1140 5452 1370 5534 amplius
1415 5450 1482 5505 ad
1525 5452 1882 5521 spiritualium
1913 5453 2078 5507 virtu-

498 5555 613 5598 tum
645 5545 879 5599 studium
909 5556 964 5600 et
997 5559 1238 5600 amorem
1284 5543 1367 5598 sui
1397 5543 1703 5597 Conditoris
1742 5545 2073 5600 accenditur.

499 5631 711 5687 Nardus
741 5634 886 5687 enim
918 5632 1270 5704 fragrantiam
1303 5634 1565 5686 virtutum
1595 5634 1954 5701 spiritualium
1983 5638 2076 5692 de-

502 5723 696 5796 signat.
743 5725 909 5780 Erant
965 5727 1183 5796 quidam
1237 5733 1365 5780 ante
1425 5725 1854 5781 incarnationen‘t
1903 5730 2073 5784 sancti

2182 4640 2316 4695 chra
2355 4653 2450 4692 es:
2485 4657 2503 4688 ι
2548 4636 2638 4690 Bis
2683 4650 2802 4690 eam
2830 4635 3026 4704 repetit
3065 4649 3186 4688 esse
3215 4635 3496 4704 pulchram
3545 4645 3774 4707 propter

2181 4729 2566 4803 perfectionem
2603 4725 2781 4796 operis
2801 4736 2856 4780 et
2885 4723 3206 4778 munditiam
3231 4724 3446 4780 mentis.
3483 4743 3500 4776 ι
3533 4725 3678 4780 Ecce
3719 4735 3773 4779 tu

2181 4821 2408 4892 pulchra
2438 4834 2518 4883 es,
2551 4836 2569 4869 ›
2600 4818 2652 4872 id
2689 4825 2773 4871 est
2797 4817 2850 4870 in
2893 4817 3048 4871 bonis
3087 4818 3344 4885 operibus
3387 4817 3629 4887 perfecta
3678 4835 3774 4884 es,

2182 4920 2370 4968 sancte
2394 4919 2450 4965 et
2467 4910 2554 4979 pie
2583 4919 2634 4964 et
2652 4909 2796 4978 juste
2823 4908 3071 4972 vivendo,
3100 4909 3393 4963 secundum
3425 4909 3775 4978 Apostolum.

2189 5025 2208 5058 ‹
2245 5005 2384 5061 Ecce
2409 5012 2465 5058 tu
2491 5003 2714 5074 pulchra
2737 5018 2818 5069 es,
2853 5022 2872 5055 ι
2901 5002 3161 5057 mundum
3189 5010 3243 5057 et
3268 5003 3567 5073 simplicem
3591 5005 3780 5060 cordis

2183 5097 2392 5152 habens
2416 5095 2794 5160 intentionem,
2822 5093 2945 5163 quia
2974 5110 3079 5149 non
3119 5105 3341 5165 propter
3375 5105 3594 5152 terrena
3624 5112 3782 5152 eom—

2183 5185 2341 5240 moda
2386 5184 2470 5239 vel
2509 5184 2693 5239 mundi
2727 5183 2973 5254 gloriam,
3021 5183 3358 5240 solummodo
3383 5185 3643 5240 Ecclesiis
3678 5187 3782 5241 Dei

2184 5275 2400 5344 placens
2443 5275 2583 5328 bona
2631 5274 2898 5344 operaris.
2934 5293 2953 5326 ί
2989 5273 3142 5329 Oculi
3185 5276 3263 5330 tui
3292 5276 3670 5332 columbarum
3703 5297 3716 5330 :
3759 5299 3778 5328 ι

2181 5365 2440 5420 Columba
2470 5365 2868 5435 simplicissima
2899 5366 3016 5420 avis
3038 5374 3141 5431 est,
3169 5376 3223 5421 et
3244 5381 3342 5436 per
3376 5366 3533 5432 hanc,
3561 5367 3787 5436 simpli-

2185 5457 2323 5512 citas
2363 5465 2525 5524 atque
2584 5457 2892 5512 innocentia
2939 5457 3193 5512 Ecclesia:
3243 5457 3509 5528 figuratur
3553 5477 3569 5526 ;
3616 5461 3786 5530 quasi

2183 5550 2327 5604 enim
2357 5549 2540 5606 oculos
2587 5551 2958 5606 columbarum
3002 5553 3194 5620 habet,
3245 5555 3370 5624 quia
3407 5555 3475 5610 ab
3519 5556 3670 5610 omni
3723 5556 3785 5608 fi~

2185 5643 2364 5696 ctione
2404 5652 2460 5696 et
2507 5642 2854 5697 simulatione
2902 5658 2961 5698 se
3011 5644 3306 5698 inununem
3359 5644 3620 5700 custodit.
3680 5643 3786 5696 Vr!

2185 5733 2346 5786 etiam
2369 5733 2550 5788 oculos
2578 5733 2948 5789 columbarum
2970 5734 3152 5802 habet,
3175 5735 3298 5804 quia
3323 5737 3608 5794 scientiam
3636 5733 3784 5788 divi-
