3950 6438
185 382 296 438 501

1152 369 1547 428 ENARRATiO
1582 370 1648 426 IN
1687 369 1975 426 CANTICA
2017 371 2480 428 CANTICORUM.

3323 370 3426 425 502

185 503 391 548 narum
418 485 824 559 Scripturarum
850 491 1001 538 casto
1028 492 1083 538 et
1110 483 1338 553 simplici
1383 482 1578 537 intuitu
1614 481 1773 534 intel—
1799 499 1846 554 Α
1875 481 2050 536 dixit:
2087 500 2104 531 ι
2156 481 2355 535 Discite
2391 498 2421 534 a
2465 496 2551 536 me
2596 481 2721 551 quia
2771 480 2917 535 mitis
2957 494 3076 536 sum
3117 490 3172 535 οι
3216 482 3433 537 humili,-

183 583 336 654 ligit,
367 577 673 649 spirituales
697 583 753 630 et
777 575 988 631 divinos
1033 589 1228 628 sensus
1254 575 1309 627 in
1349 587 1414 626 ea
1457 571 1770 640 requirens;

183 690 323 729 nam
348 669 604 742 quoniam
626 665 858 735 Spiritus
882 672 1099 719 sanctus
1119 663 1174 716 in
1195 662 1373 731 specie
1394 660 1654 715 columba:
1682 674 1776 728 ap-

183 764 410 834 paruit,
458 767 604 813 recte
648 757 896 812 doctrina
935 753 1172 809 caelestis
1211 752 1266 806 in
1304 749 1475 805 oculis
1515 748 1777 803 columba:

184 853 536 922 intelligitur.

275 958 295 991 «
330 941 466 993 Ecce
488 948 543 992 tu
572 935 800 1007 pulcher
830 947 911 1000 es,
938 933 1132 990 dilecte
1155 931 1248 998 mi,
1273 939 1328 986 et
1367 931 1614 987 decorus.
1649 947 1668 981 ι
1697 927 1777 982 Ac

185 1030 240 1084 si
280 1030 522 1083 diceret:
557 1025 886 1094 Tulquidem
916 1038 1002 1078 me
1030 1023 1313 1091 pulchram
1336 1020 1390 1074 in
1425 1034 1586 1090 opere
1610 1027 1664 1072 et
1688 1033 1779 1072 eo-

187 1118 462 1188 gitatione
483 1131 612 1170 esse"
633 1114 791 1176 dicis,
817 1113 912 1168 sed
938 1127 1039 1183 ego
1069 1126 1283 1166 omnem
1313 1111 1452 1164 hanc
1480 1107 1780 1177 pulchritu-

188 1210 381 1262 dinem
418 1215 527 1259 ate
558 1219 643 1258 me
679 1201 841 1258 credo
881 1203 1082 1256 habere
1120 1210 1174 1255 et
1199 1215 1487 1272 cognosco.
1517 1198 1597 1254 Tu
1635 1197 1780 1253 enim

189 1315 260 1353 es
307 1297 537 1370 pulcher
567 1305 621 1349 et
673 1295 918 1356 decorus,
971 1302 1029 1346 tu
1071 1307 1131 1347 es
1177 1291 1298 1347 fons
1345 1292 1509 1348 totius
1539 1289 1686 1353 boni,
1725 1297 1782 1344 et

190 1388 462 1459 quidquid
493 1385 621 1441 boni
651 1385 847 1449 habeo,
872 1391 963 1437 tua
995 1382 1166 1451 gratia
1193 1382 1367 1436 habeo
1425 1379 1656 1435 Pulcher
1681 1394 1778 1432 au-

194 1491 315 1534 tem
363 1487 418 1532 et
448 1477 676 1531 decorus
708 1473 936 1539 dicitur,
977 1473 1103 1542 quia
1150 1481 1206 1527 et
1249 1471 1547 1526 divinitatis
1588 1484 1780 1539 perpe-

194 1569 414 1632 tuitate,
446 1573 502 1620 et
531 1565 694 1619 etiam
718 1573 980 1634 suscepta:
1006 1563 1360 1618 humanitatis
1386 1561 1645 1630 dignitate
1681 1560 1783 1614 mi-

197 1659 392 1712 rabilis
418 1667 522 1710 est.
553 1674 571 1706 ι
608 1653 858 1709 Lectulus
882 1662 1068 1708 noster
1087 1653 1325 1708 ﬂoridus.
1360 1671 1379 1704 ι
1414 1651 1665 1707 Lectulus
1699 1658 1784 1705 est

201 1748 604 1818 qualiscunque
664 1744 1058 1813 tranquillitas,
1107 1743 1192 1799 vel
1233 1745 1448 1812 requies
1503 1742 1784 1812 praesentis

1875 569 2056 623 corde.
2090 589 2108 619 ι
2130 565 2320 622 Potest
2349 579 2403 622 et
2435 571 2536 624 hoc
2583 571 2724 639 quod
2765 569 2936 634 dicit,
2971 587 2989 620 ς
3035 569 3147 640 Ego
3173 585 3292 624 sum
3337 570 3435 627 flos

1871 657 2091 725 campi,
2133 677 2149 708 ι
2195 659 2263 710 ad
2307 657 2734 713 incarnationem
2779 658 2987 714 referri.
3023 658 3255 729 Campus
3291 659 3434 716 enim

1873 763 1980 803 non
2012 755 2216 811 aratur,
2243 763 2348 802 non
2373 748 2656 812 scinditur,
2691 765 2796 803 non
2827 750 2934 805 ullo
2974 764 3190 805 vomere
3225 751 3436 820 prosul-

1874 851 2044 896 catur.
2077 841 2219 896 Dicit
2236 856 2362 912 ergo
2390 859 2401 894 :
2433 859 2450 892 ι
2494 843 2604 912 Ego
2629 859 2744 896 sum
2767 842 2863 897 ﬂos
2885 844 3096 913 campi:
3135 863 3152 896 ι
3189 843 3241 897 id
3275 853 3358 899 est
3383 843 3439 896 ﬁ-

1874 932 1978 987 lius
2006 932 2246 1002 virginis.
2288 929 2402 985 Non
2439 947 2567 1002 ergo
2602 933 2775 997 ruris,
2815 932 2910 987 sed
2947 935 3120 1002 campi
3160 932 3344 988 florem
3381 949 3440 988 se

1873 1033 2051 1088 vocat,
2069 1023 2194 1092 quia
2211 1023 2462 1093 virginea;
2487 1023 2666 1077 carnis
2687 1022 2710 1075 f
2711 1033 2893 1077 ructus
2906 1033 3011 1089 est,
3035 1026 3328 1078 secundum
3353 1039 3440 1078 va-

1877 1114 2120 1168 ticinium
2145 1114 2296 1168 Isaiae
2325 1131 2368 1166 ε(
2392 1113 2710 1183 Egredietur
2740 1111 2901 1182 Virga
2929 1111 2994 1166 de
3020 1113 3200 1168 radice
3219 1113 3389 1168 lessc.
3414 1133 3434 1164 ι

1877 1203 2068 1258 Lilium
2091 1203 2413 1260 convallium
2439 1213 2524 1259 est
2546 1203 2686 1258 idem
2719 1201 2968 1257 Christus
2989 1242 3003 1266 ,
3034 1203 3137 1257 hoc
3161 1211 3262 1266 est,
3301 1203 3442 1258 ﬁlius

1878 1297 2160 1352 humilium
2187 1305 2487 1367 parentum.
2522 1295 2802 1351 Convalles
2831 1295 2972 1349 enim
3000 1293 3230 1347 humiles
3267 1302 3321 1348 et
3351 1309 3443 1362 pa-

1880 1395 2063 1441 rentes
2085 1385 2203 1454 ejus
2240 1387 2565 1457 signiﬁcant.
2600 1385 2834 1440 Veniens
2865 1384 3010 1439 enim
3042 1383 3139 1438 Dei
3176 1384 3345 1440 Filius
3389 1386 3442 1438 in

1881 1477 2160 1541 mundum,
2191 1492 2295 1531 non
2339 1477 2510 1531 solum
2545 1478 2706 1532 homo
2752 1476 2870 1531 ﬁeri
2909 1476 3161 1546 dignatus
3199 1488 3313 1542 est,
3354 1478 3448 1531 sed

1879 1568 2045 1622 etiam
2066 1582 2270 1637 pauper
2290 1569 2452 1622 homo
2481 1584 2576 1638 pro
2601 1567 2758 1622 nobis
2787 1584 2799 1620 :
2833 1581 2934 1622 nec
2958 1566 3170 1630 divites,
3201 1567 3447 1635 sedmau‘

1882 1673 2038 1727 peres
2077 1656 2240 1720 elegit
2289 1657 2490 1712 habere
2543 1665 2826 1726 parentes,
2869 1664 2928 1709 ut
2967 1641 3242 1725 particeps
3277 1655 3450 1710 factus

1883 1749 2217 1818 paupertatis
2239 1755 2460 1812 nostrae,
2484 1747 2790 1802 divitiarum
2813 1744 3063 1815 etgloria:
3078 1760 3186 1800 sua!
3210 1760 3308 1801 nos
3332 1759 3449 1813 par-

202 1839 354 1892 vitae.
405 1837 540 1891 Nam
586 1836 736 1904 quasi
788 1835 842 1888 in
890 1834 1032 1889 bello
1065 1846 1148 1890 est
1190 1835 1426 1890 Ecclesia
1451 1873 1468 1900 ,
1511 1834 1637 1888 dum
1683 1847 1782 1903 pro
1810 1839 1858 1900 Β
1888 1840 2076 1909 ticipes
2105 1838 2322 1893 faceret.

200 1927 431 1982 Christo
483 1925 696 1980 diversa
748 1923 942 1979 tolerat
981 1925 1315 1990 certamina,
1363 1924 1517 1993 quasi
1550 1939 1678 1978 vero
1726 1923 1783 1977 in

208 2019 412 2074 lectulo
462 2017 767 2086 requiescit,
810 2031 932 2071 cum
977 2016 1309 2085 aliquantula
1337 2029 1469 2084 pace
1509 2014 1612 2068 sibi
1658 2028 1786 2068 con-

210 2124 369 2164 cessa
396 2107 604 2162 fruitur.
629 2105 736 2160 Sed
766 2105 853 2160 hic
884 2105 1111 2160 lectulus
1137 2103 1358 2158 ﬂoridus
1385 2113 1499 2167 est,
1533 2103 1636 2157 hoc
1677 2109 1783 2167 est,

211 2199 475 2254 varietate
519 2199 777 2252 virtutum
819 2196 972 2267 quasi
1017 2195 1370 2250 vernantibus
1415 2193 1635 2248 ﬂoribus
1677 2192 1787 2247 dis-

209 2291 380 2345 tincta
410 2298 492 2343 est
522 2289 736 2358 requies
769 2287 1040 2342 Ecclesiae.
1066 2285 1217 2340 Tunc
1241 2285 1384 2340 enim
1411 2284 1632 2339 liberius
1663 2297 1787 2339 con-

209 2379 547 2448 templationi
580 2378 770 2431 divina:
805 2376 1024 2441 insistit,
1057 2385 1182 2430 tunc
1213 2374 1439 2452 jejunia,
1482 2372 1694 2444 vigilias
1731 2381 1788 2429 et

209 2483 408 2527 caatera
440 2473 701 2525 bonorum
730 2484 949 2538 operum
973 2468 1193 2522 liberius
1215 2466 1544 2536 exsequitur.

294 2586 313 2619 ‹
354 2565 521 2638 Tigna
564 2564 841 2620 domorum
890 2571 1196 2619 nostrarum
1233 2562 1475 2626 cedi-ina,
1513 2558 1788 2629 laquearia

213 2670 404 2714 nostra
458 2656 790 2728 cypressina.
832 2675 852 2708 ι
888 2656 1087 2710 Domus
1116 2653 1367 2707 Ecclesiae
1405 2659 1532 2706 sunt
1555 2665 1790 2704 conven-

214 2752 384 2807 ticula
425 2765 522 2820 per
549 2757 716 2802 totum
761 2748 948 2801 orbem
993 2745 1202 2811 diffusa.
1239 2744 1406 2812 Tigna
1452 2757 1579 2797 vero
1621 2749 1675 2796 et
1711 2741 1791 2794 la-

213 2841 440 2912 quearia
493 2846 618 2893 sunt
679 2837 808 2906 ipsa:
862 2850 1105 2906 personae
1157 2833 1428 2897 ﬁdelium,
1476 2847 1543 2886 ex
1597 2831 1792 2899 quibus

214 2929 462 2985 Ecclesia
491 2934 722 2982 constat.
767 2924 874 2979 Sed
919 2923 1301 2978 attendendum
1346 2921 1490 2989 quod
1539 2921 1683 2988 tigna
1725 2917 1794 2973 ad

216 3021 619 3076 munimentum
670 3024 794 3071 sunt
834 3016 1054 3078 domus,
1100 3011 1373 3082 laquearia
1418 3010 1485 3063 ad
1518 3016 1790 3064 ornatum.

215 3113 452 3181 [deoque
496 3125 592 3180 per
641 3110 785 3178 tigna
845 3107 1198 3176 designantur
1234 3105 1519 3166 doctores,
1563 3114 1794 3169 quorum

1960 1948 1978 1982 ι
2018 1929 2170 1984 Sicut
2196 1928 2366 1983 lilium
2413 1929 2556 1984 inter
2586 1929 2793 1998 spinas,
2837 1929 2916 1983 sic
2954 1929 3128 1984 amica
3161 1942 3277 1982 mea
3313 1928 3455 1983 inter

1884 2020 2041 2076 ﬁlias.
2072 2040 2090 2073 ι
2121 2020 2322 2075 Videns
2348 2035 2598 2088 sponsam
2615 2035 2766 2074 suam
2808 2019 2872 2073 ad
2904 2020 3143 2088 requiem
3175 2019 3453 2081 festinare,

1881 2121 1939 2166 et
1960 2112 2174 2167 labores
2199 2111 2402 2182 fugere,
2433 2127 2496 2166 ac
2521 2125 2616 2181 per
2640 2112 2872 2181 quietem
2896 2112 3176 2180 praesentis
3196 2111 3454 2180 temporis

1883 2205 1950 2258 ad
1973 2212 2231 2259 aeternam
2256 2203 2642 2258 beatitudinem
2673 2203 2890 2257 tendere
2911 2242 2924 2266 ,
2959 2217 3018 2257 se
3043 2217 3138 2270 per
3171 2216 3457 2272 pressuras

1885 2303 1940 2348 et
1957 2294 2168 2349 labores
2188 2293 2348 2363 hujus
2369 2292 2547 2348 saeculi
2569 2291 2692 2347 illuc
2706 2291 2987 2362 pervenire
3001 2292 3228 2347 debere:
3257 2309 3276 2344 ι
3305 2289 3461 2346 Sicut

1887 2384 2104 2454 (inquit)
2154 2383 2324 2437 lilium
2363 2383 2504 2437 inter
2543 2383 2727 2453 spinas
2751 2421 2768 2448 ,
2808 2384 2888 2438 sic
2925 2383 3098 2437 amica
3143 2397 3262 2437 mea
3315 2382 3456 2436 inter

1887 2475 2044 2540 ﬁlias.
2069 2493 2087 2524 ι
2119 2473 2299 2543 Spinze
2318 2514 2332 2538 ,
2361 2489 2481 2543 qua:
2505 2483 2746 2543 pungunt
2769 2481 2824 2530 et
2854 2474 3124 2540 lacerant,
3151 2473 3460 2546 significant

1887 2581 2169 2637 perversos
2209 2576 2450 2636 quosque
2491 2564 2572 2621 vel
2621 2567 2764 2620 intra
2811 2565 3142 2631 Ecclesiam,
3187 2566 3273 2620 vel
3303 2575 3458 2620 extra

1887 2657 2203 2711 Eccl‘esiam.
2233 2656 2300 2710 Et
2326 2665 2410 2711 est
2439 2671 2664 2712 sensus:
2701 2656 2792 2712 Sic
2833 2656 2929 2710 tibi
2956 2657 3244 2710 vivendum
3271 2663 3375 2719 est,
3403 2664 3461 2710 et

1890 2748 1971 2802 sic
2011 2755 2196 2817 parata
2231 2762 2351 2803 esse
2398 2748 2561 2803 debes
2593 2756 2782 2802 contra
2821 2747 3003 2801 omnia
3041 2746 3286 2809 adversa,
3321 2747 3464 2800 sicut

1891 2839 2061 2894 lilium
2111 2839 2248 2894 inter
2275 2838 2456 2908 spinas
2479 2846 2560 2892 est
2603 2845 2660 2891 et
2698 2846 2878 2893 tamen
2921 2835 3114 2891 ﬂorere
3151 2845 3206 2890 et
3249 2843 3463 2906 gratum

1893 2929 2111 2986 odorem
2152 2945 2220 2984 ex
2265 2944 2324 2996 se
2368 2930 2617 2984 emittere
2655 2944 2760 2983 non
2786 2937 2992 2993 cessat,
3034 2928 3114 2984 sic
3142 2928 3315 2982 amica
3343 2943 3461 2983 mea

1894 3017 2038 3072 inter
2067 3017 2202 3071 ﬁlias
2227 3033 2243 3081 ;
2271 3016 2395 3084 quia
2420 3031 2524 3070 non
2567 3015 2739 3069 solum
2763 3017 2830 3070 ab
2855 3016 2938 3070 bis
2966 3016 3056 3084 qui
3093 3026 3246 3071 εχει-ει
3273 3017 3460 3072 Εεειε-

1895 3107 2030 3161 siam
2080 3113 2223 3169 sunt,
2255 3104 2394 3158 mala
2425 3105 2658 3174 pateris,
2700 3120 2887 3158 verum
2927 3105 3087 3158 etiam
3123 3105 3191 3159 ab
3224 3106 3328 3160 illis
3369 3110 3468 3175 qui

216 3203 469 3259 doctrina
511 3199 728 3255 fulcitur
768 3208 824 3252 et
862 3203 1197 3251 sustentatur
1236 3192 1478 3247 Ecclesia
1523 3208 1534 3244 :
1569 3205 1661 3259 per
1705 3190 1776 3244 la-
1815 3185 1859 3246 C
1892 3194 2191 3266 regenerati
2212 3209 2309 3263 per
2331 3194 2654 3262 baptismum
2693 3194 2746 3247 in
2770 3193 3084 3247 ﬁliationem
3117 3194 3213 3248 Dei
3247 3197 3460 3252 venisse

213 3295 446 3366 quearia
475 3307 622 3356 vero,
650 3289 823 3344 sancti
853 3288 1198 3356 simplicitate
1218 3285 1535 3355 gaudentes,
1565 3282 1656 3352 qui
1679 3282 1794 3336 suis

217 3388 514 3444 virtutibus
540 3385 806 3441 exornant
833 3382 1152 3446 Ecclesiam,
1198 3395 1305 3434 non
1329 3385 1508 3432 autem
1549 3375 1792 3431 doctrina

218 3480 495 3535 muniunt.
524 3477 590 3531 Et
613 3476 717 3530 hoc
738 3471 1122 3528 attendendum
1154 3470 1296 3541 quod
1325 3468 1597 3538 laquearia
1633 3465 1796 3536 tignis

215 3571 382 3627 affixa
413 3579 558 3634 sunt,
589 3569 668 3623 sic
696 3575 750 3622 et
773 3566 880 3620 vita
923 3563 1158 3619 ﬁdelium
1199 3563 1252 3616 in
1279 3559 1524 3615 Ecclesia
1551 3574 1584 3614 e
1607 3560 1795 3614 docto-

220 3664 380 3719 ribus
423 3662 660 3732 pendet,
705 3659 830 3730 quia
868 3657 1082 3711 illorum
1129 3654 1372 3709 doctrina
1421 3650 1705 3704 instruitur
1744 3656 1798 3704 et

224 3753 535 3806 roboratur.
583 3747 728 3803 Bene
757 3756 934 3801 autem
971 3747 1116 3815 tigna
1169 3743 1383 3798 cedrina
1440 3749 1494 3795 et
1523 3740 1798 3809 laquearia

222 3841 538 3913 cypressina
567 3839 838 3893 dicuntur.
875 3834 1007 3888 Nam
1035 3842 1276 3902 utraeque
1305 3832 1528 3885 arbores
1556 3828 1802 3899 imputri-

224 3934 350 3992 bilis
372 3939 578 3985 natura:
599 3936 743 3991 sunt,
792 3934 1010 3981 sanctos
1037 3924 1400 3993 designantcs,
1447 3922 1538 3991 qui
1575 3921 1798 3976 immer-

228 4021 478 4078 cescibili
500 4019 768 4074 desiderio
795 4016 1023 4086 ﬂagrant
1047 4030 1228 4069 amore
1250 4015 1332 4069 sui
1373 4013 1706 4078 Conditoris,
1749 4024 1804 4067 et

229 4111 564 4180 contemptis
596 4107 916 4163 transitoriis
947 4106 1014 4160 ad
1047 4113 1248 4160 :etcrna
1281 4104 1553 4159 festinant.
1599 4102 1805 4157 Cedrus

226 4202 394 4257 etiam
421 4207 702 4268 serpentes
724 4197 888 4252 odore
923 4211 1021 4249 suo
1047 4193 1213 4264 fugat,
1253 4193 1332 4247 sic
1363 4189 1536 4247 sancti
1559 4190 1806 4244 doctores

227 4294 503 4349 daemones
550 4288 637 4345 vel
694 4288 977 4344 hzereticos
1028 4283 1329 4355 fragrantia
1381 4279 1641 4336 doctrina:
1695 4293 1808 4336 sua:

226 4380 521 4451 repellunt.

853 4507 1079 4564 CAPUT
1117 4506 1178 4561 ll.

314 4671 332 4702 ι
360 4651 470 4720 Ego
488 4648 586 4703 ﬂos
609 4647 784 4717 campi
811 4655 866 4701 et
886 4646 1054 4700 lilium
1077 4644 1425 4702 convallium.
1456 4661 1473 4695 ι
1510 4641 1802 4711 Postquam

227 4757 426 4814 sponsa
456 4741 666 4810 qualem
693 4740 908 4794 domum
936 4738 1046 4807 ipsa
1083 4745 1140 4792 et
1165 4751 1394 4806 sponsus
1427 4735 1543 4804 ejus
1571 4734 1806 4788 habeant

227 4837 487 4900 ostendit,
518 4837 628 4904 ipse
647 4847 862 4904 quoque
886 4847 1115 4901 sponsus
1135 4831 1201 4886 de
1235 4845 1292 4884 se
1330 4827 1504 4898 qualis
1533 4827 1602 4881 sit
1625 4835 1807 4880 osten-

229 4927 560 4981 ditdicens:
609 4944 627 4974 ι
662 4923 771 4991 Ego
801 4921 898 4975 ﬂos
934 4921 1130 4989 campi,
1166 4940 1183 4970 ι
1215 4928 1346 4983 ειε.,
1390 4916 1639 4971 videlicet
1678 4915 1805 4984 quia

229 5018 456 5073 odorem
500 5030 630 5070 mea:
658 5015 871 5068 virtutis
908 5028 1004 5083 per
1039 5011 1375 5066 latitudinem
1419 5009 1582 5063 totius
1619 5009 1802 5062 mundi

232 5107 496 5164 diﬂ'undo.
543 5105 653 5173 Ego
679 5102 792 5165 ﬂos,
844 5103 897 5155 id
931 5110 1015 5156 est
1056 5101 1197 5154 Deus
1238 5099 1440 5153 mundi.
1472 5097 1625 5151 Sicut
1668 5097 1812 5150 enim

233 5213 462 5268 campus
488 5195 709 5249 ﬂoribus
739 5196 1033 5248 adornatur
1053 5200 1108 5246 et
1137 5199 1344 5252 vernat,
1375 5191 1448 5243 ita
1480 5198 1624 5244 totus
1659 5204 1813 5242 mun-

235 5289 342 5343 dus
387 5285 587 5340 Christi
630 5283 735 5361 ﬂde
782 5292 838 5338 et
881 5283 1068 5337 notitia
1116 5281 1426 5336 decoratur.
1474 5277 1604 5331 Sum
1649 5277 1814 5332 etiam

233 5377 410 5432 lilium
431 5375 771 5438 convallium,
793 5375 920 5444 quia
943 5373 1044 5427 illis
1066 5372 1334 5426 mentibus
1352 5369 1618 5440 praecipue
1640 5382 1815 5422 meam

235 5468 469 5538 gratiam
500 5465 704 5527 tribuo,
734 5479 854 5534 qua:
899 5463 1100 5518 nullam
1149 5462 1204 5515 in
1239 5475 1297 5515 se
1337 5475 1487 5530 spem
1529 5459 1811 5522 habentes,

237 5557 376 5611 mihi
425 5571 484 5611 se
539 5555 728 5609 humili
784 5555 1068 5609 devotione
1101 5551 1473 5606 submittunt.
1537 5549 1819 5605 Convalles

237 5647 551 5718 signiﬁcant
582 5655 792 5702 mentes
815 5646 1064 5710 humiles,
1103 5659 1330 5714 quarum
1359 5641 1528 5696 lilium
1571 5641 1819 5695 Christus

238 5747 348 5802 est,
382 5739 503 5807 quia
529 5735 872 5808 pulchritudo
894 5733 1175 5790 humilium
1197 5734 1456 5789 mentium
1487 5745 1600 5800 ipse
1621 5737 1702 5785 est
1726 5728 1816 5798 qui

1895 3286 2165 3340 videntur.
2193 3283 2259 3337 Et
2293 3291 2418 3338 nota
2465 3283 2609 3352 quod
2653 3297 2712 3337 se
2747 3282 2992 3352 superius
3027 3297 3255 3352 sponsus
3295 3284 3465 3339 lilium

1897 3375 2186 3447 appellavit
2233 3374 2594 3440 convallium,
2641 3390 2782 3429 nunc
2828 3389 3081 3443 sponsam
3133 3390 3286 3430 suam
3327 3375 3461 3432 dicit

1897 3467 2051 3536 quasi
2094 3466 2266 3520 lilium
2312 3466 2455 3521 inter
2495 3464 2677 3535 spinas
2705 3505 2721 3531 ,
2763 3465 2888 3536 quia
2928 3465 3040 3536 ipse
3080 3466 3171 3536 qui
3217 3473 3341 3522 vere
3383 3476 3469 3524 est

1897 3558 2093 3624 lilium,
2114 3574 2210 3629 per
2232 3559 2460 3629 gratiam
2484 3558 2612 3614 facit
2636 3552 2931 3614 Ecclesiam
2953 3574 3105 3614 suam
3127 3574 3244 3614 esse
3271 3559 3466 3623 lilium,

1899 3647 2184 3704 candidam
2215 3649 2796 3717 videlicetvirtutihus,
2827 3648 2911 3708 vel
2943 3650 3010 3706 ab
3037 3649 3182 3707 omni
3217 3650 3466 3707 vitiorum

1898 3739 2018 3795 labe
2043 3739 2357 3796 immunem.

1976 3845 2014 3880 ιΔ
2037 3827 2192 3885 Sicut
2218 3830 2389 3885 malus
2424 3832 2568 3886 inter
2598 3832 2739 3902 ligna
2783 3831 3038 3886 silvarum
3065 3872 3080 3896 ,
3116 3832 3198 3887 sic
3239 3832 3470 3888 dilectus

1901 3934 2056 3976 meus
2093 3921 2232 3974 inter
2261 3920 2418 3975 ﬁlios.
2461 3939 2479 3971 ι
2516 3919 2668 3974 Nunc
2700 3935 2896 3989 sponsa
2915 3921 3128 3974 laudata
3171 3933 3200 3973 a
3243 3935 3464 3988 sponso,

1903 4011 2077 4064 vicem
2129 4010 2180 4064 ei
2228 4011 2442 4072 reddit,
2481 4017 2537 4062 et
2579 4009 2712 4063 dicit
2750 4008 2924 4076 qualis
2961 4023 3176 4076 quoque
3225 4008 3338 4077 ipse
3378 4009 3468 4062 sit.

1912 4116 1929 4148 ι
1966 4099 2117 4152 Sicut
2145 4099 2338 4162 malus,
2372 4117 2389 4149 ι
2423 4097 2613 4166 inquit,
2638 4105 2744 4151 etc.
2775 4096 2928 4150 Sicut
2966 4095 3139 4149 malus
3179 4095 3475 4166 pulchritu-

1906 4187 2086 4242 dinem
2129 4187 2291 4241 habet
2330 4200 2610 4255 pomorum
2641 4225 2656 4249 ,
2708 4193 2762 4239 et
2813 4193 3024 4256 gratum
3074 4185 3293 4239 odorem
3339 4185 3482 4240 inter

1908 4279 2145 4350 agrestia
2172 4278 2315 4347 ligna
2350 4277 2642 4342 silvarum,
2679 4277 2751 4330 ita
2777 4284 2831 4332 et
2871 4277 3135 4331 mediator
3166 4276 3259 4330 Dei
3296 4286 3352 4331 et
3385 4277 3482 4332 ho-

1910 4370 2114 4424 minum
2143 4369 2303 4423 homo
2327 4366 2574 4422 Christus
2599 4365 2760 4422 Jcsus
2787 4366 3004 4436 speciali
3046 4366 3274 4438 refulget
3305 4369 3483 4437 gratia

1912 4462 2053 4516 inter
2093 4462 2250 4526 ﬁlios,
2274 4460 2326 4514 id
2352 4468 2436 4514 est
2463 4460 2606 4514 inter
2635 4459 2852 4514 electos.
2881 4459 2994 4528 lpsc
3015 4460 3158 4514 enim
3182 4460 3273 4514 Dei
3311 4459 3481 4516 Filius

1833 4539 1885 4599 Ι)
1909 4567 2008 4622 per
2036 4560 2283 4606 naturam
2301 4590 2316 4614 ,
2343 4549 2532 4619 reliqui
2559 4549 2715 4604 electi
2741 4564 2838 4619 per
2865 4549 3089 4620 gratiam
3112 4557 3380 4619 potestate
3411 4552 3478 4603 ab

1908 4644 2068 4698 unico
2091 4642 2227 4697 Filio
2246 4643 2336 4696 Dei
2358 4651 2416 4695 ut
2446 4641 2668 4696 sintﬁlii
2709 4641 2824 4696 Dei.
2861 4641 2997 4696 Hinc
3034 4639 3302 4696 Joannes:
3335 4660 3353 4693 ι
3388 4641 3479 4695 Vi-

1909 4735 2085 4789 dimus
2106 4733 2328 4804 gloriam
2351 4731 2468 4800 ejus
2489 4733 2712 4804 gloriam
2734 4731 2886 4801 quasi
2917 4731 3186 4802 Unigeniti
3207 4748 3236 4785 θ
3260 4731 3472 4786 Patre.»

1908 4823 2024 4879 Non
2046 4824 2494 4892 qualemcunque,
2511 4824 2604 4875 sed
2626 4822 2779 4890 quasi
2801 4822 3067 4890 Unigeniti
3090 4838 3117 4875 a
3138 4821 3347 4876 Patre.¢
3375 4821 3485 4877 Sub

1910 4914 2097 4968 umbra
2120 4913 2262 4966 illius
2288 4927 2447 4982 quem
2473 4913 2843 4967 desilerabam
2868 4912 3018 4973 sedi;
3056 4931 3074 4963 ι
3109 4911 3235 4981 quia
3277 4913 3331 4966 in
3359 4913 3476 4981 ejus

1911 5005 2240 5075 protectione
2260 5002 2490 5067 conﬁdo,
2519 5012 2574 5057 et
2601 5003 2667 5057 ab
2688 5018 2751 5057 eo
2777 5002 2916 5057 inter
2951 5003 3175 5056 adversa
3199 5002 3487 5071 gubernari

1919 5107 2095 5160 spero.
2131 5091 2328 5145 Umbra
2360 5091 2504 5145 enim
2530 5091 2731 5145 Christi
2760 5090 3024 5160 protectio
3057 5099 3139 5145 est
3171 5090 3486 5156 divinitatis,

1921 5181 2044 5250 quia
2076 5180 2276 5235 electos
2313 5188 2493 5234 tuetur
2531 5189 2586 5234 et
2633 5180 2886 5235 defendit.
2941 5200 2958 5231 ι
3006 5181 3074 5236 Ει
3118 5180 3325 5235 fructus
3373 5181 3490 5249 ejus

1921 5272 2094 5327 dulcis
2116 5272 2319 5342 gutturi
2339 5286 2459 5326 meo
2486 5290 2504 5322 ι
2527 5289 2542 5337 ;
2569 5270 2622 5325 id
2650 5281 2732 5324 est
2763 5271 3058 5325 divinitatis
3081 5269 3488 5338 contemplatio,

1921 5378 2025 5433 qua
2073 5376 2160 5416 me
2204 5362 2389 5416 satiari
2426 5361 2635 5416 conﬁdo
2679 5379 2691 5414 :
2725 5362 2828 5416 hoc
2864 5370 2948 5416 est
2993 5359 3139 5414 enim
3170 5368 3490 5422 sanctorum

1921 5453 2274 5521 exspectatio,
2301 5452 2401 5506 hoc
2426 5436 2702 5520 praemium
2732 5459 2786 5505 et
2810 5451 3054 5514 satietas,
3077 5449 3215 5504 visio
3236 5449 3492 5505 Condito-

1925 5545 2000 5599 ris
2022 5545 2124 5598 sui.
2156 5543 2436 5598 Desiderat
2463 5560 2591 5614 ergo
2614 5545 2856 5597 umbram
2883 5542 3190 5597 Conditoris
3202 5542 3286 5597 sui
3312 5541 3493 5596 Eccle-

1925 5637 2023 5697 sia,
2053 5637 2175 5706 q--ia
2203 5637 2588 5706 protectienem
2620 5635 2762 5689 illius
2794 5643 3012 5704 exoptat
3049 5634 3190 5688 inter
3217 5634 3497 5706 praesentis

1927 5727 2049 5782 vitte
2075 5727 2347 5783 adversar
2380 5727 2610 5782 Fructus
2632 5727 2778 5781 illius
2802 5725 2974 5782 dulcis
2987 5725 3187 5794 gutturi
3213 5741 3333 5780 meo
3356 5734 3456 5788 est,
3474 5744 3490 5774 ›
