3950 6444
530 374 636 430 505

991 373 1340 430 HAYMONIS
1373 372 1849 430 HALBERSTAT.
1893 373 2108 431 EPISC.
2149 377 2299 432 OPP.
2337 378 2517 435 PARS
2553 381 2593 434 Ι.
2624 411 2690 422 -
2728 382 3081 439 COMMENT.
3126 385 3304 441 BlBL.

3675 391 3778 448 504

520 485 643 556 quia
665 490 918 554 exspecto
941 483 1143 552 perfrui
1175 484 1354 552 specie
1381 483 1607 540 visionis
1629 484 1794 552 illius,
1820 492 1875 541 et
1902 486 2091 542 satiari
2116 492 2171 552 Α
2195 504 2395 560 vosque
2447 507 2759 564 camporum
2777 537 2792 562 ,
2824 512 2892 553 ne
2918 498 3188 554 suscitetis
3209 514 3384 569 neque
3411 503 3678 573 evigilare
3706 505 3782 560 fa-

520 574 801 632 dulcedine
824 574 1106 628 charitatis
1131 574 1294 629 illius.

594 687 613 719 ι
643 665 942 721 Introduxit
963 679 1048 718 me
1081 679 1172 718 rex
1207 665 1260 718 in
1289 665 1482 720 cellam
1514 667 1797 732 vinariam,
1829 668 2097 722 ordinavit

517 757 573 813 in
601 771 688 811 me
725 755 1063 810 charitatem.
1103 773 1122 807 ι
1157 754 1300 810 Cella
1350 757 1559 811 vinaria
1608 766 1692 812 est
1730 757 1988 822 Ecclesia,
2039 758 2094 813 in

514 863 618 918 qua
645 855 728 903 est
761 845 944 900 vinum
991 846 1316 917 evangelicae
1353 848 1627 903 doctrinm.
1675 848 1735 903 In
1785 850 1924 904 hanc
1965 864 2094 919 ergo

513 939 701 995 cellam
722 938 900 993 amica
919 938 1100 1008 sponsi
1126 939 1500 1003 introducitur,
1526 941 1740 1010 quando
1761 957 1828 996 ex
1847 943 2095 997 omnibus

511 1026 761 1096 gentibus
808 1025 865 1079 in
895 1040 1058 1079 unam
1097 1025 1391 1082 Beelesiam
1422 1027 1607 1082 fideles
1639 1029 1964 1083 adunantur.
1995 1029 2095 1085 0r—

512 1117 719 1174 dinavit
739 1116 960 1188 (inquit)
995 1117 1050 1171 in
1075 1132 1162 1172 me
1192 1118 1536 1173 charitatem.
1581 1118 1728 1173 Inter
1767 1134 1957 1175 omnes
1981 1120 2095 1181 nri-

510 1191 717 1261 inatum
743 1214 888 1261 tenet
912 1207 1170 1272 Charitas,
1192 1207 1317 1275 quia
1347 1207 1402 1260 in
1424 1206 1538 1276 ipsa
1559 1208 1806 1264 subsistit
1829 1208 2090 1264 Ecclesia.

510 1297 762 1352 Charitas
788 1311 921 1367 ergo
947 1297 1001 1350 in
1028 1296 1265 1352 Ecclesia
1290 1297 1590 1363 ordinatur,
1613 1299 1738 1368 quia
1764 1314 1870 1354 non
1894 1307 2094 1356 temere

511 1405 611 1444 nec
634 1388 890 1455 confuse,
941 1388 1037 1444 sed
1079 1389 1326 1444 ordinate
1372 1387 1602 1443 tenenda
1636 1397 1737 1444 est.
1777 1389 1920 1446 Deus
1946 1391 2093 1446 enim

510 1478 812 1550 diligendus
847 1489 936 1534 est
961 1494 1124 1550 super
1163 1479 1342 1536 omnia
1373 1487 1484 1535 toto
1510 1480 1675 1536 corde
1693 1521 1708 1546 ,
1736 1489 1848 1535 tota
1874 1482 2055 1536 anima
2075 1521 2090 1549 ,

509 1569 638 1625 totis
666 1568 870 1624 viribus
889 1609 904 1635 ,
951 1568 1097 1624 omni
1127 1577 1326 1625 mente.
1363 1568 1650 1625 Proximus
1677 1571 1975 1642 diligendus
2008 1578 2093 1627 est

508 1659 740 1731 denique
775 1661 916 1716 sicut
959 1675 1018 1716 se
1059 1662 1428 1731 unusquisque
1459 1662 1648 1732 diligit.
1680 1662 1816 1718 Nam
1861 1663 2091 1718 confun-

507 1751 638 1806 dere
677 1750 790 1806 vult
835 1746 1174 1814 charitatem,
1207 1766 1328 1820 quae
1351 1751 1583 1821 proximi
1629 1752 1946 1808 charitatem
1996 1753 2090 1807 Dei

2196 580 2350 635 ciatis
2373 581 2642 649 dilectam,
2673 585 2845 640 donec
2873 587 2986 656 ipsa
3014 587 3161 643 velit.
3192 607 3212 641 ι
3269 587 3387 644 Vox
3415 594 3601 661 sponsi
3634 595 3783 662 adju-

2195 671 2366 725 rantis
2393 671 2530 726 filias
2561 672 2918 743 Hierusalem,
2946 677 3000 731 id
3041 685 3124 732 est
3153 679 3356 734 amicas
3389 683 3614 738 aeternis
3644 685 3784 740 desi-

2195 757 2360 813 deriis
2405 760 2658 829 intentas,
2706 772 2764 819 et
2807 765 3070 822 visionem
3102 768 3252 838 pacis
3302 771 3670 841 requirentes,
3719 790 3783 829 ne

2193 848 2560 915 quiescentem
2607 866 2758 907 suam
2786 855 3024 910 animam
3069 857 3330 914 suscitent
3374 869 3428 914 et
3459 861 3782 931 inquietent.

2200 952 2219 984 ε
2259 938 2462 1004 Λαμιτο
2500 954 2616 1006 vos,
2649 959 2669 993 »
2714 951 2844 1010 etc.;
2880 944 2984 1000 hoc
3031 955 3132 1008 est,
3168 949 3406 1003 animam
3433 952 3633 1008 divinae
3659 971 3782 1010 con-

2194 1027 2527 1096 templationi
2589 1030 2860 1100 deditam,
2918 1038 3256 1094 orationibus
3314 1041 3399 1096 vel
3460 1033 3782 1100 lectionibus

2192 1117 2387 1174 divinis
2409 1129 2745 1192 occupatam,
2781 1125 3084 1196 inquietare
3109 1138 3165 1183 et
3197 1130 3267 1184 ad
3312 1133 3586 1188 exteriora
3616 1150 3780 1204 opera

2192 1206 2454 1262 suscitare
2497 1223 2567 1264 ne
2604 1210 2818 1280 velitis;
2849 1231 2870 1266 ι
2895 1214 3065 1272 donec
3115 1217 3233 1288 ipsa
3261 1220 3422 1286 velit,
3481 1241 3503 1275 ›
3546 1223 3655 1278 hoc
3703 1236 3782 1280 est

2192 1295 2380 1363 donec,
2407 1299 2620 1369 expleto
2644 1305 3112 1374 contemplationis
3154 1317 3417 1380 tempore,
3453 1315 3781 1371 admonente

2192 1387 2436 1456 corporis
2462 1388 2780 1459 fragilitate,
2808 1393 2922 1464 ipsa
2963 1396 3096 1451 velit
3139 1401 3391 1455 suscitari
3414 1389 3445 1456 a
3466 1418 3664 1459 somno
3700 1408 3778 1461 in-

2191 1481 2359 1532 ternae
2387 1479 2582 1547 quietis
2641 1490 2694 1536 et
2722 1483 2790 1537 ad
2842 1487 3160 1556 temporalia
3207 1492 3413 1560 agenda
3458 1497 3776 1564 procedere.

2190 1569 2480 1626 Videamus
2513 1581 2692 1628 autem
2725 1590 2822 1643 per
2854 1578 2984 1646 quid
3009 1578 3219 1648 adjuret
3246 1580 3383 1637 filias
3411 1583 3777 1654 Hierusalem,

2189 1675 2289 1731 per
2317 1677 2546 1731 capreas
2576 1664 2826 1721 videlicet
2865 1682 3160 1740 cervosque
3190 1687 3526 1742 camporum.
3557 1677 3778 1748 Caprea:

2189 1763 2243 1807 et
2271 1755 2413 1808 cervi
2431 1757 2627 1810 munda
2653 1758 2907 1813 animalia
2933 1771 3077 1825 sunt,
3097 1765 3436 1832 serpentibus
3456 1777 3513 1823 et
3553 1775 3778 1828 venenis

506 1841 778 1897 dilectioni
812 1842 1094 1912 praeponit.
1127 1842 1202 1896 De
1227 1841 1422 1910 quibus
1461 1841 1719 1897 Dominus
1761 1843 1814 1896 in
1844 1842 2087 1914 Evange-
2118 1834 2161 1890 Β
2189 1845 2423 1900 inimica.
2463 1847 2779 1918 Significant
2806 1852 3031 1908 virtutes
3079 1865 3391 1912 sanctorum
3411 1901 3426 1925 ,
3462 1877 3584 1931 qua:
3616 1881 3775 1919 mun-

503 1931 578 1987 lio
610 1949 638 1986 τι
657 1949 676 1983 ‹
707 1931 810 1998 Qui
841 1940 988 1986 amat
1010 1939 1227 2002 patrem
1259 1940 1354 1987 aut
1381 1941 1606 1988 matrem
1632 1933 1752 2004 plus
1787 1950 1948 2003 quam
1976 1951 2082 2000 me,

501 2035 608 2077 non
651 2029 735 2077 est
776 2036 864 2076 me
908 2021 1120 2092 dignus.
1143 2041 1170 2074 ι»
1205 2021 1303 2077 Vel
1347 2022 1510 2076 etiam
1541 2040 1559 2072 ‹
1593 2022 1863 2076 ordinavit
1908 2023 1962 2076 in
2000 2037 2086 2077 me

501 2112 846 2178 charitatem,
870 2131 889 2165 ι
917 2113 972 2167 id
993 2121 1092 2178 est,
1119 2114 1234 2183 ipse
1257 2114 1406 2184 prior
1425 2129 1512 2169 me
1532 2113 1939 2178 dilexit,deinde
1956 2129 2087 2183 qua-

505 2203 632 2259 liter
664 2218 787 2258 cum
823 2203 1048 2273 diligere
1092 2205 1343 2260 deberem
1373 2205 1572 2260 docuit.
1606 2205 1757 2261 Unde
1776 2205 1890 2276 ipse
1917 2205 2082 2261 dicit:

507 2314 526 2346 ι
555 2293 671 2350 Non
692 2310 788 2350 vos
808 2311 894 2350 me
907 2296 1164 2367 elegistis,
1184 2298 1277 2353 sed
1301 2312 1401 2369 ego
1423 2297 1556 2369 elegi
1580 2313 1694 2352 vos.
1720 2298 1835 2352 ›.Εῑ
1853 2298 2086 2354 Joannes

501 2385 674 2440 dicit:
707 2404 725 2437 ί
753 2385 1046 2456 Diligamus
1078 2386 1266 2454 Deum,
1295 2387 1551 2459 quoniam
1581 2387 1700 2458 ipse
1724 2387 1866 2460 prior
1893 2387 2084 2444 dilexit

497 2491 615 2532 nos.
659 2498 677 2529 1

569 2587 589 2619 ι
613 2567 838 2624 Fulcite.
855 2583 941 2624 me
961 2568 1202 2636 floribus,
1227 2573 1419 2642 stipate
1440 2587 1526 2627 me
1549 2570 1724 2638 malis,
1749 2572 1876 2643 quia
1901 2587 2084 2628 amore

494 2657 742 2730 langueo.
778 2677 797 2710 ι
840 2658 1133 2730 Postquam
1160 2662 1403 2718 Ecclesia
1431 2661 1517 2718 vel
1544 2663 1723 2717 anima
1753 2664 1862 2719 Deo
1889 2664 2084 2720 dilecta

493 2749 550 2804 in
587 2764 646 2805 se
674 2749 994 2806 charitatem
1021 2752 1323 2808 ordinatam
1351 2753 1519 2820 dixit,
1565 2753 1798 2823 qualiter
1823 2755 1956 2810 velit
1996 2771 2083 2811 re-

493 2839 805 2910 quiescere,
844 2840 929 2896 vel
972 2841 1028 2896 in
1058 2857 1165 2912 quo
1189 2843 1331 2900 lecto
1361 2860 1484 2900 cum
1523 2843 1717 2900 dilecto
1759 2859 1956 2916 sponso
1985 2861 2082 2903 suo

493 2946 748 3002 pausare,
770 2933 1006 2988 ostendit
1029 2934 1250 2991 dicens:
1279 2954 1297 2987 ι
1325 2935 1531 2991 Fulcite
1557 2952 1644 2992 me
1661 2936 1904 3004 ﬂoribus,
1927 2957 1944 2990 ι
1969 2949 2076 2994 etc.

492 3021 796 3091 Alloquitur
823 3022 1041 3077 animas
1070 3021 1183 3091 jam
1224 3023 1460 3094 perfecte
1497 3025 1680 3080 divino
1709 3027 1878 3081 amori
1912 3028 2080 3082 inhae-

491 3120 694 3167 rentes.
729 3112 834 3167 Per
860 3111 1037 3177 liores,
1070 3113 1225 3168 initia
1257 3116 1898 3179 sanctzevconversationis
1923 3115 2078 3172 intel-

490 3202 731 3274 liguntur
755 3219 768 3256 :
805 3217 903 3273 per
933 3202 1077 3258 mala
1105 3217 1264 3268 vero,
1293 3203 1532 3274 perfecta
1561 3205 1826 3259 honorum
1852 3219 2075 3274 operum

489 3293 754 3364 exempla.
786 3293 853 3347 Et
879 3301 964 3348 est
986 3307 1179 3349 sensus
1201 3310 1216 3347 :
1242 3293 1286 3349 Ο
1315 3303 1518 3350 sanctae
1549 3294 1764 3360 animae,
1791 3309 1910 3363 qua:
1941 3294 2074 3348 dile-

418 3423 429 3431 .
490 3384 660 3439 ctioni
695 3383 1004 3438 Conditoris
1029 3383 1194 3438 vestri
1224 3384 1518 3448 inhaeretis,
1543 3382 1735 3438 fulcite
1782 3398 1868 3438 me
1908 3384 2076 3439 hono-

491 3489 611 3528 rum
630 3487 854 3544 operum
872 3472 1150 3541 exemplis,
1175 3480 1232 3527 et
1246 3473 1478 3542 qualiter
1499 3474 1552 3527 in
1572 3473 1795 3528 exordio
1817 3475 2074 3529 virtutum

491 3565 574 3619 vel
598 3565 651 3618 in
678 3563 942 3634 profectu,
973 3564 1058 3618 vel
1088 3564 1142 3618 in
1188 3562 1518 3634 perfectione
1545 3566 1809 3620 bonorum
1848 3579 2074 3636 operum

489 3653 736 3708 vixeritis
770 3651 1061 3718 ostendite,
1103 3653 1231 3723 quia
1257 3668 1442 3709 amore
1469 3653 1715 3725 langueo.
1749 3654 1900 3710 Tunc
1928 3656 2073 3710 enim

488 3744 672 3798 anima
718 3758 902 3799 amore
951 3743 1047 3799 Dei
1076 3743 1326 3815 languet,
1373 3747 1586 3817 quando
1631 3747 1749 3818 ejus
1799 3747 2072 3804 dilectioni

488 3837 619 3893 nihil
648 3838 933 3908 praeponit,
975 3837 1084 3891 imo
1127 3836 1281 3906 quasi
1325 3838 1394 3893 ad
1440 3838 1714 3893 saacularia
1761 3855 1926 3910 opera
1955 3841 2073 3896 lan-

486 3929 644 4001 guida
690 3939 745 3984 et
788 3927 1071 3984 imbecillis
1099 3926 1349 3996 ellicitur,
1403 3928 1645 4000 nihilque
1671 3945 1790 3984 eam
1837 3931 2072 3989 delectat

486 4022 588 4077 nisi
616 4020 896 4078 meditatio
919 4019 1221 4076 ccelestium
1247 4028 1303 4076 et
1352 4019 1735 4090 contemplatio
1761 4022 2069 4080 Conditoris

483 4115 592 4170 sui.

561 4224 580 4257 ι
617 4204 771 4260 Laeva
799 4205 916 4276 ejus
937 4206 1038 4261 sub
1063 4205 1241 4275 capite
1266 4218 1409 4272 meo,
1451 4213 1507 4260 et
1539 4205 1760 4262 dextera
1790 4205 1931 4262 illius
1955 4223 2069 4263 am-

481 4296 782 4366 plexabitur
807 4311 914 4350 me.
945 4315 963 4347 ι
997 4295 1130 4352 Cum
1161 4296 1380 4367 (inquit)
1415 4297 1471 4352 in
1514 4297 1607 4353 tali
1638 4297 1781 4354 lecto
1821 4300 2066 4370 jacuero,

483 4388 617 4441 laeva
644 4387 782 4455 ejus,
830 4385 884 4440 id
923 4394 1007 4440 est
1054 4386 1263 4457 sponsi,
1296 4387 1402 4441 erit
1447 4388 1548 4443 sub
1590 4390 1766 4458 capite
1791 4405 1930 4446 meo.
1963 4389 2069 4446 Per

484 4479 703 4538 laevam,
754 4477 1039 4545 praesentis
1084 4477 1342 4546 temporis
1369 4479 1728 4548 prosperitas,
1769 4481 1852 4535 vel
1899 4483 2060 4536 etiam

482 4567 624 4621 dona
652 4568 746 4622 Dei
777 4567 1168 4638 intelliguntur,
1201 4582 1321 4638 quae
1345 4546 1545 4623 sanctis
1565 4559 1632 4623 in
1663 4574 1911 4639 przesenti
1935 4588 2064 4628 con—
2089 4546 2140 4605 Β

484 4659 770 4726 feruntur;
806 4675 904 4729 per
927 4660 1205 4715 dexteram
1233 4676 1379 4726 vero,
1417 4663 1652 4718 caelestis
1675 4666 1862 4734 patriae
1893 4665 2062 4722 beati-

482 4748 612 4804 tudo
641 4751 920 4820 accipitur.
959 4751 1114 4805 Laeva
1143 4767 1271 4823 ergo
1298 4753 1481 4822 sponsi
1511 4754 1609 4807 sub
1633 4754 1810 4824 capite
1833 4771 2060 4824 sponsa,

481 4842 608 4912 quia
631 4842 747 4897 haec
792 4843 972 4896 omnia
1023 4843 1160 4897 dona
1192 4845 1258 4898 ad
1298 4845 1399 4898 hoc
1429 4845 1656 4916 percipit
1703 4847 1941 4903 Ecclesia
1965 4891 1978 4915 ,
2007 4859 2066 4905 ut

479 4950 579 5004 per
603 4934 733 4988 ’hmc
762 4933 934 4989 discat
978 4934 1252 5003 suspirare
1294 4935 1362 4989 ad
1401 4945 1622 4991 aeterna.
1663 4938 1892 4993 Dextera
1935 4957 2064 4997 vero

478 5027 660 5096 sponsi
703 5041 822 5081 eam
852 5027 1208 5096 amplexatur,
1241 5029 1366 5097 quia
1413 5037 1522 5083 tota
1551 5030 1774 5085 intentio
1807 5029 2062 5087 Ecclesia:

479 5115 564 5170 vel
589 5113 984 5170 animae'fidelis
1014 5115 1129 5170 hrec
1172 5125 1274 5182 est,
1305 5127 1363 5172 ut
1394 5119 1460 5172 ad
1485 5127 1741 5173 mternam
1780 5121 2066 5177 beatitudi-

481 5221 606 5260 nem
635 5208 956 5278 quandoque
978 5209 1272 5276 perveniat,
1301 5220 1356 5263 et
1385 5224 1478 5279 spe
1506 5210 1908 5267 suiConditoris
1936 5229 2065 5284 gau-

481 5293 625 5348 deat.
655 5295 720 5348 Et
762 5295 899 5350 bene
937 5295 1066 5350 larva
1118 5298 1266 5365 prius
1309 5299 1408 5353 sub
1456 5301 1664 5369 capite,
1711 5309 1832 5368 post
1883 5303 2062 5369 sponsi

481 5383 701 5439 dextera
729 5400 848 5438 eam
887 5385 1245 5457 amplectitur,
1275 5388 1400 5458 quia
1453 5391 1518 5444 ad
1548 5391 1824 5460 amplexus
1851 5402 2064 5447 :etcrna:

479 5473 827 5531 beatitudinis
851 5493 959 5531 non
982 5479 1179 5547 poterit
1206 5479 1508 5548 pervenire,
1541 5482 1645 5535 nisi
1672 5481 1758 5536 hic
1781 5486 2062 5552 mysterio-

483 5578 601 5616 rum
631 5564 929 5621 cwiestium
971 5576 1026 5623 et
1057 5568 1324 5624 donorum
1353 5569 1655 5627 divinorum
1686 5575 1900 5630 studeat
1941 5591 2061 5634 esse

480 5656 765 5726 par:iceps.
2040 5685 2043 5688 '

556 5764 574 5799 ι
619 5746 818 5817 Adjuro
847 5763 970 5817 vos,
1015 5749 1137 5813 filiae
1171 5751 1522 5824 Hierusalem,
1554 5771 1650 5827 per
1690 5773 1912 5829 capreas
1940 5777 2057 5818 cer-

2186 1936 2316 1990 ditia
2339 1938 2602 2006 spirituali
2631 1941 2920 2011 refulgent,
2942 1951 2996 1997 et
3022 1959 3231 2000 venena
3260 1947 3464 2005 fraudis
3492 1952 3776 2011 diabolica

2184 2042 2292 2081 non
2335 2027 2507 2083 solum
2533 2039 2758 2096 cavent,
2789 2033 2881 2088 sed
2912 2035 3074 2088 etiam
3103 2036 3474 2108 insectantur,
3512 2053 3568 2098 et
3596 2048 3670 2101 ad
3702 2050 3776 2103 ni-

2187 2119 2352 2174 hilum
2408 2121 2674 2192 redigunt.
2720 2122 2795 2201 Et
2840 2133 2925 2180 est
2973 2142 3165 2184 sensus
3198 2148 3210 2183 :
3243 2130 3446 2201 Adjuro
3498 2150 3617 2199 vos,
3656 2138 3775 2193 lilia:

2186 2209 2544 2277 Hierusalem,
2576 2228 2673 2282 per
2695 2215 2920 2272 virtutes
2946 2228 3184 2285 vestras,
3226 2238 3360 2292 quas
3387 2226 3567 2280 divina
3601 2232 3773 2298 gratia

2184 2299 2337 2353 vobis
2377 2299 2600 2356 collatas
2644 2304 2910 2373 gaudetis,
2944 2316 3002 2362 ut
3047 2310 3282 2364 animam
3329 2317 3771 2386 contemplationi

2184 2404 2319 2443 meae
2345 2390 2580 2446 deditam
2609 2409 2716 2455 non
2739 2397 3069 2468 inquietetis,
3097 2402 3267 2459 donec
3291 2410 3774 2478 contemplationis

2184 2477 2316 2533 hora
2345 2478 2514 2548 finita,
2544 2483 2656 2552 ipsa
2678 2485 2823 2542 aliud
2845 2490 2975 2558 quid
3000 2506 3162 2561 agere
3189 2494 3338 2548 velit.

2260 2589 2280 2623 ‹
2314 2571 2431 2628 Vox
2462 2576 2643 2632 dilecti
2677 2580 2816 2647 mei,
2852 2601 2871 2634 ι
2913 2598 3015 2639 vox
3058 2585 3332 2645 Ecclesiae.
3384 2610 3403 2642 ι
3439 2593 3560 2648 Vox
3591 2595 3771 2653 dilecti

2182 2661 2322 2729 mei,
2351 2683 2368 2715 ι
2399 2667 2656 2723 subaudis
2688 2669 2802 2726 inec
2841 2682 2945 2728 est.
2979 2676 3304 2735 Lmtabuhda
3336 2683 3481 2738 enim
3529 2686 3769 2744 Ecclesia

2181 2754 2324 2824 quod
2349 2764 2553 2812 tantum
2585 2760 2837 2832 diligatur
2859 2781 2888 2819 a
2916 2783 3114 2838 sponso
3137 2811 3151 2836 ,
3183 2781 3240 2826 ut
3267 2774 3432 2829 etiam
3466 2777 3611 2834 filias
3646 2780 3770 2836 Hie-

2181 2846 2413 2901 rusalem
2451 2863 2550 2918 pro
2574 2851 2664 2906 illa
2693 2853 2921 2923 adjuret,
2957 2867 3014 2913 ut
3048 2877 3151 2916 non
3181 2879 3300 2918 eam
3333 2869 3769 2937 requiescentem

2178 2935 2505 3006 inquietent,
2539 2942 2668 2997 dicit
2693 2961 2706 2997 :
2731 2945 2856 3002 Haec
2877 2958 2959 3004 est
2987 2965 3088 3006 vox
3119 2953 3296 3011 dilecti
3321 2935 3428 3012 mei
3456 2975 3559 3031 pro
3588 2979 3677 3018 me
3700 2965 3774 3020 lo-

2177 3029 2410 3095 quentis.
2441 3030 2610 3097 Quem
2637 3034 2950 3096 desiderans
2993 3041 3174 3100 videre
3223 3029 3504 3117 dilectum,
3540 3057 3634 3109 sed
3665 3074 3766 3112 non

2177 3119 2388 3187 valens,
2417 3125 2691 3179 annectit:
2725 3145 2743 3178 ι
2778 3127 2916 3185 Ecce
2945 3131 3046 3188 istc
3072 3136 3216 3190 venit
3241 3139 3441 3194 saliens
3477 3143 3533 3197 in
3567 3150 3767 3202 monti-

2176 3212 2298 3279 bus,
2333 3215 2640 3273 transiliens
2675 3220 2861 3277 colles.
2893 3242 2912 3274 ›
2941 3223 3146 3282 Montes
3174 3237 3227 3284 et
3258 3231 3420 3288 colles
3447 3234 3766 3308 intelligun-

2178 3310 2268 3356 tur
2292 3303 2515 3372 perfecti
2537 3309 2735 3377 quique
2766 3322 2966 3368 sancta:
2988 3320 3434 3387 conversationis,
3465 3303 3771 3383 sublimiter

2175 3407 2208 3447 a
2226 3397 2459 3451 terrenis
2481 3398 2764 3467 sublevati,
2787 3400 3006 3473 etquasi
3030 3423 3338 3478 camporum
3353 3413 3636 3482 planitiem
3663 3436 3769 3476 me-

2174 3484 2327 3541 lioris
2340 3487 2466 3544 vita:
2493 3491 2700 3547 meritis
2713 3496 3053 3552 excedentes.
3088 3499 3162 3555 De
3194 3502 3277 3557 his
3305 3508 3766 3569 montibuslsaias

2173 3576 2307 3632 dicit
2323 3597 2335 3632 :
2349 3597 2368 3631 ι
2391 3580 2509 3636 Erit
2534 3598 2689 3639 mons
2710 3585 2899 3643 domus
2914 3588 3126 3644 Domini
3141 3606 3472 3662 przeparatus
3489 3599 3542 3654 in
3561 3604 3766 3659 vertice

2173 3671 2461 3738 montium,
2485 3682 2538 3728 et
2566 3673 2864 3733 elevabitur
2891 3694 3051 3750 super
3089 3682 3270 3739 colles.
3297 3705 3315 3736 ι
3350 3686 3616 3759 Loquitur
3633 3709 3767 3764 ergo

2171 3775 2369 3831 sponsa
2408 3763 2474 3820 de
2499 3765 2696 3822 dilecto
2727 3784 2824 3824 suo
2855 3789 2868 3824 :
2917 3791 2935 3823 ι
2980 3773 3119 3829 Ecce
3149 3775 3249 3832 iste
3285 3783 3430 3835 venit
3469 3782 3672 3840 saliens
3709 3763 3764 3841 in

2171 3852 2444 3909 montibus
2464 3894 2479 3920 ,
2510 3865 2564 3910 et
2591 3860 2901 3916 transiliens
2934 3862 3126 3931 colles;
3158 3886 3175 3918 ι
3211 3868 3311 3924 hoc
3334 3879 3452 3936 est,
3483 3875 3649 3930 etiam
3681 3893 3765 3932 se-

2170 3947 2403 4001 cundum
2435 3948 2822 4006 humanitatem
2859 3958 3097 4012 omnium
3141 3969 3449 4018 sanctorum
3492 3969 3764 4026 excellen-

2173 4034 2320 4099 tiam,
2344 4051 2558 4093 omnem
2584 4043 3051 4112 contemplationis
3070 4047 3262 4105 divinae
3284 4054 3577 4120 puritatem
3603 4075 3762 4115 exce-

2168 4124 2320 4181 dens.
2345 4125 2456 4183 Nec
2487 4137 2631 4184 stare
2666 4131 2719 4185 in
2751 4135 3046 4201 montibus,
3092 4138 3185 4193 sed
3231 4143 3506 4198 transilire
3538 4147 3759 4212 dicitur,

2167 4215 2293 4284 quia
2336 4218 2438 4272 etsi
2469 4219 2536 4273 ad
2567 4220 2752 4276 horam
2788 4237 2882 4293 per
2909 4225 3175 4282 internum
3223 4229 3634 4301 inspirationem
3668 4255 3763 4293 cor

2167 4317 2479 4364 sanctorum
2500 4311 2702 4378 visitat,
2733 4314 2910 4370 subito
2937 4325 3117 4374 tamen
3144 4323 3370 4389 recedit,
3393 4338 3450 4379 ut
3475 4343 3571 4383 eos
3601 4331 3650 4384 in
3678 4334 3763 4386 sui

2166 4393 2509 4452 dilectionem
2537 4398 2813 4455 accendat.
2842 4403 3026 4460 Potest
3049 4408 3212 4463 etiam
3239 4411 3306 4465 ad
3327 4412 3764 4475 incarnationem

2164 4485 2366 4542 Christi
2399 4487 2623 4555 referri,
2676 4492 2767 4560 qui
2811 4496 3031 4551 veniens
3062 4499 3322 4566 quosdam
3363 4503 3533 4560 saltus
3573 4508 3764 4577 dedit,

2165 4578 2292 4646 quia
2316 4579 2380 4633 de
2403 4579 2541 4635 coelo
2568 4581 2714 4637 venit
2737 4583 2790 4637 in
2823 4593 3036 4641 uterum
3063 4586 3322 4659 Virginis,
3355 4593 3420 4648 de
3457 4605 3612 4651 utero
3645 4600 3765 4662 Vir,

2163 4669 2304 4738 ginis
2354 4670 2407 4725 in
2459 4688 2730 4744 praesepe,
2785 4677 2851 4732 de
2897 4680 3123 4749 prmsepi
3179 4682 3232 4735 in
3284 4684 3634 4753 baptismum,
3695 4692 3766 4746 de

2127 4778 2130 4782 '
2163 4761 2430 4830 baptismo
2462 4763 2515 4817 in
2540 4776 2773 4832 crucem,
2809 4769 2873 4823 de
2903 4786 3062 4826 cruce
3089 4773 3156 4827 ad
3189 4775 3531 4844 sepulcrum,
3567 4783 3633 4835 de
3671 4797 3764 4836 se-

2163 4852 2350 4922 pulcro
2382 4855 2449 4910 ad
2479 4856 2695 4912 omium.
2747 4859 2884 4916 Hinc
2927 4861 3212 4920 Psalmista
3244 4886 3256 4919 :
3293 4886 3310 4918 ι
3362 4869 3669 4927 Exsultavit
3704 4885 3765 4928 ut

2164 4945 2315 5016 gigas
2337 4945 2403 5000 ad
2426 4949 2776 5017 currendum,
2814 4973 2831 5005 ι
2861 4962 2966 5010 etc.

2245 5058 2262 5088 ι
2306 5037 2510 5096 Similis
2560 5050 2646 5096 est
2697 5043 2924 5101 dilectus
2966 5062 3118 5102 meus
3150 5065 3375 5121 'caprere
3425 5054 3768 5128 hinnuloquo

2168 5143 2473 5184 cervorum.
2505 5150 2523 5182 ι
2555 5129 2777 5203 Caprea:
2803 5143 2856 5188 et
2877 5137 3041 5201 cervi,
3069 5142 3315 5208 quamvis
3345 5142 3397 5196 in
3426 5158 3522 5197 sua
3563 5156 3767 5202 natura

2162 5219 2330 5281 multa
2363 5221 2596 5276 habeant
2625 5237 2746 5293 quae
2786 5225 3089 5297 allegoricis
3125 5231 3373 5287 sensibus
3406 5248 3767 5299 conveniant,

2168 5307 2270 5362 hoc
2295 5309 2495 5363 habent
2525 5306 3022 5386 tamen‘singulare,
3053 5318 3193 5387 quod
3214 5320 3266 5374 in
3291 5321 3626 5389 planioribus
3648 5343 3768 5380 non

2169 5410 2470 5465 morantur,
2503 5403 2596 5456 sed
2627 5403 2680 5457 in
2710 5407 2891 5462 arduis
2938 5417 2993 5462 et
3037 5410 3265 5466 excelsis
3310 5412 3442 5468 locis
3489 5419 3767 5486 quosdam

2167 5491 2335 5546 saltus
2376 5488 2509 5549 dare
2533 5495 2723 5550 solent.
2770 5498 2936 5554 Recte
2963 5515 3088 5571 ergo
3115 5501 3198 5557 his
3225 5506 3556 5561 assimilatur
3601 5509 3769 5565 Chn-

2165 5590 2588 5656 stus,_propter
2633 5589 2882 5644 subtilem
2933 5594 3478 5664 contemplationem,
3529 5610 3586 5654 et
3625 5602 3765 5669 quia

2165 5674 2310 5730 nullo
2335 5675 2604 5732 intellectu
2629 5680 2924 5737 divinitatis
2952 5683 3066 5752 cjus
3094 5683 3344 5753 maiestas
3365 5692 3766 5759 comprehendi

2162 5776 2356 5837 potest.
2405 5767 2520 5825 Non
2568 5781 2747 5828 autem
2795 5776 2987 5843 cervis,
3036 5776 3128 5833 sed
3159 5779 3366 5846 capreis
3394 5779 3760 5848 assimilatur,
