3950 6462
159 464 260 539 305'

1104 471 1494 528 ENARRATIO
1533 468 1598 523 IN
1640 465 1933 523 CANTICA
1969 465 2430 523 CANTICORUM.

3253 459 3400 525 ,306

159 591 442 650 minoribus
465 585 710 644 videlicet
729 585 1112 649 animantibus,
1134 593 1352 654 propter
1369 581 1722 638 humilitatem
1752 582 1801 642 Α
1829 584 2067 644 tempore
2108 574 2302 629 debent
2355 575 2527 629 sancti
2596 574 2978 644 prmdicatores
3026 569 3217 626 divinte
3273 585 3402 625 con-

160 680 534 738 Incamalionis
575 691 714 741 sum,
748 675 872 745 quia
897 689 1004 727 non
1031 673 1201 727 solum
1231 674 1389 727 homo
1432 671 1549 725 ﬁeri
1570 709 1584 733 ,
1634 668 1729 723 sed

160 771 366 828 humilis
391 773 549 824 homo
575 767 690 821 ﬁeri
723 766 975 835 dignatus
1003 771 1103 817 est.
1144 761 1376 816 Hinnulo
1405 769 1584 814 autem
1613 773 1730 813 cer-

160 873 340 915 vorum
375 857 566 912 similis
595 855 818 916 dicitur,
857 853 981 923 quia
1009 852 1302 906 secundum
1339 849 1729 904 humanitatem

159 955 219 1008 de
242 951 429 1013 cervis,
460 950 562 1003 hoc
589 956 694 1012 est,
718 947 785 1001 de
812 944 1134 1015 patriarchis
1161 943 1312 998 duxit
1332 943 1622 1013 originem;
1643 940 1729 996 vel

155 1043 312 1096 etiam
353 1021 574 1109 propter
603 1038 916 1093 varietatem
953 1037 1214 1090 virtutum
1249 1044 1305 1089 et
1344 1033 1726 1096 innocentiam,

163 1133 378 1188 biunulo
419 1120 703 1186 cervorum
741 1137 1100 1200 comparatur.
1138 1145 1157 1179 ι
1189 1126 1266 1181 En
1312 1126 1426 1196 ipse
1463 1134 1569 1181 stat
1608 1130 1731 1194 post

156 1223 412 1294 parietem
435 1233 699 1278 nostrum.
732 1241 749 1273 ι
781 1221 988 1284 Paries,
1015 1217 1257 1274 mortalis
1280 1210 1466 1273 nostra
1490 1216 1728 1272 conditio

153 1313 461 1384 appellatur,
513 1313 638 1382 quia
687 1308 1081 1380 quodammodo
1127 1309 1269 1363 inter
1313 1323 1411 1363 nos
1460 1316 1516 1362 et
1557 1306 1727 1360 Deum

151 1403 295 1473 quasi
333 1418 547 1457 crassus
576 1401 790 1472 quidam
821 1399 1000 1469 paries
1033 1399 1387 1462 constitutus,
1441 1411 1546 1451 non
1596 1412 1722 1466 per-

153 1491 309 1544 mittit
336 1506 435 1545 nos
475 1489 590 1558 ejus
621 1489 1067 1558 contemplatione
1092 1486 1315 1556 perfrui.
1347 1485 1593 1556 Namque
1617 1486 1729 1556 pri-

152 1595 262 1633 mus
285 1580 448 1633 homo
473 1579 546 1632 ita
576 1578 823 1633 conditus
846 1585 950 1641 est,
980 1585 1039 1630 ut
1061 1575 1268 1631 visione
1291 1584 1347 1630 et
1369 1575 1606 1646 alloquio
1632 1572 1738 1628 Dei-

151 1671 442 1734 frueretur;
475 1669 568 1724 sed
605 1678 888 1738 postquam
915 1668 1174 1737 peccavit,
1205 1669 1479 1738 appositus
1507 1674 1591 1722 est
1614 1667 1730 1737 qui-

152 1760 266 1814 dam
294 1759 491 1829 paries,
522 1759 638 1828 ipsa
661 1757 913 1813 videlicet
939 1756 1257 1822 mortalitas,
1293 1771 1394 1826 qua
1422 1771 1728 1827 praegrava-

150 1865 285 1904 mur.
317 1849 451 1904 Nam
480 1849 562 1921 (ut
589 1848 818 1918 Sapiens
847 1847 996 1919 dicit)
1032 1867 1053 1900 ι
1086 1862 1284 1916 corpus
1309 1849 1453 1918 quod
1478 1861 1724 1902 corrum-

149 1939 288 2008 pitur
317 1947 572 2009 aggravat
599 1939 834 1992 animam
853 1978 868 2002 ,
893 1947 952 1992 et
976 1937 1230 2008 deprimit
1271 1944 1483 1992 terrena
1512 1936 1722 1991 inhabi-
1749 1940 1796 1999 Β

151 2030 281 2083 tatio
333 2044 543 2084 sensum
588 2029 756 2083 multa
807 2029 1151 2098 cogitantem.
1202 2046 1221 2079 ι
1278 2026 1547 2098 Sponsum
1593 2041 1724 2098 ergo

151 2133 329 2183 suum,
362 2134 517 2187 quem
542 2117 797 2187 superius
813 2117 1022 2186 capreis
1046 2117 1141 2170 vel
1160 2116 1398 2170 hinnulis
1442 2131 1724 2171 cervorum

149 2209 497 2277 comparavit,
546 2223 687 2263 nunc
735 2207 865 2262 dicit
902 2217 1023 2277 post
1067 2209 1529 2276 suum_parietem
1561 2217 1726 2271 stare,-

145 2298 270 2367 quia
299 2299 545 2353 Christus
571 2299 858 2368 aliquando
887 2298 1096 2352 vicinus
1120 2298 1198 2363 fit,
1225 2314 1348 2352 cum
1377 2314 1434 2353 se
1464 2307 1724 2368 quantum

145 2394 378 2443 humana
414 2405 568 2446 mens
601 2404 793 2460 capere
816 2398 1013 2459 potest,
1040 2389 1387 2470 contemplari
1418 2391 1720 2461 permittit;

144 2479 436 2549 aliquando
461 2496 592 2535 vero
617 2481 914 2550 elengatur,
943 2487 998 2535 et
1022 2481 1174 2549 quasi
1195 2496 1387 2550 caprea
1421 2480 1505 2535 vel
1534 2495 1725 2536 cervus

140 2571 465 2640 quibusdam
501 2571 731 2627 saltibus
752 2571 955 2642 effugit.
995 2571 1129 2638 Quia
1156 2586 1285 2641 ergo
1309 2571 1489 2640 paries
1512 2570 1727 2642 opposi-

143 2669 225 2713 tus
249 2669 373 2714 erat
400 2661 544 2716 inter
576 2677 673 2716 nos
701 2669 755 2716 et
780 2662 975 2731 ipsum,
1004 2676 1104 2715 nec
1130 2661 1312 2715 videre
1338 2660 1486 2714 illum
1514 2668 1727 2729 potera-

140 2766 282 2816 mus,
315 2752 572 2822 dignatus
620 2763 702 2808 est
729 2754 782 2806 in
808 2753 926 2822 ipso
951 2753 1155 2823 pariete
1184 2751 1364 2808 facere
1387 2751 1652 2807 fenestras
1673 2759 1728 2807 et

135 2842 441 2907 cancellos,
475 2859 571 2913 per
599 2859 734 2913 quos
763 2851 1030 2914 utcunque
1078 2843 1264 2898 sentiri
1295 2851 1564 2913 utcunque
1611 2859 1728 2914 per-

134 2934 269 3004 spici
299 2936 496 3005 possit.
534 2936 684 2992 Unde
724 2944 779 2991 et
829 2935 1105 3006 sequitur:
1135 2954 1155 2988 (
1187 2936 1479 3005 respiciens
1523 2949 1621 3004 per
1649 2934 1730 2991 fe-

132 3033 358 3080 nestras
378 3067 392 3092 ,
435 3027 764 3095 prospiciens
800 3042 898 3097 per
921 3024 1204 3081 cancellos.
1242 3044 1260 3076 ι
1288 3025 1451 3092 Quasi
1479 3026 1622 3079 enim
1650 3024 1728 3080 fe-

132 3125 340 3172 nestrae
388 3125 446 3172 et
490 3117 710 3171 cancelli
751 3117 805 3170 in
848 3117 1051 3187 pariete
1101 3115 1252 3180 ﬁunt,
1299 3131 1420 3170 cum
1471 3116 1584 3184 ipse
1629 3129 1727 3170 sua

129 3207 311 3274 gratia
368 3221 428 3261 se
472 3206 823 3276 contemplari
867 3205 1150 3275 permittit,
1194 3204 1319 3260 licet
1350 3205 1404 3259 in
1429 3204 1646 3276 speculo
1673 3212 1728 3259 et

1827 665 2159 734 templationi
2188 666 2456 732 insistere,
2482 674 2537 720 et
2560 676 2793 720 mentem
2815 680 2967 721 suam
2991 663 3197 720 cmlesti
3222 664 3403 734 quiete

1792 815 1795 817 _
1827 756 2086 813 obiectari
2113 773 2128 822 ;
2167 756 2274 812 alio
2296 770 2427 812 vero
2473 766 2715 826 tempore
2741 770 2838 827 per
2861 756 3177 811 charitatem
3207 753 3403 809 debent

1826 860 2014 901 curam
2059 847 2428 917 proximorum
2470 861 2650 917 agere,
2692 855 2747 900 et
2773 845 2853 900 cis
2875 847 3138 902 bonorum
3177 859 3400 915 operum

1828 935 2069 1006 exempla
2096 937 2360 1006 praebere,
2393 950 2456 990 ac
2497 935 2690 990 divinae
2714 933 3174 1004 contemplationis
3203 933 3402 990 doctri-

1828 1041 1950 1079 nam
1979 1025 2307 1096 impendere.

1904 1134 1923 1166 ‹
1956 1115 2074 1170 Jam
2104 1116 2248 1172 enim
2279 1116 2452 1171 hiems
2477 1115 2729 1180 transiit,
2756 1115 2932 1170 imber
2953 1115 3088 1170 abiit
3129 1123 3184 1170 et
3224 1129 3402 1170 reces-

1828 1208 1918 1262 sit.
1953 1228 1973 1259 ι
2006 1206 2209 1262 Hiemis
2255 1213 2310 1262 et
2354 1206 2542 1262 imbris
2577 1205 2820 1271 nomine,
2862 1205 3128 1275 asperitas
3175 1204 3419 1259 inﬁdeli--

1829 1295 1956 1351 tatis
1980 1296 2319 1366 exprimitur,
2351 1309 2469 1364 qua
2511 1303 2680 1350 totum
2707 1294 2965 1349 mundum
2993 1292 3210 1349 tenebat
3233 1309 3402 1362 usque

1829 1387 1896 1441 ad
1941 1388 2227 1442 adventum
2277 1385 2496 1442 Christi.
2529 1385 2668 1440 Dicit
2707 1400 2836 1456 ergo
2865 1399 3126 1461 sponsus:
3155 1401 3174 1435 ι
3203 1381 3400 1454 Surge,

1828 1478 2004 1532 amica
2029 1493 2172 1544 mea,
2203 1487 2258 1533 et
2282 1477 2424 1543 veni,
2446 1478 2571 1547 quia
2593 1476 2764 1532 hiems
2791 1476 3024 1542 transiit,
3059 1495 3078 1530 ι
3107 1475 3221 1530 sole
3240 1473 3401 1543 justi-

1830 1568 1916 1623 tiae
1938 1577 2252 1639 apparente,
2281 1577 2337 1623 et
2363 1568 2537 1624 imber
2577 1567 2910 1623 inﬁdelitatis
2936 1567 3278 1634 recessit,ac
3312 1580 3400 1621 se-

1830 1661 2035 1716 renitas
2070 1675 2214 1716 verae
2239 1660 2363 1715 ﬁdei
2411 1660 2466 1714 in
2492 1660 2748 1716 mundum
2779 1659 3134 1735 resplenduit.
3161 1657 3294 1714 Tale
3321 1663 3406 1714 est

1828 1756 1972 1826 quod
2014 1754 2300 1826 Apostolus
2328 1754 2443 1809 ait:
2473 1767 2499 1806 ν
2549 1753 2666 1809 Nox
2712 1753 3007 1825 prmcessit,
3058 1753 3402 1816 diesautom

1829 1845 2294 1916 appropinquavit.
2323 1864 2341 1896 ι

1901 1955 1919 1987 ι
1947 1935 2134 1990 F-lores
2164 1942 2528 2006 apparuerunt
2563 1935 2619 1989 in
2657 1943 2804 1990 terra
2826 1942 3038 2001 nostra,
3064 1942 3275 2005 tempus
3300 1945 3406 2004 pu-
3435 1976 3437 1978 .

1828 2031 2047 2086 talionis
2077 2030 2310 2086 advenit.
2339 2050 2358 2083 ι
2408 2030 2585 2087 Finita
2627 2031 2806 2087 hieme
2827 2038 2886 2087 et
2922 2031 3096 2088 imbre
3118 2031 3281 2088 ﬂores
3305 2046 3402 2102 ap-

1823 2129 2142 2190 paruerunt;
2183 2124 2344 2176 decor
2375 2121 2624 2178 videlicet
2648 2123 2904 2178 virtutum
2937 2131 2993 2180 et
3014 2123 3305 2195 pudicitiae,
3345 2116 3408 2177 ει

1827 2219 2141 2266 transeunte
2169 2212 2459 2282 asperitate
2504 2212 2852 2280 inﬁdelitatis,
2897 2229 3064 2270 verna
3115 2213 3237 2268 ﬁdei
3281 2229 3400 2269 suc-

1826 2301 2006 2357 cessit
2035 2302 2343 2372 temperies.
2373 2322 2391 2353 (
2433 2303 2668 2373 Tempus
2710 2290 3004 2375 putationis
3047 2304 3216 2371 venit,
3246 2323 3264 2354 ι
3301 2303 3406 2358 hoc

1826 2399 1909 2444 est
1936 2393 2269 2462 purgationis
2323 2400 2650 2448 sanctorum.
2681 2393 2897 2449 Putatio
2943 2394 3089 2449 enim
3123 2394 3400 2448 vinearum

1827 2489 2137 2538 sanctorum
2191 2482 2459 2554 signiﬁcat
2494 2485 3040 2555 purgationem,quae
3087 2485 3140 2539 in
3187 2484 3406 2541 Christo

1826 2580 1881 2626 et
1909 2587 2005 2642 per
2045 2573 2318 2628 Christum
2352 2582 2472 2641 est;
2501 2575 2568 2630 de
2595 2589 2701 2644 quo
2729 2575 2844 2644 ipse
2869 2593 2883 2629 :
2912 2593 2931 2627 ‹
2961 2574 3073 2646 Ego
3098 2589 3216 2630 sum
3253 2574 3405 2637 vitis,

1825 2679 1922 2720 vos
1949 2664 2213 2735 palmites.
2246 2685 2265 2718 ι
2302 2685 2321 2717 ‹
2371 2663 2490 2720 Vox
2531 2666 2760 2721 turturis
2809 2665 2989 2721 audita
3035 2661 3138 2720 est"
3171 2657 3228 2718 in
3257 2672 3402 2720 terra

1825 2761 2032 2810 nostra.
2064 2775 2082 2806 ι
2134 2754 2248 2811 Hoc
2297 2764 2380 2811 est
2410 2770 2516 2811 vox
2553 2755 2962 2826 praedicandum
3007 2754 3398 2827 apostolorum.

1828 2847 2028 2903 Turtur
2046 2851 2188 2904 enim
2215 2851 2329 2906 avis
2349 2859 2471 2916 est;
2505 2851 2835 2922 etquoniam
2864 2851 2919 2906 in
2945 2849 3170 2907 excelsis
3193 2864 3406 2920 semper

1827 2940 2110 2995 arboribus
2153 2942 2353 2996 morari
2405 2941 2544 2996 solet
2595 2949 2650 2996 et
2691 2941 2989 3004 nidiﬁcare,
3023 2933 3294 3012 apostolos
3321 2939 3406 2995 vel

1827 3040 2050 3087 creteros
2077 3033 2322 3088 doctores
2336 3033 2620 3105 signiﬁcat,
2646 3035 2738 3104 qui
2763 3043 2985 3109 possunt
3007 3034 3222 3091 dicere:
3254 3055 3271 3088 σ
3301 3036 3406 3092 Νο-

1829 3130 1939 3177 stra
1968 3123 2306 3178 conversatio
2332 3124 2388 3178 in
2417 3123 2568 3179 cmlis
2593 3132 2696 3179 est.
2729 3143 2747 3177 ι
2780 3125 2932 3192 Quod
2955 3126 3118 3181 etiam
3149 3127 3404 3195 gemitum

1828 3228 1926 3284 pro
1954 3222 2112 3268 cantu
2138 3213 2324 3280 habet,
2353 3223 2660 3270 sanctorum
2698 3215 2966 3286 ploratum
2995 3215 3284 3286 signiﬁcat,
3313 3217 3404 3285 qui

129 3297 450 3366 aenigmate.
479 3296 663 3352 Potest
687 3297 866 3350 ethoc
897 3295 1038 3366 quod
1081 3296 1232 3362 dicit,
1268 3316 1286 3348 ‹
1311 3296 1430 3366 Ipse
1475 3305 1582 3352 stat
1606 3304 1729 3366 post
1754 3287 1798 3349 C
1831 3320 1957 3362 suos
2005 3307 2071 3362 ad
2116 3305 2302 3362 ﬂetum
2356 3315 2412 3362 ει
2459 3307 2692 3362 lamenta
2742 3308 3066 3374 ιιοι-ιεηωιι,
3118 3307 3404 3363 dicentes;

127 3387 406 3455 parietem
457 3397 720 3452 nostrum,
769 3405 787 3439 ι
830 3387 896 3440 ad
924 3387 1309 3441 humanitatem
1339 3385 1454 3456 ejus
1490 3385 1725 3453 referri;

125 3479 293 3547 quasi
323 3480 472 3533 enim
511 3486 632 3549 post
670 3478 930 3546 parietem
969 3485 1214 3532 nostrum
1252 3478 1423 3542 stetit,
1448 3492 1570 3531 cum
1612 3491 1730 3531 car-

126 3584 259 3625 nem
314 3579 560 3625 nostram
611 3571 714 3625 sibi
760 3569 1029 3640 apposuit,
1073 3569 1128 3624 in
1163 3583 1268 3639 qua
1315 3569 1568 3624 divinitas
1613 3569 1730 3639 ejus

125 3661 319 3716 latuit.
357 3661 506 3728 Quod
538 3676 666 3716 vero
713 3661 958 3729 sequitur
1007 3677 1020 3712 ε
1070 3676 1090 3710 ‹
1120 3657 1412 3728 respiciens
1456 3672 1554 3728 per
1583 3657 1731 3713 fene-

121 3761 304 3818 stras,
331 3753 664 3823 prospiciens
693 3767 791 3821 per
805 3749 1095 3816 cancellos,
1123 3769 1142 3802 ι
1171 3749 1274 3804 hoc
1299 3750 1366 3805 ad
1387 3749 1727 3805 divinitatem

118 3845 248 3914 ejus
286 3843 547 3898 refertur.
579 3843 665 3899 Ille
693 3845 836 3899 enim
866 3843 957 3912 qui
993 3857 1089 3912 per
1115 3841 1379 3898 fenestras
1405 3843 1488 3897 vel
1517 3843 1728 3899 cancel-

116 3937 204 3993 los
255 3938 527 4001 intuetur,
557 3944 752 3991 cuncta
781 3951 900 4005 qua:
927 3935 1056 3989 foris
1079 3943 1312 4004 aguntur
1337 3935 1504 4000 videt,
1533 3941 1588 3988 et
1615 3934 1728 4004 ipse

111 4044 146 4083 a
185 4027 428 4082 nemine
465 4028 697 4091 videtur,
728 4034 783 4081 et
805 4026 984 4080 omnia
1015 4035 1310 4092 scrutatur,
1351 4026 1466 4095 ipse
1507 4024 1730 4080 investi-

107 4121 249 4194 gari
284 4127 350 4174 et
379 4119 761 4188 comprehendi
794 4133 899 4172 non
933 4127 1128 4187 potest.

200 4233 225 4266 ‹
267 4212 352 4268 Et
371 4212 597 4268 dilectus
632 4227 783 4268 meus
819 4213 1058 4283 loquitur
1085 4213 1238 4280 mihi,
1268 4232 1287 4266 ι
1319 4214 1386 4268 ad
1426 4211 1726 4284 pradican-

109 4309 263 4365 dum
300 4305 562 4359 hortatur
599 4319 706 4369 me,
737 4304 955 4359 dicens:
989 4321 1008 4355 ‹
1041 4303 1235 4374 Surge,
1259 4319 1510 4374 propera,
1556 4302 1729 4358 amica

109 4415 280 4464 mea,
327 4396 579 4452 columba
629 4410 772 4460 mea,
818 4395 1055 4450 formosa
1106 4409 1245 4458 mea,
1274 4402 1330 4449 et
1367 4393 1510 4449 veni.
1550 4412 1570 4446 ι
1611 4391 1731 4450 Vox

108 4487 328 4561 sponsi
364 4487 431 4541 ad
475 4486 702 4556 publica:
748 4472 1075 4555 operationis
1130 4484 1306 4539 studia
1356 4482 1724 4554 provocantis.

111 4598 135 4631 ε
178 4579 402 4646 Surge,
430 4592 682 4646 propera,
705 4577 876 4631 amica
903 4591 1044 4642 mea,
1071 4595 1090 4628 ι
1114 4591 1211 4646 per
1234 4573 1392 4630 ﬁdem
1418 4585 1474 4631 et
1491 4575 1732 4631 dilectio-

110 4686 250 4727 nem
280 4686 298 4735 ;
335 4655 366 4719 ι’
389 4667 633 4723 columba
677 4683 817 4734 mea,
848 4687 864 4718 ι
909 4683 1004 4738 per
1031 4667 1391 4723 innocentiam
1426 4675 1481 4722 et
1508 4667 1718 4737 simpli-

107 4764 399 4822 citatem;
442 4776 459 4807 ι
491 4757 725 4813 formosa
762 4778 781 4811 ι
817 4774 914 4828 per
945 4757 1205 4812 virtutum
1241 4757 1720 4829 pulchritudinem,

109 4849 340 4906 festina
367 4866 384 4899 ι
409 4856 463 4902 et
483 4849 624 4902 veni.
659 4869 676 4900 ι
705 4848 783 4904 Ac
813 4848 858 4903 si
879 4848 1082 4903 diceret
1106 4866 1120 4901 :
1147 4848 1318 4917 Surge
1343 4848 1409 4904 de
1441 4855 1611 4903 strato
1633 4857 1723 4902 tuo

107 4939 212 4996 illo
238 4938 593 5003 dulcissimo,
620 4939 721 4993 hoc
747 4946 832 4992 est
875 4937 942 4992 de
985 4937 1186 5006 quiete,
1232 4938 1287 4992 in
1314 4954 1420 5007 qua
1456 4937 1557 4992 soli
1587 4938 1718 4992 mihi

106 5031 359 5100 placere
388 5028 441 5081 in
481 5028 722 5096 psalmis,
752 5028 966 5100 hymnis
986 5037 1042 5082 et
1061 5028 1397 5082 orationibus
1423 5028 1718 5092 desideras,

108 5120 338 5176 festina
370 5136 388 5169 ι
415 5126 471 5172 et
494 5120 636 5183 veni,
661 5139 678 5170 ι
714 5119 767 5173 id
798 5129 882 5174 est
911 5119 1102 5173 festina
1131 5120 1198 5174 ad
1223 5119 1506 5174 utilitatem
1532 5121 1720 5188 proxi-

107 5225 381 5272 morum,
408 5216 465 5262 ut
501 5209 620 5264 illos
662 5225 880 5280 quoque
906 5224 1004 5279 per
1044 5209 1442 5278 praedicationis
1490 5209 1722 5264 ofﬁcium

105 5310 167 5356 et
195 5302 489 5356 bonorum
519 5314 740 5369 operum
786 5299 1032 5370 exemplo
1077 5299 1152 5354 tui
1203 5299 1506 5355 imitatores
1534 5298 1722 5365 facias,

107 5404 168 5450 et
195 5394 274 5449 ad
321 5391 559 5446 salutem
586 5394 870 5463 perducas.
893 5393 960 5446 Et
984 5393 1276 5446 notandum
1309 5393 1450 5461 quod
1479 5391 1746 5461 superius

106 5487 268 5542 tilias
299 5483 648 5538 Hierusalem
679 5484 958 5553 adjurabat
987 5498 1054 5537 ne
1082 5483 1386 5538 excitarent
1411 5497 1584 5552 neque
1612 5481 1724 5536 evi-

106 5581 303 5650 gilare
335 5575 585 5630 facerent
612 5574 906 5628 dilectam:
932 5574 1020 5628 hic
1047 5589 1176 5630 vero
1206 5574 1320 5644 ipse
1337 5587 1458 5628 eam
1499 5572 1725 5628 suscitat

107 5683 170 5729 et
196 5683 450 5740 surgere
479 5667 543 5721 ad
571 5667 807 5720 laborem
853 5667 1116 5730 hortatur,
1155 5665 1281 5735 quia
1309 5665 1488 5720 omnia
1515 5673 1724 5734 tempus

107 5763 368 5822 habent,
401 5764 455 5810 ct
490 5755 636 5810 omni
681 5755 758 5810 rei
812 5763 1021 5826 tempus
1047 5763 1132 5810 est
1173 5755 1272 5810 sub
1309 5754 1465 5819 cwlo,
1515 5763 1723 5823 tempus

108 5846 635 5910 contemplationis,
667 5857 874 5909 tempus
909 5845 1069 5900 etiam
1113 5847 1371 5902 actionis;
1413 5847 1531 5900 Alio
1580 5847 1720 5901 enim

1836 3414 1855 3448 ι
1899 3395 2076 3451 Miseri
2130 3405 2303 3452 estote
2345 3405 2400 3453 et
2427 3397 2623 3469 lugete,
2657 3417 2676 3452 ι
2720 3399 2826 3466 vel,
2863 3397 3087 3454 «luctus
3130 3405 3309 3454 vester
3352 3399 3406 3454 in
3441 3437 3443 3439 -

1831 3487 2080 3556 gaudium
2123 3493 2487 3543 convertetur.
2531 3507 2550 3541 ι
2582 3485 2697 3545 Vox
2741 3485 2974 3545 turturis
3004 3489 3183 3544 audita
3241 3498 3323 3545 est
3352 3490 3405 3544 in

1833 3583 1973 3632 terra
2003 3586 2188 3633 nostra
2212 3593 2227 3643 ;
2261 3578 2317 3633 id
2337 3586 2420 3633 est
2454 3593 2556 3634 vox
2585 3579 2993 3650 praedicantium
3015 3581 3402 3651 apostolorum,
3437 3635 3441 3640 ,

1830 3665 1882 3720 in
1908 3674 2048 3720 terra
2068 3674 2273 3732 nostra,
2299 3668 2403 3723 hoc
2421 3675 2504 3722 est
2523 3666 2577 3721 in
2589 3667 2848 3724 Ecclesia.
2867 3669 2942 3724 De
2961 3683 3067 3739 qua
3082 3667 3366 3724 Psalmista
3388 3686 3400 3720 :

1835 3775 1853 3808 ‹
1890 3756 2103 3813 Domini
2129 3765 2214 3812 est
2238 3766 2382 3814 terra
2410 3766 2466 3814 et
2493 3757 2771 3829 plenitudo
2790 3759 2925 3830 ejus.
2958 3779 2976 3811 ι

1906 3877 1924 3910 ε
1953 3858 2114 3914 Ficus
2140 3859 2366 3930 protulit
2393 3874 2609 3931 grossos
2635 3875 2781 3916 suos.
2814 3879 2833 3913 ›
2861 3859 3024 3916 Ficus
3065 3860 3402 3934 Synagogam
3438 3918 3443 3923 ,

1828 3948 2117 4019 signiﬁcat,
2159 3951 2332 4021 grossi
2373 3959 2556 4006 autem
2603 3949 2853 4005 dicuntur
2887 3951 3173 4020 primitivze
3203 3960 3258 4006 et
3301 3952 3440 4005 im--

1827 4047 2053 4094 matura:
2082 4040 2253 4105 ﬁcus,
2281 4039 2544 4095 inhabiles
2572 4039 2638 4092 ad
2670 4039 2958 4104 edendum,
2986 4039 3076 4108 qui
3101 4039 3168 4103 ad
3193 4040 3418 4110 pulsum-

1738 4178 1745 4181 _.
1828 4131 1975 4184 venti
2023 4131 2182 4186 facile
2218 4130 2434 4186 cadunt.
2486 4128 2631 4185 Voce
2670 4129 2896 4186 turturis
2942 4131 3242 4196 insonante,
3273 4128 3408 4184 ficus
3437 4151 3464 4180 .-

1827 4219 2052 4290 protulit
2075 4235 2305 4290 grossos.
2333 4218 2636 4289 suos,-qui‘a
2672 4219 2942 4290 apostolis
2985 4215 3404 4290 praedicantibus

1829 4319 2168 4366 emerserunt
2191 4309 2366 4365 multi
2419 4307 2486 4366 de
2511 4295 2798 4382 Syna‘goga
2849 4307 3189 4376 Judaeorum,
3227 4309 3317 4380 qui
3348 4309 3406 4364 in

1829 4396 2107 4452 Christum
2132 4397 2433 4462 crederent,
2464 4402 2525 4450 et
2559 4403 2738 4450 tamen
2781 4394 2954 4466 legem
2983 4395 3274 4451 carnaliter
3301 4397 3397 4451 ob-

1830 4501 2051 4543 servare
2078 4485 2297 4551 vellent,
2354 4485 2637 4557 magisque
2662 4485 2983 4542 auctoritate
3011 4486 3144 4558 legis
3171 4485 3405 4543 delecta-

1834 4588 2022 4635 rentur
2047 4595 2206 4650 quam
2235 4578 2517 4636 dulcedine
2545 4579 2842 4650 Evangelii,
2885 4580 3128 4637 volentes
3165 4581 3406 4637 circum-

1831 4669 2111 4736 cisionem,
2138 4669 2420 4725 sabbatum
2445 4679 2501 4725 et
2547 4670 2650 4724 alia
2690 4670 2823 4743 legis
2845 4680 3114 4743 praecepta
3136 4670 3290 4741 juxta
3319 4673 3418 4727 lit-n

1827 4766 1997 4813 teram
2023 4759 2330 4814 observare.
2362 4758 2444 4813 De
2469 4750 2664 4828 quibus
2692 4759 2978 4831 Apostolus
3001 4760 3132 4816 dicit
3158 4779 3170 4816 :
3206 4761 3398 4817 Emu-

1827 4847 2007 4902 lantur
2031 4863 2129 4904 vos
2156 4863 2265 4903 non
2295 4848 2456 4914 bene,
2490 4848 2585 4904 sed
2631 4848 2824 4904 volunt
2859 4864 2956 4905 vos
2984 4851 3319 4916 circumcidi,
3346 4861 3406 4905 ut

1828 4939 1881 4992 in
1926 4953 2088 4993 carne
2133 4946 2315 4994 vestra
2365 4939 2674 5006 glorientur.
2703 4959 2744 4992 -ι
2777 4939 2983 4995 Vineaa-
3015 4939 3268 4997 ﬂorentes
3313 4944 3406 4997 de-

1826 5027 2023 5082 derunt
2048 5027 2287 5081 odorem.
2321 5046 2338 5089 ρ
2373 5027 2668 5097 Postquam
2692 5043 2798 5082 vox-
2821 5031 3048 5086 turturis
3078 5032 3260 5086 audita
3297 5039 3400 5094 est,

1830 5125 2112 5186 postquam
2133 5118 2268 5172 ﬁcus
2288 5117 2522 5186 protth
2546 5133 2760 5188 grossos
2788 5133 2932 5185 suos,
2957 5121 3128 5176 vineas
3151 5118 3405 5177 ﬂorentes

1829 5207 2091 5261 dederunt
2117 5207 2338 5262 odorem
2365 5224 2379 5272 ;
2425 5209 2550 5276 quia
2586 5208 2872 5265 multitudo
2906 5211 3279 5268 Ecclesiarum
3307 5225 3406 5282 per

1828 5297 2165 5353 latitudinem
2192 5299 2340 5354 orbis
2361 5296 2554 5353 diﬁ‘usa
2580 5306 2685 5364 est,
2724 5314 2844 5368 quae
2873 5299 3032 5356 liores
3062 5303 3321 5356 virtutum
3347 5313 3403 5357 ct

1829 5389 2052 5444 odorem
2120 5391 2279 5445 bona:
2341 5390 2610 5460 opinionis
2672 5390 2781 5445 lato
2837 5391 2904 5446 de
2953 5406 3012 5447 se
3063 5403 3397 5464 spargerent.

1835 5499 1852 5531 ι
1882 5478 2072 5550 Surge,
2109 5485 2363 5550 propera,
2393 5480 2562 5536 amica
2609 5494 2751 5546 mea,
2781 5481 3023 5550 speciosa
3053 5497 3197 5549 mea,
3230 5491 3286 5539 et
3312 5499 3403 5539 ve-

1831 5571 1902 5627 ni.
1937 5592 1956 5625 ι
1991 5571 2584 5646 ΝοΙίε(ῑηᾳυίι),εροηει
2611 5586 2944 5642 mea,quam
2962 5573 3092 5628 mihi
3121 5588 3220 5643 per
3240 5574 3399 5630 fidem

1830 5675 1885 5720 et
1906 5665 2247 5722 dilectionem
2300 5667 2528 5723 amicam
2581 5663 2708 5732 feci,
2735 5665 2912 5720 otioso
2946 5673 3186 5736 tempore
3229 5665 3400 5728 lente-

1831 5773 2001 5822 scere,
2030 5758 2124 5813 sed
2147 5774 2308 5829 surge
2349 5766 2403 5814 et
2445 5756 2590 5823 veni,
2633 5765 2690 5814 et
2711 5755 2955 5825 exempla
2981 5755 3238 5812 virtutum
3265 5753 3398 5812 foris

1830 5848 2088 5918 proximis
2112 5848 2354 5904 ostende.
2957 5859 2960 5862 ‘
