3950 6474
534 432 641 486 307

1014 432 1364 489 HAYMONIS
1402 435 1878 492 HALBERSTAT.
1919 437 2131 492 EPlSC.
2168 436 2315 492 OPP.
2359 438 2536 494 PARS
2574 439 2614 493 Ι.
2654 468 2723 480 -
2759 437 3108 495 COMMENT.
3148 440 3316 496 BIBL.

3685 448 3782 506 506

617 565 634 594 ι
663 545 921 601 Columba
944 561 1079 609 mea,
1118 546 1170 598 in
1203 544 1558 602 foraminibus
1601 556 1786 616 petrae.
1817 566 1836 600 ›
1868 547 1925 602 Si
1961 557 2112 616 petra
2142 554 2192 610 Α
2219 549 2378 603 modo
2421 550 2552 604 dicit
2595 550 2966 619 singulariter,
2999 571 3018 602 ‹
3067 553 3224 607 vinea
3275 561 3458 608 nostra
3503 556 3719 625 ﬂoruit,
3759 584 3776 613 ι

535 647 618 692 est
651 639 924 702 Christus,
964 637 1119 704 juxta
1149 639 1290 707 quod
1319 639 1612 708 Apostolus
1657 643 1749 704 ait,
1781 660 1799 693 ι
1835 640 1992 697 Petra
2018 657 2112 694 au-

536 739 641 783 tem
674 738 791 783 erat
838 727 1085 782 Christus
1107 768 1123 794 ,
1153 748 1172 780 ›
1212 728 1477 784 foramina
1513 740 1678 801 petrae
1728 740 1852 787 sunt
1889 731 2111 785 vulnera

537 836 656 888 quae
691 835 786 890 pro
819 819 988 874 salute
1015 831 1200 874 nostra
1247 821 1300 874 in
1331 837 1494 876 cruce
1519 824 1776 892 suscepit,
1819 822 2006 877 ﬁxura:
2033 823 2110 876 vi-

529 911 724 964 delicet
755 909 1028 965 clavorum
1063 919 1116 965 et
1157 911 1357 966 lanceae
1401 915 1738 981 percussura.
1771 912 1828 966 In
1871 913 1954 966 his
1980 927 2108 981 ergo

529 1000 887 1056 foraminibus
911 1002 1180 1065 columba,
1215 1002 1267 1056 id
1294 1013 1377 1057 est
1405 1004 1666 1067 Ecclesia,
1699 1013 1961 1068 moratur,
1981 1005 2107 1074 quia

529 1099 694 1146 totam
719 1107 867 1161 spem
895 1093 1082 1147 salutis
1107 1108 1218 1147 suae
1252 1094 1303 1147 in
1334 1095 1585 1162 passione
1612 1094 1693 1148 sui
1730 1093 2107 1163 Redemptoris

531 1184 837 1238 constituit.
893 1183 971 1238 lbi
1027 1183 1095 1238 ab
1147 1185 1357 1239 insidiis
1410 1185 1766 1256 malignorum
1817 1185 2104 1256 spirituum

529 1274 685 1343 quasi
723 1290 752 1327 a
782 1284 937 1346 raptu
973 1275 1249 1345 accipitris
1299 1290 1489 1331 secura
1521 1278 1826 1343 delitescit;
1858 1277 1926 1332 ibi
1959 1277 2103 1332 nidi-

526 1365 675 1426 ﬁcat,
707 1364 758 1420 id
807 1375 890 1420 est
933 1366 1072 1420 fctus
1119 1367 1382 1420 bonorum
1427 1382 1648 1436 operum
1696 1367 1956 1438 congerit.
1993 1386 2013 1418 ο
2045 1367 2102 1421 In

528 1471 761 1511 caverna
806 1457 1075 1510 maceriae.
1109 1477 1128 1510 ι
1167 1456 1409 1512 Maceriae
1436 1472 1502 1512 ex
1534 1459 1696 1513 siccis
1744 1458 2008 1529 lapidibus
2035 1459 2104 1513 ad

525 1547 862 1601 munimenta
907 1547 1189 1602 vinearum
1237 1547 1413 1603 solent
1461 1548 1599 1615 ﬁeri,
1653 1549 1720 1602 ad
1767 1549 2104 1618 repellendas

524 1640 712 1710 vulpes
735 1641 819 1695 vel
859 1649 1086 1696 exteras
1130 1642 1350 1696 nocivas
1376 1641 1650 1696 bestiolas.
1684 1641 1788 1695 Per
1811 1641 2101 1696 maceriam

524 1747 653 1802 ergo
679 1731 1012 1801 signiﬁcatur
1039 1732 1338 1788 caelestium
1361 1732 1605 1787 custodia
1627 1732 1908 1798 virtutum,
1937 1748 2100 1803 ange-

527 1823 688 1878 licum
720 1824 969 1879 videlicet
1013 1824 1341 1895 praesidium,
1392 1824 1531 1881 sicut
1575 1824 1739 1881 Isaias
1774 1825 1840 1881 de
1886 1825 2099 1879 Domini

2211 640 2335 710 quia
2362 656 2428 696 ex
2459 642 2640 696 multis
2673 641 2925 697 Ecclesiis
2947 659 3051 696 una
3081 653 3165 699 eSt
3189 644 3358 700 electa
3387 647 3648 703 Ecclesia.

2285 749 2303 782 ι
2335 731 2570 787 Dilectus
2601 719 2751 788 meus
2777 734 2930 798 inihi,
2968 743 3024 788 et
3047 751 3148 805 ego
3174 737 3276 799 illi,
3313 740 3402 806 qui
3433 743 3678 808 pascitur
3704 743 3781 797 in-

2210 830 2295 876 ter
2314 821 2444 888 lilia,
2478 825 2646 878 donec
2676 826 2878 894 aspiret
2902 826 3037 890 dies,
3065 835 3119 881 et
3149 827 3471 882 inclinentur
3511 821 3731 887 umbrae.
3761 855 3776 884 ι

2207 909 2323 964 Vox
2354 927 2580 981 sponsae,
2610 933 2627 964 ι
2668 908 2892 968 dilectUs
2914 930 3066 969 meus
3098 917 3250 981 mihi,
3284 936 3301 968 ι
3336 920 3588 973 subaudi~
3619 924 3776 976 socie-

2209 1010 2297 1054 tur
2329 1002 2542 1056 vinculo
2565 1003 2844 1057 charitatis
2873 1013 2926 1057 et
2948 1005 3170 1069 amoris,
3193 1015 3247 1058 et
3267 1021 3364 1075 ego
3391 1007 3467 1060 illi
3491 1010 3782 1078 conjungar

2208 1101 2261 1146 et
2283 1095 2561 1146 consocier
2589 1093 2960 1162 vicissitudine
2987 1105 3186 1150 mutuae
3216 1097 3542 1152 dilectionis.
3575 1100 3641 1152 Et
3662 1117 3679 1149 ι
3708 1101 3757 1152 di

2205 1181 2376 1237 lectus
2422 1198 2608 1249 meus,
2651 1203 2670 1235 ι
2705 1185 2963 1239 subaudis
2997 1185 3086 1239 det
3115 1187 3278 1240 verba
3307 1188 3702 1242 exhortationis
3729 1198 3779 1244 et

2204 1272 2399 1327 divinae
2425 1275 2832 1343 promissionis,
2859 1293 2877 1324 ι
2907 1283 2962 1330 et
2999 1289 3128 1346 ego,
3161 1295 3180 1327 ι
3215 1279 3470 1333 subaudis
3499 1282 3779 1335 ostendam

2204 1361 2277 1416 illi
2311 1361 2498 1417 faciem
2531 1380 2726 1420 meam.
2760 1365 2855 1420 Vel
2893 1365 3056 1420 etiam
3088 1365 3317 1422 dilectus
3352 1385 3505 1424 meus
3535 1372 3780 1442 dignetur

2203 1457 2334 1510 mihi
2368 1457 2616 1530 conjungi
2648 1459 2851 1529 glutino
2890 1460 3209 1526 cbaritatis,
3238 1470 3292 1516 et
3315 1477 3414 1532 ego
3443 1463 3522 1516 illi
3559 1463 3778 1531 tonjun-

2202 1562 2300 1617 gar
2325 1549 2537 1604 vinculo
2557 1550 2729 1619 dignae
2749 1551 3086 1616 obedientiae,
3106 1552 3484 1622 obtemperans
3501 1557 3781 1623 praeceptis

2200 1639 2317 1708 ejus
2351 1640 2440 1708 qui
2481 1640 2717 1710 pascitur
2756 1641 2898 1694 inter
2939 1639 3072 1706 lilia,
3111 1642 3212 1696 hoc
3239 1652 3321 1697 est
3374 1643 3681 1698 delectatur
3731 1655 3782 1699 et

2197 1730 2524 1798 jucundatur
2547 1730 2689 1784 inter
2710 1731 2968 1785 candidas
2999 1739 3053 1784 et
3079 1732 3382 1788 odoriferas
3405 1735 3638 1788 virtutes
3666 1751 3782 1789 san-

2203 1830 2430 1876 ctorum.
2464 1823 2530 1876 Et
2555 1822 2850 1877 notandum
2889 1823 3030 1890 quod
3073 1826 3321 1893 superius
3353 1844 3370 1875 ι
3400 1825 3575 1878 lilium
3611 1845 3632 1876 ι
3679 1826 3782 1879 sin-

525 1915 682 1970 vinea
704 1916 781 1970 ait
804 1934 816 1970 :
841 1933 859 1967 (
884 1916 952 1970 Et
970 1893 1262 1971 maceriam
1284 1915 1658 1979 circumdedit,
1685 1923 1740 1970 et
1760 1914 2102 1970 circumfodit
2129 1893 2175 1952 Β
2205 1912 2464 1984 gulariter
2503 1913 2718 1977 dicitur,
2758 1913 2846 1966 hic
2892 1928 3021 1968 vero
3043 1913 3321 1982 pluraliter
3361 1933 3379 1965 ε
3420 1916 3563 1980 lilia,
3605 1937 3626 1968 ι
3665 1918 3781 1986 quia

523 2006 758 2060 vineam.
793 2025 812 2058 ι
839 2004 898 2060 In
936 2020 1168 2060 caverna
1208 2017 1337 2076 ergo
1376 2004 1622 2059 maceriae
1664 2013 1928 2067 moratur,
1973 2002 2100 2074 quia

519 2094 772 2163 praesidio
795 2094 1111 2165 angelorum
1158 2094 1393 2163 undique
1431 2092 1817 2156 circumdatur,
1851 2099 1903 2146 et
1924 2107 1954 2145 a
1985 2099 2099 2146 ten-

520 2186 816 2241 tationibus
845 2185 1040 2241 diaboli
1060 2185 1378 2240 custoditur.
1411 2202 1430 2235 ¢
1473 2182 1706 2240 Ostende
1736 2183 1864 2237 mihi
1905 2181 2099 2237 faciem

523 2286 694 2344 tuam,
733 2286 891 2332 sonet
913 2293 1016 2334 vox
1045 2286 1137 2331 tua
1172 2277 1228 2332 in
1272 2276 1494 2331 auribus
1519 2276 1677 2340 meis,
1705 2276 1828 2344 quia
1859 2289 1964 2328 vox
2007 2283 2098 2326 tua

520 2365 716 2431 dulcis,
760 2373 816 2421 et
864 2365 1030 2420 facies
1074 2374 1164 2419 tua
1213 2365 1433 2420 decora.
1462 2384 1479 2416 ι
1515 2365 1594 2420 Tu
1651 2364 1870 2435 (inquit)
1903 2364 2096 2419 dilecta

519 2471 662 2519 mea,
694 2471 815 2526 quae
843 2456 899 2510 in
923 2456 1063 2511 lecto
1091 2456 1566 2526 contemplationis
1614 2455 1922 2510 dulcissime
1949 2454 2098 2524 quic-

519 2550 648 2614 scis,
683 2549 803 2604 veni
832 2557 887 2604 et
914 2548 1140 2604 ostende
1167 2549 1296 2602 mihi
1331 2547 1522 2602 faciem
1549 2557 1730 2612 tuam;
1762 2545 1815 2600 id
1843 2554 1929 2600 est
1955 2561 1985 2599 a
2013 2559 2097 2599 se-

517 2650 669 2697 creto
689 2642 888 2711 quietis
913 2642 1169 2712 egredere
1204 2641 1270 2695 ad
1293 2639 1561 2711 publicam
1583 2640 1877 2702 actionem,
1902 2646 1958 2691 et
1985 2636 2099 2706 pul-

517 2733 881 2788 chritudinem
911 2734 1179 2788 bonorum
1203 2745 1424 2801 operum
1449 2741 1662 2785 tuorum
1686 2729 1807 2782 aliis
1826 2727 1892 2780 ad
1918 2741 2099 2781 exeru-

516 2827 664 2898 plum
690 2827 1020 2882 demonstra.
1053 2843 1072 2876 ι
1099 2823 1335 2880 Ostende
1359 2822 1539 2884 mihi,»
1573 2821 1702 2876 dicit
1728 2838 1740 2874 :
1767 2819 1924 2889 quasi
1949 2818 2097 2873 enim

516 2921 630 2976 Deo
677 2917 870 2974 faciem
902 2933 1052 2972 suam
1091 2915 1330 2972 ostendit
1373 2913 1638 2977 Ecclesia,
1668 2927 1790 2968 cum
1834 2909 2098 2980 proximis

520 3017 587 3073 ad
609 3016 896 3072 utilitatem
919 3024 972 3070 et
1003 3012 1299 3085 profectum
1322 3025 1418 3080 per
1440 3010 1702 3064 virtutum
1725 3021 1904 3077 opera,
1931 3019 2094 3076 quan-

516 3116 628 3161 tam
656 3105 982 3160 intrinsecus
1013 3103 1206 3158 habeat
1235 3100 1706 3170 pulcliritndinem,
1736 3097 2093 3152 demonstrat.

517 3197 633 3255 Hoc
661 3206 747 3255 est
774 3199 917 3267 quod
953 3196 1212 3250 Dominus
1237 3193 1366 3247 dicit
1393 3192 1446 3245 in
1462 3190 1772 3261 Evangelio,
1809 3208 1827 3241 ι
1864 3189 2094 3243 Videant

2204 2008 2385 2063 multae
2411 2018 2538 2064 sunt
2563 2010 2791 2065 virtutes
2813 2020 3146 2075 sanctorum,
3169 2027 3276 2065 una
3306 2021 3484 2066 tamen
3521 2013 3658 2066 ﬁdes
3686 2022 3781 2075 est,

2200 2105 2254 2150 et
2293 2113 2399 2150 una
2433 2099 2702 2163 cliaritas,
2744 2100 2937 2168 quibus
2979 2101 3248 2170 praecipue
3277 2101 3421 2157 Deus
3458 2102 3780 2156 delectatur.

2203 2186 2327 2242 Sive
2351 2189 2536 2254 etiam,
2557 2208 2573 2239 ε
2593 2189 2833 2258 pascitur
2857 2189 2999 2244 inter
3025 2189 3154 2254 lilia,
3185 2209 3203 2240 ι
3225 2192 3326 2246 hoc
3354 2199 3438 2244 est
3462 2191 3785 2244 suavissime

2201 2278 2499 2334 delectatur
2527 2280 2668 2334 inter
2695 2267 2967 2349 virgineos
2989 2281 3205 2335 choros.
3237 2278 3451 2335 Candor
3471 2281 3622 2333 enim
3651 2280 3783 2333 lilio-

2200 2384 2319 2423 rum
2367 2357 2514 2424 recte
2556 2370 2832 2425 munditiae
2866 2370 3109 2440 virginali
3142 2380 3508 2439 comparatur.
3544 2389 3562 2420 ‹
3605 2371 3783 2425 Donec

2199 2461 2400 2531 aspiret
2430 2461 2575 2527 dies,
2611 2481 2630 2514 ι
2664 2442 2767 2515 Ιῖοθ
2809 2470 2895 2516 est
2931 2463 3099 2517 donec
3128 2463 3611 2517 transeantnubila
3645 2477 3778 2530 prae~

2199 2551 2368 2605 sentis
2393 2552 2534 2617 vitae,
2569 2560 2624 2606 et
2658 2559 2914 2622 appareat
2935 2552 3070 2617 dies,
3108 2553 3212 2608 hoc
3246 2561 3330 2607 est
3355 2562 3537 2606 veniat
3565 2553 3782 2607 claritas

2198 2642 2538 2711 sempiternm
2597 2641 2966 2696 beatitudinis.
3017 2643 3084 2696 Et
3135 2651 3218 2697 est
3267 2656 3489 2707 sensus,
3543 2642 3781 2696 Dilectus

2197 2744 2349 2784 meus
2379 2729 2512 2785 mihi
2540 2739 2762 2800 praestat
2781 2731 3063 2796 auxilium,
3093 2738 3147 2786 et
3172 2747 3271 2803 ego
3295 2733 3370 2786 illi
3393 2733 3612 2804 dignam
3647 2749 3780 2801 pne-

2197 2823 2300 2877 heo
2328 2823 2723 2888 obedientiam,
2755 2824 2846 2892 qui
2882 2823 3170 2878 virtutibus
3201 2834 3512 2878 sanctorum
3546 2824 3780 2878 delecta-

2199 2918 2320 2976 tur,
2363 2926 2641 2981 quousque
2669 2921 2977 2968 transcursa
3017 2924 3172 2968 nocte
3217 2915 3500 2983 pra-sentis
3543 2914 3699 2978 vitae,
3728 2915 3778 2968 in

2197 3016 2300 3070 qua
2324 3017 2421 3071 per
2447 3002 2723 3071 speculum
2759 3010 2813 3056 et
2835 3003 3064 3073 aenigma
3094 3004 3355 3067 cernitur,
3377 3013 3639 3073 appareat
3666 3006 3780 3058 dies

2197 3108 2444 3162 supernae
2469 3093 2751 3156 claritatis,
2782 3102 2839 3145 ut
2864 3092 2999 3146 facie
3031 3093 3095 3146 ad
3119 3091 3311 3147 faciem
3333 3094 3596 3147 videatur.

2273 3201 2290 3232 ι
2331 3182 2653 3248 Revertere,
2697 3181 2886 3236 similis
2915 3191 3031 3236 esto
3051 3222 3064 3247 ,
3110 3182 3299 3238 dilecte
3323 3185 3419 3248 mi,
3449 3199 3665 3252 capreae
3689 3191 3780 3235 aut

515 3305 679 3360 opera
704 3252 882 3344 vestra
910 3289 1069 3350 bona,
1092 3293 1145 3340 et
1169 3283 1470 3356 g‘oriﬁeent
1493 3252 1706 3336 Patrem
1736 3287 1977 3334 vestrum
2001 3277 2092 3346 qui
2109 3252 2166 3354 ,ο
2197 3273 2419 3328 binnulo
2441 3289 2722 3327 cervorum
2744 3289 2904 3342 super
2924 3283 3136 3329 montes
3159 3274 3364 3329 Bethel.
3395 3295 3415 3327 ι
3446 3275 3561 3330 Vox
3594 3276 3776 3330 Eccle-

517 3383 574 3435 in
604 3380 756 3435 caelis
789 3386 890 3433 est.
926 3397 944 3430 ι
982 3395 1000 3429 ι
1049 3375 1218 3430 Sonet
1260 3388 1362 3426 vox
1405 3381 1496 3425 tua
1542 3371 1595 3424 in
1629 3370 1850 3424 auribus
1888 3367 2041 3421 meis.
2073 3385 2092 3417 ι

520 3471 639 3526 Vox
673 3467 924 3521 videlicet
967 3462 1370 3534 praedicationis
1406 3460 1491 3515 vel
1541 3459 1734 3515 divinae
1769 3457 1960 3522 laudis,
1992 3472 2096 3526 qua

526 3559 663 3614 alios
712 3555 880 3612 facias
931 3553 1210 3626 proﬁcere.
1241 3551 1299 3606 In
1325 3550 1547 3606 auribus
1575 3549 1721 3604 enim
1759 3547 1967 3603 Domini
1994 3562 2097 3600 vox

517 3649 777 3707 Ecclesiae
800 3658 974 3714 sonat,
1001 3662 1122 3703 cum
1143 3661 1239 3716 per
1258 3643 1692 3714 pnedicationem
1719 3658 1785 3696 ex
1807 3641 2096 3696 multorum

519 3742 873 3799 conversione
928 3739 1226 3795 delectatur
1283 3736 1444 3791 Deus.
1495 3735 1638 3788 Bene
1684 3741 1864 3788 autem
1917 3732 2093 3786 dicit:

523 3853 542 3885 ι
571 3831 808 3890 Ostende
831 3830 963 3886 mihi
995 3828 1183 3883 faciem
1206 3836 1375 3889 tuam,
1407 3845 1424 3877 ›
1444 3833 1500 3879 et
1517 3839 1619 3878 vox
1644 3833 1734 3878 tua
1759 3838 1861 3878 non
1887 3823 2093 3886 aliena;

526 3933 675 3978 tuam
722 3921 970 3976 videlicet
1018 3919 1211 3974 faciem
1242 3918 1373 3972 mihi
1417 3917 1661 3980 ostende,
1710 3929 1873 3984 quam
1911 3914 1964 3967 in
1996 3913 2092 3966 ba-

520 4015 720 4086 ptismo
751 4012 846 4069 tibi
873 4011 1017 4076 dedi,
1050 4009 1266 4081 quando
1305 4005 1556 4062 mundavi
1600 4012 1650 4059 te
1689 4005 1755 4058 ab
1801 4004 1944 4058 omni
1975 4016 2098 4072 pec-

517 4117 658 4164 cato.
693 4126 711 4158 ι
747 4105 866 4161 Vox
895 4113 1003 4170 tua,
1054 4102 1205 4167 dicit,
1257 4101 1310 4156 in
1340 4097 1560 4153 auribus
1590 4096 1727 4151 meis
1779 4103 1952 4158 sonet,
1989 4113 2006 4145 ›
2042 4100 2100 4146 ιιι

521 4213 589 4253 ex
611 4197 823 4252 sincera
866 4192 1167 4249 intentione
1206 4188 1513 4244 dilectionis
1555 4201 1690 4241 meae
1734 4184 2008 4255 procedat,
2039 4192 2099 4237 ut

523 4304 628 4344 non
655 4294 875 4357 propter
898 4283 1038 4338 aliud
1066 4281 1330 4354 praedices
1357 4279 1459 4334 nisi
1495 4287 1713 4350 propter
1741 4292 1848 4332 me.

598 4497 617 4531 ε
654 4477 841 4547 Capite
869 4474 1025 4531 nobis
1057 4473 1243 4542 vulpes
1275 4471 1559 4543 parvulas,
1585 4485 1706 4540 quae
1739 4468 2102 4525 demolinntur

2197 3371 2292 3425 sia:
2341 3370 2524 3440 sponsi
2564 3371 2647 3425 sui
2690 3370 2926 3439 speciem
2955 3370 3333 3426 desiderantis.
3359 3369 3628 3426 Odilecte
3678 3373 3774 3433 mi,

2197 3463 2289 3532 qui
2319 3463 2385 3518 de
2410 3463 2548 3518 lecto
2588 3477 2710 3516 meo
2744 3478 2829 3516 me
2856 3476 3077 3528 surgere
3105 3461 3373 3531 praecipis,
3398 3470 3455 3514 et
3481 3469 3543 3514 ut
3572 3463 3668 3515 tibi
3702 3461 3777 3514 fa.

2197 3551 2334 3606 ciem
2377 3565 2553 3606 meam
2591 3551 2870 3606 ostendam
2900 3550 3165 3613 hortaris,
3197 3559 3504 3615 revertere,
3547 3552 3651 3605 hoc
3698 3561 3778 3606 est

2197 3641 2496 3696 claritatem
2523 3642 2820 3696 divinitatis
2852 3649 2955 3694 tuae
2993 3657 3079 3696 me
3106 3641 3371 3710 speculari
3408 3643 3665 3711 permitte
3685 3685 3700 3706 ,
3728 3655 3780 3696 et

2197 3732 2301 3786 hoc
2333 3731 2474 3801 quod
2513 3732 2644 3786 mihi
2668 3730 2902 3802 perfecte
2922 3732 3268 3801 promittisin
3301 3733 3407 3787 alia
3441 3734 3572 3798 vita,
3600 3736 3780 3789 beati-

2199 3825 2436 3881 tudinem
2462 3820 2714 3881 videlicet
2736 3834 2901 3890 tuam,
2934 3827 2986 3880 in
3015 3827 3119 3881 hac
3141 3827 3316 3882 adhuc
3339 3829 3782 3898 peregrinatione

2198 3930 2284 3969 me
2302 3915 2488 3970 saltem
2511 3916 2564 3970 in
2589 3916 2756 3987 ﬁgura
2776 3917 3125 3988 etaenigmate
3146 3918 3346 3974 habere
3359 3921 3668 3988 permitted
3699 3921 3782 3975 Si-

2199 4011 2342 4065 milis
2355 4021 2470 4066 esto
2491 4027 2697 4081 capreae
2714 4021 2807 4065 aut
2828 4011 3051 4066 ltinnulo
3070 4027 3352 4067 cervorum
3381 4029 3548 4083 super
3565 4027 3780 4071 montes

2197 4101 2404 4156 Bethel.
2436 4121 2454 4153 ι
2479 4101 2598 4156 .Iam
2618 4103 2816 4156 dictum
2849 4110 2932 4156 est
2957 4104 3201 4172 superius
3227 4107 3370 4173 quod
3399 4121 3609 4175 capreae
3631 4124 3780 4163 carn-

2199 4208 2297 4263 pos
2320 4194 2641 4262 despiciunt,
2671 4202 2725 4247 et
2756 4194 2822 4248 ad
2857 4195 2965 4247 alta
2997 4195 3255 4249 montium
3297 4198 3596 4253 enituntur.
3624 4200 3779 4255 Chri-

2199 4292 2315 4339 stus
2336 4299 2463 4354 ergo
2484 4284 2692 4354 capreis
2715 4294 3080 4353 comparatur,
3095 4285 3537 4354 quiasecundum
3555 4305 3780 4344 carnem

2200 4391 2488 4446 resurgens
2522 4391 2552 4428 a
2583 4375 2827 4439 mortuis,
2865 4375 3123 4429 caelorum
3155 4375 3260 4429 alta
3290 4377 3476 4445 petiit;
3518 4380 3782 4432 hinnulus

2201 4481 2330 4521 vero
2371 4480 2650 4520 cervorum
2682 4474 2927 4530 vocatur,
2957 4466 3060 4521 hoc
3107 4474 3192 4520 est
3243 4465 3385 4520 ﬁlius
3425 4469 3782 4536 antiquorum

523 4571 732 4634 vineas,
759 4582 885 4622 nam
913 4565 1070 4620 vinea
1096 4572 1278 4620 nostra
1306 4561 1504 4618 floruit.
1529 4581 1548 4614 ι
1567 4562 1682 4617 Vox
1706 4561 1885 4630 sponsi
1914 4559 2102 4631 praeci-
2127 4601 2178 4659 υ
2203 4566 2435 4628 patrum.
2479 4556 2636 4610 Cervi
2675 4556 2821 4610 enim
2861 4565 2984 4610 sunt
3025 4557 3344 4627 patriarcha:
3385 4567 3439 4612 et
3476 4560 3786 4627 prophetae,

519 4660 719 4733 pientis
748 4672 958 4728 sponsae
1001 4671 1112 4711 suae
1156 4664 1211 4711 et
1247 4655 1458 4710 ﬁliabus
1495 4652 1856 4717 lliernsalem,
1894 4651 2098 4707 sanctis

517 4751 772 4806 videlicet
794 4747 1104 4803 doctoribus
1134 4745 1218 4800 vel
1243 4743 1529 4799 animabus
1560 4742 1823 4797 ﬁdelibus.
1859 4760 1874 4792 ι
1912 4741 2096 4811 Capite

519 4840 738 4913 (inquit)
764 4838 917 4894 nobis
944 4837 1130 4908 vulpes
1161 4835 1428 4907 parvulas.
1472 4854 1489 4884 ›
1520 4833 1718 4903 Vulpes
1741 4830 1825 4890 est
1854 4834 2094 4889 dolosam

520 4932 717 4989 animal
745 4941 800 4986 et
828 4930 1247 4992 fraudulentum,
1275 4928 1329 4982 in
1359 4927 1604 4982 cavernis
1625 4936 1680 4982 et
1699 4926 1964 4996 specubus
1993 4927 2093 4981 ha-

518 5026 718 5091 bitans,
766 5037 864 5078 nec
909 5028 1090 5081 recto,
1134 5019 1230 5074 sed
1274 5026 1516 5073 tortuoso
1563 5017 1817 5074 incedens
1860 5017 2092 5073 itinere:

518 5117 745 5186 ideoque
770 5114 1016 5183 designat
1043 5110 1326 5167 haereticos
1353 5108 1435 5163 vel
1465 5109 1863 5174 schismaticos,
1888 5109 1978 5178 qui
2005 5107 2095 5162 de-

517 5207 812 5262 molinntur
841 5205 1049 5267 vineas,
1076 5204 1180 5257 hoc
1207 5210 1291 5256 est
1318 5199 1614 5256 Ecclesiam
1642 5198 1984 5269 Dei,plebem
2011 5197 2096 5250 vi—

519 5297 715 5352 delicet
753 5294 1026 5359 ﬁdelium,
1055 5293 1294 5348 lacerare
1323 5300 1377 5347 et
1419 5291 1666 5363 decipere
1707 5306 1814 5344 non
1856 5297 2089 5344 cessant.

519 5387 770 5457 Praecipit
799 5400 928 5456 ergo
954 5395 1013 5439 ut
1049 5383 1300 5454 parvulas
1326 5383 1513 5453 vulpes
1541 5380 1776 5450 capiant,
1809 5379 1862 5434 id
1901 5387 2004 5444 cst,
2035 5386 2095 5432 ut

522 5479 830 5534 liaereticam
867 5477 1186 5547 pravitatem
1223 5475 1274 5528 in
1305 5475 1420 5543 ipso
1446 5472 1599 5525 initio
1629 5469 1898 5524 debellare
1921 5476 1975 5523 et
1999 5469 2093 5525 de-

521 5580 732 5623 struere
757 5583 864 5622 non
905 5574 1118 5622 cessent
1138 5605 1156 5630 ,
1181 5580 1249 5618 ne
1273 5563 1492 5618 robusta
1520 5560 1658 5614 facta
1694 5559 1886 5614 fortius
1921 5561 2094 5628 impu-

522 5667 668 5727 gnet.
703 5675 722 5707 ι
756 5655 890 5711 Nam
929 5657 1084 5710 vinea
1128 5661 1309 5708 nostra
1357 5651 1558 5718 ﬂoruit,
1594 5670 1612 5703 ι
1651 5650 1704 5705 id
1731 5659 1814 5705 est
1857 5649 2096 5704 Ecclesia

524 5762 619 5818 per
658 5747 968 5804 universum
1003 5745 1259 5800 mundum
1303 5743 1461 5799 flores
1494 5744 1754 5797 virtutum
1791 5742 1990 5796 emisit.
2034 5742 2100 5795 Et

527 5846 651 5895 uota
697 5838 824 5893 auia
874 5852 1000 5894 cum
1047 5837 1296 5900 superius
1336 5834 1519 5891 vineas
1557 5832 1838 5902 pluraliter
1879 5831 2096 5896 dixerit,

2203 4648 2268 4702 de
2311 4647 2504 4716 quibus
2543 4645 2790 4702 Christus
2833 4647 3012 4702 carnis
3051 4647 3204 4701 duxit
3245 4648 3530 4717 originem.
3584 4649 3792 4703 Fertur

2203 4738 2455 4793 hinnulus
2502 4738 2642 4791 hanc
2698 4736 2898 4790 habere
2947 4746 3228 4801 naturam,
3272 4747 3330 4792 ut
3376 4737 3622 4792 fervente
3673 4740 3793 4794 sole

2199 4841 2366 4896 opaca
2393 4835 2447 4880 et
2474 4827 2723 4881 umbrosa
2767 4824 2884 4879 loca
2925 4827 3191 4895 requirat,
3226 4827 3279 4881 in
3308 4829 3501 4896 quibus
3535 4829 3605 4882 ab
3646 4840 3793 4884 aestu

2201 4925 2553 4986 protegatur;
2582 4915 2661 4970 sic
2688 4923 2741 4970 et
2765 4914 3012 4970 Christus
3052 4915 3105 4969 in
3136 4931 3324 4970 eorum
3362 4918 3642 4973 mentibus
3702 4935 3794 4973 re-

2199 5009 2462 5078 quiescit,
2495 5008 2586 5077 qui
2617 5022 2744 5074 rore
2766 5005 3000 5076 Spiritus
3032 5007 3202 5061 sancti
3234 5007 3302 5062 ab
3329 5008 3554 5062 aestibus
3584 5024 3795 5063 cama-

2201 5099 2328 5153 lium
2373 5098 2706 5167 voluptatum
2736 5105 3118 5165 temperantur.
3156 5097 3232 5152 Ac
3263 5098 3307 5152 si
3342 5096 3581 5153 diceret:
3614 5099 3668 5155 Ο
3713 5100 3799 5153 di-

2197 5189 2364 5252 lecte,
2399 5196 2701 5253 revertere,
2731 5189 2835 5242 hoc
2869 5196 2954 5242 est
2985 5188 3182 5256 saepius
3225 5204 3310 5242 me
3353 5197 3442 5242 tua
3467 5189 3802 5243 visitatione

2198 5281 2513 5336 illustrando
2554 5280 2791 5345 laetifica,
2837 5280 2928 5351 qui
2955 5295 3052 5348 per
3083 5295 3302 5333 carnem
3349 5295 3509 5349 quam
3564 5295 3802 5335 assum-

2197 5373 2382 5444 psisti,
2435 5371 2545 5439 jam
2594 5372 2853 5428 etelorum
2902 5370 3149 5424 sublimia
3194 5371 3508 5440 penetrasti.
3572 5370 3806 5424 Montes

2201 5475 2382 5521 autem
2422 5464 2608 5520 Bethel
2637 5471 2845 5518 mentes
2884 5472 3192 5516 sanctorum
3234 5462 3572 5531 signiﬁcant,
3605 5476 3635 5514 a
3676 5470 3807 5514 ter-

2200 5557 2346 5612 renis
2388 5571 2486 5626 per
2522 5569 2755 5626 superna
2796 5552 3063 5608 desideria
3103 5551 3360 5606 clevatas.
3413 5550 3550 5604 Nam
3599 5549 3812 5606 Bethel

2200 5645 2390 5702 domus
2433 5661 2792 5715 consurgens,
2841 5643 2924 5698 vel
2970 5645 3160 5698 domus
3204 5642 3542 5712 vigiliarum,
3596 5641 3813 5712 vigiles

2202 5747 2411 5793 mentes
2455 5746 2762 5792 sanctorum
2811 5734 3099 5806 signiﬁcat,
3147 5748 3268 5802 quae
3309 5731 3376 5786 ad
3426 5730 3812 5784 desideranda

2203 5846 2434 5900 superna
2456 5838 2806 5900 consurgunt,
2834 5837 2888 5885 et
2916 5830 2981 5884 ad
3012 5843 3072 5882 ea
3099 5824 3446 5898 percipienda
3476 5823 3812 5897 invigilant.
