3950 6432
173 455 262 513 509
804 398 807 401 -
1102 441 1498 499 ENARRATIO
1533 439 1599 494 IN
1637 435 1930 494 CANTICA
1971 436 2435 494 CANTICORUM.

3292 438 3397 492 510

171 567 419 624 debentes
447 578 498 617 ιιι
521 576 578 616 εε
605 560 771 615 Deum
794 557 1172 624 habitatorem,
1202 558 1290 624 qui
1321 556 1452 608 dicit
1482 568 1576 623 per
1601 553 1730 606 Pro-
1755 558 1803 614 Α
1831 566 1986 617 eum,
2015 567 2115 607 nec
2151 552 2417 606 dimittam
2445 553 2612 607 donec
2647 552 2982 608 introducam
3013 550 3160 605 illum
3199 549 3254 606 in
3298 552 3396 608 do—

170 658 374 728 phetam
403 669 415 704 :
449 670 469 703 ι
508 649 820 705 lnhabitabo
855 649 907 701 in
937 645 1042 701 illis
1083 656 1137 700 et
1176 643 1530 698 inambulabo.
1567 662 1585 693 ι
1622 641 1725 696 Su-

167 760 255 816 per
281 757 409 813 ergo
454 749 665 795 montes
693 736 879 791 Bethel
911 735 1137 790 dilectus
1172 733 1362 788 similis
1402 739 1484 787 est
1521 743 1727 800 capreae

168 833 242 889 vel
285 831 510 887 hinnulo
549 843 861 891 cervorum,
894 825 1016 896 quia
1063 823 1181 878 illas
1224 822 1443 878 visitare
1480 822 1727 892 dignatur

167 923 278 995 quae
297 923 488 978 domus
507 919 601 974 Dei
629 933 748 972 esse
776 915 1008 972 student.

768 1065 993 1121 CAPUT
1030 1063 1115 1118 ΙΠ.

237 1203 254 1235 ι
277 1181 334 1235 In
355 1177 554 1235 lectulo
577 1191 698 1232 meo
727 1190 823 1246 per
872 1182 1056 1230 noctes
1103 1172 1322 1243 quaesivi
1367 1185 1526 1242 quem
1555 1169 1731 1241 diligit

165 1270 340 1324 anima
385 1281 536 1331 mea,
581 1263 805 1334 (μιξεείνί
839 1263 1024 1328 illum,
1077 1271 1132 1317 et
1169 1277 1275 1315 non
1325 1260 1520 1316 inveni.
1557 1278 1576 1311 ι
1612 1257 1726 1313 Vox

165 1357 413 1414 Ecclesiae
443 1355 509 1409 de
538 1353 785 1424 gentibus
812 1361 1168 1424 congregatae.
1197 1350 1254 1405 ιιι
1282 1351 1477 1406 lectulo
1510 1350 1725 1421 (inquit)

165 1464 281 1504 meo
307 1462 430 1502 eum
451 1446 626 1500 adhuc
652 1445 704 1497 in
730 1443 1058 1498 inﬁdelitatis
1079 1451 1133 1497 et
1155 1441 1468 1513 ignorantia:
1495 1440 1728 1495 tenebris

164 1538 332 1608 posita
351 1550 549 1598 essem,
573 1532 794 1602 (μιξεείνί
817 1545 977 1601 quem
1007 1531 1178 1600 diligit
1209 1529 1386 1583 anima
1412 1543 1549 1583 mea.
1579 1526 1727 1581 Mulli

164 1629 300 1683 enim
329 1624 766 1696 philosophorum
789 1619 956 1675 Deum
987 1622 1323 1690 ignorantes,
1348 1619 1524 1675 studio
1553 1627 1727 1672 tamen

167 1732 371 1772 summo
401 1715 549 1770 illum
571 1713 936 1783 requirebant,
966 1727 1065 1781 per
1087 1719 1388 1766 creaturam
1418 1707 1729 1764 Creatorem

165 1819 480 1877 cognoscere
522 1803 803 1867 volentes;
851 1802 991 1856 sicut
1036 1800 1218 1864 Plato,
1266 1799 1357 1868 qui
1426 1798 1480 1852 in
1525 1796 1728 1852 Timaeo

1830 656 1975 694 mum
2005 641 2192 694 matris
2221 655 2353 694 mea:
2386 642 2513 694 etin
2544 642 2845 697 cubiculum
2871 641 3144 712 genitricis
3171 655 3335 707 mea;
3373 662 3392 693 ι

1827 727 1929 782 hoc
1957 736 2066 792 est,
2099 727 2475 782 ardentissima
2518 728 2621 782 ﬁde
2656 738 2710 784 et
2750 731 3033 786 devotione
3077 730 3151 784 illi
3183 729 3393 786 inhaesi.

1831 838 1851 871 ι
1881 819 1991 875 Nec
2017 819 2300 882 dimittam,
2342 820 2490 876 used
2518 822 2570 875 in
2591 820 2705 890 ejus
2737 838 2920 877 amore
2941 831 2996 877 et
3023 821 3126 877 ﬁde
3157 837 3398 892 perseve-

1828 911 1990 976 rabo,
2019 929 2037 960 ι
2084 910 2253 964 donec
2292 909 2630 965 introducam
2675 927 2797 965 eum
2849 912 2903 966 in
2953 912 3170 966 domum
3214 913 3399 967 matris

1827 1017 1994 1067 mere,
2030 1013 2083 1056 et
2131 1001 2184 1055 in
2235 1001 2538 1059 cubiculum
2569 1002 2845 1072 genitricis
2889 1017 3052 1066 meae;
3103 1022 3121 1054 ο
3157 1003 3260 1057 hoc
3293 1012 3397 1066 est,

1827 1091 1994 1146 donec
2022 1091 2171 1144 illum
2201 1090 2517 1162 Synagogae,
2549 1106 2668 1160 quae
2694 1099 2777 1144 est
2801 1098 2972 1144 mater
2997 1105 3115 1144 mea
3139 1091 3393 1158 spiritua-

1826 1179 1967 1242 liter.
2023 1181 2335 1250 praedicem,
2393 1189 2448 1236 et
2502 1196 2621 1236 eam
2676 1195 2888 1250 quoque
2947 1180 3015 1234 ad
3066 1181 3182 1249 ejus
3241 1181 3400 1236 ﬁdem

1829 1271 2135 1341 perducam.
2169 1271 2282 1326 Hoc
2324 1271 2414 1326 ﬁet
2455 1271 2508 1325 in
2552 1272 2638 1326 die
2673 1271 2858 1342 judicii
2883 1311 2897 1335 ,
2939 1271 3153 1340 quando
3205 1269 3288 1341 (ut
3328 1273 3398 1324 ait

1826 1359 2170 1430 Apostolus):
2198 1360 2470 1431 plenitudo
2491 1363 2726 1431 gentium
2757 1361 3044 1427 introierit,
3075 1370 3201 1415 tunc
3227 1362 3404 1415 omnis

1827 1448 1994 1503 Israel
2032 1447 2210 1503 salvus
2253 1448 2364 1502 ﬁet.
2397 1467 2414 1498 ι
2447 1447 2678 1503 Tantum
2722 1463 2851 1520 ergo
2886 1447 2987 1504 sibi
3032 1448 3097 1502 de
3137 1446 3402 1503 charitate

1828 1537 2013 1606 sponsi
2061 1537 2144 1593 sui
2194 1537 2433 1592 Ecclesia
2477 1538 2776 1607 promittit,
2808 1547 2868 1592 ut
2908 1538 3072 1592 etiam
3118 1551 3176 1592 se
3215 1535 3403 1591 credat

1831 1626 2166 1700 Synagogam
2215 1643 2374 1698 posse
2423 1637 2754 1694 convertere.
2804 1627 2957 1695 Quod
3005 1636 3185 1681 autem
3237 1620 3400 1690 dicit,

1834 1737 1854 1771 ι
1887 1719 2066 1774 Donec
2089 1718 2420 1774 introducam
2450 1719 2618 1785 illum,
2649 1739 2668 1772 ι
2697 1735 2803 1778 non
2825 1731 2909 1774 est
2936 1718 3226 1790 putandum
3247 1717 3400 1785 quod

1830 1819 1958 1867 tunc
1985 1811 2240 1866 relictura
2275 1811 2347 1867 sit
2391 1810 2574 1876 illum,
2619 1827 2739 1867 cum
2781 1811 2835 1865 in
2877 1809 3181 1866 cubiculum
3214 1808 3402 1863 matris

167 1895 327 1951 multa
358 1895 424 1949 de
453 1893 631 1947 anima
661 1893 996 1962 disputavit,
1026 1900 1081 1946 et
1107 1895 1244 1945 sicut
1266 1886 1601 1953 Aristoteles,
1631 1886 1733 1942 So-
1757 1905 1804 1964 Β
1833 1901 2209 1966 introduxerit,
2241 1901 2332 1956 sed
2373 1901 2548 1956 υοηεε
2581 1917 2678 1974 pro
2718 1902 3044 1972 sempiterno
3069 1900 3308 1971 ponitur,
3345 1900 3402 1955 id

164 1997 338 2043 crates
362 1996 419 2042 et
436 1985 640 2048 caeteri,
664 1985 755 2053 qui
777 1999 938 2039 omne
959 1984 1079 2038 vita:
1100 1998 1210 2038 sua:
1235 1989 1444 2051 tempus
1464 1981 1516 2034 in
1537 1980 1728 2035 studiis

168 2076 502 2146 exquirenda
541 2075 783 2128 veritatis
821 2073 1212 2143 expendcbant.
1245 2090 1265 2123 ι
1297 2069 1526 2138 Ωιιωείνί
1556 2069 1727 2134 illum,

168 2179 220 2222 et
246 2183 348 2222 non
376 2166 567 2220 inveni.
602 2184 620 2217 ι
642 2164 756 2218 Non
783 2165 923 2218 enim
945 2179 1043 2233 per
1064 2162 1386 2216 mundanam
1411 2159 1728 2230 sapientiam

165 2257 302 2312 Deus
330 2255 579 2325 cognosci
605 2254 797 2324 potuit.

231 2369 250 2401 ι
299 2348 524 2420 Surgam
571 2356 628 2402 et
676 2347 916 2402 circuibo
961 2343 1264 2406 civitatem,
1323 2355 1421 2411 per
1461 2339 1612 2394 vicos
1675 2345 1730 2393 et

161 2441 364 2510 plateas
391 2454 629 2509 quaaram
647 2454 804 2508 quem
837 2436 1011 2508 diligit
1031 2436 1208 2488 anima
1254 2431 1637 2498 mca.Qu:esivi
1667 2430 1730 2484 il-

161 2530 286 2595 lum,
305 2537 361 2584 et
380 2545 486 2584 non
503 2529 702 2584 iaveni.
729 2548 746 2581 ι
768 2528 1065 2599 Exsurgam
1084 2526 1204 2580 inde
1224 2524 1290 2578 de
1305 2532 1473 2578 strato
1489 2522 1730 2592 corporis

161 2629 214 2674 et
239 2619 477 2674 carnalis
501 2619 902 2681 delectationis,
937 2626 991 2672 et
1012 2615 1250 2671 circuibo
1279 2615 1550 2668 civitatem
1572 2610 1730 2681 hujus

160 2713 378 2777 mundi,
423 2713 596 2766 maria
641 2726 704 2766 ae
729 2720 898 2765 terras
940 2707 1290 2779 peragrando.
1323 2723 1340 2756 ι
1375 2705 1478 2760 Ρει·
1504 2704 1652 2759 vicos
1675 2711 1731 2758 et

159 2803 361 2872 plateas
386 2817 623 2871 quaeram
653 2816 813 2870 quem
841 2800 1011 2870 diligit
1037 2799 1218 2853 anima
1242 2811 1361 2851 mea
1379 2835 1395 2862 ,
1442 2815 1460 2849 ι
1497 2796 1599 2850 hoc
1625 2802 1725 2860 est,

159 2905 248 2960 per
275 2891 384 2945 lata
415 2891 608 2945 itinera
639 2891 942 2960 gradientes
977 2887 1131 2959 hujus
1158 2887 1370 2953 saeculi,
1406 2895 1458 2942 et
1493 2887 1604 2940 suis
1637 2901 1732 2941 vo-

159 2982 452 3051 luptatibus
493 2981 700 3036 deditos
747 2979 1026 3050 aspiciam,
1055 2980 1100 3033 si
1132 2978 1270 3032 forte
1304 2979 1357 3032 in
1400 2977 1507 3031 illis
1551 2977 1729 3031 dilecti

159 3074 257 3128 mei
288 3073 518 3144 vestigia
565 3071 842 3141 aspiciam.
875 3071 986 3124 Hoc
1013 3084 1136 3124 cum
1167 3069 1233 3122 de
1263 3067 1442 3122 multis
1475 3066 1578 3120 dici
1609 3081 1732 3135 pos-

156 3164 254 3231 sit,
283 3166 560 3235 praecipue
603 3171 783 3217 tamen
832 3161 884 3216 in
921 3161 1012 3216 illo
1050 3159 1296 3214 eunucho
1334 3157 1609 3227 impletum
1648 3163 1733 3211 est

1826 1999 1909 2046 est
1928 2007 2142 2061 semper
2168 1991 2244 2046 illi
2272 1991 2563 2057 inhaerebo,
2593 2006 2806 2060 semper
2827 1991 2880 2045 in
2906 1991 3022 2062 ejus
3050 1991 3153 2046 ﬁde
3180 1999 3234 2045 et
3263 1989 3400 2044 dile-

1825 2079 2004 2134 ctione
2047 2079 2404 2148 perseverabo
2459 2077 2588 2133 Tale
2625 2080 2789 2134 estin
2821 2079 3062 2148 psalmo:
3094 2079 3170 2133 lta
3204 2098 3222 2130 ι
3259 2076 3401 2134 oculi

1827 2167 1998 2223 nostri
2029 2168 2098 2222 ad
2126 2167 2409 2222 Dominum
2431 2164 2599 2222 Deum
2625 2175 2866 2222 nostrum
2891 2165 3060 2221 donec
3081 2167 3401 2222 misereatur

1827 2259 2020 2313 nostri.
2059 2277 2078 2310 ι
2111 2256 2361 2326 Nunquid
2401 2264 2686 2327 postquam
2716 2255 2886 2312 nostri
2920 2257 3169 2312 misertus
3198 2255 3364 2312 fuerit
3384 2295 3399 2322 ,

1827 2363 1933 2403 non
1965 2355 2128 2403 erunt
2155 2348 2298 2402 oeuli
2330 2348 2396 2401 ad
2425 2347 2582 2403 eum?
2615 2346 2806 2416 Utique
2835 2355 3011 2402 erunt.

1903 2457 1922 2490 ι
1949 2438 2151 2507 Adjuro
2179 2453 2295 2504 vos,
2318 2438 2440 2492 ﬁliae
2466 2437 2821 2502 Hierusalem,
2839 2453 2937 2508 per
2950 2453 3170 2508 capreas
3192 2452 3402 2494 cervos-

1829 2543 1937 2599 que
1957 2542 2291 2597 camporum,
2328 2541 2395 2581 ne
2426 2528 2695 2583 suscitetis
2728 2543 2904 2596 neque
2920 2527 3172 2598 evigilare
3192 2527 3402 2582 faciatis

1829 2620 2111 2686 dilectam,
2157 2620 2505 2690 quoadusque
2559 2619 2672 2687 ipsa
2720 2619 2866 2674 velit.
2926 2639 2946 2671 ι
2999 2618 3090 2673 Bis
3140 2618 3402 2690 repetitur

1828 2710 1931 2766 iste
1968 2708 2264 2765 versiculus
2297 2727 2310 2762 :
2343 2722 2467 2762 nam
2492 2707 2604 2776 jam
2641 2709 2888 2778 superius
2910 2706 3115 2762 dictum
3157 2715 3275 2772 est,
3303 2706 3399 2761 sed

1829 2815 1988 2869 supra
2022 2801 2088 2855 ad
2119 2799 2410 2854 Ecclesiam
2437 2799 2762 2868 primitivam
2786 2800 2852 2854 de
2885 2797 3084 2854 ludatis
3118 2798 3397 2854 collectam

1827 2890 2080 2960 pertinet,
2110 2889 2198 2943 hic
2221 2903 2349 2943 vero
2379 2890 2444 2942 ad
2473 2889 2767 2944 Ecclesiam
2791 2890 2857 2944 de
2889 2890 3138 2960 gentibus
3167 2902 3399 2958 congre-

1830 2989 2038 3052 gatam,
2075 2988 2131 3034 et
2171 2981 2372 3035 amoris
2410 2981 2624 3036 vinculo
2665 2980 2879 3035 Christo
2921 2980 3247 3050 copulatam.
3281 2977 3402 3034 Una

1831 3070 1973 3124 enim
2017 3069 2312 3137 eademque
2351 3083 2481 3121 cura
2510 3077 2594 3123 est
2622 3069 2732 3123 Deo
2758 3069 2824 3123 de
2849 3069 3084 3133 sanctis,
3105 3069 3197 3137 qui
3223 3067 3307 3122 vel
3344 3067 3398 3121 in

1831 3157 2258 3220 circumcisione,
2281 3156 2364 3211 vel
2385 3157 2548 3210 etiam
2573 3166 2810 3225 tempore
2843 3158 3202 3224 baptismatis,
3237 3171 3398 3211 eoru-

155 3255 244 3324 qui
289 3269 325 3308 a
370 3254 564 3308 ﬁnibus
599 3261 756 3306 terrm
789 3251 936 3306 venit
968 3252 1133 3305 Deum
1173 3248 1297 3303 coeli
1343 3246 1727 3318 Hierosolymis
1754 3253 1798 3315 C
1830 3255 2014 3303 scante
2059 3235 2230 3316 gratia
2270 3245 2579 3316 Evangelii,
2622 3246 2696 3300 illi
2728 3245 3065 3315 placuerunt.
3094 3245 3229 3312 Quia
3272 3260 3450 3300 vero...

156 3347 405 3410 adorare,
434 3359 595 3416 quem
624 3340 900 3414 Philippus
929 3343 1154 3406 invenit,
1185 3340 1342 3410 eique
1369 3339 1640 3394 Christum
1672 3339 1724 3392 in

154 3439 438 3509 prophetia
485 3437 636 3492 Isaia:
679 3437 930 3492 ostendit.
979 3434 1091 3488 Hoc
1133 3447 1345 3503 quoque
1395 3433 1448 3486 in
1480 3429 1729 3485 Cornelio

155 3530 505 3601 adimpletum
558 3537 673 3594 est,
721 3529 810 3598 qui
865 3529 1036 3582 adhuc
1081 3541 1320 3597 paganus
1364 3535 1419 3578 et
1477 3525 1727 3593 ignorans

155 3622 350 3687 Deum,
377 3621 747 3690 eleemosynas
772 3619 1020 3682 faciebat,
1043 3627 1096 3672 et
1124 3616 1458 3672 orationibus
1478 3613 1726 3677 vacabat,

156 3726 316 3780 quem
350 3710 544 3765 Petrus
571 3724 693 3765 cum
720 3709 879 3764 domo
919 3725 1014 3763 sua
1045 3707 1355 3777 baptizavit.
1387 3705 1451 3759 Et
1475 3713 1594 3758 erat
1635 3705 1728 3757 ad-

154 3803 264 3856 huc
308 3799 592 3856 dillicultas
636 3799 960 3854 inventionis
981 3838 996 3864 ,
1036 3807 1092 3852 et
1135 3797 1265 3852 dicit
1295 3813 1309 3852 :
1339 3815 1357 3847 ι
1391 3793 1644 3863 ρυιεεὶνὶ,
1673 3799 1730 3847 et

152 3905 263 3945 non
299 3889 500 3944 inveni.
541 3907 560 3940 ι

229 3997 249 4030 ι
290 3979 615 4032 Invenerunt
661 3991 748 4031 me
793 3975 1014 4045 vigiles,
1052 3975 1142 4044 qui
1183 3974 1492 4030 custodiunt
1537 3972 1728 4028 civita-

149 4079 284 4124 tem.
327 4086 348 4119 ι
383 4066 582 4135 Vigiles
607 4073 731 4119 sunt
765 4065 937 4119 sancti
971 4073 1026 4118 et
1055 4064 1235 4119 caeteri
1266 4063 1512 4118 doctores
1547 4062 1732 4116 Eccle-

147 4159 270 4221 size,
303 4157 396 4228 qui
427 4155 722 4218 civitatem,
752 4155 805 4208 id
827 4164 910 4210 est
933 4163 1173 4209 sanctam
1206 4153 1521 4218 Ecclesiam,
1549 4162 1731 4207 custo-

147 4249 337 4312 diunt,
372 4253 426 4300 et
455 4245 522 4300 ab
562 4245 766 4298 insidiis
800 4243 1095 4298 inﬁdelium
1134 4244 1368 4299 hostium
1418 4241 1724 4298 defendunt.

148 4340 305 4406 Quos
353 4338 674 4405 interrogat,
715 4353 733 4386 ι
771 4333 908 4389 Num
955 4348 1114 4403 quem
1157 4333 1330 4403 diligit
1381 4332 1559 4386 anima
1612 4347 1732 4386 mea

149 4427 403 4482 vidistis?
441 4447 460 4478 ι
499 4425 663 4492 Quasi
711 4425 896 4494 vigiles
945 4424 1187 4479 Ecclesia
1240 4423 1564 4493 interrogat,
1608 4437 1730 4477 eum

152 4520 366 4575 intenta
388 4533 515 4572 aure
546 4532 731 4572 eorum
758 4517 1189 4587 praedicationem
1211 4517 1454 4587 percipit.

1830 3338 1932 3393 iste
1952 3337 2250 3392 versiculus
2270 3337 2518 3407 superius
2547 3337 2824 3408 expositus
2851 3344 2954 3402 est,
2977 3335 3091 3405 jam
3114 3337 3403 3392 videndum

1829 3437 1912 3483 est
1959 3443 2126 3498 quare
2177 3428 2343 3483 veluti
2399 3427 2754 3483 dormientem
2800 3428 3018 3483 inducat
3071 3426 3398 3493 Ecclesiam,

1828 3517 1967 3572 unde
1995 3525 2050 3572 et
2073 3517 2284 3587 adjurat
2327 3515 2464 3572 ﬁlias
2495 3516 2825 3571 Hierusalem
2844 3557 2858 3584 ,
2889 3531 2957 3572 ne
2993 3530 3110 3570 eam
3143 3516 3402 3582 excitent,

1829 3625 1949 3666 cum
1971 3609 2129 3679 paulo
2151 3609 2396 3680 superius
2418 3624 2524 3664 non
2547 3610 2899 3665 dormientem
2917 3609 2999 3663 vel
3013 3609 3404 3680 quiescentem,

1829 3698 1922 3753 sed
1967 3699 2146 3753 studio
2181 3698 2620 3754 laboriosissimze
2650 3699 3014 3770 inquisitionis
3043 3699 3404 3762 insistentem,

1832 3802 1936 3856 qua
1967 3803 2224 3858 sponsum
2255 3789 2583 3858 inquirebat,
2611 3790 2936 3846 introdueat.
2963 3789 3022 3844 Si
3064 3804 3194 3861 ergo
3226 3789 3405 3858 requi-

1832 3879 1989 3933 rebat
2016 3893 2304 3947 sponsum,
2333 3880 2601 3948 quomodo
2633 3881 3042 3951 requiescebat?
3077 3879 3182 3935 Sed
3212 3879 3408 3935 dulcis—

1833 3971 2000 4025 simus
2025 3980 2080 4025 et
2099 3971 2450 4027 suavissimus
2482 3987 2703 4028 somnus
2725 3982 2810 4029 est
2836 3973 3110 4029 Christum
3137 3987 3400 4042 quaerere.

1833 4061 2044 4116 Dormit
2077 4076 2207 4132 ergo
2237 4062 2508 4127 Ecclesia,
2545 4070 2599 4116 et
2628 4063 2900 4118 Christum
2947 4064 3172 4132 qumrit,
3207 4065 3407 4118 dormit

1833 4150 2086 4205 videlicet
2114 4167 2144 4205 a
2169 4151 2450 4208 desideriis
2476 4154 2724 4218 terrenis,
2763 4152 2830 4207 ab
2859 4154 3065 4208 actibus
3091 4154 3291 4220 saeculi,
3322 4155 3404 4208 vi-

1834 4224 1963 4314 gilat
1993 4252 2172 4296 autem
2208 4255 2263 4298 et
2289 4243 2513 4313 requirit
2537 4259 2812 4314 sponsum,
2841 4244 2965 4313 quia
3009 4243 3126 4312 ejus
3163 4253 3411 4300 contem-

1833 4331 2352 4401 plationi.inhmret,
2405 4348 2529 4387 eum
2577 4333 2748 4387 solum
2787 4335 3090 4399 desiderat,
3139 4335 3208 4388 ad
3257 4335 3410 4390 illum

1833 4423 2114 4495 pervenire
2177 4424 2472 4480 contendit.
2533 4424 2760 4491 Adjurat
2814 4441 2944 4496 ergo
2993 4441 3221 4495 sponsus
3269 4427 3440 4484 ﬁlias.

1833 4513 2192 4580 Hierusalem,
2219 4514 2428 4570 animas
2451 4515 2696 4571 videlicet
2737 4517 3016 4572 desideriis
3039 4531 3286 4586 supernae
3315 4533 3412 4586 pa-

229 4629 248 4660 ι
287 4607 570 4662 Paululum
601 4622 721 4662 cum
753 4607 1164 4676 pertransissem
1193 4621 1314 4670 eos,
1351 4606 1528 4660 inveni
1567 4620 1725 4675 quem
1753 4595 1804 4656 D
1831 4605 1947 4659 tria;
1973 4603 2325 4671 inhaerentes,
2362 4620 2430 4661 ne
2473 4605 2618 4660 illam
2661 4608 2899 4661 excitent
2938 4607 3006 4661 ab
3061 4608 3164 4662 hoe
3213 4622 3440 4664 somno.

153 4700 335 4771 diligit
376 4699 554 4751 anima
603 4711 740 4750 mea.
781 4715 798 4748 ι
837 4696 1175 4751 Pertransire
1209 4695 1397 4765 vigiles
1421 4704 1504 4749 est
1539 4710 1726 4750 eorum

152 4791 301 4844 dicta
347 4795 402 4842 et
444 4786 742 4841 doctrinam
786 4785 1065 4857 diligenter
1102 4786 1451 4856 perscrutari.
1485 4785 1730 4840 Solemus

153 4893 389 4947 namque
415 4877 593 4931 dicere
621 4892 634 4929 :
669 4875 988 4930 Transcurri
1013 4875 1205 4930 librum
1246 4875 1426 4947 legens
1450 4915 1466 4941 ,
1489 4877 1573 4930 vel
1600 4891 1726 4944 per-

154 4967 403 5021 transivi.
453 4967 585 5020 Cum
627 4965 864 5037 (inquit)
912 4965 1323 5033 pertransissem
1377 4979 1500 5028 eos,
1530 4964 1728 5018 'inveni

153 5075 316 5129 quem
349 5057 517 5128 diligit
543 5058 720 5111 anima
754 5071 890 5110 mea.
924 5056 1058 5122 Quia
1095 5071 1216 5110 cum
1245 5055 1470 5110 sollicita
1497 5056 1728 5110 meditu-

153 5153 299 5205 tione
327 5149 468 5203 dicta
502 5148 582 5203 vel
615 5149 809 5216 scripta
838 5157 1146 5201 sanctorum
1175 5146 1518 5214 requirimus,
1547 5147 1725 5199 statim

153 5239 411 5293 dilectum
453 5237 788 5300 invenimus,
821 5237 944 5305 quia
993 5235 1274 5288 Dominum
1307 5235 1359 5287 in
1406 5249 1590 5288 eorum
1635 5235 1729 5287 do-

153 5337 338 5398 gmate
379 5328 696 5396 reperimus.
728 5325 910 5380 Potest
951 5333 1005 5381 et
1032 5326 1109 5379 sic
1143 5323 1362 5392 intelligi
1401 5341 1413 5376 :
1446 5323 1578 5376 Cum
1609 5337 1728 5392 per—

157 5420 469 5474 transissem
500 5433 612 5481 eos,
639 5417 815 5472 inveni
843 5431 1003 5486 quem
1033 5414 1206 5485 diligit
1245 5414 1424 5467 anima
1458 5429 1596 5478 mea,
1628 5414 1729 5467 hoc

155 5516 272 5572 est,
301 5521 424 5561 cum
457 5505 832 5561 intellexissem
867 5505 1140 5560 Christum
1180 5518 1392 5558 omnem
1429 5504 1729 5559 sublimita-

157 5606 264 5651 tem
297 5605 353 5650 et
390 5597 615 5668 gratiam
653 5611 926 5665 superare,
965 5606 1090 5650 tunc
1147 5596 1323 5650 iuveni
1361 5611 1520 5665 quem
1558 5596 1730 5666 diligit

156 5686 339 5740 anima
385 5701 536 5751 mea,
564 5687 665 5740 hoe
708 5693 822 5749 est,
858 5695 982 5738 tunc
1020 5701 1143 5740 vere
1188 5686 1424 5740 intellexi
1468 5697 1728 5755 quantum

159 5778 275 5847 ipse
303 5793 335 5833 a
368 5788 687 5836 cancrorum
714 5788 1019 5836 sanctorum
1053 5780 1258 5836 meritis
1285 5781 1461 5836 distet.
1504 5800 1521 5831 ε
1559 5781 1723 5837 Tenui

1830 4695 2162 4751 suavissima:
2209 4696 2405 4766 quietis
2449 4705 2504 4751 et
2545 4697 3014 4768 contemplationis
3054 4698 3237 4754 “donec
3295 4699 3412 4769 ipsa

1832 4785 1977 4841 velit.
2011 4784 2243 4842 Somnus
2281 4796 2460 4842 autem
2492 4788 2683 4842 merito
2721 4803 2868 4843 mors
2912 4789 3235 4859 appellatur,
3283 4792 3410 4860 quia

1830 4878 1970 4932 sicut
1992 4877 2267 4932 dormiens
2296 4894 2327 4932 a
2350 4879 2648 4936 visibilibus
2672 4882 2856 4936 oculos
2887 4882 3104 4948 claudit,
3134 4892 3190 4938 et
3218 4883 3411 4937 invisi-

1830 4967 1955 5022 bilia
1989 4969 2396 5038 contemplatur,
2440 4972 2513 5026 ita
2543 4972 2590 5027 is
2631 4974 2722 5042 qui
2754 4975 2947 5029 divinte
2971 4975 3410 5045 contemplationi

1834 5058 2056 5123 insistit,
2082 5059 2234 5128 quasi
2256 5059 2464 5115 alienus
2493 5070 2652 5116 estet
2672 5063 2872 5118 dormit
2893 5063 3272 5127 exterioribus,
3297 5063 3412 5117 sola

1834 5149 2133 5219 spiritualia
2171 5158 2226 5204 et
2261 5152 2540 5206 cmlestitia
2571 5154 2734 5209 videt.
2777 5154 2885 5209 Nec
2930 5155 3125 5209 mirum
3169 5155 3213 5209 si
3259 5170 3411 5210 amor

1835 5256 2053 5296 somnus
2080 5252 2324 5308 vocatur,
2350 5259 2472 5298 cum
2495 5245 2549 5298 in
2574 5245 2921 5314 sequentibus
2950 5261 3096 5300 mors
3126 5260 3280 5300 amor
3309 5261 3408 5315 ap-

1836 5331 2060 5399 pelletur
2086 5349 2100 5386 :
2133 5353 2151 5384 ‹
2182 5333 2359 5389 Fortis
2384 5344 2470 5389 est
2495 5343 2552 5389 ut
2578 5351 2723 5392 mors
2751 5337 2986 5391 dilectio.
3018 5356 3036 5388 ι
3068 5336 3201 5391 Cum
3231 5345 3408 5392 autem

1836 5422 1963 5476 dicit
1995 5442 2006 5476 :
2039 5445 2056 5474 ι
2101 5425 2280 5480 Donec
2325 5427 2438 5496 ipsa
2471 5427 2628 5492 velit,
2677 5447 2696 5480 ι
2741 5428 2975 5482 ostendit
3021 5427 3310 5482 Ecclesiam
3344 5429 3411 5484 dc

1837 5515 2084 5582 gentibus
2111 5517 2411 5574 voluntarie
2448 5533 2505 5574 se
2535 5528 2954 5590 prmparaturam
2994 5526 3049 5572 et
3079 5518 3147 5573 ad
3197 5518 3412 5577 labores

1835 5613 1891 5658 et
1917 5607 2317 5672 persecutiones
2346 5624 2445 5678 pro
2465 5609 2681 5665 Christo
2710 5609 3070 5679 perferendas.

1915 5711 1932 5741 ‹
1969 5693 2097 5760 Quae
2140 5704 2222 5750 est
2265 5697 2364 5751 ista
2408 5713 2526 5767 qua:
2570 5699 2809 5753 ascendit
2838 5712 2935 5768 per
2976 5697 3244 5752 desertum
3273 5699 3416 5755 sicut

1837 5785 2042 5855 virgula
2075 5785 2206 5843 fumi
2233 5804 2296 5843 ex
2331 5791 2656 5845 aromatibus
2678 5790 2910 5858 myrrhae
2939 5798 2991 5846 et
3017 5790 3186 5847 thuris
3214 5800 3266 5846 μ
3297 5793 3408 5846 uni-
