3950 6466
525 362 625 421 3N

991 368 1348 426 HAYMONIS
1386 370 1872 439 HALBERS’I’AT.
1910 376 2126 433 EPISC.
2164 377 2317 433 OPP.
2352 378 2533 435 PARS
2572 380 2612 434 I.
2656 412 2723 420 —
2764 379 3117 439 COMMENT.
3156 384 3327 442 BIBL.

3685 394 3782 449 313

523 479 670 570 versi
721 478 955 550 pulveris
989 480 1371 550 pigmentarii?
1411 504 1429 535 ι
1467 485 1580 541 Vox
1629 485 1859 543 filiarum
1909 488 2105 544 Hieru-
2131 499 2176 554 ,Α
2209 489 2357 544 ditur
2382 505 2506 546 cum
2534 493 2817 550 subditur:
2841 515 2859 547 ο
2880 495 2959 551 En
2989 496 3247 553 lectulum
3277 498 3603 570 Salomonis,
3636 522 3654 557 ι
3678 514 3779 563 etc.

525 568 715 635 ealem,
748 570 800 625 id
821 578 904 626 est
925 578 1232 626 sanctorunt
1255 574 1543 643 primitiva
1559 576 1813 634 Ecclesia
1832 578 2103 635 admiran-

524 658 659 718 tium
698 663 1148 733 pulchritudinem
1188 665 1443 722 Ecclesia
1485 669 1552 724 de
1592 671 1843 741 gentibus
1879 688 2105 745 congre-

523 762 678 825 gata.
700 773 720 806 ι
740 754 869 823 Qua
895 763 978 811 est
1008 756 1301 830 (inquiunt)
1335 760 1477 815 ista?
1498 780 1517 811 ι
1536 760 1686 829 Qua,
1716 763 1770 818 id
1793 773 1876 820 est
1905 765 2099 835 qualis.

521 844 733 912 Quanta
759 844 916 901 laude
933 856 989 901 et
1016 847 1376 905 admiratione
1396 851 1578 922 digna,
1600 867 1720 922 qua
1738 869 1845 909 non
1869 855 2101 910 circum-

520 938 724 994 cisione
739 938 1021 1005 mundata,
1037 955 1139 996 nec
1152 941 1327 997 adhuc
1339 943 1604 1013 baptismo
1622 946 1974 1012 sanctificata,
1984 946 2099 1018 jam

420 1102 423 1105 Ἴ
517 1028 686 1083 currit
713 1029 784 1083 ad
811 1029 1016 1084 Deum?
1049 1048 1068 1081 ι
1105 1030 1362 1087 Ascendit
1384 1031 1600 1103 (Inquit)
1625 1048 1722 1104 per
1742 1035 2035 1090 desertum.
2073 1055 2093 1089 ι

517 1119 629 1174 lloc
670 1119 873 1176 dicitur
910 1121 979 1178 ad
1006 1106 1364 1178 imitationem
1397 1124 1588 1193 prisca
1630 1122 1801 1195 plebis
1835 1124 2097 1195 Iudaica,

515 1209 905 1279 qualiberata
944 1210 1011 1266 de
1052 1209 1306 1283 Egyptia
1344 1214 1631 1277 servitute,
1668 1229 1776 1285 per
1822 1216 2095 1273 desertum

515 1301 655 1356 mari
677 1300 864 1377 Rubro
890 1302 1138 1368 transito,
1161 1303 1308 1358 venit
1327 1304 1393 1359 ad
1418 1311 1615 1358 terram
1638 1306 2091 1375 repromissionis.

517 1392 610 1448 Sic
635 1401 691 1448 et
716 1392 961 1450 Ecclesia
989 1408 1087 1463 per
1125 1394 1397 1450 desertum
1423 1395 1703 1470 nationum
1748 1397 2097 1465 ascendebat,

504 1481 619 1551 jam
643 1485 709 1539 de
732 1482 967 1556 Egypto
998 1483 1136 1556 (hoc
1159 1496 1271 1552 est,
1311 1486 1380 1541 de
1406 1485 1721 1542 confusione
1746 1487 2092 1562 idololatria)

444 1605 471 1629 κ
512 1576 741 1632 liberata
762 1615 779 1643 ,
808 1587 863 1633 et
888 1576 1202 1643 Pharaone,
1231 1576 1286 1633 id
1327 1585 1412 1635 est
1438 1574 1652 1635 diabolo
1699 1581 2002 1649 submerso,
2033 1592 2094 1639 ut

512 1669 721 1726 caelesti
760 1685 959 1726 manna
980 1666 1315 1741 pasceretur,
1352 1680 1408 1727 et
1434 1686 1621 1727 veram
1667 1681 1866 1729 terram
1903 1690 2090 1745 repro—

510 1761 785 1817 missionis
813 1761 1201 1832 ingrederetur.
1214 1781 1232 1815 ι
1252 1760 1507 1818 Ascendit
1527 1762 1777 1834 (inquit):
1798 1767 1866 1821 ad
1880 1775 2091 1823 montes

2206 580 2404 638 Lectus
2435 582 2772 654 Salomonis,
2803 590 3054 659 quamvis
3098 584 3330 661 superna
3368 593 3512 650 illius
3556 597 3784 657 caelestis

2202 669 2551 728 beatitudinis
2578 675 2791 744 requies
2819 677 2991 755 accipi
3021 678 3222 748 possit,
3256 681 3310 735 in
3350 698 3458 753 qua
3485 685 3631 741 Deus
3667 703 3781 743 cum

2201 761 2316 815 suis
2344 763 2547 820 sanctis
2567 765 2898 840 requiescit,
2946 770 3280 839 probabilius
3322 780 3500 829 tamen
3551 792 3783 847 prasens

2202 854 2488 925 accipitur,
2519 857 2573 911 in
2597 872 2701 928 qua
2734 861 2910 914 sancti
2939 859 3035 915 Dei
3061 862 3253 932 sopitis
3281 865 3603 922 tumultibus
3634 869 3782 923 vitio-

2200 959 2341 1012 rum,
2372 947 2623 1017 amplexu
2671 948 2977 1008 Salomonis
3000 992 3015 1018 ,
3048 952 3103 1007 id
3145 961 3230 1008 est
3257 956 3370 1010 veri
3398 957 3612 1026 paciﬁci
3648 959 3775 1013 dele

2199 1043 2435 1091 ctantur.
2470 1036 2623 1093 Unde
2645 1047 2702 1093 et
2720 1038 3005 1097 Psalmista
3027 1043 3096 1098 de
3114 1042 3337 1098 Christo
3354 1045 3518 1101 dicit:
3541 1066 3561 1098 ί
3589 1047 3782 1103 Factus

2196 1133 2280 1179 est
2305 1125 2360 1181 in
2390 1143 2524 1197 pace
2567 1128 2718 1185 locus
2758 1129 2906 1199 ejus,
2934 1140 2992 1188 et
3020 1132 3288 1190 habitatio
3317 1134 3435 1206 ejus
3470 1137 3531 1192 in
3562 1136 3714 1194 Sion.
3755 1159 3775 1191 ι

2195 1213 2477 1273 Lectulum
2511 1232 2639 1289 ergo
2668 1219 3007 1289 Salomonis,
3033 1223 3085 1278 id
3114 1233 3200 1279 est
3224 1225 3525 1282 Ecclesiam
3556 1228 3779 1294 Christi,

2195 1308 2476 1379 sexaginta
2513 1308 2681 1366 fortes
2719 1312 2964 1368 ambiunt
3004 1328 3069 1368 ex
3109 1313 3421 1373 fortissimis
3459 1317 3652 1373 Israel.
3684 1320 3780 1376 Per

2194 1399 2473 1469 sexaginta
2502 1399 2691 1468 fortes,
2719 1402 2853 1458 ordo
2880 1403 3175 1461 electorum
3202 1407 3544 1475 intelligitur,
3575 1411 3670 1480 qui
3700 1412 3777 1465 vel

2192 1486 2536 1557 praedicando
2579 1488 2876 1547 Ecclesiam
2926 1494 3208 1561 muniunt,
3244 1502 3326 1551 vel
3366 1499 3780 1570 contemplando

2194 1578 2263 1633 ad
2293 1578 2440 1633 illam
2489 1595 2779 1650 supernam
2822 1584 3206 1642 beatitudinem
3237 1589 3523 1658 pervenire
3569 1591 3778 1649 deside-

2194 1676 2333 1724 rant.
2375 1668 2774 1741 Sexagenarius
2811 1683 2989 1731 autem
3036 1692 3296 1734 numerus
3341 1694 3408 1735 ex
3459 1683 3686 1737 senario
3726 1693 3777 1738 et

2193 1759 2415 1815 denario
2442 1770 2674 1817 constat.
2706 1762 2897 1820 Sexies
2927 1766 3072 1823 enim
3104 1768 3262 1832 deni,
3290 1769 3375 1825 vel
3419 1771 3601 1827 decies
3642 1775 3774 1838 seni,

511 1836 767 1933 uirtutum
785 1894 801 1919 ,
837 1852 926 1910 vel
967 1853 1132 1909 etiam
1162 1853 1231 1908 ad
1260 1854 1436 1926 ipsum
1465 1846 1754 1912 virtutibus
1790 1856 2084 1926 sublevata,
2116 1844 2163 1904 Β
2190 1851 2467 1922 sexaginta
2489 1851 2644 1908 fiunt.
2671 1852 2927 1912 Senarius
2948 1871 3077 1913 vero
3096 1858 3481 1929 perfectionem
3503 1836 3775 1934 signiﬁcat

398 2013 405 2021 ο
507 1936 599 2013 qui
628 1944 681 1998 in
711 1943 918 2013 psalmo
946 1933 1112 2000 dicit:
1149 1964 1168 1997 ι
1198 1943 1398 2000 Levavi
1426 1945 1611 2001 oculos
1657 1961 1807 2003 meos
1849 1949 1902 2003 in
1931 1964 2086 2006 mon-

507 2049 609 2101 tes,
642 2057 662 2091 ι
687 2047 819 2103 etc.,
852 2045 908 2092 et
931 2037 1057 2093 alibi
1088 2056 1101 2090 :
1140 2056 1158 2089 ι
1194 2038 1274 2092 Ad
1306 2047 1358 2093 te
1384 2038 1556 2094 levavi
1584 2038 1769 2096 oculos
1794 2057 1962 2107 meos,
1991 2042 2085 2113 qui

506 2130 720 2187 habitas
743 2130 797 2186 in
822 2130 994 2187 caelis.
1026 2151 1045 2183 ι
1074 2130 1279 2186 Montes
1304 2131 1404 2201 ipsi
1430 2140 1555 2187 sunt
1580 2133 1922 2203 patriarcha,
1954 2150 2081 2207 pro-

503 2222 711 2299 pheta,
752 2221 978 2292 apostoli
1020 2231 1076 2277 et
1119 2223 1300 2277 caeteri
1345 2223 1517 2281 sancti
1567 2222 1699 2290 Dei,
1749 2225 1842 2295 qui
1889 2226 2084 2301 merito

501 2315 765 2370 virtutum
793 2314 1391 2396 appellantur'monles.
1422 2315 1605 2371 Primo
1646 2317 1789 2372 enim
1821 2317 1891 2372 ad
1927 2334 2082 2374 mon-

502 2414 606 2471 tes,
639 2404 694 2460 id
718 2413 803 2460 est
848 2405 916 2460 ad
956 2413 1177 2462 sanctos
1220 2406 1465 2462 sublevat
1502 2407 1688 2463 oculos
1726 2406 1968 2464 Ecclesia
1998 2410 2081 2465 vel

501 2496 682 2552 anima
714 2496 906 2563 fidelis,
941 2497 1066 2567 quia
1096 2498 1309 2553 illorum
1343 2498 1646 2556 doctrinam
1668 2507 1928 2570 actusque
1953 2517 2080 2557 con-

501 2588 742 2655 siderat,
788 2588 1002 2644 illorum
1045 2590 1291 2660 exemplo
1331 2598 1388 2645 et
1436 2584 1841 2647 intercessione
1880 2592 2081 2648 muniri

500 2679 718 2751 gaudet.
751 2677 945 2734 Postea
966 2680 1277 2749 proficiens,
1300 2681 1369 2737 ad
1397 2681 1572 2752 ipsum
1597 2696 1812 2753 quoque
1835 2684 1927 2755 qui
1954 2684 2080 2741 fecit

447 2804 463 2823 ι,
500 2778 736 2837 montes,
767 2772 925 2828 audet
974 2772 1153 2827 cordis
1201 2781 1477 2842 aspectum
1507 2774 1741 2845 dirigere
1764 2816 1779 2841 ,
1808 2783 1864 2830 et
1898 2776 2029 2831 dicit
2061 2793 2077 2830 :

504 2882 522 2912 ι
556 2862 641 2918 Ad
668 2870 719 2916 te
745 2862 916 2918 levavi
942 2861 1126 2919 oculos
1146 2878 1313 2929 meos,
1344 2864 1434 2934 qui
1458 2864 1670 2920 habitas
1698 2865 1752 2920 in
1764 2867 1946 2933 calis,
1980 2887 1999 2921 ι
2025 2868 2080 2925 id

497 2963 582 3010 est
610 2962 890 3024 gratanter
931 2953 1227 3023 requiescis
1262 2955 1319 3009 in
1343 2955 1568 3011 sanctis.
1599 2975 1618 3006 ι
1655 2954 1809 3012 Sicut
1837 2956 2079 3031 (inquit)

495 3044 704 3118 virgula
720 3044 851 3100 fumi
869 3062 937 3101 ex
968 3047 1301 3102 aromatibus
1320 3047 1556 3119 myrrha
1569 3057 1623 3102 et
1640 3047 1833 3103 thuris.
1847 3036 2094 3114 iFumus:

2186 1944 2396 2014 operis,
2433 1947 2560 2017 quia
2603 1960 2699 2003 sex
2741 1948 2931 2017 diebus
2974 1951 3202 2021 perfecit
3242 1951 3385 2009 Deus
3420 1968 3588 2024 opera
3622 1971 3725 2011 sua
3756 1974 3772 2010 :

2187 2037 2446 2116 denarius
2469 2053 2600 2094 vero
2620 2043 3105 2099 remunerationem
3134 2052 3191 2099 et
3215 2045 3521 2113 pramium,
3547 2049 3697 2117 quod
3723 2050 3773 2104 in

2185 2127 2292 2184 fine
2319 2129 2506 2186 electis
2543 2130 2777 2186 dabitur.
2811 2132 2962 2189 Unde
2990 2141 3045 2191 et
3077 2134 3130 2188 bi
3160 2135 3251 2206 qui
3279 2135 3331 2190 in
3359 2136 3575 2192 vineam
3610 2154 3761 2194 vene-

2185 2228 2329 2286 runt,
2356 2221 2635 2277 denarium
2677 2221 2927 2294 leguntur
2970 2226 3263 2296 accepisse.
3312 2225 3606 2297 Sexaginta
3646 2245 3773 2302 ergo

2183 2310 2352 2368 fortes
2397 2311 2706 2383 significant
2733 2313 2825 2385 (ut
2849 2314 3054 2370 dictum
3087 2316 3202 2387 est)
3228 2324 3445 2373 sanctos
3482 2318 3771 2387 doctores,

2181 2402 2355 2475 fortes
2379 2412 2434 2459 et
2468 2404 2650 2462 animo
2672 2413 3003 2462 constantes.
3035 2406 3265 2462 Additur
3283 2423 3454 2464 vero:
3492 2427 3513 2460 ι
3550 2410 3633 2464 Ex
3662 2412 3771 2468 for-

2184 2495 2405 2551 tissimis
2451 2496 2632 2552 Israel.
2669 2516 2687 2548 ι
2719 2497 2920 2554 Omnes
2959 2499 3015 2553 in
3059 2498 3333 2555 Christum
3368 2500 3693 2570 credentes,
3719 2513 3772 2559 et

2181 2586 2454 2645 Christum
2482 2587 2785 2659 diligentes,
2808 2589 2975 2644 Israel
3004 2590 3083 2660 (id
3107 2600 3209 2655 est,
3243 2592 3326 2646 vir
3355 2592 3547 2649 videns
3575 2595 3769 2659 Deum)

2181 2680 2537 2751 appellantur.
2552 2680 2856 2738 Fortissimi
2873 2699 2999 2739 vero
3019 2683 3184 2739 Israel
3201 2684 3325 2739 'sunl
3344 2685 3437 2755 qui
3460 2684 3768 2741 Ecclesiam

2181 2771 2320 2827 tueri
2360 2771 2703 2842 pradicando
2727 2813 2741 2838 ,
2771 2782 2826 2827 ct
2870 2774 2938 2828 ab
2989 2774 3294 2829 incursibus
3342 2775 3653 2830 daemonum
3688 2777 3770 2831 vel

2182 2862 2583 2932 impugnationc
2628 2862 3005 2918 hareticornm
3052 2864 3341 2921 defendere
3378 2874 3672 2920 noverunt.
3704 2866 3767 2920 Hi

2179 2969 2310 3026 ergo
2353 2954 2598 3010 ambiunt
2631 2954 2885 3011 lectulum
2920 2953 3253 3021 Salomonis,
3299 2956 3427 3027 quia
3469 2957 3577 3012 illis
3610 2974 3763 3013 com—

2180 3046 2346 3102 missa
2374 3054 2458 3102 est
2492 3046 2762 3113 (Ecclesia,
2790 3055 2846 3103 et
2879 3048 2948 3102 ab
2982 3047 3086 3102 illis
3119 3047 3361 3117 vigilanti
3384 3064 3518 3104 cura
3554 3058 3643 3105 est
3676 3066 3764 3105 cu-

490 3151 555 3192 ex
588 3138 1001 3208 ignenascitur,
1028 3144 1086 3193 et
1120 3153 1244 3193 mox
1267 3137 1455 3193 altiora
1484 3138 1626 3193 aeris
1653 3139 1874 3209 expetit,
1907 3140 2077 3196 donec
2105 3190 2148 3212 η
2180 3142 2477 3199 stodienda.
2514 3159 2533 3192 ι
2583 3141 2783 3197 Omnes
2832 3149 3074 3197 tenentes
3121 3140 3361 3212 gladios,
3403 3148 3458 3196 et
3504 3143 3574 3196 ad
3621 3143 3764 3198 bella

493 3229 801 3298 aspectibus
848 3228 1171 3285 intuentium
1233 3228 1603 3283 subtrahatur.
1658 3218 1873 3286 Fumus
1912 3229 2075 3301 igitur

491 3321 760 3392 significat
780 3329 1026 3376 sanctum
1049 3319 1377 3375 desiderium
1398 3320 1522 3390 igne
1541 3320 1705 3375 divini
1733 3320 1932 3377 amoris
1955 3336 2077 3391 per-

490 3413 691 3468 fusum.
721 3412 829 3468 Nec
863 3412 1096 3468 absurde
1120 3411 1255 3467 fumi
1281 3422 1662 3482 comparantur
1682 3414 1923 3483 virgula,
1948 3416 2077 3486 quia

490 3512 680 3558 sancta
702 3503 943 3557 Ecclesia
972 3502 1057 3557 vel
1081 3503 1259 3558 anima
1297 3503 1464 3558 Deum
1497 3519 1703 3568 amans,
1740 3506 1955 3577 gracilis
1990 3516 2074 3562 est

492 3603 549 3650 et
573 3588 829 3660 delicata,
848 3593 1146 3663 disciplinis
1173 3593 1408 3664 Spiritus
1439 3596 1612 3650 sancti
1636 3604 1933 3663 attenuata,
1964 3613 2070 3653 non

492 3685 700 3740 habens
729 3686 1147 3754 grossitudinem
1176 3686 1474 3742 carnalium
1500 3687 1905 3743 desideriorum.
1944 3688 2071 3744 Sive

490 3777 713 3848 virgula
736 3775 867 3832 fumi
900 3792 1007 3832 non
1030 3792 1219 3847 sparso
1245 3778 1394 3834 fumo
1418 3788 1821 3849 comparantur,
1852 3788 2071 3851 propter

488 3869 753 3924 unitatem
785 3869 1062 3934 Ecclesia,
1097 3885 1217 3940 qua
1250 3869 1304 3924 in
1341 3867 1560 3926 Christo
1590 3886 1755 3926 unum
1783 3878 1884 3926 est.
1916 3870 2068 3927 Unde

487 3974 619 4016 vero
640 3968 781 4017 esset
802 3960 889 4017 ille
918 3960 1121 4027 fumus,
1143 3963 1377 4017 ostendit
1399 3978 1523 4019 cum
1548 3963 1727 4018 subdit
1751 3980 1766 4020 :
1790 3982 1808 4014 ι
1838 3962 2069 4035 Myrrha

486 4062 542 4108 et
569 4053 743 4109 thuris
769 4061 826 4110 et
865 4054 1101 4110 universi
1142 4055 1375 4126 pulveris
1403 4056 1764 4127 pigmentarii.
1799 4077 1818 4110 ι
1850 4057 2085 4129 Myrrha

485 4144 810 4200 condiuntur
841 4150 1173 4201 mortuorum
1202 4160 1455 4216 corpora,
1508 4147 1632 4202 thus
1659 4163 1790 4202 vero
1822 4148 2071 4203 adoletur

486 4236 540 4290 in
568 4234 839 4291 sacrificio
864 4234 959 4289 Dei
985 4251 1000 4287 :
1035 4235 1260 4305 ideoque
1286 4251 1383 4304 per
1414 4237 1688 4306 myrrham
1712 4237 1895 4291 carnis
1921 4251 2065 4291 mor-

486 4322 1085 4394 tificatio‘designatur,
1132 4340 1229 4394 per
1277 4326 1403 4380 thus
1446 4326 1709 4382 munditia
1756 4328 2062 4383 orationum

485 4417 829 4487 exprimitur.
858 4415 1095 4487 Virgula
1138 4431 1269 4487 ergo
1307 4416 1478 4483 fumi,
1528 4420 1763 4490 myrrhae
1804 4426 1860 4475 et
1889 4420 2062 4475 thuris

2179 3233 2506 3298 doctissimi;
2550 3251 2567 3285 ι
2602 3240 2787 3288 tenent
2814 3233 2957 3288 enim
2983 3231 3218 3304 gladium
3239 3231 3577 3304 spiritualem
3606 3233 3759 3288 verbi

2175 3322 2384 3389 Dei,de
2424 3337 2532 3392 quo
2570 3322 2855 3392 Apostolus
2888 3339 2901 3376 :
2932 3342 2950 3374 ‹
2979 3320 3045 3377 Ει
3078 3321 3284 3390 galeam
3316 3321 3536 3393 (inquit)
3566 3323 3764 3379 salutis

2174 3415 2450 3481 assumite,
2472 3422 2526 3470 et
2545 3415 2778 3486 gladium
2804 3414 3054 3485 Spiritus,
3079 3415 3222 3484 quod
3244 3422 3328 3469 est
3349 3416 3575 3471 verbum
3597 3416 3717 3471 Dei.
3738 3438 3759 3471 ι

2172 3505 2255 3560 Ad
2293 3505 2433 3561 bella
2472 3520 2600 3561 vero
2648 3513 2776 3561 sunt
2810 3505 3144 3571 doctissimi,
3174 3507 3300 3577 quia
3327 3521 3551 3561 necesse
3578 3516 3667 3562 est
3707 3520 3763 3563 ut

2171 3595 2468 3665 spiritualis
2511 3595 2682 3667 praelii
2733 3604 2849 3652 arte
2893 3596 3145 3651 instructi
3199 3597 3309 3652 sint
3354 3597 3448 3668 qui
3494 3598 3765 3655 adversus

2170 3686 2505 3757 principatus
2538 3705 2592 3742 et
2620 3694 2915 3757 potestates
2938 3727 2957 3753 ,
2998 3687 3261 3743 adversus
3284 3688 3469 3743 mundi
3516 3699 3763 3746 rectores

2173 3780 2513 3837 tenebrarum
2545 3781 2769 3846 barum,
2811 3787 3000 3834 contra
3042 3779 3345 3848 spiritualia
3384 3780 3650 3850 nequitia
3697 3782 3752 3834 in

2169 3875 2479 3930 caelestibus
2509 3873 2648 3929 bella
2686 3880 2898 3943 gerunt.
2931 3872 3343 3929 Versutissimus
3371 3873 3516 3927 enim
3550 3873 3643 3928 ille
3675 3884 3761 3928 est

2169 3965 2370 4030 hostis,
2413 3972 2469 4020 et
2510 3971 2660 4018 tanta
2706 3962 3003 4019 subtilitate
3047 3961 3340 4031 spiritualis
3382 3970 3623 4026 natura,
3653 3964 3751 4032 qui

2169 4056 2336 4111 etiam
2362 4054 2618 4124 temporis
2639 4053 2977 4125 longavitate
2999 4051 3362 4116 doctissimus,
3376 4059 3567 4106 contra
3588 4067 3757 4121 quem

2167 4145 2338 4201 sancti
2380 4144 2518 4201 bella
2544 4143 2858 4213 suscipiunt.
2900 4162 2918 4194 ι
2954 4140 3383 4211 Uniuscujusqne
3406 4142 3556 4196 ensis
3588 4157 3759 4213 super

2166 4235 2343 4293 femur
2380 4251 2537 4291 suum
2567 4242 2789 4305 propter
2831 4234 3053 4288 timores
3098 4240 3413 4287 nocturnos.
3468 4252 3486 4282 ι
3526 4232 3635 4288 Per
3675 4233 3755 4288 fe-

2165 4344 2287 4384 mur
2315 4327 2631 4399 propagatio
2660 4325 2861 4382 sobolis
2889 4324 3171 4394 accipitur.
3203 4322 3377 4393 Super
3415 4323 3592 4379 femur
3618 4340 3759 4395 ergo

2164 4435 2324 4477 enses
2346 4420 2564 4483 habent,
2587 4422 2711 4489 quia
2743 4419 2934 4473 timore
2967 4416 3059 4472 Dei
3083 4431 3275 4471 omnes
3293 4415 3755 4486 comprimuntur.

485 4508 726 4565 Ecclesia
749 4506 1097 4573 assimilatur,
1132 4508 1260 4579 quia
1287 4509 1458 4565 sancti
1493 4508 1902 4565 mortificatione
1936 4525 2057 4565 car—
2088 4542 2139 4601 D
2163 4518 2220 4566 et
2254 4516 2508 4565 coercent
2532 4516 2711 4563 motus
2747 4505 2980 4562 carnalis
3004 4504 3313 4575 voluptatis.
3345 4504 3413 4559 Et
3434 4504 3537 4560 hoc
3570 4523 3589 4554 ι
3622 4521 3759 4573 pro-

485 4600 572 4656 nis
613 4611 744 4665 sua,
782 4607 838 4655 et
880 4600 1214 4656 orationibus
1256 4602 1455 4657 mundo
1502 4616 1565 4656 ac
1615 4601 1846 4671 simplici
1899 4604 2060 4658 corde
2088 4596 2125 4601 ⁷
2165 4608 2286 4670 pter
2335 4600 2563 4654 timores
2607 4606 2934 4654 nocturnos.
2969 4616 2987 4648 ›
3025 4596 3079 4651 id
3117 4603 3202 4651 est
3248 4603 3467 4667 propter
3503 4596 3757 4650 occultas

485 4689 743 4760 perfusis,
770 4689 881 4745 Deo
916 4691 1129 4761 placere
1164 4684 1399 4747 student.
1434 4709 1455 4743 ι
1482 4691 1549 4749 Ει
1575 4690 1807 4747 universi
1841 4692 2059 4766 (inquit)

484 4784 720 4855 pulveris
741 4785 1100 4856 pigmentarii.
1140 4807 1158 4839 ι
1186 4786 1238 4841 id
1266 4795 1351 4842 est
1389 4784 1641 4854 congerie
1673 4785 1911 4839 omnium
1947 4785 2057 4841 vir-

486 4886 683 4932 tutum.
717 4875 830 4932 Non
875 4884 1052 4931 autem
1100 4877 1307 4947 integra
1350 4875 1515 4931 fuisse
1552 4884 1794 4931 aromata
1817 4918 1832 4943 ,
1872 4877 1967 4932 sed
2003 4878 2058 4932 in

481 4968 759 5043 pulverem
787 4968 1004 5023 redacta
1043 4966 1316 5032 dicuntur,
1334 4966 1462 5036 quia
1487 4973 1795 5021 sanctorum
1821 4967 2058 5022 actiones

481 5077 675 5134 magna
722 5059 1049 5117 discretione
1092 5058 1492 5114 consideranda
1533 5063 1686 5122 sunt,
1718 5064 1774 5111 et
1803 5065 2057 5126 tanquam

479 5152 662 5209 cribro
704 5149 1059 5207 subtilissime
1086 5147 1535 5203 considerationis
1576 5144 1927 5201 eventilanda
1949 5188 1964 5211 ,
1991 5161 2058 5200 ne

478 5244 609 5315 quid
646 5242 781 5297 forte
810 5242 860 5295 in
888 5240 993 5295 illis
1018 5248 1110 5293 aut
1150 5237 1531 5295 inconveniens
1572 5234 1801 5298 existat,
1843 5242 1939 5288 aut
1959 5250 2057 5304 per

479 5336 627 5404 ipsas
651 5333 877 5387 virtutes
905 5331 1246 5386 adversarius
1284 5324 1619 5382 milleformis
1655 5323 1931 5393 surripiat,
1961 5325 2053 5394 qui

477 5425 704 5480 callidus
731 5440 829 5494 per
856 5422 991 5477 bona
1014 5420 1177 5475 etiam
1208 5414 1489 5473 consuevit
1514 5428 1727 5469 nocere.

554 5534 573 5566 ι
611 5516 691 5570 En
734 5511 986 5569 lectulum
1031 5507 1376 5572 Salomonis,
1418 5504 1692 5574 sexaginta
1734 5503 1900 5561 fortes
1930 5520 2047 5560 am-

475 5609 631 5663 biunt
658 5623 725 5662 ex
765 5601 1071 5660 fortissimis
1113 5597 1309 5661 Israel,
1338 5609 1525 5651 omnes
1554 5602 1801 5650 tenentes
1823 5594 2047 5666 gladios,

474 5707 530 5754 et
570 5694 637 5751 ad
685 5694 821 5749 bella
869 5688 1187 5747 doctissimi.
1230 5683 1658 5754 Uniuscnjusque
1702 5685 1848 5740 ensis
1888 5701 2048 5756 super

476 5796 649 5854 lentur
680 5807 852 5848 suum.
894 5808 910 5841 ι
948 5786 1068 5854 Quo
1092 5783 1208 5838 hac
1254 5782 1445 5837 dilecta
1492 5779 1825 5848 ascenderit,
1862 5787 2044 5835 osten-

2166 4691 2389 4747 insidias
2436 4690 2655 4760 maligni
2703 4688 2899 4751 hostis,
2927 4688 3019 4758 qui
3070 4689 3123 4742 in
3164 4696 3323 4742 nocte
3361 4684 3525 4753 hujus
3560 4688 3757 4742 saeculi

2163 4780 2365 4836 sanctis
2390 4779 2626 4834 maxime
2649 4778 2741 4847 qui
2778 4778 2829 4832 in
2855 4776 3094 4832 Ecclesia
3121 4774 3493 4846 praeminent,
3523 4776 3755 4830 insidia-

2167 4879 2273 4935 tur,
2301 4879 2361 4924 ut
2388 4869 2494 4925 illis
2535 4868 2770 4937 deceptis
2799 4867 3047 4924 lectulum
3076 4865 3379 4921 Salomonis
3398 4905 3412 4931 ,
3443 4864 3493 4919 id
3537 4876 3625 4922 est
3665 4884 3759 4922 re.

2163 4961 2341 5031 quiem
2371 4968 2702 5021 sanctorum,
2727 4957 2930 5013 foedare
2950 4957 3138 5027 possit.
3179 4956 3245 5010 Et
3274 4955 3566 5010 notandum
3596 4960 3757 5028 quod

2160 5051 2405 5122 superius
2461 5059 2643 5104 tenere
2679 5047 2885 5118 gladios
2928 5047 3209 5111 dicuntur,
3260 5045 3349 5100 hic
3399 5061 3531 5100 vero
3578 5063 3759 5116 super

2159 5142 2335 5196 femur
2368 5156 2552 5196 ensem
2577 5141 2800 5195 habere.
2829 5138 3047 5194 Gladios
3066 5138 3209 5193 enim
3239 5146 3443 5202 tenent,
3468 5146 3531 5192 ut
3551 5140 3754 5194 adver-

2155 5232 2314 5288 sariis
2345 5232 2619 5297 resistant,
2643 5230 2926 5285 hareticos
2953 5238 3009 5284 et
3050 5244 3241 5285 omnes
3260 5244 3417 5284 sana
3451 5228 3577 5285 fidei
3606 5246 3758 5287 con-

2156 5321 2481 5376 tradicentes
2510 5370 2515 5374 .
2543 5319 2873 5375 confodiant.
2937 5318 3110 5390 Super
3156 5318 3336 5376 femur
3383 5334 3515 5388 ergo
3576 5335 3760 5375 enses

2156 5410 2378 5475 habent,
2400 5418 2459 5466 ut
2479 5410 2676 5465 suimet
2698 5424 2885 5466 curam
2914 5416 3124 5479 gerant,
3152 5416 3212 5462 ut
3230 5407 3409 5463 ﬂuxus
3435 5409 3755 5465 carnalium

2153 5501 2488 5572 voluptatum
2544 5502 2877 5572 reprimant,
2937 5514 3004 5555 ne
3059 5499 3182 5554 aliis
3224 5499 3585 5569 praedicantes
3634 5502 3755 5571 ipsi

2152 5593 2367 5664 reprobi
2385 5590 2700 5648 efficiantur.
2986 5668 2995 5675 _

2231 5702 2249 5734 ι
2286 5682 2569 5737 Ferculum
2611 5681 2740 5737 fecit
2782 5681 2883 5737 sibi
2930 5698 3024 5738 rex
3066 5679 3319 5735 Salomon
3354 5681 3421 5735 de
3445 5682 3609 5755 lignis
3650 5681 3759 5736 Li-

2153 5776 2300 5831 bani.
2344 5795 2360 5827 ι
2393 5773 2546 5842 Quod
2590 5772 2835 5844 superius
2890 5788 2988 5841 per
3016 5772 3231 5837 lectum
3264 5771 3597 5839 Salomonis,
3628 5774 3759 5829 hoc
