3950 6446
178 417 289 472 515

1166 398 1558 458 ENARRATIO
1591 399 1656 454 IN
1695 397 1990 455 CANTICA
2028 399 2476 460 CANTICORUM
2569 415 2574 420 '

3341 402 3448 460 δη

177 542 329 584 nunc
394 522 704 594 designatur
769 534 866 591 per
909 516 1172 574 ferculum
1211 555 1226 582 ,
1278 523 1461 569 sancta
1512 511 1764 566 videlicet
1793 514 1836 572 Α
1866 511 1982 565 Vox
2010 511 2262 567 Ecclesia:
2309 515 2589 570 invitantis
2616 514 2828 570 animas
2857 514 3090 570 ﬁdelium
3121 514 3188 570 ad
3227 513 3446 569 intuen-

177 617 444 682 Ecclesia,
489 615 542 670 in
589 627 694 669 oua
737 612 889 667 velut
942 610 997 664 in
1031 608 1170 664 lecto
1218 605 1560 674 requiescunt
1593 604 1766 657 sancti

178 713 303 772 Dei,
343 719 396 764 et
424 707 568 762 velut
592 707 644 760 in
673 704 812 758 lecto
838 702 1183 758 discumbunt
1208 698 1274 752 ad
1318 695 1504 765 epulas
1556 702 1770 747 aetemze

177 801 467 858 satietatis.
497 799 574 852 De
597 796 756 866 lignis
793 793 987 848 Libani
1031 790 1157 846 fecit
1188 787 1443 843 Salomon
1481 784 1766 841 ferculum.

177 893 418 947 Libanus
450 902 605 942 mons
625 894 708 940 est
729 882 1024 946 Phoenicis,
1057 879 1212 949 cujus
1235 877 1459 931 arbores
1497 881 1552 927 et
1575 887 1767 943 proce-

180 987 348 1039 ritate
376 990 431 1037 et
476 976 879 1049 pulchritudine
911 981 967 1029 et
1009 969 1352 1026 durabilitate
1402 966 1612 1022 caeteris
1635 979 1772 1035 pne—

179 1075 448 1136 eminent,
501 1070 729 1138 ideoque
771 1063 1077 1136 signiﬁcant
1124 1069 1338 1116 sanctos
1381 1059 1644 1113 virtutum
1676 1070 1786 1126 spe-

180 1165 451 1236 fulgentes
503 1167 558 1214 et
593 1158 658 1212 ad
701 1164 900 1211 aaterna
955 1153 1293 1208 festinantes.
1344 1148 1582 1203 Libanus
1627 1147 1772 1202 enim

182 1250 498 1311 eandidatio
542 1249 950 1316 interpretatur,
991 1253 1052 1298 ut
1093 1241 1382 1298 dealbatio.
1431 1240 1598 1308 Ligna
1643 1253 1773 1308 ergo

182 1344 379 1400 Libani
404 1349 532 1398 sunt
556 1338 728 1394 sancti
757 1335 1025 1393 candidati
1051 1342 1104 1390 et
1138 1332 1370 1389 dealbati
1405 1331 1460 1385 in
1483 1330 1768 1400 baptismo,

181 1447 241 1492 et
270 1433 517 1490 exornati
543 1429 695 1487 omni
711 1429 973 1483 virtutum
994 1424 1415 1498 pulchritudine.

265 1524 611 1581 (Columnas
647 1518 764 1588 ejus
794 1518 926 1574 fecit
967 1524 1271 1588 argenteas.
1304 1535 1322 1567 ι
1357 1515 1460 1570 Per
1492 1515 1774 1570 columnas

184 1615 447 1671 doctores
490 1609 730 1679 ejusdem
782 1605 1038 1662 Ecclesia:
1066 1603 1457 1676 signiﬁcantur,
1507 1603 1600 1672 qui
1653 1615 1772 1656 eam

181 1705 353 1761 verbo
370 1710 426 1758 et
442 1698 690 1769 exemplo
713 1697 984 1754 sustinent
1006 1711 1071 1752 ac
1091 1695 1368 1752 roborant.
1393 1694 1547 1751 Unde
1564 1694 1617 1748 in
1632 1693 1778 1749 Acti-

181 1797 290 1852 bus
326 1790 730 1864 apostolorum:
760 1806 779 1840 ι
811 1787 1078 1852 Iacobus,
1108 1795 1164 1841 et
1189 1783 1445 1849 Joannes,
1467 1791 1522 1839 et
1541 1782 1773 1853 Cephas,

1870 601 1996 654 dum
2025 616 2187 670 quam
2241 601 2507 659 mirabilis
2549 619 2605 659 et
2641 610 2916 675 speciosus
2959 605 3030 660 sit
3056 619 3287 674 sponsus
3308 606 3446 676 ejus.

1869 691 2017 747 Filiae
2042 708 2273 762 namque
2309 693 2441 748 Sion
2470 695 2722 751 Ecclesiae
2769 704 2915 763 sunt,
2953 711 3073 768 quae
3095 704 3148 751 et
3175 695 3297 752 ﬁliae
3326 703 3451 753 aunt

1871 782 2228 850 Hierusalem,
2260 795 2463 841 sanctae
2511 787 2761 843 videlicet
2812 789 3006 843 animae
3031 804 3278 859 supernas
3306 788 3451 845 illius

1870 876 2106 930 civitatis
2132 876 2297 942 cives,
2352 891 2473 946 quae
2499 885 2554 931 et
2598 887 2854 947 perpetua
2901 894 3022 932 cum
3052 879 3259 950 angelis
3314 894 3452 950 pace

1871 965 2144 1032 fruuntur,
2181 975 2235 1022 et
2265 981 2364 1036 per
2405 966 2910 1038 contemplationem
2958 969 3184 1038 gloriam
3237 970 3452 1025 Domini

1871 1055 2236 1126 speculantur.
2270 1057 2603 1126 Egredimini
2633 1058 2850 1128 (inquit)
2903 1073 2936 1112 ο
2984 1059 3108 1114 ﬁliae
3155 1059 3304 1125 Sion,
3351 1061 3452 1116 hoc

1871 1156 1950 1202 est
1996 1147 2141 1202 exite
2167 1147 2234 1202 de
2263 1148 2567 1204 turbulenta
2618 1148 2778 1219 hujus
2803 1147 2984 1202 saeculi
3017 1151 3449 1215 conversatione,

1872 1249 1930 1294 ut
1956 1247 2136 1294 mente
2181 1240 2432 1309 expedita
2477 1256 2600 1296 eum
2629 1255 2790 1310 quem
2826 1239 3049 1310 diligitis
3100 1242 3454 1311 contemplari

1871 1329 2109 1399 possitis.
2138 1329 2205 1383 Et
2231 1330 2409 1386 videte
2452 1330 2669 1402 (inquit)
2715 1345 2894 1402 regem
2933 1329 3299 1396 Salomonem,
3354 1332 3456 1386 hoc

1871 1425 1968 1481 est,
1997 1433 2182 1472 verum
2212 1418 2494 1488 paciﬁcum
2524 1419 2819 1487 Christum,
2855 1437 2874 1471 ι
2922 1421 2975 1475 in
3015 1420 3317 1474 diademate
3343 1437 3454 1491 quo

1872 1508 2151 1564 coronavit
2173 1523 2297 1564 eum
2323 1518 2497 1564 mater
2521 1525 2637 1566 sua.
2662 1531 2681 1564 ι
2713 1511 2793 1567 Ac
2831 1511 2875 1567 si
2899 1511 3141 1567 diceret:
3192 1510 3454 1568 Conside-

1872 1606 1988 1655 rate
2012 1597 2286 1654 Christum
2338 1615 2437 1670 pro
2465 1601 2618 1658 vobis
2641 1616 2804 1657 carne
2822 1587 3095 1667 indutum,
3139 1615 3304 1671 quam
3331 1617 3455 1657 ear-

1882 1704 2006 1744 nem
2048 1689 2116 1744 de
2137 1704 2306 1746 carne
2331 1688 2568 1762 Virginis
2608 1691 2798 1747 matris
2829 1707 2941 1747 sua:
2987 1691 3294 1762 assumpsit.
3327 1691 3457 1748 Dia-

1875 1781 2031 1836 dema
2055 1796 2290 1852 namque
2313 1791 2472 1838 vocat
2513 1798 2756 1849 carnem,
2795 1799 2956 1854 quam
2979 1783 3224 1840 Christus
3249 1799 3460 1840 assum-

185 1887 282 1957 qui
304 1883 627 1941 videbantur
641 1879 903 1937 columnae
916 1893 1056 1935 esse.
1091 1897 1109 1929 ι
1134 1876 1228 1932 Ha:
1253 1878 1516 1933 columna:
1537 1887 1662 1930 sunt
1685 1890 1772 1928 ar-
1799 1872 1846 1932 B
1872 1876 1979 1947 psit
2002 1891 2103 1946 pro
2124 1875 2297 1941 nobis,
2328 1876 2381 1931 in
2413 1891 2519 1947 qua
2564 1884 2814 1933 mortuus
2859 1876 3127 1931 destruxit
3169 1876 3454 1946 imperium

187 1989 418 2052 gentem,
449 1977 571 2045 quia
593 1974 769 2030 nitore
797 1973 1034 2029 caelestis
1057 1971 1255 2040 eloquii
1284 1969 1572 2040 refulgent.
1604 1986 1622 2019 ε
1654 1967 1776 2023 Elo-

191 2070 324 2139 quia
350 2067 490 2123 enim
519 2057 728 2120 Domini
770 2072 944 2128 casta,
981 2082 1000 2115 ι
1027 2070 1132 2117 etc.
1167 2080 1185 2113 ι
1217 2059 1643 2116 Reclinatorium
1676 2073 1774 2112 au-

193 2173 375 2221 reum,
432 2169 712 2212 ascensum
765 2167 1112 2224 purpureum.
1149 2169 1168 2203 ι
1218 2149 1322 2204 Per
1369 2148 1774 2203 reclinatorium

188 2264 445 2313 aureum,
485 2247 699 2317 requies
726 2255 926 2300 :eterna
971 2243 1254 2313 accipitur,
1303 2255 1422 2310 quae
1463 2240 1666 2296 sanctis
1716 2240 1772 2294 in

186 2336 433 2394 Ecclesia
456 2335 868 2407 repromittitur,
910 2334 978 2389 ad
1003 2348 1165 2402 quam
1194 2341 1371 2386 tamen
1410 2345 1668 2386 ascensus
1693 2338 1777 2385 est

184 2445 514 2501 purpureus.
565 2429 875 2498 Purpureus
906 2441 1163 2481 ascensus
1211 2431 1295 2479 est
1323 2422 1503 2493 passio
1551 2421 1772 2489 Christi,

185 2524 318 2594 quia
345 2536 580 2593 purpura
627 2520 864 2576 colorem
906 2516 1185 2588 sanguinis
1214 2515 1478 2568 imitatur.
1523 2514 1770 2568 Ascensu

189 2634 325 2688 ergo
352 2629 625 2687 purpureo
646 2613 713 2668 ad
742 2609 1143 2668 reclinatorium
1169 2606 1507 2678 pervenitur,
1540 2605 1668 2676 quia
1699 2603 1776 2658 illi

196 2712 268 2765 ad
301 2719 625 2764 aeternarum
655 2707 931 2776 epularum
983 2703 1308 2759 discubitum
1333 2708 1387 2755 et
1415 2700 1481 2755 ad
1530 2713 1777 2769 supernae

195 2799 397 2869 quietis
430 2799 670 2868 requiem
697 2796 943 2860 veniunt,
974 2793 1066 2864 qui
1097 2794 1150 2847 in
1191 2791 1445 2862 praesenti
1471 2789 1776 2860 passionem

193 2890 578 2960 Redemptoris
608 2887 690 2942 sui
717 2888 876 2958 digne
907 2884 1151 2939 venerari
1179 2891 1234 2936 et
1261 2880 1460 2936 imitari
1492 2886 1761 2949 satagunt.

201 3002 220 3034 ι
260 2982 434 3036 Media
486 2979 754 3034 charitate
798 2975 1102 3032 constravit
1149 2983 1371 3044 propter
1398 2972 1537 3026 ﬁlias
1587 2971 1778 3026 Hieru-

195 3073 387 3129 salem.
418 3091 436 3125 ι
490 3070 662 3127 Media
695 3069 960 3125 charitate
1009 3065 1325 3130 constravit,
1366 3064 1491 3133 quia
1529 3063 1778 3118 omnibus

195 3165 452 3222 ﬁdelibus
500 3179 654 3219 suam
708 3161 1029 3216 charitatem
1076 3158 1326 3213 Christus
1354 3154 1777 3221 commendavit,

1879 1967 2093 2031 mortis,
2121 1966 2174 2020 in
2206 1981 2310 2036 qua
2336 1967 2500 2022 etiam
2525 1965 2839 2035 resurgendi
2860 1965 3015 2021 nobis
3034 1979 3184 2034 spem
3209 1963 3455 2021 contulit.

1878 2061 1954 2114 De
1984 2060 2090 2114 hoc
2129 2059 2432 2113 diademate
2479 2058 2768 2128 Apostolus
2811 2057 2931 2112 ait:
2978 2056 3225 2114 Vidimus
3271 2056 3456 2113 Jesum

1875 2165 1973 2221 per
1999 2149 2306 2219 passionem
2337 2149 2505 2221 gloria
2549 2158 2603 2204 et
2653 2153 2858 2204 honore
2903 2156 3240 2203 coronatum.
3289 2148 3460 2203 Mater

1876 2256 2005 2296 vero
2035 2256 2130 2296 sua
2165 2255 2288 2294 eum
2335 2254 2625 2294 coronasse
2654 2239 2870 2305 dicitur,
2919 2238 3046 2308 quia
3083 2238 3238 2310 virgo
3289 2238 3458 2294 Maria

1875 2330 1952 2385 illi
1984 2331 2051 2386 de
2073 2346 2169 2385 sua
2200 2344 2366 2386 carne
2409 2330 2591 2385 carnis
2619 2329 2902 2384 materiem
2953 2329 3202 2399 praebuit.
3231 2348 3250 2380 ι
3287 2328 3345 2384 In
3373 2328 3461 2384 die

1876 2423 2249 2493 desponsionis
2282 2421 2417 2490 ejus,
2449 2440 2467 2472 ι
2501 2422 2607 2477 hoc
2643 2429 2745 2486 est,
2778 2421 2832 2475 in
2863 2428 3103 2490 tempore
3131 2419 3461 2475 incarnatio-

1876 2513 1983 2577 nis,
2014 2512 2228 2582 quando
2255 2513 2357 2568 sibi
2385 2511 2684 2568 Ecclesiam
2726 2510 3008 2579 conjunxit
3031 2526 3136 2566 non
3168 2511 3461 2567 habentem

1876 2604 2142 2660 maculam
2171 2613 2265 2658 aut
2289 2621 2502 2675 rugam,
2541 2605 2626 2661 vel
2648 2605 2864 2676 quando
2904 2604 3050 2660 Deus
3089 2604 3294 2660 homini
3329 2621 3464 2660 con-

1870 2693 2088 2763 junetus
2115 2703 2216 2749 est.
2248 2711 2266 2746 ί
2304 2693 2370 2748 Ει
2394 2694 2448 2749 in
2477 2695 2564 2750 die
2605 2693 2808 2749 laetitiae
2829 2692 3010 2749 cordis
3031 2693 3166 2763 ejus.
3195 2711 3214 2746 ι
3249 2692 3459 2748 Laetitia

1875 2784 2020 2838 enim
2055 2789 2111 2837 et
2138 2783 2391 2852 gaudium
2417 2782 2641 2849 Christi,
2667 2783 2813 2837 salus
2833 2791 2889 2837 et
2914 2781 3214 2853 redemptio
3238 2782 3458 2837 humani

1877 2875 2090 2944 generis
2119 2882 2221 2940 est,
2241 2879 2396 2943 juxta
2422 2876 2564 2944 quod
2588 2875 2641 2929 in
2668 2874 2958 2946 Evangelio
2987 2875 3182 2929 multos
3209 2875 3279 2930 ad
3298 2874 3460 2931 ﬁdem

1879 2981 2034 3022 suam
2054 2980 2284 3020 cernens
2311 2967 2598 3031 conﬂuere,
2650 2966 2704 3020 in
2754 2966 2841 3020 illa
2869 2965 3066 3035 (inquit
3104 2965 3463 3037 evangelista)

1878 3058 2013 3112 hora
2047 3056 2352 3121 exsultavit,
2409 3065 2466 3112 et
2521 3057 2701 3112 dixit:
2758 3075 2776 3108 ι
2815 3057 3088 3112 Conﬁteor
3131 3059 3248 3123 tibi,
3297 3058 3464 3114 Pater

1881 3147 2004 3204 coeli
2033 3156 2089 3202 et
2118 3155 2302 3213 terrae,
2332 3147 2460 3216 quia
2491 3145 2818 3202 abscondisti
2846 3147 2961 3201 haec
2982 3162 3011 3200 a
3053 3147 3384 3216 sapientibus
3408 3156 3464 3204 et

195 3256 454 3328 patiendo
479 3269 578 3324 pro
623 3253 801 3318 nobis,
827 3259 882 3306 et
931 3249 1175 3320 requiem
1227 3245 1381 3302 nobis
1405 3247 1776 3315 praeparando,
1807 3221 1851 3282 Ο
1882 3238 2258 3310 prudentibus,
2294 3246 2348 3292 et
2377 3237 2627 3293 revelasti
2657 3251 2720 3291 ea
2763 3235 3023 3306 parvulis.
3053 3253 3070 3286 ι
3107 3235 3174 3289 Ει
3204 3235 3257 3288 in
3288 3235 3465 3289 Evan-

189 3352 350 3421 juxta
378 3348 521 3418 quod
556 3345 846 3416 Apostolus
869 3343 1029 3398 dicit:
1059 3339 1412 3396 Commendat
1439 3345 1616 3392 autem
1640 3337 1781 3392 Deus

196 3457 356 3497 suam
379 3439 702 3495 cbaritatem
730 3437 784 3490 in
813 3434 987 3500 nobis,
1013 3431 1265 3502 quoniam
1294 3443 1417 3484 cum
1449 3428 1624 3482 adhuc
1648 3443 1778 3498 pec-

195 3540 413 3587 catores
445 3543 706 3593 essemus,
734 3541 833 3596 pro
868 3525 1024 3579 nobis
1055 3521 1246 3576 Filium
1286 3534 1440 3574 suum
1470 3518 1522 3571 in
1549 3526 1777 3572 mortem

200 3619 444 3675 tradidit.
477 3617 648 3672 Aliter
673 3634 685 3669 ε
714 3614 817 3669 Per
837 3614 1118 3669 columnas
1139 3619 1441 3681 argenteas,
1475 3607 1699 3678 apostoli
1726 3618 1780 3662 et

198 3710 480 3781 apostolici
532 3709 629 3763 viri
672 3707 1055 3776 designantur;
1104 3719 1201 3773 per
1245 3701 1644 3756 reclinatorium
1683 3716 1781 3754 au-

200 3817 379 3867 reum,
420 3799 700 3854 doctorum
752 3797 906 3862 ordo,
952 3793 1041 3864 qui
1087 3808 1207 3848 cum
1244 3790 1530 3846 ineffabilia
1573 3799 1785 3844 aeterna:

199 3893 328 3946 vitie
370 3889 773 3961 repromittunt,
815 3886 999 3954 utique
1040 3898 1138 3938 nos
1179 3882 1418 3937 suaviter
1445 3879 1786 3948 requiescere

201 3984 428 4037 faciunt.
476 3981 542 4032 Et
583 3979 685 4032 hoc
714 3976 1116 4030 reclinatorium
1157 3975 1294 4028 bene
1321 3987 1542 4026 aureum
1568 3971 1782 4035 dicitur,

200 4074 334 4142 quia
363 4069 630 4124 ineffabile
650 4076 735 4121 est
770 4067 896 4120 illud
921 4066 1198 4134 prtemium
1225 4066 1365 4132 quod
1390 4063 1560 4117 sancti
1592 4076 1784 4130 exspe-

201 4171 378 4220 ctant.
405 4162 463 4216 lu
491 4161 650 4216 rebus
669 4159 812 4214 enim
837 4157 1056 4213 caducis
1077 4156 1207 4210 nihil
1228 4155 1512 4224 pretiosius
1533 4162 1614 4208 est
1636 4168 1784 4207 auro.

203 4259 313 4314 Per
337 4271 626 4312 ascensum
656 4269 784 4310 vero
819 4268 1175 4324 purpureum,
1205 4251 1339 4306 ordo
1363 4249 1607 4318 signatur
1647 4264 1790 4302 mar-

205 4363 410 4422 tyrum,
450 4349 541 4418 qui
576 4348 881 4417 passionem
913 4343 1113 4400 Christi
1140 4341 1354 4404 imitati,
1387 4355 1484 4410 pro
1507 4338 1597 4394 illo
1633 4353 1789 4393 suum

205 4441 523 4512 sanguinem
562 4439 835 4494 fuderunt.
869 4436 976 4492 Sed
1028 4434 1154 4504 quid
1205 4447 1306 4487 nos
1352 4431 1629 4496 faciemus,
1661 4429 1792 4485 dicit

205 4537 400 4591 beatus
437 4533 753 4604 Gregorius,
810 4531 900 4601 qui
948 4528 1142 4583 nullius
1190 4526 1368 4580 meriti
1423 4521 1788 4579 sumus‘INon

208 4629 352 4682 inter
371 4625 638 4687 doctores,
678 4638 784 4677 non
811 4623 952 4676 inter
973 4627 1237 4689 martyres
1264 4616 1437 4671 locum
1467 4630 1563 4669 nos
1596 4615 1792 4669 habere

207 4719 474 4774 videmur.
526 4715 780 4785 Sequitur
807 4728 822 4766 :
846 4733 861 4764 ‹
899 4710 1071 4765 Media
1112 4707 1376 4763 charitate
1421 4703 1736 4760 constravit.
1766 4722 1784 4755 ι

211 4811 519 4866 Habeamus
557 4823 686 4876 ergo
712 4805 1051 4865 eharitatem,
1077 4798 1381 4868 qua'media
1415 4797 1574 4866 hujus
1600 4793 1791 4850 fereuli

209 4909 487 4958 constrata
516 4909 658 4961 sunt,
690 4913 808 4967 quae
844 4905 898 4950 et
918 4894 1118 4949 idcirco
1152 4893 1319 4944 latum
1358 4879 1666 4942 mandatum
1696 4902 1790 4940 vo-

211 5001 388 5057 catur,
446 4992 568 5060 quia
606 4990 856 5044 onmibus
907 4986 1018 5040 suis
1064 4982 1501 5039 observatoribus
1537 4988 1791 5033 aeternam

213 5085 445 5141 salutem
490 5089 663 5152 parat.
711 5080 864 5135 Hanc
908 5076 1198 5132 eﬂicaeiter
1246 5082 1544 5134 teneamus,
1597 5080 1650 5124 et
1692 5083 1790 5138 per

213 5180 358 5232 hanc
386 5175 732 5229 salvabimur.
787 5173 853 5226 Et
881 5172 983 5225 hoc
1023 5175 1241 5238 propter
1270 5164 1406 5218 filias
1434 5163 1786 5225 Hierusalem,

215 5273 321 5324 hoc
353 5278 458 5332 est,
499 5275 725 5338 [ποριεῖ.
767 5265 974 5319 animas
1009 5260 1301 5330 simplices,
1351 5264 1405 5311 et
1457 5255 1651 5309 nullius
1688 5254 1790 5308 sibi

215 5363 432 5417 virtutis
455 5361 718 5426 conscias,
750 5374 869 5428 qua:
911 5363 1113 5427 quanto
1142 5351 1313 5422 magis
1350 5345 1654 5419 fragilitatis
1689 5345 1789 5400 sibi

214 5461 342 5508 sunt
367 5451 618 5515 consciae,
660 5457 813 5503 tanto
848 5445 1078 5516 amplius
1118 5441 1454 5497 Salvatorem
1484 5446 1538 5493 et
1563 5436 1794 5491 Redem-

215 5551 426 5613 ptorem
454 5557 608 5595 suum
642 5538 862 5609 diligere
891 5542 1160 5606 satagunt.

297 5652 316 5686 ι
345 5631 673 5704 Egredimini
709 5640 762 5685 et
791 5629 984 5692 videte,
1025 5626 1146 5680 ﬁlize
1175 5624 1324 5687 Sion,
1352 5612 1531 5692 regem
1559 5619 1799 5675 Salomo-

217 5739 345 5780 nem
370 5723 423 5777 in
449 5721 773 5784 diademate,
815 5733 922 5788 quo
946 5713 1223 5771 coronavit
1252 5729 1372 5768 eum
1406 5719 1580 5766 mater
1618 5725 1714 5765 sua
1746 5710 1799 5765 in

217 5819 308 5875 (lie
343 5815 715 5887 desponsionis
736 5813 874 5869 illius
902 5818 952 5866 et
982 5810 1033 5864 in
1068 5809 1150 5865 die
1178 5807 1372 5864 Lrtilize
1409 5805 1584 5864 cordis
1622 5803 1752 5875 ejus.
1781 5824 1796 5855 ν

1883 3330 2051 3401 gelica
2100 3327 2355 3399 parabola
2410 3327 2626 3382 inventa
2664 3340 2765 3381 ove
2795 3366 2811 3390 ,
2877 3323 3192 3380 convocavit
3237 3323 3464 3385 amicos,

1885 3420 2072 3475 dicens
2097 3433 2112 3471 :
2149 3437 2167 3469 ε
2203 3416 2662 3488 Congratulamini
2689 3415 2840 3470 mihi.
2868 3434 2886 3467 ι
2919 3413 3103 3469 Potest
3126 3415 3226 3469 hoc
3251 3422 3308 3468 et
3327 3412 3462 3466 sim-

1887 3510 2097 3580 pliciter
2125 3517 2299 3564 totum
2327 3509 2395 3563 ad
2419 3507 2722 3578 passionem
2749 3505 2952 3561 Christi
2982 3503 3171 3560 referri
3201 3502 3355 3572 juxta
3381 3501 3469 3556 lit-

1887 3610 2079 3656 teram.
2117 3597 2426 3656 szevidens
2448 3599 2614 3653 etiam
2659 3594 2912 3653 Salomon
2940 3593 2994 3649 in
3039 3592 3226 3663 spiritu
3253 3591 3466 3663 passio-

1885 3706 2008 3745 nem
2037 3689 2264 3756 Christi,
2315 3688 2472 3758 longe
2513 3695 2642 3742 ante
2691 3685 3058 3756 praemonebat
3087 3683 3252 3738 ﬁliam
3308 3681 3464 3747 Sion,

1888 3782 1940 3836 id
1969 3789 2054 3836 est
2074 3780 2288 3849 plebem
2308 3779 2675 3840 lsraeliticam,
2709 3796 2727 3828 ι
2761 3776 3111 3848 Egredimini,
3139 3795 3158 3826 ι
3193 3775 3465 3844 inquiens,

1896 3892 1913 3924 ‹
1951 3881 2007 3926 et
2030 3871 2209 3925 videte
2240 3885 2418 3941 regem
2459 3869 2826 3932 Salomonem,
2857 3886 2874 3917 ι
2911 3866 2965 3920 id
3013 3873 3098 3920 est
3141 3864 3416 3920 Christum
3451 3904 3468 3931 ,

1897 3982 1914 4013 ‹
1942 3963 1995 4016 in
2034 3961 2358 4026 diademate,
2393 3979 2411 4011 ι
2466 3960 2517 4014 id
2575 3967 2659 4013 est
2706 3958 2759 4011 in
2817 3971 3001 4026 spinea
3055 3970 3274 4022 corona,
3309 3974 3328 4006 ε
3361 3970 3470 4024 quo

1887 4052 2166 4108 coronavit
2219 4067 2341 4104 eum
2393 4058 2568 4104 mater
2616 4064 2734 4111 sua,
2772 4066 2790 4099 ι
2848 4046 3154 4115 Synagoga,
3207 4065 3224 4095 ι
3281 4046 3333 4098 ἱη
3382 4046 3470 4100 die

1887 4140 2260 4210 desponsionis
2283 4137 2420 4206 ejus,
2452 4157 2468 4187 ι
2501 4136 2714 4206 quando
2759 4133 3011 4189 videlicet
3051 4131 3152 4186 sibi
3189 4130 3470 4200 conjunxit

1889 4233 2222 4297 Ecclesiam;
2262 4250 2280 4282 ι
2318 4240 2374 4285 et
2420 4231 2473 4284 in
2514 4229 2598 4284 die
2658 4227 2858 4282 laatitiae
2885 4224 3064 4280 cordis
3117 4221 3253 4292 ejus,
3287 4241 3306 4273 ι
3365 4237 3472 4292 quo

1889 4327 2156 4398 gaudebat
2198 4339 2296 4394 per
2337 4338 2489 4378 suam
2535 4319 2842 4390 passionem
2887 4315 3080 4372 redimi
3121 4312 3379 4368 mundum
3406 4311 3473 4366 de

1891 4415 2153 4472 diabolica
2176 4422 2459 4484 potestate.
2493 4407 2824 4482 Egredimini
2872 4420 3020 4478 ergo,
3065 4404 3170 4459 hoc
3195 4408 3298 4468 est,
3327 4401 3474 4456 exite

1891 4506 1956 4560 de
1988 4503 2220 4560 tenebris
2265 4501 2619 4565 infidelitatis,
2665 4506 2722 4554 et
2767 4496 2948 4551 videte
3001 4493 3127 4564 (hoc
3153 4500 3254 4557 est,
3295 4498 3475 4546 mente

1817 4581 1868 4642 D
1896 4594 2197 4666 intelligite)
2231 4593 2355 4663 quia
2386 4592 2475 4647 ille
2515 4591 2606 4662 qui
2654 4597 2714 4644 ut
2752 4589 2914 4642 homo
2938 4584 3160 4656 patitur,
3186 4596 3350 4636 verus
3393 4587 3479 4634 cst

1895 4691 2037 4746 Deus
2066 4707 2078 4742 :
2106 4688 2187 4742 vel
2233 4687 2395 4743 etiam
2448 4681 2767 4754 egredimini
2798 4688 2951 4736 extra
2988 4686 3199 4748 portam
3241 4672 3478 4729 civitatis

1891 4789 2108 4846 vestrae,
2145 4788 2200 4834 ut
2231 4793 2355 4834 eum
2397 4778 2451 4831 in
2501 4773 2768 4844 Golgotha
2813 4778 2998 4827 monte
3023 4765 3344 4823 cruciﬁxum
3398 4763 3479 4817 vi—

1892 4873 2082 4929 deatis.

1950 4977 1967 4986 ’
2486 4997 2712 5056 CAPUT
2750 4997 2835 5052 Iv.

1970 5179 1987 5210 ε
2029 5160 2200 5224 Quam
2242 5155 2465 5226 pulchra
2505 5168 2587 5216 es,
2631 5151 2804 5206 amica
2848 5163 2988 5214 mea,
3037 5160 3199 5217 quam
3254 5143 3502 5213 pulchra"

1893 5264 1952 5303 es
1975 5257 2027 5301 ct
2064 5247 2280 5301 decora.
2315 5263 2333 5296 ι
2374 5243 2486 5296 Vox
2513 5241 2735 5296 Christi.
2765 5240 2854 5294 Bis
2880 5237 3094 5308 repetit,
3129 5253 3145 5285 ι
3170 5248 3332 5303 quam
3363 5232 3479 5301 pul-

1895 5332 2028 5397 chra
2069 5355 2151 5403 es,
2201 5357 2219 5390 ι
2265 5337 2318 5391 in
2354 5349 2518 5405 opere
2562 5333 2815 5387 videlicet
2867 5339 2924 5386 et
2968 5326 3372 5398 praedicatione.
3421 5321 3480 5377 In

1896 5447 2079 5502 opere,
2112 5429 2238 5500 quia
2275 5427 2411 5482 nihil
2433 5425 2655 5486 foedum,
2685 5421 2815 5477 nihil
2839 5421 3008 5477 oculis
3038 5418 3174 5472 meis
3202 5413 3480 5486 indignum

1901 5522 2053 5593 agis;
2079 5521 2130 5574 in
2154 5515 2555 5590 praedicatione,
2583 5513 2708 5584 quia
2731 5513 2800 5568 ad
2824 5507 3271 5567 considerandum
3308 5505 3482 5560 incar-

1905 5615 2138 5672 nationis
2163 5627 2297 5668 meaa
2321 5609 2659 5683 mysterium,
2698 5607 2861 5662 etiam
2899 5601 3108 5660 sodales
3139 5609 3257 5655 tuas
3285 5598 3482 5654 Hieru-

1905 5709 2070 5765 salem
2097 5705 2327 5762 invitare
2353 5718 2458 5759 non
2481 5715 2681 5756 cessas.
2707 5718 2724 5751 ι
2755 5696 2904 5754 Oculi
2937 5695 3014 5751 tui
3039 5691 3428 5748 columbarum.
3456 5707 3475 5740 ›

1909 5799 2205 5856 Pcroculos
2236 5793 2550 5866 intelligitur
2573 5807 2795 5848 acumen
2824 5802 3076 5846 sensuum
3098 5780 3480 5862 spiritualium,
