3950 6462
480 412 586 470 313

939 405 1292 463 HAYMONIS
1330 405 1807 461 HALBERS’IA’I.
1852 406 2065 462 EPISL‘.
2106 407 2260 461 OPP.
2297 409 2479 465 PARS
2515 409 2558 465 Ι.
2589 440 2660 453 —-
2692 411 3049 470 COMMENT.
3091 416 3265 475 BlBL.

3630 419 3749 478 sua

482 529 677 598 quibus
706 527 885 582 divina
914 534 969 579 et
1007 524 1331 593 sempiterna
1359 523 1752 595 contemplatur
1783 524 2043 578 Ecclesia.
2074 532 2122 590 Α
2150 526 2316 592 ablui,
2358 542 2425 582 ne
2454 528 2634 585 illotus
2666 533 2832 588 sudor
2870 537 3086 606 corpori
3120 538 3484 606 adhzerescat‘,
3520 548 3582 594 et
3609 556 3741 598 sca.

481 618 754 674 Columba:
780 623 955 669 autem
981 613 1119 668 oculi
1150 612 1402 667 Ecclesiae
1430 620 1809 682 comparantur
1836 621 2052 684 propter

480 706 813 778 spiritualem
857 702 1108 773 gratiam,
1131 701 1256 771 quia
1299 700 1531 770 Spiritus
1555 709 1772 759 sanctus
1798 701 1852 755 in
1875 702 2052 772 specie

482 797 745 855 columba:
772 793 1039 863 apparuit.
1068 791 1325 862 Sequitur
1350 811 1362 845 :
1394 811 1413 844 ι
1446 794 1664 862 Absque
1704 807 1768 848 eo
1795 794 1936 863 quod
1964 794 2051 849 in-

480 892 748 945 trinsecus
769 888 934 952 latet;
965 907 983 938 ι
1020 886 1074 941 id
1099 895 1184 941 est
1207 887 1410 957 absque
1431 901 1677 955 superna:
1720 886 1861 941 illius
1887 887 2048 942 retri-

476 978 715 1034 butionis
761 976 928 1047 gloria
957 991 1121 1045 quam
1155 976 1211 1030 in
1251 975 1360 1030 ﬁne
1404 976 1583 1031 saeculi
1614 991 1673 1031 es
1707 985 2045 1046 perceptura,

475 1085 643 1140 quam
668 1069 770 1125 etsi
800 1068 853 1122 in
875 1068 1124 1137 praesenti
1164 1081 1262 1136 per
1291 1068 1451 1123 ﬁdem
1493 1069 1891 1137 contempleris,
1919 1070 2050 1124 latet

477 1170 659 1216 tamen
685 1159 1015 1215 intrinsecus
1040 1176 1053 1212 :
1088 1173 1189 1213 nec
1215 1158 1360 1212 enim
1400 1158 1453 1211 in
1479 1159 1725 1228 prmsenti
1754 1157 1924 1212 videri
1951 1174 2047 1229 po-

476 1258 603 1315 test,
627 1248 721 1305 sed
741 1249 795 1303 in
820 1247 1001 1303 futuro
1026 1246 1353 1318 perﬁcietur.
1391 1265 1409 1298 ι
1433 1246 1619 1317 Capilli
1662 1248 1735 1301 tui
1765 1248 1904 1303 sicut
1927 1264 2049 1319 gre-

475 1354 571 1409 ges
595 1353 903 1408 caprarum,
932 1354 1051 1407 quae
1073 1339 1428 1393 ascenderunt
1462 1339 1528 1394 de
1551 1348 1731 1394 monte
1767 1338 1988 1395 Galaad.
2021 1360 2041 1394 ι

475 1428 581 1484 Per
604 1428 827 1497 capillos
853 1428 1129 1494 Ecclesiaa,
1167 1428 1390 1483 subtiles
1414 1428 1668 1484 Ecclesiae
1693 1430 2045 1502 cogitationes

476 1520 831 1589 accipiuntur,
853 1518 1048 1587 quibus
1076 1519 1386 1588 temporalia
1409 1518 1722 1589 plerumque
1747 1519 2043 1589 disponun-

477 1617 583 1663 tur.
608 1609 1001 1678 Comparantur
1022 1622 1150 1662 vero
1184 1609 1435 1679 gregibus
1453 1623 1760 1678 caprarum,
1783 1610 1909 1679 quia
1930 1611 2044 1666 haec

474 1700 734 1756 animalia
766 1699 964 1755 munda
990 1707 1135 1763 sunt,
1174 1700 1308 1755 etin
1346 1700 1566 1771 rupibus
1600 1702 1716 1756 sive
1738 1702 1792 1756 in
1818 1703 2045 1760 excelsis

473 1790 606 1847 locis
626 1792 875 1861 resupina
894 1799 1185 1861 pascuntur
1199 1807 1214 1857 ;
1229 1791 1353 1861 quia
1373 1792 1722 1863 cogitationes
1735 1804 2041 1850 sanctorum

2154 612 2298 667 hiem
2325 625 2563 684 generet.
2610 618 2775 674 Tonsi
2816 622 2962 676 enim
3006 632 3133 679 sunt
3161 628 3336 681 sancti
3380 629 3647 684 doctores
3685 638 3747 687 es

2151 705 2394 773 magistri
2450 708 2728 776 Ecclesiae,
2775 713 2867 782 qui
2914 722 2970 769 et
3005 715 3221 772 lavacro
3263 719 3516 789 baptismi
3560 723 3744 779 abluti

2150 802 2304 859 sunt;
2360 803 2418 850 et
2461 797 2683 865 vellera,
2732 799 2786 854 id
2833 810 2917 856 est
2958 802 3243 861 facultates
3282 817 3339 862 et
3387 811 3742 870 substantias

2148 899 2272 941 suas
2294 901 2391 957 pro
2414 886 2632 945 Christo
2658 891 2977 948 amiserunt.
3007 894 3269 952 Omnibus
3307 899 3526 968 quidem
3558 900 3743 957 ﬁdeli-

2146 976 2248 1033 bus
2270 980 2526 1034 convenit
2555 981 2697 1050 quod
2727 982 2861 1037 dicit
2888 998 2904 1037 :
2944 1003 2963 1036 c
2994 984 3127 1051 Quae
3155 988 3521 1043 ascenderunt
3549 990 3622 1044 de
3652 992 3737 1046 la—

2147 1080 2330 1132 vacro,
2367 1086 2386 1119 »
2440 1068 2619 1125 nullus
2649 1070 2796 1125 enim
2844 1073 2962 1128 sine
3003 1072 3218 1131 lavacro
3260 1076 3515 1146 baptismi
3554 1078 3739 1134 ﬁdelis

2145 1168 2266 1210 esse
2302 1163 2500 1225 potest.
2550 1158 2669 1214 Non
2714 1170 2892 1217 autem
2938 1165 3188 1223 omnibus
3223 1167 3399 1222 tonsio
3446 1172 3737 1235 convenit,

2145 1245 2271 1313 quia
2298 1261 2402 1301 non
2423 1262 2612 1303 omnes
2642 1250 2717 1304 ita
2746 1260 2872 1306 sunt
2901 1253 3144 1323 perfecti,
3178 1264 3237 1310 ut
3258 1272 3354 1312 sua
3376 1272 3479 1327 pro
3505 1259 3739 1313 Christo

2144 1335 2359 1391 valeant
2394 1339 2666 1407 amittere,
2710 1342 2803 1396 sed
2840 1342 2946 1399 illis
2989 1345 3301 1414 specialiter
3326 1348 3430 1403 hoc
3471 1353 3737 1421 congruit

2144 1425 2233 1493 qui
2273 1428 2566 1482 secundum
2592 1429 2813 1485 verbum
2846 1432 3057 1488 Domini
3094 1437 3334 1491 vendunt
3371 1438 3555 1492 omnia
3610 1456 3734 1503 sua.

2144 1522 2199 1569 et
2225 1514 2358 1571 dant
2400 1518 2744 1587 pauperibus,
2772 1528 2827 1576 et
2852 1523 2981 1577 nudi
3013 1531 3173 1592 atque
3202 1526 3437 1595 expediti
3482 1543 3734 1597 sequun-

2146 1614 2235 1661 tur
2254 1604 2549 1662 Cbristum.
2583 1607 2745 1664 Tales
2778 1626 2908 1682 ergo
2933 1623 3059 1667 sunt
3095 1614 3287 1670 dentes
3318 1615 3580 1671 Ecclesia:
3608 1632 3736 1671 san-

2143 1704 2265 1763 etae,
2293 1699 2346 1752 id
2379 1709 2464 1753 est
2497 1700 2882 1769 prtedicatores
2918 1712 2977 1761 et
3016 1704 3260 1775 magistri
3298 1704 3435 1774 ejus,
3471 1720 3610 1761 oves
3636 1722 3737 1776 per

2143 1789 2507 1847 innocentiam
2541 1791 2709 1847 abluti
2735 1792 3026 1865 baptismo,
3056 1796 3359 1851 voluntaria
3404 1806 3737 1867 paupertate

473 1883 575 1937 etsi
603 1898 700 1953 pro
724 1881 989 1952 corporali
1024 1882 1347 1937 necessitate
1381 1882 1435 1937 in
1464 1884 1846 1953 temporalibus
1883 1885 2039 1953 ﬁunt,
2070 1879 2116 1938 Β
2144 1891 2199 1938 et
2233 1898 2415 1938 rerum
2458 1885 2747 1953 sponsione
2779 1886 3092 1956 gaudentes.
3135 1886 3425 1956 Sequitur:
3461 1905 3482 1938 ι
3521 1888 3736 1942 Omnes

475 1984 652 2028 tamen
673 1974 743 2031 ab
770 1982 1095 2028 aeternorum
1122 1972 1418 2028 intentione
1436 1989 1542 2029 non
1574 1974 1873 2041 discedunt,
1905 1983 1961 2031 et
1990 1976 2043 2030 in

474 2067 587 2135 ipsa
608 2066 775 2122 etiam
800 2081 952 2130 cura,
997 2080 1160 2134 quam
1188 2067 1492 2122 necessitati
1529 2082 1807 2137 corporea:
1830 2069 2043 2139 impen-

473 2158 626 2222 dunt,
676 2157 832 2226 quasi
881 2155 1077 2210 ctelum
1131 2171 1346 2225 semper
1401 2156 1694 2212 intuentur.
1752 2159 2044 2214 Possumus

473 2248 636 2304 etiam
655 2262 766 2317 per-
790 2247 997 2313 oculos,
1029 2247 1274 2303 doctores
1304 2248 1555 2304 Ecclesia:
1579 2257 1634 2303 et
1666 2250 2044 2319 prtedieatores

473 2341 739 2409 accipere,
780 2338 874 2408 qui
917 2338 973 2393 in
1026 2353 1269 2409 corpore,
1329 2340 1417 2393 cui
1461 2346 1622 2409 caput
1659 2339 1907 2395 Christus
1938 2347 2041 2403 est,

473 2447 741 2487 summum
766 2430 943 2487 locum
972 2438 1177 2495 tenent,
1204 2438 1258 2485 ct
1282 2430 1521 2486 coelestia
1536 2445 1601 2485 ac
1615 2431 1912 2500 spiritualia
1933 2447 2044 2501 pne

473 2523 690 2578 caeteris
718 2522 977 2578 membris
1004 2522 1205 2577 vident.
1248 2521 1347 2576 Per
1366 2521 1594 2593 capillos
1620 2536 1769 2587 vero,
1798 2522 2043 2577 innume-

473 2629 591 2667 ram
612 2613 1010 2668 multitudinem
1035 2612 1359 2684 simplicium
1389 2613 1650 2676 ﬁdelium,
1675 2614 1727 2667 in
1748 2612 1924 2667 laicali
1955 2628 2042 2668 or-

472 2702 597 2758 dine
621 2701 1059 2767 constitutorum,
1087 2717 1207 2771 qua:
1232 2703 1332 2758 etsi
1362 2703 1542 2757 minus
1582 2702 1763 2757 vident
1790 2703 2043 2770 spiritua-

472 2793 560 2856 lia,
596 2807 691 2847 sua
716 2801 894 2848 tamen
930 2793 1274 2851 multitudine
1299 2803 1355 2850 et
1376 2795 1760 2850 numerositate
1786 2811 2040 2866 magpum

472 2887 635 2942 decus
659 2894 917 2955 praestant
943 2886 1215 2942 Ecclesiae.
1246 2888 1312 2942 Et
1359 2888 1495 2943 bene
1523 2887 1775 2959 gregibus
1818 2902 2039 2958 compa-

474 2984 664 3030 rantur
690 2991 995 3047 caprarum.
1024 2976 1198 3046 Capra
1243 2979 1616 3047 peccatoribus
1648 2979 1918 3047 convenit,
1945 2996 2043 3051 per

474 3066 616 3135 quod
651 3065 833 3135 plebes
861 3065 1097 3122 ﬁdelium
1130 3068 1433 3125 actionibus
1460 3070 1639 3125 saaculi
1679 3070 1891 3137 deditae,
1920 3087 2042 3143 quae

475 3158 591 3214 sine
628 3168 850 3228 peccato
889 3159 976 3230 agi
1005 3174 1112 3214 non
1162 3168 1407 3230 possunt,
1459 3159 1846 3232 intelliguntur.
1896 3162 2040 3219 Bene

2143 1973 2386 2043 gemellis
2412 1973 2630 2040 fetibus,
2658 1982 2713 2030 et
2738 1976 2939 2032 sterilis
2967 1992 3073 2033 non
3102 1984 3189 2031 est
3215 1978 3357 2030 inter
3383 1991 3499 2031 eas.
3532 1996 3552 2028 ι
3588 1976 3735 2044 Quia

2145 2066 2356 2135 gemina
2372 2065 2641 2121 charitate
2659 2074 2714 2121 et
2741 2066 3025 2124 dilectione
3046 2067 3141 2123 Dei
3155 2076 3212 2122 et
3229 2067 3460 2138 proximi
3478 2069 3736 2137 preemi-

2143 2162 2293 2219 nent,
2320 2161 2378 2208 et
2403 2154 2546 2210 hanc
2570 2154 2846 2210 observari
2868 2156 3079 2220 docent,
3108 2157 3190 2211 vel
3214 2157 3379 2211 etiam
3402 2157 3532 2225 quia
3562 2156 3733 2212 ﬁdem

2144 2252 2198 2300 et
2226 2244 2593 2313 operationem
2615 2245 2932 2313 praedicant.
2968 2247 3036 2300 Et
3060 2247 3263 2301 sterilis
3289 2261 3396 2302 non
3422 2255 3509 2301 est
3540 2248 3600 2301 in
3628 2247 3730 2312 eis,

2143 2332 2321 2388 nullus
2347 2333 2597 2388 videlicet
2618 2333 2828 2390 alienus
2857 2336 3013 2391 bonis
3032 2338 3305 2406 operibus.

2220 2440 2238 2473 ‹
2270 2420 2424 2477 Sicut
2451 2422 2581 2477 vitta
2612 2424 2862 2479 coccinea
2888 2424 3032 2481 labia
3061 2434 3172 2492 tua,
3194 2436 3251 2482 et
3278 2427 3553 2497 eloquium
3573 2438 3730 2484 tuum

2141 2511 2317 2567 dulce.
2352 2531 2372 2564 ι
2405 2510 2509 2567 Per
2545 2512 2685 2568 labia
2722 2513 2977 2570 Ecclesia:
3005 2515 3177 2571 sancti
3213 2517 3604 2586 praedicatores
3639 2534 3731 2574 ac-

2142 2602 2414 2673 cipiuntur
2463 2604 2556 2674 qui
2621 2613 2676 2660 et
2734 2620 2832 2674 per
2878 2606 3068 2663 dentes
3134 2606 3455 2678 ﬁgurantur.
3513 2610 3730 2666 Coccus

2141 2700 2320 2747 autem
2372 2694 2648 2764 sanguinis
2697 2695 2780 2750 vel
2837 2696 2978 2767 ignis
3024 2696 3188 2752 habet
3235 2699 3495 2767 speciem.
3544 2699 3725 2755 Labia

2140 2798 2271 2854 ergo
2328 2784 2584 2841 Ecclesiae
2631 2786 2724 2858 (id
2766 2795 2849 2842 est
2892 2789 3066 2845 sancti
3114 2790 3526 2861 praedicatores)
3573 2793 3729 2847 vitta:

2140 2875 2407 2930 coccineae
2464 2885 2886 2946 comparantur,
2946 2877 3072 2947 quia
3139 2878 3445 2947 passionem
3517 2878 3727 2933 Christi

2118 2965 2355 3021 assidue
2381 2965 2699 3036 praedicant,
2729 2966 2822 3036 qui
2850 2981 2947 3036 pro
2971 2976 3152 3022 nostra
3183 2967 3555 3037 redemptione
3584 2985 3722 3023 san-

2141 3056 2356 3128 guinem
2380 3073 2536 3115 suum
2562 3056 2716 3123 fudit.
2733 3059 2846 3113 sive
2868 3059 3014 3113 vitta:
3034 3061 3301 3115 coccineae
3326 3061 3725 3126 assimilantur,

2141 3149 2270 3219 quia
2314 3150 2695 3219 praedicatores
2723 3152 2914 3206 ardent
2959 3152 3265 3217 dilectione,
3312 3154 3600 3224 diligentes
3630 3171 3729 3211 eos

474 3260 656 3306 autem
700 3251 977 3319 sequitur:
1007 3271 1026 3303 ε
1066 3250 1195 3319 Qum
1237 3253 1593 3308 ascenderunt
1630 3254 1697 3309 de
1725 3263 1907 3310 monte
1933 3254 2044 3309 Ga-
2071 3233 2116 3296 Ο
2146 3240 2340 3309 (ιυίιιιιδ
2378 3240 2538 3295 verba
2579 3240 2914 3312 impendunt:
2958 3250 3015 3297 εί
3058 3243 3221 3297 eum“
3270 3257 3303 3296 ³
3341 3246 3540 3312 (imbus
3579 3246 3725 3299 mih

474 3341 614 3395 laad.
646 3361 665 3394 ι
700 3340 900 3397 Galaad
919 3357 1146 3398 acervus
1166 3344 1458 3399 testimonii
1486 3344 1871 3414 interpretatur
1891 3343 2046 3414 juxta

475 3433 739 3497 litteram,
766 3432 886 3491 ideo
909 3435 1034 3503 quia
1064 3450 1186 3488 cum
1230 3433 1400 3489 Jaeob
1432 3435 1632 3490 rediret
1659 3436 1727 3490 de
1751 3435 2047 3506 Mesopota-

477 3523 607 3583 mia,
646 3531 962 3591 perseeutus
986 3532 1071 3578 est
1092 3539 1212 3578 eum
1246 3524 1448 3590 Laban,
1477 3533 1531 3580 et
1559 3526 1644 3580 die
1669 3526 1825 3581 tertia
1846 3529 2049 3597 reperit

477 3625 622 3675 eum,
654 3610 835 3681 ibique
863 3612 918 3666 in
946 3614 1308 3668 testimonium
1338 3615 1510 3669 mutui
1550 3614 1766 3672 fmderis
1794 3633 2045 3674 acervum

480 3700 716 3770 lapidum
736 3712 1041 3758 erexerunt.
1066 3702 1306 3775 Mystice,
1328 3720 1554 3762 acervus
1579 3708 1870 3763 testimonii
1891 3708 2048 3765 Chri-

482 3799 598 3846 stus
624 3799 731 3857 est,
760 3792 815 3847 in
852 3807 959 3862 quo
984 3794 1270 3853 multitudo
1293 3796 1542 3852 consistit
1568 3798 1808 3853 omnium
1835 3809 2047 3856 sancto-

482 3897 624 3948 run,
648 3883 740 3952 qui
782 3892 908 3938 sunt
944 3884 1150 3955 lapides
1179 3886 1306 3953 vivi,
1345 3889 1684 3945 adhmrentes
1712 3888 1785 3943 illi
1812 3905 1941 3946 vero
1962 3891 2047 3945 la-

464 3972 591 4051 _ptdi
615 3974 681 4029 de
717 3989 824 4045 quo
849 3974 1042 4031 Petrus
1062 3976 1230 4031 dicit:
1261 3997 1279 4030 ι
1316 3979 1396 4034 Ad
1421 3993 1581 4049 quem
1619 3980 1938 4037 accedentes
1964 3982 2048 4036 la-

480 4061 658 4131 pidem
684 4064 883 4128 vivum,
915 4072 970 4120 et
998 4066 1100 4136 ipsi
1127 4074 1380 4137 tanquam
1406 4068 1610 4139 lapides
1637 4070 1741 4125 vivi
1763 4071 2051 4140 supersedi-

478 4151 734 4210 licamiui.
770 4173 790 4206 ι
822 4153 1046 4226 Grcges
1071 4172 1200 4228 ergo
1227 4171 1522 4230 caprarum
1551 4162 1615 4215 de
1645 4171 1826 4217 monte
1845 4160 2050 4217 Galaad

477 4251 856 4309 ascenderunt,
879 4246 1006 4313 quia
1028 4255 1339 4302 sanctorum
1359 4248 1730 4304 multitudines
1750 4251 1817 4305 ad
1835 4250 2048 4305 excelsa

477 4336 737 4392 \irtutttm
765 4336 1153 4403 conscendunt,
1181 4347 1238 4393 et
1270 4339 1473 4394 Christi
1494 4340 1793 4396 doctrinam
1820 4357 1884 4398 ac
1912 4357 2050 4411 prte-

477 4439 635 4500 cepta
662 4430 716 4484 in
742 4431 994 4485 omnibus
1019 4432 1169 4501 sequi
1198 4440 1467 4503 satagunt.

555 4541 574 4574 ι
612 4522 810 4577 Dentes
848 4523 926 4577 tui
966 4523 1106 4578 sicut
1151 4540 1343 4596 greges
1385 4533 1660 4582 tonsarum
1690 4527 1894 4593 ovium,
1930 4544 2049 4598 qua:

481 4612 841 4667 ascenderunt
871 4612 939 4667 de
967 4613 1201 4669 lavacro.
1241 4633 1261 4667 ι
1297 4614 1448 4670 Sicut
1473 4630 1570 4685 per
1606 4616 1829 4687 capillos
1862 4618 2045 4674 Eccle-

480 4702 576 4756 sia:
602 4702 1005 4758 innumerabilis
1031 4702 1315 4758 multitudo
1343 4705 1663 4775 simplicium
1693 4706 1926 4763 ﬁdelium
1958 4709 2045 4763 in-

484 4790 819 4861 telliguntur,
871 4791 944 4846 ita
969 4800 1023 4846 et
1050 4808 1146 4863 per
1183 4794 1371 4850 dentes
1397 4795 1651 4851 Ecclesiae
1684 4797 1935 4854 doctores
1959 4799 2044 4854 in-

485 4884 798 4955 telliguntur
824 4902 836 4937 :
865 4884 1114 4940 dentibus
1155 4886 1298 4941 enim
1339 4887 1489 4943 cibos
1537 4889 1930 4946 commolimus.
1982 4891 2049 4946 Et

484 4972 658 5028 sancti
702 4972 950 5028 doctores
989 4973 1127 5029 bene
1166 4975 1416 5033 dentibus
1456 4976 1883 5045 conformantur,
1922 4981 2047 5049 quia

484 5062 790 5134 spirituales
818 5065 987 5130 cibos,
1026 5080 1161 5134 quos
1198 5067 1470 5135 simplices
1515 5083 1711 5138 capere
1756 5078 2048 5140 nequeunt,

483 5154 584 5225 ipsi
609 5154 1002 5224 quodammodo
1027 5157 1342 5224 exponendo
1367 5158 1755 5212 comminuunt.
1791 5158 1931 5213 Deus
1960 5159 2055 5214 Ec-

484 5246 662 5302 clesia:
700 5247 967 5316 praecipue
1000 5254 1117 5300 erat
1157 5247 1379 5311 Petrus,
1418 5249 1504 5303 cui
1531 5249 1731 5304 dictum
1771 5258 1855 5304 est
1888 5249 1942 5303 in
1970 5250 2052 5304 vi-

484 5339 667 5393 sione:
691 5355 709 5389 ι
733 5338 926 5408 Surge,
949 5338 1138 5393 occide
1163 5346 1220 5391 et
1247 5338 1564 5393 manduca.»
1582 5338 1661 5393 Ac
1686 5338 1732 5393 si
1749 5339 2050 5394 diceretur:

485 5429 595 5484 Eos
622 5443 757 5499 quos
801 5429 868 5483 ad
910 5428 1071 5484 ﬁdem
1123 5429 1430 5493 convertis,
1476 5429 1662 5485 occide
1706 5429 1774 5484 ab
1799 5444 1864 5483 eo
1912 5430 2055 5500 quod

484 5529 628 5585 sunt,
659 5529 719 5575 ut
746 5521 998 5577 desinant
1021 5536 1140 5576 esse
1165 5529 1478 5592 peceatores
1505 5537 1520 5586 ;
1551 5529 1608 5576 et
1647 5522 1929 5588 manduca,
1953 5523 2058 5578 hoc

483 5620 567 5665 cst
620 5609 945 5666 transforma
980 5610 1035 5665 in
1075 5625 1272 5681 corpus
1298 5609 1573 5668 Ecclesim.
1611 5612 1756 5669 Bene
1783 5622 1963 5669 autem
2000 5613 2057 5668 hi

485 5702 673 5758 dentes
699 5702 890 5758 ovibus
931 5703 1102 5757 tonsis
1136 5711 1195 5758 et
1238 5703 1455 5758 lavacro
1494 5703 1615 5759 lotis
1651 5712 2054 5774 comparantur.

488 5792 675 5850 Solent
721 5793 863 5848 enim
909 5805 1037 5848 oves
1089 5801 1211 5863 post
1274 5793 1574 5851 tonsionem
1629 5796 1868 5851 currenti
1914 5810 2054 5867 aqua

2143 3333 2440 3402 patiuntur.
2498 3331 2579 3386 Ad
2619 3333 2723 3387 hoc
2770 3332 2935 3387 etiam
2979 3334 3249 3403 pertinet,
3294 3336 3436 3403 quod
3484 3334 3727 3404 Spiritus

2143 3430 2364 3477 sanctus
2399 3422 2451 3476 iu
2482 3420 2679 3493 linguis
2705 3422 2877 3494 igneis
2905 3423 3178 3493 apparuit,
3202 3424 3327 3492 quia
3361 3425 3652 3493 loquentes
3671 3435 3728 3480 et

2145 3512 2396 3568 ardentes
2436 3511 2565 3567 fecit
2614 3512 2905 3582 apostolos,
2964 3513 3218 3568 ardentes
3263 3513 3587 3580 dilectione,
3640 3514 3724 3571 lo-

2144 3611 2370 3673 quentes
2406 3602 2802 3672 praedicatione.
2846 3604 2915 3658 Et
2948 3603 3088 3659 bene
3125 3603 3257 3658 vitta
3296 3604 3551 3660 coccinea
3584 3606 3724 3662 dici-

2148 3702 2256 3747 tur.
2308 3691 2454 3747 Vitta
2507 3692 2650 3748 enim
2705 3692 2928 3762 capillos
2985 3692 3118 3765 ligat
3161 3702 3217 3749 et
3268 3696 3611 3765 constringit,
3668 3706 3726 3751 et

2146 3786 2317 3842 sancti
2350 3786 2598 3841 doctores
2635 3801 2733 3842 sua
2770 3785 3148 3856 prasdicatione
3185 3787 3255 3842 ad
3291 3788 3555 3843 unitatem
3595 3788 3723 3843 ﬁdei

2146 3890 2201 3935 et
2252 3880 2558 3936 dilectionis
2610 3881 3011 3937 multitudinem
3071 3880 3304 3937 ﬁdelium
3359 3880 3416 3935 in
3476 3878 3722 3934 Ecclesia

2148 3979 2404 4037 nectunt,
2450 3981 2506 4027 et
2553 3971 2609 4026 in
2654 3987 2819 4026 unum
2871 3973 3121 4028 decorem
3166 3971 3432 4042 redigunt.
3490 3968 3726 4026 Possunt

2148 4066 2312 4120 etiam
2337 4079 2435 4135 per
2456 4065 2678 4137 capillos
2696 4066 2920 4123 subtiles
2938 4067 3289 4137 cogitationes
3310 4064 3506 4120 mentis
3525 4064 3717 4135 accipi.

2148 4155 2294 4211 Vitta
2320 4172 2447 4227 ergo
2483 4156 2734 4212 coccinea
2764 4158 2944 4213 crines
2970 4156 3220 4228 ligamus,
3251 4156 3471 4225 quando
3511 4155 3720 4225 cogita-

2149 4249 2327 4304 tiones
2367 4257 2578 4304 nostras
2612 4248 2891 4319 disciplina
2934 4248 3144 4304 timoris
3173 4249 3268 4303 Dei
3296 4246 3723 4317 constringimus

2149 4349 2204 4395 et
2241 4354 2574 4395 coercemus.
2609 4358 2628 4390 ι
2664 4340 2730 4393 Ει
2773 4340 3046 4409 eloquium
3090 4346 3243 4394 tuum
3289 4337 3464 4394 dulce.
3490 4356 3510 4388 ι
3562 4336 3724 4391 Dulce

2150 4437 2234 4486 est
2286 4430 2559 4500 eloquium
2616 4430 2891 4496 Ecclesim,
2941 4445 3063 4485 cum
3111 4429 3285 4485 sancti
3335 4430 3587 4483 doctores
3638 4426 3722 4481 vel

2148 4520 2454 4592 passionem
2482 4520 2563 4575 sui
2588 4519 2969 4590 Redemptoris
2995 4520 3063 4575 ad
3091 4519 3408 4575 memoriam
3436 4518 3717 4575 reducunt.

2151 4621 2210 4670 et
2234 4619 2523 4683 praedicant
2553 4621 2810 4682 quantum
2850 4614 2990 4669 Deus
3026 4612 3299 4668 hominem
3326 4609 3609 4674 dilexerit,
3637 4608 3723 4663 vel

2153 4705 2314 4761 etiam
2337 4721 2460 4761 eum
2484 4706 2725 4762 cmlestia
2764 4707 2984 4777 praemia
3019 4707 3354 4763 auditoribus
3380 4704 3718 4759 annuntiant.

2158 4814 2178 4848 ι
2215 4796 2366 4852 Sicut
2409 4796 2653 4868 fragmen
2685 4796 2809 4852 mali
2837 4797 3057 4865 Punici,
3087 4798 3162 4853 ita
3188 4812 3339 4869 genre
3366 4804 3493 4860 tuae,
3520 4794 3723 4863 absque

2153 4902 2220 4943 eo
2274 4887 2417 4956 quod
2468 4887 2793 4942 intrinsecus
2844 4887 2993 4943 latet.
3030 4908 3049 4942 ι
3100 4888 3206 4943 Per
3256 4902 3422 4959 genas
3477 4886 3726 4956 superius

2155 4979 2388 5034 diximus
2430 4978 2728 5035 Ecclesiam
2778 4980 3015 5050 ﬁgurari.
3065 4979 3198 5034 Nam
3238 4994 3359 5034 cum
3388 4975 3726 5032 verecunda-

2155 5087 2293 5135 mur,
2346 5070 2511 5125 rubor
2555 5070 2832 5140 sanguinis
2883 5072 2935 5126 in
2973 5072 3127 5143 genis
3174 5069 3486 5125 effunditur.
3526 5065 3726 5121 Malum

2155 5168 2333 5214 autem
2378 5159 2639 5215 Punicum
2669 5161 3024 5217 rubicundum
3058 5161 3220 5216 habet
3260 5159 3541 5222 corticem,
3590 5157 3725 5211 inte-

2156 5248 2269 5304 rius
2303 5264 2432 5303 vero
2469 5249 2812 5305 multitudine
2850 5266 3138 5321 granorum
3176 5248 3395 5319 plenum
3435 5254 3557 5302 est:
3586 5244 3727 5298 unde

2156 5346 2211 5392 et
2264 5337 2461 5391 malum
2509 5347 2793 5409 granatum
2841 5347 3086 5394 vocatur.
3141 5338 3245 5392 Per
3300 5336 3544 5406 fragmen
3596 5348 3727 5404 ergo

2157 5429 2281 5485 mali
2314 5429 2532 5494 Punici,
2563 5431 2822 5485 memoria
2856 5429 3096 5500 ejusdem
3124 5427 3395 5500 passionis
3437 5424 3728 5480 Dominicae

2159 5521 2443 5591 accipitur,
2473 5535 2592 5590 qua:
2620 5531 2677 5577 et
2710 5523 2765 5576 in
2801 5537 2967 5578 cocco
2991 5521 3239 5592 superius
3262 5519 3543 5589 ﬁguratur.
3578 5515 3751 5577 Solet,

2144 5606 2302 5668 enim
2340 5627 2446 5667 una
2480 5628 2568 5668 res
2613 5613 2842 5670 diversis
2868 5613 3096 5683 exprimi
3144 5611 3351 5684 ﬁguris.
3394 5609 3559 5666 Cena:
3596 5622 3729 5677 ergo

2157 5703 2412 5761 Ecclesia:
2460 5704 2712 5775 fragmini
2750 5705 2875 5760 mali
2921 5704 3107 5761 Punici
3156 5710 3558 5773 comparantur,
3603 5699 3730 5769 quia

2158 5795 2331 5852 sancti
2371 5795 2618 5853 doctores
2653 5795 3034 5853 venerabiliter
3061 5803 3226 5867 agunt
3262 5791 3578 5849 memoriam
3606 5804 3731 5860 pas-
