3950 6436
208 421 304 478 317

1157 410 1554 468 ENARRATIO
1592 411 1658 466 IN
1700 411 1998 469 CANTICA
2032 415 2500 476 CANTICORUM.

3341 427 3442 483 5l8

205 530 367 589 sionis
391 524 768 596 Redemptoris
790 524 895 589 sui,
922 537 1023 578 nec
1041 525 1366 580 erubescunt
1393 539 1607 578 crucem
1629 524 1767 593 ejus,
1797 531 1844 591 Α
1873 527 2280 595 demonstrant;
2347 534 2535 588 dentes
2585 540 2728 599 sunt,
2777 534 2902 602 quia
2944 533 3093 589 cibos
3137 535 3440 594 divinarum

204 624 307 678 imo
344 617 665 689 gloriantur,
708 616 947 671 dicentes
977 631 1099 670 cum
1127 614 1382 684 Apostolo
1411 633 1424 669 :
1461 633 1478 664 ‹
1510 614 1634 668 Mihi
1665 629 1765 668 au-

203 721 306 766 tem
330 708 470 762 absit
501 706 722 778 gloriari
767 706 869 760 nisi
899 705 952 758 in
985 720 1146 760 cruce
1174 705 1386 773 Domini
1430 693 1601 758 nost'ri
1643 703 1769 758 Jesu

202 799 432 864 Christi;
470 818 488 850 ι
521 806 575 852 et
613 797 739 850 alibi
791 795 1079 865 Apostolus
1128 796 1197 849 ad
1244 794 1563 863 discipulum
1612 809 1768 848 suum

202 889 480 944 scribens:
515 905 532 938 ι
567 884 683 938 Noli
715 885 933 956 (inquit)
965 885 1284 938 erubescere
1305 899 1519 939 crucem
1543 883 1765 948 Christi,

201 993 371 1047 neque
413 991 501 1030 me
531 977 767 1030 vinctum
794 973 930 1042 ejus.
966 993 984 1026 ι
1011 974 1153 1028 Bene
1179 982 1355 1028 autem
1385 988 1534 1044 gena:
1556 989 1658 1027 non
1689 973 1768 1026 in-

201 1077 348 1136 tegro
377 1065 518 1118 malo
551 1064 779 1128 Punico,
808 1064 901 1117 sed
930 1063 1182 1132 fragmini
1218 1071 1618 1132 comparantur.
1653 1061 1764 1115 Ma-

199 1157 303 1211 lum
335 1157 477 1211 enim
508 1155 770 1209 Punicum
815 1169 937 1208 cum
975 1153 1262 1224 frangitur,
1309 1154 1546 1208 exterius
1576 1153 1762 1218 rubor,

196 1247 419 1302 interius
447 1246 652 1301 candor
693 1254 930 1314 apparet.
964 1244 1054 1300 Sic
1089 1253 1143 1298 et
1171 1245 1343 1299 sancti
1384 1244 1765 1314 prtedicatores

195 1352 312 1392 cum
339 1337 646 1406 passionem
677 1335 876 1390 Christi
910 1336 1248 1399 annuntiant,
1289 1335 1443 1404 quasi
1484 1336 1650 1390 rubor
1681 1343 1764 1389 est

193 1426 458 1491 exterius;
487 1441 606 1480 cum
630 1440 758 1479 vero
782 1433 978 1494 quanta
998 1425 1199 1479 utilitas
1218 1434 1420 1480 nostrae
1439 1425 1762 1494 redemptio-

193 1517 272 1570 nis
302 1515 425 1570 inde
464 1516 796 1586 provenerit,
841 1523 895 1569 et
925 1515 1066 1584 quod
1109 1515 1272 1569 homo
1315 1529 1413 1584 per
1457 1515 1762 1585 passionem

193 1607 388 1663 Christi
422 1622 527 1660 non
565 1607 736 1661 solum
783 1622 812 1659 a
839 1606 1076 1676 peccatis
1116 1605 1423 1674 justiﬁcari,
1457 1605 1550 1660 sed
1597 1604 1760 1660 etiam

190 1699 328 1768 quod
375 1699 615 1752 divinum
658 1699 992 1754 consortium
1041 1699 1319 1763 meruerit,
1368 1698 1758 1760 demonstrant,

190 1791 337 1860 quasi
377 1791 662 1845 candidum
693 1798 776 1844 est
807 1789 950 1859 quod
989 1789 1313 1843 intrinsecus
1341 1788 1488 1842 latet.
1528 1787 1760 1842 Possunt

1872 617 2270 686 Scripturarum
2300 623 2505 677 molunt
2530 632 2584 677 et
2609 625 2982 679 comminuunt
3007 634 3066 680 ut
3103 629 3280 682 mandi
3312 644 3438 698 pos-

1869 708 1975 763 sint
2002 724 2016 773 ;
2049 708 2241 762 collum
2289 719 2434 772 sunt,
2475 711 2599 779 quia
2632 721 2796 781 caput
2830 722 2884 768 et
2914 715 3175 779 membra,
3208 717 3309 772 hoc
3357 729 3440 774 est

1867 799 2140 854 Christum
2165 809 2217 855 et
2244 800 2557 864 Ecclesiam,
2587 802 2936 874 coniungunt.
2966 806 3067 876 ipsi
3088 823 3216 876 ergo
3257 808 3430 864 docto-

1869 903 1956 942 res
1985 897 2185 942 suntet
2211 889 2376 942 ubera
2404 889 2676 950 Ecclesia},
2715 893 2839 960 quia
2873 896 3123 961 parvulos
3153 904 3204 951 et
3227 897 3438 967 simpli-

1865 995 1958 1035 ces
2013 980 2193 1034 ﬁdeles
2239 981 2374 1034 lacte
2423 981 2569 1035 verbi
2623 981 2716 1035 Dei
2768 984 3033 1049 nutriunt,
3077 985 3229 1053 juxta
3291 989 3435 1057 quod

1863 1070 2152 1141 Apostolus
2177 1071 2594 1140 simplicioribus
2616 1071 2862 1138 loquens,
2892 1073 3023 1127 dicit
3054 1092 3066 1126 :
3105 1093 3124 1125 ‹
3147 1075 3259 1128 Non
3288 1079 3435 1145 potui

1864 1161 2014 1216 vobis
2036 1161 2182 1231 loqui
2209 1147 2463 1230 tanquam
2501 1160 2886 1230 spiritualibus,
2915 1163 3010 1216 sed
3032 1165 3180 1232 quasi
3207 1167 3439 1219 carnali-

1863 1252 1963 1305 bus
1988 1260 2042 1305 et
2061 1251 2296 1319 parvulis
2322 1252 2374 1304 in
2404 1250 2618 1305 Christo
2645 1250 2729 1304 lac
2761 1251 2913 1304 vobis
2941 1260 3124 1320 potum
3151 1254 3291 1318 dedi,
3329 1271 3432 1308 non

1862 1357 2063 1397 escam.
2102 1363 2120 1394 ι
2154 1342 2220 1395 Ει
2248 1343 2385 1396 bene
2426 1358 2530 1395 non
2575 1340 2822 1396 absolute
2849 1341 3037 1405 ubera,
3063 1342 3156 1395 sed
3193 1358 3314 1395 cum
3341 1345 3434 1395 ad-

1863 1435 2157 1489 ditamenta
2183 1435 2332 1498 dicit,
2372 1454 2389 1485 ι
2437 1433 2543 1487 duo
2577 1434 2764 1498 ubera,
2800 1453 2820 1485 ι
2865 1448 2986 1487 cum
3019 1432 3218 1487 femina
3259 1450 3434 1502 neque

1861 1526 1981 1596 plus
2009 1541 2180 1596 neque
2219 1526 2395 1580 minus
2423 1526 2614 1580 haheat
2647 1540 2807 1594 quam
2836 1525 2942 1580 duo
2977 1527 3160 1589 ubera,
3193 1527 3319 1595 quia
3351 1527 3434 1580 ni-

1862 1618 2062 1672 mirum
2105 1618 2277 1672 sancti
2309 1618 2556 1672 doctores
2587 1616 2839 1684 parvulos
2869 1631 2933 1670 ex
2959 1625 3185 1684 utroque
3215 1616 3428 1686 populo,

1859 1706 2080 1763 Judaico
2116 1707 2363 1762 videlicet
2383 1714 2438 1760 et
2462 1705 2668 1776 gentili,
2700 1704 2839 1760 lacte
2861 1707 3008 1760 verbi
3045 1707 3136 1759 Dei
3162 1706 3428 1760 nutriunt.

1861 1794 1993 1849 Nam
2007 1803 2062 1850 et
2081 1795 2280 1849 Paulus
2301 1795 2365 1849 de
2391 1794 2570 1862 seipso
2585 1793 2713 1848 dicit
2740 1812 2752 1846 :
2775 1811 2793 1844 ‹
2817 1792 2918 1860 Qui
2945 1802 3197 1863 operatus
3221 1803 3299 1848 est
3324 1793 3428 1848 Pe-

189 1884 346 1935 etiam
375 1897 469 1951 per
497 1896 661 1952 genas
692 1879 944 1934 Ecclesia:
980 1887 1248 1949 martyres
1275 1877 1527 1948 ﬁgurari,
1556 1878 1645 1947 qui
1674 1893 1760 1930 ιυ-
1790 1897 1838 1956 B
1867 1893 1948 1939 tro
1971 1885 2023 1938 in
2043 1883 2343 1954 apostolatu
2367 1883 2811 1947 circumcisiunis,
2835 1892 3089 1953 operatus
3117 1893 3199 1938 est
3225 1893 3278 1938 et
3301 1884 3428 1937 mihi

189 1973 405 2027 bicundi
457 1979 580 2026 sunt
613 1969 874 2025 effusione
905 1969 1183 2037 sanguinis
1217 1969 1298 2023 sui
1346 1968 1508 2022 veluti
1557 1967 1755 2021 malum

192 2063 468 2117 Punicum.
521 2061 626 2116 Sed
656 2061 830 2115 fracto
855 2061 998 2114 malo
1022 2061 1255 2124 Punico,
1290 2061 1494 2114 candor
1531 2060 1759 2115 interius

192 2163 428 2225 apparet,
457 2155 578 2223 quia
605 2162 727 2222 post
753 2161 980 2207 mortem
1019 2151 1295 2207 miraculis
1317 2158 1624 2207 coruscant.

261 2264 282 2296 ι
303 2243 457 2300 Sicut
481 2245 646 2298 turris
664 2243 829 2297 David
850 2243 1044 2298 collum
1064 2253 1236 2307 tuum,
1253 2257 1374 2312 quae
1394 2241 1655 2296 :ediﬁcata
1675 2246 1760 2296 est

187 2350 304 2390 cum
357 2333 794 2405 propugnaculis.
833 2353 852 2385 ›
881 2333 1088 2388 Collum
1117 2341 1314 2388 sanctae
1336 2332 1586 2388 Ecclesiae
1623 2346 1760 2402 prte-

188 2427 460 2481 dicatores
497 2426 670 2481 sancti
716 2435 771 2481 et
805 2426 1054 2480 doctores
1085 2423 1202 2494 ejus
1239 2433 1384 2480 sunt.
1417 2425 1582 2479 Iidem
1611 2424 1756 2478 enim

185 2518 268 2572 hic
301 2517 654 2589 designantur
673 2531 768 2586 per
795 2516 1009 2582 collum,
1059 2517 1148 2586 qui
1175 2516 1424 2587 superius
1451 2530 1548 2585 per
1573 2513 1758 2569 oculos

185 2609 260 2664 vel
299 2624 396 2679 per
442 2610 666 2674 dentes;
697 2609 869 2663 sancti
914 2608 1163 2664 videlicet
1203 2610 1608 2680 praedicatores,
1663 2608 1757 2678 qui

184 2699 345 2754 veluti
384 2699 519 2754 colla
553 2710 801 2770 acceptos
832 2699 984 2754 verbi
1028 2700 1178 2756 cibos
1215 2700 1502 2756 nutriendo
1539 2700 1755 2769 corpori

181 2791 579 2857 transmittunt,
608 2801 662 2844 et
691 2805 878 2845 vocem
904 2791 1299 2860 praedicationis
1321 2790 1516 2845 divina:
1538 2790 1754 2845 audito-

184 2880 338 2934 ribus
362 2879 662 2950 proferunt.
707 2879 803 2935 Vel
829 2880 992 2933 etiam
1031 2880 1200 2934 sancti
1241 2880 1490 2935 doctores
1521 2871 1616 2948 per
1645 2878 1756 2933 col—

179 2968 283 3021 lum
331 2968 643 3038 signantur,
692 2967 816 3036 quia
847 2969 987 3022 sicut
1015 2983 1112 3037 per
1141 2967 1334 3022 collum
1376 2975 1540 3036 caput
1572 2975 1627 3022 et
1658 2982 1758 3021 caa-

179 3068 290 3114 tera
323 3058 568 3113 membra
589 3059 801 3127 corpori
827 3057 1247 3128 conjunguntur,
1273 3057 1344 3112 ita
1367 3057 1542 3112 sancti
1570 3057 1756 3111 docto-

176 3167 259 3207 res
289 3152 450 3222 quasi
492 3151 816 3206 mediatores
860 3157 985 3204 sunt
1027 3149 1168 3203 inter
1205 3147 1478 3204 Christum
1528 3156 1583 3202 et
1622 3146 1753 3201 reli-

1861 1977 2000 2031 inter
2027 1984 2232 2046 gentes.
2263 1995 2282 2028 ι
2317 1976 2384 2030 Et
2410 1984 2530 2044 apte
2569 1976 2674 2030 duo
2702 1976 2890 2040 ubera,
2923 1977 3062 2031 sicut
3094 1976 3199 2030 duo
3222 1976 3428 2030 hinnuli

1859 2065 2070 2136 gemelli
2117 2080 2325 2134 capreae
2354 2079 2474 2119 esse
2519 2065 2790 2126 dicuntur,
2841 2066 2966 2132 quia
2996 2063 3248 2118 videlicet
3291 2064 3430 2118 fetus

1858 2165 1983 2212 sunt
2004 2164 2058 2210 et
2087 2157 2181 2210 ﬁlii
2209 2154 2506 2210 Salvatoris
2533 2155 2698 2210 nostri
2728 2154 2853 2209 Jesu
2885 2154 3106 2218 Christi,
3155 2155 3243 2223 qui
3271 2169 3432 2221 supe-

1857 2247 1971 2301 rius
1994 2261 2090 2315 per
2117 2261 2339 2315 capreas
2367 2246 2676 2316 designatus
2705 2255 2788 2300 est
2817 2265 2830 2300 :
2860 2247 2973 2300 hzec
3002 2246 3144 2300 enim
3173 2246 3426 2299 animalia

1857 2345 1912 2392 et
1933 2337 2240 2392 acutissime
2278 2337 2479 2401 vident,
2503 2345 2559 2391 et
2584 2337 2750 2391 nimia
2781 2336 3062 2392 velocitate
3085 2336 3274 2390 altiora
3299 2353 3427 2391 con-

1857 2426 2137 2480 scendunt.
2174 2425 2266 2482 Sic
2312 2435 2368 2482 et
2411 2427 2612 2481 Christi
2651 2428 2898 2482 doctores
2924 2443 3042 2498 quae
3073 2427 3274 2497 agenda
3304 2435 3429 2480 sunt

1856 2529 1909 2576 et
1932 2521 2030 2592 ipsi
2061 2521 2265 2588 vident,
2293 2529 2346 2576 et
2368 2521 2488 2575 aliis
2518 2529 2843 2585 monstrant,
2877 2528 2930 2575 et
2965 2521 3232 2590 despectis
3253 2527 3426 2573 terre-

1855 2614 1941 2668 nis
1979 2614 2045 2668 ad
2073 2628 2304 2683 superna
2330 2612 2592 2667 nituntur.
2625 2631 2642 2663 ι
2677 2611 2776 2676 Oui
2807 2619 3101 2681 pascuntur
3143 2610 3194 2662 in
3225 2609 3371 2672 liliis,
3404 2627 3422 2659 ι

1855 2701 1957 2756 hoc
1984 2709 2090 2767 est,
2125 2703 2460 2756 delectantur
2487 2700 2790 2770 purissimts
2829 2708 2884 2755 et
2931 2698 3270 2753 nitidissimis
3299 2711 3426 2754 sen-

1855 2791 2005 2858 sibus
2033 2789 2455 2861 Scripturarum.

1930 2898 1948 2931 ι
1985 2879 2164 2934 Donec
2209 2880 2411 2949 aspiret
2435 2879 2568 2943 dies,
2608 2896 2626 2929 ο
2662 2877 2766 2932 hoc
2811 2886 2913 2944 est,
2962 2879 3076 2933 dies
3102 2877 3190 2931 illa
3223 2884 3423 2932 aeterna

1853 2971 2058 3034 veniat,
2075 2985 2236 3038 quam
2259 2967 2606 3024 desiderabat
2625 2967 2930 3032 Psalmista,
2945 2967 3132 3022 dicens
3156 2985 3169 3021 :
3199 2986 3217 3018 ε
3241 2966 3428 3021 Melior

1854 3060 2063 3116 estdies
2077 3075 2179 3112 una
2205 3059 2258 3112 in
2283 3059 2437 3111 atriis
2455 3058 2560 3110 tuis
2583 3073 2744 3125 super
2762 3057 2961 3120 millia;
2985 3075 3002 3106 ι
3033 3075 3051 3107 ‹
3084 3064 3138 3109 et
3167 3057 3430 3111 inclinen-

1857 3158 1943 3204 tur
1970 3149 2191 3207 umbrze,
2231 3167 2249 3198 ι
2281 3149 2382 3202 hoc
2403 3159 2507 3212 εει,
2531 3155 2808 3200 transeant
2839 3160 3099 3198 maerores
3124 3153 3179 3198 et
3211 3154 3424 3214 pertur-

173 3259 312 3312 quos
344 3257 478 3312 quos
506 3241 778 3296 instruunt
818 3239 1022 3304 ﬁdeles,
1061 3247 1114 3294 et
1143 3239 1296 3308 quasi
1323 3237 1598 3293 Christum
1633 3251 1754 3291 cor-
1779 3239 1824 3301 C
1857 3239 2100 3294 bationes
2134 3236 2291 3306 hujus
2320 3236 2520 3292 smeuli.
2555 3254 2572 3286 ι
2609 3235 2789 3290 Donec
2814 3234 3015 3302 aspiret
3041 3233 3186 3298 dies,
3219 3253 3236 3285 ι
3268 3235 3320 3287 id
3344 3230 3427 3288 eSt

173 3333 288 3401 pori
338 3345 458 3394 suo,
512 3331 566 3384 id
609 3337 694 3384 est
739 3328 993 3383 Ecclesiae
1035 3329 1384 3398 conjungunt.
1428 3327 1542 3382 Hoc
1567 3335 1748 3381 autem

173 3422 373 3477 collum
416 3421 554 3475 turri
602 3420 769 3474 David
817 3428 1176 3489 comparatur.
1220 3419 1410 3484 David,
1448 3418 1543 3479 qui
1588 3419 1754 3472 inter-

172 3519 424 3580 pretatur
441 3525 600 3563 manu
627 3508 782 3563 fortis
810 3508 893 3562 vel
919 3509 1033 3563 visu
1059 3508 1452 3574 desiderabilis,
1477 3507 1751 3564 Christum

172 3601 466 3672 signiﬁcat.
511 3600 576 3654 Et
623 3608 730 3654 tota
774 3599 988 3668 quidem
1025 3597 1292 3664 Ecclesia,
1331 3598 1523 3652 civitas
1562 3597 1750 3661 David,

174 3695 226 3749 id
261 3701 351 3749 est
379 3693 561 3764 magni
601 3691 738 3761 regis
765 3690 963 3746 Christi
1006 3698 1106 3755 est,
1137 3691 1338 3761 quiest
1373 3705 1534 3744 manu
1575 3689 1748 3755 fortis,

171 3783 430 3855 quoniam
483 3781 754 3836 diabolum
807 3781 1024 3845 devicit,
1073 3780 1226 3850 juxta
1273 3781 1417 3850 quod
1466 3777 1752 3833 Psalmista

171 3874 306 3929 dicit.
331 3888 347 3927 :
377 3891 395 3924 ι
419 3873 677 3927 Dominus
705 3870 858 3926 fortis
887 3879 942 3925 et
968 3879 1178 3940 potens,
1205 3870 1461 3923 Dominus
1485 3877 1672 3938 potens
1697 3869 1751 3922 in

169 3954 382 4032 przel'io.
410 3979 429 4011 ι
461 3959 558 4022 Est
590 3967 646 4012 et
674 3959 787 4013 visu
829 3958 1219 4023 desiderabilis,
1255 3959 1379 4026 quia
1412 3957 1492 4028 (ut
1518 3960 1749 4028 Aposto-

169 4049 260 4102 lus
287 4047 436 4116 dicit)
479 4047 532 4100 in
554 4061 677 4100 eum
701 4045 1009 4100 desiderant
1034 4045 1207 4114 angeli
1235 4047 1568 4114 prospicere.
1607 4046 1749 4119 Tur-

169 4140 252 4195 ris
291 4147 472 4192 autem
519 4137 752 4192 civitatis
788 4136 946 4206 hujus
987 4135 1062 4188 illi
1101 4144 1225 4189 sunt
1267 4137 1356 4205 qui
1397 4135 1480 4189 vel
1527 4137 1751 4190 scientia

167 4227 256 4283 vel
284 4227 612 4297 operationis
627 4225 953 4296 perfectione
967 4224 1178 4278 caeteris
1202 4224 1571 4294 praeeminent.
1585 4243 1602 4275 ε
1623 4225 1752 4292 Quae

168 4319 438 4375 aediﬁcata
491 4326 574 4371 est
622 4331 742 4370 cum
800 4315 1234 4386 pr0pugnaculis.
1275 4335 1294 4367 ι
1347 4316 1752 4386 Pr0pugnacula

171 4417 303 4465 sunt
319 4417 623 4463 sanctarum
643 4407 1042 4478 Scripturarum
1061 4408 1360 4462 divinarum
1383 4419 1750 4476 sacramenta,

173 4501 242 4555 de
265 4499 462 4568 quibus
494 4497 656 4553 veluti
687 4497 865 4568 jacula
902 4499 1222 4567 procedunt,
1269 4500 1464 4568 quibus
1494 4499 1750 4555 adversa-

1854 3331 2061 3386 oriatur
2105 3331 2238 3385 dies.
2279 3328 2570 3399 Apparebit
2612 3327 2756 3381 enim
2809 3326 2948 3390 dies,
2981 3325 3032 3378 id
3067 3332 3152 3379 est
3198 3324 3425 3389 orietur,

1854 3423 2070 3492 quando
2105 3439 2265 3478 verus
2297 3421 2387 3476 ille
2416 3421 2495 3476 sol
2515 3419 2760 3490 iustitiae,
2784 3419 2836 3474 id
2858 3427 2942 3472 est
2970 3417 3235 3481 Christus,
3260 3431 3425 3485 appa-

1854 3515 2030 3580 rebit;
2069 3523 2122 3569 et
2147 3523 2273 3569 tunc
2311 3512 2711 3568 inclinabantur
2739 3511 2964 3576 umbrae,
2989 3511 3091 3564 hoc
3115 3517 3218 3573 est,
3242 3509 3422 3563 omnia

1853 3604 2036 3660 nubila
2056 3604 2306 3659 mmroris
2323 3612 2377 3658 et
2404 3604 2637 3659 tenebr;e
2659 3601 2941 3672 praesentis
2968 3600 3146 3656 saeculi
3173 3608 3422 3670 pertran-

1853 3696 2054 3751 sibunt.
2099 3694 2209 3766 Sed
2236 3703 2292 3749 et
2324 3695 2368 3750 si
2416 3695 2584 3764 ipsam
2615 3694 2848 3749 litteram
2895 3693 3122 3748 velimus
3160 3693 3424 3761 aspicere,

1852 3788 2073 3858 pulchre
2111 3787 2380 3856 expressit
2425 3796 2604 3842 ortum
2657 3787 2764 3841 diei
2811 3795 2866 3841 et
2900 3787 3093 3841 noctis.
3141 3786 3274 3841 Nam
3319 3801 3423 3842 nox

1855 3877 1988 3933 nihil
2019 3885 2103 3932 est
2146 3877 2290 3930 aliud
2318 3875 2419 3929 nisi
2468 3876 2658 3930 utnbra
2709 3883 2884 3936 terrze,
2914 3891 3034 3944 qua:
3061 3875 3172 3929 sole
3201 3877 3428 3929 descen-

1852 3967 2014 4022 dente
2060 3967 2355 4036 consurgit.
2403 3965 2528 4020 Sole
2580 3973 2759 4019 autem
2804 3966 2997 4019 iterum
3042 3981 3201 4033 super
3252 3976 3426 4020 terras

1853 4056 2197 4120 ascendente,
2252 4054 2580 4108 inclinantur
2618 4055 2841 4118 umbrae,
2875 4054 2926 4106 id
2972 4061 3056 4106 est
3102 4055 3246 4107 cadit
3297 4070 3424 4107 nox.

1853 4146 2152 4201 Pascuntur
2186 4161 2316 4214 ergo
2342 4146 2395 4202 "in
2438 4145 2563 4199 liliis
2603 4145 2773 4204 donec
2807 4144 3006 4213 aspiret
3049 4145 3163 4199 dies
3191 4154 3248 4200 et
3276 4146 3428 4200 incli-

1854 4246 2050 4291 nentur
2103 4237 2329 4299 umbrae,
2359 4237 2488 4306 quia
2536 4245 2845 4291 sanctorum
2890 4237 3166 4292 doctorum
3216 4238 3268 4292 in
3298 4253 3432 4307 prae-

1853 4329 1994 4384 senti
2038 4321 2244 4382 tantum
2270 4329 2378 4382 vita
2430 4328 2732 4383 necessaria
2762 4335 2845 4382 est
2877 4327 3190 4397 praedicatio
3229 4337 3286 4382 et
3331 4329 3429 4383 do-

1853 4421 2026 4477 ctrina
2061 4437 2072 4473 :
2102 4436 2224 4474 nam
2257 4421 2309 4475 in
2341 4420 2443 4474 alia
2475 4420 2604 4482 vita,
2635 4429 2918 4488 postquam
2941 4421 3249 4488 apparuerit
3272 4430 3430 4475 teter-

1857 4526 1924 4564 na
1954 4509 2069 4564 dies
2113 4517 2168 4563 et
2222 4507 2374 4563 ﬁnita
2410 4507 2573 4562 fuerit
2621 4524 2724 4561 uox
2762 4509 3043 4578 praesentis
3073 4509 3276 4574 szeculi,
3321 4527 3428 4566 non

177 4592 276 4648 lia:
304 4590 630 4660 repelluntur
658 4598 971 4660 potestates.
1006 4609 1024 4640 ‹
1056 4589 1197 4642 Mille
1223 4590 1393 4660 clypei
1424 4591 1661 4660 pendent
1685 4607 1752 4646 ex
1777 4590 1830 4649 D
1855 4614 2074 4655 necesse
2110 4600 2215 4654 erit
2263 4600 2444 4654 doceri
2480 4598 2736 4667 aliquem,
2783 4599 2908 4667 quia
2952 4615 3159 4665 omnes,
3191 4603 3427 4661 revelata

173 4699 263 4748 ea,
305 4681 481 4736 omnis
524 4690 797 4734 armatura
840 4679 1078 4734 fortium.
1111 4699 1128 4729 ι
1159 4680 1298 4734 Mille
1326 4680 1498 4751 clypei
1547 4680 1746 4736 intelli-

174 4781 379 4846 guntur
407 4772 684 4825 innumera
732 4766 1060 4824 defensionis
1089 4769 1282 4823 divinae
1311 4771 1586 4839 praesidia,
1630 4772 1749 4840 qui-

174 4867 280 4918 bus
307 4869 492 4916 sancta
530 4858 761 4913 vallatur
794 4867 847 4913 et
883 4847 1187 4913 defenditur
1210 4859 1466 4913 Ecclesia.
1507 4877 1524 4908 ι
1563 4858 1749 4915 Omnis

177 4962 456 5008 armatura
487 4950 727 5013 fortium,
750 4968 767 4999 ι
799 4949 851 5003 id
879 4958 962 5003 est
987 4949 1267 5002 instructio
1295 4948 1373 5001 vel
1396 4959 1593 5003 sanctm
1623 4965 1748 5018 ope-

178 5041 410 5096 rationis
449 5041 529 5094 vel
571 5039 763 5094 divina:
805 5035 1220 5106 pnedicatiunis.
1258 5036 1324 5088 Et
1369 5037 1506 5090 bene
1553 5038 1746 5092 collum

175 5131 454 5194 Ecclesiae,
502 5131 603 5184 hoc
647 5139 746 5194 est,
795 5127 1176 5198 praedicatores
1226 5134 1279 5180 et
1317 5127 1566 5182 doctores
1611 5131 1746 5183 turri

179 5223 350 5278 David
373 5230 774 5290 comparantur,
797 5219 922 5288 quia
943 5230 1154 5285 semper
1173 5217 1325 5284 quasi
1355 5216 1405 5269 in
1437 5217 1574 5271 bello
1601 5228 1744 5286 sunt,

177 5328 280 5383 pro
321 5310 628 5366 defensione
651 5318 852 5365 sancta:
879 5307 1131 5361 Ecclesiae
1159 5315 1480 5376 pugnantes.

255 5443 274 5476 ι
327 5424 439 5478 Duo
479 5424 642 5477 ubera
691 5431 780 5475 tua
828 5421 966 5476 sicut
992 5420 1096 5473 duo
1139 5419 1343 5473 hinnuli
1405 5434 1610 5488 capreae
1659 5435 1752 5490 ge-

179 5515 348 5570 melli.
385 5533 403 5565 ›
435 5513 548 5566 Duo
577 5513 740 5567 ubera
770 5511 1022 5566 Ecclesia:
1052 5511 1266 5566 eosdem
1293 5510 1601 5580 signiﬁcant
1627 5527 1745 5565 san-

180 5617 302 5662 ctos
330 5606 599 5659 doctores.
643 5603 753 5658 Nec
779 5603 973 5656 mirum
1007 5602 1150 5672 quod
1187 5617 1291 5654 una
1339 5601 1635 5668 eademque
1664 5616 1751 5656 res

181 5697 411 5752 diversis
451 5695 707 5765 ﬁguratur
731 5691 922 5747 modis.
948 5689 1133 5745 Sancti
1160 5691 1304 5745 enim
1336 5691 1585 5744 doctores
1607 5691 1750 5744 oculi

185 5800 331 5858 sunt.
367 5788 488 5859 quia
514 5787 638 5841 vitae
664 5785 780 5841 vias
813 5799 948 5854 quas
972 5782 1177 5854 ingredi
1218 5781 1470 5850 debeant,
1495 5781 1750 5853 subjectis

1853 4687 2010 4754 facie,
2043 4689 2272 4760 gloriam
2302 4687 2514 4742 Domini
2535 4687 3060 4756 contemplabuntur.
3079 4689 3229 4745 Unde
3253 4700 3304 4746 et
3329 4693 3430 4746 Do-

1853 4781 2034 4836 minus
2057 4797 2153 4851 per
2174 4780 2494 4850 Pr0phetam
2520 4779 2648 4833 dicit
2681 4797 2695 4832 :
2723 4779 2834 4834 Non
2861 4780 3072 4835 docebit
3097 4783 3180 4835 vir
3204 4783 3426 4839 fratrem

1853 4887 2010 4926 suum
2061 4871 2278 4937 dicens,
2333 4871 2606 4941 Cognosce
2664 4871 2982 4938 Dominum;
3043 4890 3232 4930 omnes
3278 4878 3423 4931 enim

1853 4975 2180 5036 cognoscent
2215 4981 2298 5020 me
2320 4983 2348 5021 a
2378 4967 2602 5026 minimo
2628 4983 2798 5034 usque
2819 4968 2884 5020 ad
2908 4967 3220 5021 maximum.
3260 4986 3278 5016 ι
3318 4967 3425 5020 Va-

1855 5061 1976 5114 dam
2004 5061 2069 5114 ad
2100 5067 2336 5114 montem
2369 5061 2601 5129 myrrha:
2646 5069 2700 5113 ct
2745 5059 2811 5112 ad
2855 5059 3042 5113 collem
3073 5060 3264 5112 thuris.
3312 5078 3330 5109 ι
3364 5057 3420 5110 in

1854 5151 2096 5220 myrrha,
2161 5150 2340 5203 carnis
2394 5150 2756 5213 mortiﬁcatio,
2820 5150 2900 5204 vel
2974 5151 3279 5218 passionum
3324 5166 3423 5218 pro

1853 5239 2068 5295 Christo
2091 5239 2368 5294 tolerantia
2396 5255 2410 5303 ;
2441 5240 2491 5292 in
2523 5241 2678 5292 thure
2711 5255 2858 5304 vero,
2882 5249 3186 5292 sanctarum
3221 5240 3424 5292 oratio-

1855 5347 1981 5385 num
2027 5330 2239 5384 dcvotio
2286 5329 2568 5399 accipitur.
2603 5329 2752 5383 Mons
2779 5344 2908 5396 ergo
2933 5329 3167 5398 myrrha?
3191 5337 3244 5382 et
3270 5329 3430 5384 collis

1857 5421 2029 5475 thuris
2092 5428 2297 5474 mentes
2341 5427 2645 5474 sanctorum
2695 5429 2838 5482 sunt,
2878 5417 3104 5472 excelsa:
3155 5433 3250 5486 per
3297 5435 3428 5474 con-

1856 5511 2275 5578 templationem.
2306 5509 2578 5564 Promittit
2603 5524 2729 5578 ergo
2750 5524 2978 5577 sponsus
3009 5523 3068 5562 se
3092 5508 3158 5563 ad
3186 5519 3414 5565 montem

1855 5602 2087 5671 myrrbze
2127 5611 2433 5664 venturum,
2483 5608 2536 5653 et
2566 5598 2632 5652 ad
2679 5598 2868 5652 collem
2918 5597 3109 5663 thuris,
3135 5598 3258 5666 quia
3302 5598 3420 5657 illa:

1855 5701 2060 5747 mentes
2088 5708 2184 5746 sua
2225 5691 2529 5745 visitationc
2559 5690 2774 5744 visitare
2811 5688 3081 5758 dignatur,
3110 5704 3227 5758 quae
3254 5704 3422 5744 ment-

1855 5783 1952 5837 bra
1991 5797 2087 5838 sua
2130 5798 2252 5838 cum
2297 5782 2440 5837 vitiis
2459 5789 2514 5838 et
2565 5780 3014 5851 concupiscentiis
3067 5778 3424 5846 mortiﬁcant,
