3950 6436
447 418 552 474 319

906 405 1260 465 llA'VMONIS
1299 401 1778 459 llALBERSTAT.
1814 397 2027 455 EPISC.
2065 395 2216 453 OPP.
2253 397 2436 455 PARS
2476 399 2516 453 l.
2555 427 2624 438 —
2660 393 3014 454 COMMENT.
3056 395 3233 454 BlBL.

3595 398 3704 456 520

446 545 567 600 quae
587 526 750 584 etiam
787 523 990 592 seipsas
1013 535 1110 590 per
1140 528 1447 574 sanctarum
1495 518 1802 574 orationum
1827 489 2012 571 studia
2040 513 2091 574 Α
2120 518 2334 590 Maligni
2385 521 2528 575 enim
2581 519 2804 589 spiritus
2848 518 3032 574 leones
3077 525 3342 574 vocantur
3367 528 3598 590 propter
3616 535 3708 574 su-

448 629 660 691 gratum
692 616 804 671 Deo
834 611 1158 669 sacriﬁcium
1187 608 1416 664 faciunt.

519 711 652 766 Tota
674 707 893 780 pulchra
923 719 1003 769 es,
1026 702 1200 757 amica
1227 717 1365 765 mea,
1402 707 1458 754 et
1483 698 1695 754 macula
1721 713 1826 753 non
1857 704 1941 752 est
1962 695 2017 749 in

449 810 521 856 te.
559 820 576 852 ι
611 796 724 852 Vox
750 794 931 865 sponsi
978 794 1046 847 ad
1069 793 1298 846 amicam
1330 805 1484 844 suam
1507 803 1777 859 sponsam.
1815 810 1831 832 ι
1881 787 2018 840 Tota

447 889 667 961 pulchra
695 902 772 941 es.
815 903 832 936 ι
868 883 1025 939 Omni
1056 880 1273 952 (inquit)
1304 893 1370 934 ex
1399 889 1556 950 parte
1593 878 1793 932 nullam
1823 877 2021 946 recipis

449 980 710 1037 maculam
756 991 932 1046 neque
974 990 1184 1044 rugam.
1217 972 1332 1027 Non
1357 972 1500 1027 enim
1541 969 1639 1025 soli
1670 971 1917 1024 doctores
1938 966 2022 1021 vel

447 1071 673 1144 perfecti
707 1069 908 1140 quique
950 1066 1164 1137 pulchri
1200 1072 1327 1119 sunt
1372 1061 1735 1144 ante_oculos
1780 1061 1895 1125 Dei,
1929 1058 2022 1128 qui

449 1177 662 1217 summa
693 1137 916 1214 scientia
945 1165 1000 1212 et
1026 1153 1476 1224 contemplatione
1508 1137 1891 1221 bmcminent,
1928 1147 2023 1202 sed

448 1253 612 1307 etiam
651 1249 925 1319 simplices
954 1247 1152 1317 quique
1181 1244 1388 1307 ﬁdeles,
1415 1242 1506 1312 qui
1532 1249 1678 1295 recta
1711 1239 1815 1294 ﬁde
1845 1247 1900 1293 et
1925 1239 2023 1292 bo-

450 1343 536 1398 nis
559 1341 814 1412 operibus
837 1344 1192 1399 exornantur,
1221 1333 1428 1404 pulchri
1454 1334 1505 1385 in
1527 1331 1698 1386 oculis
1718 1329 1896 1400 sponsi
1923 1330 2022 1382 ha-

448 1435 666 1489 bentur.
691 1430 825 1484 Nam
847 1438 904 1484 ut
929 1427 1212 1482 Psalmista
1239 1425 1387 1488 dicit,
1417 1441 1436 1475 ι
1476 1421 1751 1476 benedixit
1778 1419 2027 1474 omnibus

453 1526 544 1594 qui
570 1525 763 1579 timent
786 1521 1092 1584 Dominum,
1116 1518 1323 1588 pusillis
1345 1531 1465 1571 cum
1493 1514 1820 1585 majoribus;
1855 1513 1887 1563 ι’
1905 1511 2026 1565 ideo

454 1616 588 1672 dicit
622 1633 636 1668 :
674 1632 693 1666 ‹
728 1614 862 1669 Tota
891 1612 1116 1682 pulchra
1141 1624 1217 1673 es,
1259 1628 1280 1662 ι
1325 1622 1429 1663 non
1457 1621 1586 1677 pars
1613 1613 1724 1658 tua.
1754 1603 1870 1657 Hoc
1908 1601 2028 1656 ideo

455 1713 706 1777 dicimus,
736 1726 843 1766 non
875 1709 1016 1779 quod
1045 1705 1240 1776 aliquis
1259 1705 1314 1760 in
1341 1701 1594 1775 praesenti
1621 1701 1731 1755 vita
1761 1699 1878 1754 sine
1903 1711 2028 1767 pec-

456 1813 580 1858 cato
604 1816 722 1858 esse
743 1801 933 1871 possit,
954 1815 1075 1854 cum
1111 1797 1373 1866 scriptum
1396 1793 1496 1849 sit:
1529 1813 1547 1845 ‹
1569 1791 1738 1846 Nemo
1767 1799 1851 1846 est
1869 1803 2031 1858 super

2120 611 2386 688 perbiam,
2419 611 2575 680 pardi
2627 619 2849 682 propter
2877 609 3232 674 ferocitatem,
3261 608 3346 664 vel
3382 609 3552 666 etiam
3580 624 3708 681 pro-

2120 706 2242 767 pter
2266 699 2410 753 mille
2449 708 2596 755 artes
2621 700 2871 764 nocendi,
2889 699 3014 769 quia
3044 698 3243 767 pardus
3263 700 3473 754 varium
3497 700 3708 754 animal

2121 797 2223 843 est.
2255 791 2330 844 De
2360 791 2445 846 his
2467 806 2596 860 ergo
2621 792 2893 847 montibus
2914 801 3208 846 coronatur
3237 791 3500 859 Ecclesia,
3527 809 3710 863 quan-

2123 880 2190 935 do
2213 881 2485 950 principes
2534 880 2713 936 saeculi
2753 882 2819 936 ad
2850 881 3009 936 ﬁdem
3053 880 3255 937 Christi
3283 891 3709 944 convertuntur,

2121 979 2177 1026 et
2203 986 2306 1025 non
2347 971 2517 1026 solum
2547 979 2767 1041 propter
2795 987 2921 1026 suas
2946 971 3198 1036 virtutes,
3229 973 3324 1027 sed
3350 973 3516 1027 etiam
3546 986 3713 1042 prop-

2125 1069 2210 1116 ter
2247 1061 2430 1116 talium
2471 1063 2935 1117 conversationem
2971 1072 3028 1117 et
3065 1062 3290 1118 salutem
3323 1072 3714 1120 remuneratur

2125 1152 2386 1209 Ecclesia.
2427 1153 2607 1208 Potest
2633 1163 2688 1208 et
2709 1154 2812 1208 hoc
2839 1153 2890 1208 in
2913 1155 3164 1223 pra-senti
3199 1155 3369 1224 accipi
3403 1173 3419 1210 ;
3452 1155 3596 1210 Nam
3626 1171 3714 1210 co-

2125 1253 2348 1300 ronatur
2375 1244 2617 1300 Ecclesia
2643 1243 2710 1300 de
2732 1246 2935 1299 vertice
2955 1245 3152 1311 horum
3182 1247 3464 1307 montium,
3489 1249 3714 1316 quando

2125 1335 2380 1403 subjectis
2416 1335 2750 1406 principibus
2791 1335 3073 1392 catholica;
3111 1336 3254 1399 ﬁdei,
3290 1337 3558 1398 Ecclesia,
3594 1355 3715 1407 qua

2127 1437 2281 1482 antea
2309 1427 2670 1497 premebatur,
2699 1437 2992 1483 coronatur
3018 1438 3072 1483 et
3099 1428 3362 1499 gloriatur
3387 1429 3440 1483 in
3466 1430 3714 1493 Christo,

2127 1517 2264 1573 sicut
2308 1517 2506 1572 factum
2538 1527 2621 1574 est
2651 1527 2891 1588 tempore
2943 1517 3304 1584 Constantini,
3355 1521 3582 1590 quando
3626 1520 3718 1574 illo

2126 1622 2387 1664 converso
2414 1608 2733 1663 mirabiliter
2774 1607 3077 1678 gloriﬁcata
3126 1618 3210 1664 est
3245 1609 3513 1664 Ecclesia.
3545 1609 3721 1665 Coro—

2128 1706 2289 1754 natur
2311 1707 2366 1753 et
2405 1699 2471 1754 de
2517 1699 2783 1754 cubilibus
2815 1698 3055 1765 leonum,
3103 1709 3158 1754 et
3209 1700 3485 1755 montibus
3517 1703 3722 1772 pardo-

2129 1808 2272 1858 rum,
2305 1793 2519 1862 quando
2550 1793 2810 1863 superbos
2840 1802 2894 1848 et
2921 1807 3164 1863 quosque
3190 1808 3362 1849 saevos
3396 1809 3459 1849 ac
3495 1794 3722 1850 dolosas

459 1904 657 1948 terram
702 1893 819 1948 sine
867 1899 1109 1960 peccato,
1147 1903 1248 1942 nec
1291 1885 1468 1941 infans
1510 1885 1672 1939 unius
1701 1882 1837 1948 diei;
1880 1901 1898 1933 ι
1935 1879 2029 1935 sed
2060 1874 2102 1932 Β
2130 1883 2419 1950 convertit,
2444 1892 2497 1939 et
2524 1900 2622 1955 pro
2654 1883 2868 1940 illorum
2894 1899 3106 1954 quoque
3129 1884 3486 1940 conversione
3508 1893 3720 1940 eterna

457 1987 576 2042 ideo
596 1985 718 2055 quia
742 1985 873 2039 ﬁdes
892 1982 1129 2052 perfecta
1153 1989 1206 2034 et
1227 1979 1445 2034 cmlcsle
1470 1975 1793 2032 desiderium
1815 1986 2028 2026 omnem

459 2077 722 2147 abstergit
764 2073 1030 2129 maculam
1079 2071 1297 2125 levioris
1341 2067 1548 2139 peccati
1593 2085 1604 2120 :
1639 2081 1743 2120 non
1786 2065 1929 2118 enim
1965 2062 2031 2117 de

459 2165 713 2237 gravibus
750 2179 895 2218 nunc
923 2163 1060 2216 ratio
1085 2168 1187 2224 est,
1235 2174 1354 2229 quae
1391 2157 1482 2226 qui
1527 2155 1890 2217 committunt,
1917 2152 2032 2222 jam

460 2269 655 2323 sponsa
685 2252 887 2308 Christi
927 2268 1032 2306 non
1062 2261 1209 2312 sunt,
1247 2263 1344 2303 nec
1370 2246 1530 2300 ullam
1559 2245 1761 2300 habent
1787 2243 2031 2314 particu-

460 2345 568 2398 lam
619 2343 778 2412 hujus
831 2351 1031 2398 sanctaz
1085 2339 1522 2412 pulchritudinis.
1573 2335 1712 2392 Hinc
1756 2343 1840 2392 est
1891 2332 2034 2404 quod

461 2434 697 2489 Joannes
744 2434 877 2488 dicit
919 2451 932 2486 :
980 2431 1080 2499 Qui
1121 2438 1278 2484 natus
1309 2436 1389 2484 est
1418 2444 1480 2482 ex
1515 2428 1650 2491 Deo,
1679 2441 1785 2480 non
1819 2429 2033 2495 peeeat,

459 2524 713 2580 subaudis
737 2531 960 2593 peccato
1002 2523 1068 2577 ad
1095 2528 1346 2584 mortem,
1379 2533 1488 2572 non
1518 2515 1660 2586 quod
1684 2514 1787 2569 levi
1815 2521 2036 2584 peccato

460 2616 583 2686 quis
626 2621 830 2679 careat,
866 2613 981 2668 sine
1020 2626 1128 2681 quo
1179 2609 1287 2663 vita
1333 2608 1434 2662 ista
1474 2621 1580 2660 non
1623 2605 1858 2658 ducitur.
1899 2601 2036 2657 Tota

461 2723 591 2778 ergo
617 2705 840 2776 pulchra
871 2717 953 2760 est
998 2702 1260 2767 Ecclesia,
1294 2700 1348 2754 in
1377 2706 1639 2768 quantum
1669 2711 1727 2751 se
1749 2703 1953 2751 castam
1982 2701 2038 2749 et

463 2801 754 2854 immunem
783 2797 848 2851 ab
875 2795 1019 2850 omni
1043 2799 1264 2864 peccato
1303 2790 1562 2846 custodit.
1594 2787 1650 2841 Si
1697 2787 1911 2856 quando
1931 2799 2035 2839 au-

463 2902 572 2947 tem
600 2889 701 2945 levi
736 2896 953 2960 peccato
997 2885 1258 2950 fuscatur,
1311 2883 1418 2937 cita
1465 2878 1800 2951 pcenitudine
1843 2884 1893 2930 et
1935 2875 2038 2930 ﬁde

465 2991 612 3039 recta
643 2982 709 3036 ad
733 2961 953 3037 caeleste
973 2977 1296 3035 desiderium
1319 2975 1372 3030 in
1402 2989 1466 3030 ea
1488 2972 1666 3044 prisca
1696 2966 2039 3041 pulchritudo

464 3081 766 3145 reparatur.
1708 3127 1714 3132 _

541 3182 560 3215 ε
591 3161 726 3218 Veni
772 3162 838 3217 de
862 3161 1088 3226 Libano,
1134 3172 1328 3228 sponsa
1369 3171 1512 3222 mea,
1552 3153 1676 3210 veni
1713 3152 1781 3208 de
1810 3150 2038 3215 Libano,

467 3255 611 3311 veni.
652 3273 670 3304 ι
713 3254 950 3308 Libanus
991 3267 1146 3307 mons
1187 3239 1274 3306 est
1309 3247 1600 3304 thnicis.
1651 3247 2043 3315 Interpretatur

468 3353 649 3400 autem
674 3360 740 3400 ex
769 3343 993 3399 Hebraeo
1015 3341 1278 3396 dealbatio
1301 3339 1384 3394 vel
1407 3339 1736 3402 candidatio,
1763 3351 1828 3390 ex
1856 3335 2044 3390 Graeco

468 3443 653 3490 autem
684 3435 808 3488 thus
834 3433 1239 3501 interpretatur.
1273 3429 1426 3484 Unde
1455 3437 1511 3482 et
1531 3443 1719 3498 supra,
1746 3425 1837 3480 ubi
1865 3423 2044 3492 loqui-

471 3535 588 3580 tur:
617 3543 636 3574 ‹
668 3523 874 3577 Vadam
913 3521 979 3574 ad
1007 3529 1242 3574 montem
1271 3519 1504 3588 myrrha:
1533 3527 1588 3572 et
1633 3518 1700 3572 ad
1730 3515 1895 3571 colles
1919 3518 2046 3569 thu-

473 3615 570 3680 ris,
595 3633 612 3665 i
641 3611 796 3668 collis
812 3611 1043 3665 habetur
1058 3609 1266 3664 Libani.
1287 3609 1454 3662 Vocat
1474 3623 1603 3679 ergo
1626 3622 1855 3678 sponsus
1881 3621 2046 3678 spon-

473 3720 586 3760 sam
615 3718 768 3758 suam
813 3701 1154 3759 candidatum
1194 3699 1518 3771 baptismate
1536 3741 1551 3766 ,
1577 3700 1881 3755 dealbatam
1907 3698 2050 3753 nito-

475 3817 534 3856 re
575 3798 814 3855 omuium
843 3797 1123 3860 virtutum,
1166 3795 1478 3867 ﬂagrantem
1520 3795 1698 3849 studio
1731 3801 2046 3849 sanctarum

474 3890 797 3945 orationum.
833 3887 1005 3943 Vocat
1032 3903 1151 3942 eam
1197 3894 1258 3940 ut
1283 3887 1480 3950 veniat,
1511 3885 1564 3940 id
1596 3894 1681 3940 est
1702 3892 1760 3938 ut
1802 3883 1856 3937 in
1880 3883 2049 3936 virtu-

477 3979 620 4035 tibus
672 3977 942 4049 proﬁciat.
1000 3977 1117 4033 Non
1170 3976 1342 4032 solum
1391 3985 1550 4032 vocat
1595 3975 1735 4031 Deus
1789 3973 2047 4038 animam,

483 4074 700 4144 quando
731 4089 851 4130 eam
898 4088 928 4127 a
983 4071 1212 4127 vinculis
1253 4070 1431 4126 carnis
1472 4077 1688 4124 exutam
1712 4067 1778 4121 ad
1809 4065 2050 4122 coelestia

475 4165 696 4237 prmmia
726 4166 892 4230 ducit,
923 4163 1016 4219 sed
1042 4165 1204 4219 etiam
1230 4177 1326 4233 per
1349 4161 1614 4215 internam
1641 4158 2051 4229 inspirationem

477 4268 539 4312 ut
561 4258 615 4311 in
660 4257 949 4310 virtutibus
971 4255 1220 4324 proﬁciat
1242 4255 1511 4307 hortatur.
1539 4250 1680 4317 Quot
1700 4251 1842 4306 enim
1864 4250 1918 4304 in
1944 4249 2054 4304 vir-

480 4347 685 4401 tutibus
712 4345 883 4400 sancti
906 4344 1216 4414 proﬁciunt,
1240 4343 1394 4412 quasi
1420 4350 1499 4397 tot
1525 4342 1771 4412 passibus
1797 4342 1864 4396 ad
1883 4341 2053 4396 Deum

483 4439 726 4501 tendunt,
758 4447 813 4492 et
855 4437 1017 4492 tertio
1038 4435 1188 4500 dicit,
1217 4453 1235 4486 ‹
1274 4435 1414 4499 veni,
1449 4452 1466 4485 ι
1499 4435 1624 4504 quia
1659 4434 1774 4488 vult
1794 4448 1914 4488 eam
1937 4447 2050 4503 per-

484 4529 680 4584 fectam
728 4543 848 4584 esse
888 4529 942 4583 in
973 4527 1323 4598 cogitatione,
1358 4525 1623 4582 locutione
1657 4535 1710 4582 et
1752 4540 1931 4596 opere.
1957 4522 2053 4580 Vel

484 4626 644 4672 vocat
668 4633 785 4672 eam
825 4619 1018 4689 primo,
1047 4628 1106 4672 ut
1131 4617 1196 4672 ad
1229 4632 1287 4672 se
1315 4617 1494 4671 veniat
1520 4630 1618 4686 per
1653 4615 1812 4671 ﬁdem
1847 4633 1860 4679 ;
1896 4620 2055 4669 vocat

487 4709 745 4774 secundo,
777 4718 834 4762 ut
875 4708 1090 4779 dignam
1117 4707 1414 4763 caelestium
1444 4707 1787 4777 praemiorum
1821 4705 2057 4760 retribu-

490 4803 691 4857 tionem
716 4800 823 4870 jam
843 4801 1067 4856 liberata
1098 4817 1126 4856 a
1148 4815 1373 4870 corpore
1397 4799 1625 4869 accipiat
1648 4815 1664 4865 ;
1687 4808 1846 4854 vocat
1871 4797 2053 4864 tertio,

489 4899 549 4944 ut
580 4891 634 4944 in
669 4890 755 4944 die
796 4889 1058 4961 generalis
1100 4889 1509 4945 resurrectionis
1529 4885 1641 4955 jam
1695 4895 1910 4957 sumpto
1937 4902 2060 4942 cor—

489 4996 642 5053 pore,
673 4981 869 5051 duplici
908 4981 1043 5035 stola
1067 4987 1324 5050 perpetuo
1347 4987 1535 5032 ornata
1561 4977 1808 5048 gaudeat.
1838 4997 1858 5030 (
1885 4977 2057 5033 Coro-

493 5071 709 5128 nabcris
735 5072 801 5126 de
835 5071 1009 5141 capite
1028 5068 1309 5131 Amanam,
1335 5068 1402 5123 de
1424 5068 1625 5122 vertice
1660 5067 1822 5122 Sanir
1849 5075 1903 5121 et
1924 5067 2061 5121 flera-

493 5182 642 5231 mon,
664 5166 730 5221 de
758 5165 1021 5220 cubilibus
1046 5163 1278 5226 leonum,
1303 5161 1368 5215 de
1388 5159 1658 5214 montibus
1685 5159 2000 5228 pardorum.
2038 5177 2056 5210 ι

497 5256 705 5309 Amana
731 5255 904 5324 ipsum
927 5253 1111 5309 dicunt
1133 5267 1253 5306 esse
1283 5257 1518 5305 montem
1544 5247 1743 5302 Cilicim
1774 5247 2062 5311 Amanum,

499 5346 588 5416 qui
638 5353 693 5400 et
745 5345 954 5399 Taurus
1000 5342 1314 5413 appellatur.
1365 5338 1527 5393 Sanir
1559 5351 1689 5392 vero
1718 5345 1773 5391 et
1828 5335 2065 5391 Hermon

501 5445 712 5492 montes
736 5444 861 5491 sunt
879 5434 1099 5497 Judzeaz,
1124 5433 1177 5486 in
1202 5431 1396 5501 quibus
1420 5429 1606 5484 leones
1631 5438 1686 5482 et
1712 5429 1863 5498 pardi
1887 5427 2068 5483 femu-

503 5537 592 5581 tur
626 5527 890 5582 habitare.
934 5525 1038 5578 Per
1067 5524 1165 5578 hos
1198 5531 1378 5576 autem
1407 5530 1637 5585 montes,
1667 5520 1844 5576 saeculi
1884 5529 2068 5592 potes-

504 5625 663 5681 tates,
699 5633 853 5686 reges
879 5614 1125 5670 videlicet
1152 5622 1204 5670 et
1229 5613 1525 5684 principes,
1555 5613 1947 5684 intelliguntur,
1977 5613 2068 5683 qui

503 5705 665 5761 veluti
695 5715 904 5760 montes
935 5705 986 5759 in
1034 5703 1280 5774 superbia
1328 5703 1676 5770 extolluntur,
1722 5714 1777 5760 et
1821 5705 2070 5777 malignis

505 5796 780 5875 spiritibus
829 5797 979 5869 quasi
1011 5787 1250 5855 leonibus
1290 5805 1342 5854 et
1375 5797 1559 5870 pardis
1583 5797 1776 5854 cubilia
1809 5797 2068 5868 pnebent.

2083 4577 2132 4638 D

2129 1979 2349 2048 przcmia
2385 1978 2596 2046 recipit.

2205 2090 2223 2120 ι
2262 2068 2560 2123 Vulnerasti
2587 2083 2682 2122 cor
2707 2082 2904 2128 meum,
2929 2082 3082 2121 soror
3113 2081 3231 2121 mea
3256 2081 3452 2136 Sponsa
3472 2107 3487 2130 ,
3515 2065 3716 2120 vulne-

2132 2159 2261 2214 rasti
2295 2175 2389 2214 cor
2418 2173 2618 2213 meum.
2656 2179 2674 2211 ι
2719 2158 2985 2228 Sponsam
3009 2165 3062 2211 et
3088 2172 3331 2211 sororem
3364 2172 3544 2220 suam,
3589 2172 3723 2210 san-

2131 2262 2274 2308 ctam
2307 2253 2434 2307 dicit
2468 2252 2794 2316 Ecclesiam,
2831 2266 2950 2320 quae
2993 2258 3047 2304 et
3076 2265 3270 2318 sponsa
3291 2257 3398 2314 est,
3424 2249 3552 2318 quia
3597 2263 3724 2302 eam

2133 2345 2233 2400 sibi
2255 2343 2503 2400 Christus
2525 2345 2840 2398 incarnatus
2867 2342 3171 2412 despondit,
3201 2357 3426 2410 eamque
3451 2341 3727 2396 einunda-

2136 2447 2243 2493 tam
2286 2437 2536 2492 sordibus
2577 2444 2944 2506 peccatorum,
2975 2433 3102 2488 dote
3137 2431 3371 2502 Spiritus
3397 2433 3577 2487 sancti
3619 2431 3724 2487 sibi

2133 2528 2429 2601 conjunxit.
2465 2526 2632 2582 Soror
2656 2541 2786 2581 vero
2815 2533 2919 2590 est,
2965 2524 3092 2593 quia
3118 2532 3341 2594 propter
3387 2537 3512 2578 eam
3544 2523 3730 2578 incar-

2135 2629 2317 2683 natus,
2341 2617 2511 2671 frater
2535 2613 2651 2682 ejus
2692 2613 2808 2668 ﬁeri
2838 2613 3087 2684 dignatus
3120 2621 3227 2678 est,
3258 2611 3400 2666 sicut
3427 2627 3729 2681 resurgens

2137 2725 2168 2764 a
2193 2708 2428 2763 mortuis
2455 2706 2592 2761 dixit
2615 2703 2929 2761 mulieribus
2954 2721 2970 2760 :
3003 2723 3021 2755 ‹
3049 2703 3146 2768 Ite,
3187 2702 3438 2758 nuntiate
3461 2702 3731 2758 fratribus

2139 2804 2292 2858 meis.
2343 2821 2360 2854 ι
2395 2802 2529 2857 Cum
2571 2817 2699 2872 ergo
2731 2800 2859 2856 dicit
2896 2799 3238 2855 vulneratum
3279 2813 3339 2855 se
3370 2814 3466 2853 cor
3495 2799 3729 2864 habere,

2137 2893 2562 2965 magnitudinem
2602 2891 2804 2946 amoris
2833 2890 3123 2961 expressit,
3157 2888 3267 2960 quo
3290 2899 3538 2946 sanctam
3571 2905 3734 2944 suam

2139 2985 2310 3056 diligit
2339 2983 2654 3038 Ecclesiam.
2699 2980 2943 3035 Allirmat
2973 2989 3156 3035 autem
3193 2980 3297 3034 hoc
3329 2980 3537 3034 iterans
3555 2986 3610 3032 et
3645 2979 3735 3032 in-

2140 3075 2378 3139 culcans,
2414 3091 2432 3124 ‹
2466 3071 2777 3126 Vuln‘erasti
2808 3086 2904 3126 cor
2931 3086 3132 3135 meum,
3170 3090 3188 3123 ι
3236 3078 3296 3124 ut
3320 3069 3411 3124 tali
3444 3069 3736 3124 iteratione

2143 3174 2400 3237 quantum
2441 3165 2737 3220 Ecclesiam
2767 3178 2927 3218 suam
2958 3163 3153 3234 diligit,
3179 3163 3452 3220 ostendat.
3485 3163 3602 3230 Qua
3633 3177 3734 3216 au-

2145 3267 2252 3313 tem
2292 3270 2350 3311 re
2396 3257 2741 3310 vulneratum
2787 3254 2879 3319 sit,
2925 3253 3294 3326 subjungendo
3338 3253 3681 3308 demonstrat
3716 3269 3729 3303 :

2151 3367 2169 3400 ‹
2189 3349 2246 3403 in
2270 3363 2376 3403 uno
2397 3347 2675 3403 oculorum
2698 3354 2937 3412 tuorum,
2967 3356 3022 3402 et
3052 3347 3104 3401 in
3127 3361 3236 3404 uno
3256 3345 3406 3403 crine
3430 3345 3552 3402 colli
3576 3344 3675 3400 tui.
3710 3366 3728 3397 ο

2144 3439 2250 3494 Per
2289 3438 2472 3494 oculos
2498 3437 2772 3497 Ecclesizc,
2804 3437 3054 3510 superius
3082 3436 3392 3508 Spirituales
3416 3451 3609 3492 sensus
3646 3438 3734 3490 vel

2146 3532 2396 3587 doctares
2431 3537 2649 3586 sanctos
2672 3530 3020 3600 accipiendos
3045 3541 3166 3583 esse
3192 3527 3448 3582 diximus.
3490 3526 3597 3580 Per
3616 3526 3736 3581 cri-

2149 3639 2244 3678 nes
2264 3638 2416 3688 vero,
2447 3621 2822 3677 multitudines
2846 3618 3212 3688 subiectarum
3247 3617 3507 3687 plebium,
3532 3617 3739 3687 quibus

2149 3723 2332 3770 sancta
2360 3713 2647 3768 decoratur
2676 3710 2936 3766 Ecclesia.
2977 3710 3047 3764 Et
3071 3717 3155 3765 est
3182 3725 3374 3764 sensus
3411 3727 3425 3762 :
3460 3707 3594 3764 Cum
3617 3716 3737 3762 tota

2150 3802 2224 3857 sis
2250 3801 2497 3871 pulchra,
2528 3815 2561 3854 o
2583 3798 2847 3863 Ecclesia,
2871 3807 2926 3854 et
2953 3813 3077 3853 cum
3112 3805 3164 3853 te
3189 3797 3257 3852 ob
3279 3796 3451 3851 multa
3477 3796 3699 3866 diligam
3720 3836 3736 3858 ,

2150 3891 2418 3963 prmcipuc
2440 3898 2618 3944 tamen
2645 3888 2792 3943 nitor
2814 3888 3172 3959 spiritualium
3195 3904 3449 3944 sensuum
3470 3897 3525 3942 et
3549 3885 3739 3942 docto-

2151 3998 2270 4037 rum
2295 3991 2504 4036 tuorum
2529 3980 2818 4036 sinceritas
2838 3996 2923 4035 me
2947 3979 3548 4050 delectat;simplicitas
3571 3979 3739 4033 etiam

2152 4071 2512 4140 subjectarum
2546 4071 2802 4142 plebium,
2842 4087 2962 4141 quae
2983 4073 3070 4142 pie
3093 4081 3149 4128 et
3170 4072 3401 4127 ﬁdeliter
3430 4071 3612 4126 verbis
3638 4071 3740 4125 do-

2153 4173 2362 4220 ctorum
2413 4165 2806 4234 obtemperant.
2860 4163 3007 4218 Bene
3067 4172 3250 4219 autem
3305 4179 3428 4219 cum
3488 4162 3743 4232 superius

2151 4257 2432 4329 pluraliter
2480 4257 2617 4312 dixit
2649 4255 2836 4312 oculos
2882 4265 2938 4312 et
2980 4256 3225 4326 capillos,
3268 4235 3360 4310 hic
3388 4253 3743 4326 singulariter

2153 4349 2286 4405 dicit
2310 4351 2362 4404 in
2399 4365 2506 4404 uno
2531 4348 2687 4404 oculo
2713 4357 2766 4404 et
2795 4348 2847 4403 in
2878 4363 2986 4404 uno
3009 4348 3180 4413 crine,
3212 4353 3271 4402 ut
3298 4362 3396 4417 per
3432 4347 3535 4401 hoc
3559 4344 3746 4399 unitas

2155 4446 2466 4495 sanctorum
2513 4437 2796 4495 doctorum
2845 4438 3200 4507 exprimatur.
3248 4437 3440 4493 Unitas
3467 4445 3552 4492 est
3595 4437 3746 4492 enim

2158 4528 2394 4584 cmlestis
2417 4527 2694 4590 doctrinae,
2724 4543 2882 4598 quam
2906 4527 3163 4596 subjectis
3184 4528 3517 4600 impendunt.
3548 4547 3569 4580 ι
3592 4527 3748 4583 Unus

2158 4619 2302 4674 enim
2349 4619 2629 4684 Dominus,
2660 4627 2720 4673 ut
2752 4619 3039 4690 Apostolus
3065 4620 3217 4686 dicit,
3257 4636 3365 4675 una
3395 4619 3548 4682 ﬁdes,
3574 4635 3750 4674 unum

2157 4708 2448 4777 baptisma,
2501 4728 2519 4758 ›
2569 4723 2776 4762 necnon
2825 4717 2880 4764 et
2907 4725 3013 4764 una
3043 4709 3256 4764 devotio
3285 4707 3650 4776 subjectorum
3684 4706 3753 4760 ﬁ-

2157 4799 2376 4853 delium.
2411 4799 2593 4853 Potest
2627 4806 2680 4854 et
2729 4799 2832 4853 hoc
2859 4801 3000 4868 quod
3048 4799 3198 4864 dicit,
3251 4817 3268 4849 ι
3315 4797 3613 4853 vulnerasti
3653 4813 3756 4852 cor

2157 4904 2356 4952 meum,
2391 4909 2407 4940 ο
2442 4889 2507 4962 de
2532 4888 2782 4958 passione
2801 4888 3000 4944 Christi
3024 4889 3191 4958 accipi
3219 4907 3232 4942 :
3272 4907 3289 4940 ν
3323 4887 3626 4942 Vulnerasti
3655 4903 3756 4941 cor

2160 4979 2361 5044 meum,
2413 4981 2463 5034 id
2492 4991 2574 5036 est
2605 4991 2696 5036 tuo
2727 4996 2910 5036 amore
2940 4980 3118 5036 fecisti
3145 4988 3204 5034 ut
3232 4996 3329 5051 ego
3358 4981 3412 5035 in
3437 4995 3603 5035 cruce
3626 4981 3754 5033 γυιο-

2167 5085 2408 5125 uerarer.
2445 5069 2746 5126 Notandum
2778 5086 2905 5126 vero
2933 5071 3075 5141 quod
3105 5071 3255 5138 dicit,
3309 5089 3326 5122 ι
3377 5071 3429 5124 in
3457 5086 3566 5125 uno
3599 5071 3762 5123 crine

2167 5160 2287 5216 colli
2312 5161 2387 5214 tui
2415 5179 2426 5214 :
2467 5182 2483 5212 ι
2523 5161 2626 5217 Per
2646 5162 2842 5218 collum
2864 5161 3008 5216 enim
3035 5161 3271 5216 diximus
3293 5161 3539 5216 doctores
3577 5159 3756 5230 signi-

2171 5249 2341 5315 ﬁcari,
2373 5259 2427 5304 et
2456 5251 2622 5307 crinis
2669 5252 2925 5306 Ecclesiae
2976 5250 3116 5306 collo
3151 5251 3414 5315 adhmret,
3465 5265 3572 5320 quo
3621 5250 3752 5303 sub—

2167 5345 2324 5415 jectac
2381 5345 2565 5415 plebes
2610 5363 2639 5400 a
2697 5347 2900 5402 sanctis
2949 5345 3261 5402 doctoribus
3307 5345 3655 5408 nutriuntur,
3693 5355 3756 5398 et

2173 5451 2360 5492 eorum
2390 5453 2531 5492 sana:
2550 5438 2804 5492 doctrina:
2825 5437 3111 5504 inhaerent,
3135 5452 3197 5493 ac
3213 5436 3507 5492 secundum
3529 5436 3753 5491 illorum

2171 5535 2440 5598 praecepta
2469 5527 2647 5582 vivere
2674 5537 2940 5599 satagunt.

2253 5637 2268 5669 ι
2314 5617 2484 5685 Quam
2530 5619 2767 5688 pulchra:
2811 5627 2936 5674 sunt
2967 5632 3215 5672 mamma!
3265 5626 3388 5682 tuae,
3419 5631 3576 5671 soror
3629 5629 3764 5670 mea.

2174 5724 2390 5779 sponsa.
2447 5729 2462 5760 ι
2513 5708 2619 5762 Per
2655 5724 2918 5763 mammas
2959 5708 3207 5778 superius
3235 5705 3450 5763 eosdem
3500 5705 3758 5761 doctores

2175 5801 2408 5857 diximus
2429 5799 2666 5873 ﬁgurari,
2698 5803 2785 5871 qu'
2820 5809 2863 5856 et
2888 5813 2984 5870 per
3007 5799 3191 5855 oculos
3219 5798 3598 5868 designantur;
3627 5809 3756 5850 nam
