3950 6496
168 419 258 477 521

1107 413 1503 472 ENARRATIO
1541 412 1608 469 IN
1646 410 1941 470 CANTICA
1974 411 2438 470 CANTICORUM.

3296 414 3403 469 ωε

168 527 327 597 sancti
372 526 625 583 doctores
674 540 924 581 mamma
964 536 1109 591 sunt,
1152 525 1206 583 id
1240 534 1322 582 est
1363 524 1595 596 simplici
1625 527 1723 582 do-
1754 540 1806 600 Α
1829 529 2105 595 emittens,
2152 529 2246 598 qui
2274 527 2358 584 bis
2401 529 2454 582 in
2485 543 2629 586 anno
2652 529 2942 600 colligitur,
2974 528 3029 583 in
3063 536 3324 586 autumno
3350 538 3407 586 et

166 619 328 675 ctrina
380 614 611 671 humiles
646 615 929 681 nutriunt;
975 612 1117 671 oculi
1164 623 1312 681 sunt,
1344 629 1470 669 cum
1519 629 1730 670 summa

165 720 380 779 quaeque
419 712 479 761 et
507 703 749 760 coelestia
776 704 1089 774 pradicant.
1132 703 1225 757 Ait
1263 718 1392 775 ergo
1425 721 1438 757 :
1480 720 1501 754 ι
1555 702 1730 771 Quam

162 797 390 870 pulchra
409 802 536 851 sunt
554 810 803 850 mammae
823 804 947 859 tua,
978 808 1134 850 soror
1156 808 1277 849 mea
1298 808 1528 864 sponsa;
1553 792 1604 849 id
1624 800 1729 859 est,

165 903 317 959 quam
346 886 560 957 pulchri
584 894 713 942 sunt
735 886 985 943 doctores
1015 884 1111 952 tui,
1140 885 1391 953 quoniam
1414 900 1593 941 sermo
1613 884 1731 942 illo-

167 995 277 1035 rum
300 988 355 1034 et
374 978 589 1049 eloquio
607 978 944 1047 praeminet,
967 984 1023 1033 et
1060 977 1296 1048 pondere
1324 991 1580 1033 sensuum
1614 988 1733 1045 pre-

165 1070 326 1124 tiosus
371 1075 477 1122 est.
509 1086 529 1119 t
561 1065 878 1121 Pulchriora
906 1074 1033 1121 sunt
1060 1066 1228 1121 ubera
1262 1073 1355 1120 tua
1395 1065 1541 1120 vino.
1579 1084 1597 1117 ι
1632 1064 1732 1120 llic

163 1157 454 1215 versiculus
486 1155 604 1227 jam
639 1155 888 1227 superius
912 1156 1190 1227 expositus
1229 1163 1333 1222 est,
1364 1155 1457 1212 ubi
1486 1154 1683 1211 dicitur
1713 1171 1728 1209 :

166 1268 183 1300 ι
216 1247 439 1303 Meliora
484 1255 611 1301 sunt
645 1246 815 1301 ubera
841 1252 932 1301 tua
970 1260 1115 1301 vmo.
1151 1263 1171 1297 ι
1205 1244 1274 1300 Et
1303 1245 1407 1301 hoc
1436 1244 1732 1300 notandum

161 1339 299 1410 quod
325 1337 570 1393 Ecclesia
592 1352 843 1408 superius
864 1336 1029 1392 ubera
1052 1336 1238 1406 sponsi
1258 1336 1343 1392 sui
1378 1335 1618 1392 laudavit
1646 1335 1733 1391 di—

160 1442 283 1484 cens
311 1444 326 1481 :
359 1444 380 1479 t
415 1425 635 1483 Meliora
662 1436 789 1483 sunt
815 1427 984 1482 ubera
1025 1434 1121 1482 tua
1170 1426 1320 1493 vino,
1366 1445 1386 1479 ι
1419 1441 1565 1481 nunc
1603 1440 1734 1482 vero

160 1516 392 1573 vicissim
434 1531 665 1587 sponsus
694 1530 908 1589 sponsa
954 1531 1065 1572 sua
1090 1514 1255 1572 ubera
1298 1516 1525 1583 extollit,
1555 1524 1615 1571 ut
1636 1531 1736 1586 per

160 1611 261 1687 hoc
283 1609 463 1664 unitas
490 1608 693 1665 Christi
743 1618 800 1664 et
822 1608 1076 1664 Ecclesia
1106 1609 1535 1673 commendetur.
1579 1607 1736 1664 Chri-

161 1709 272 1756 stus
310 1700 456 1755 enim
479 1709 642 1769 caput
667 1707 771 1765 est,
807 1710 863 1755 et
903 1698 1147 1755 Ecclesia
1175 1714 1372 1769 corpus
1400 1700 1517 1770 ejus
1546 1717 1559 1752 :
1592 1714 1733 1769 pra-

163 1790 302 1846 cellit
329 1789 474 1844 enim
500 1787 713 1843 initium
735 1776 1133 1859 praedicationis
1156 1789 1478 1860 evangelica
1504 1789 1732 1860 legalem

109 1949 118 1962 η
160 1880 501 1938 sententiam.
548 1898 568 1930 ι
612 1879 681 1934 Ει
720 1880 855 1935 odor
880 1874 1287 1951 unguentorum
1318 1889 1530 1936 tuorum
1568 1894 1733 1949 super
1762 1903 1809 1964 Β

161 1974 339 2047 omnia
368 1979 630 2028 aromata.
668 1991 689 2024 ι
727 1970 1007 2041 Unguenta
1034 1972 1290 2027 Ecclesia
1329 1980 1456 2027 sunt
1481 1973 1737 2029 doctrina

160 2063 401 2120 calestis
427 2058 774 2125 charismata,
801 2060 885 2116 vel
919 2061 1083 2115 etiam
1123 2059 1269 2115 fama
1297 2061 1584 2127 virtutum,
1614 2076 1737 2131 qua

164 2158 230 2212 de
255 2152 491 2210 Ecclesia
514 2151 759 2222 fragrat;
810 2158 1057 2206 aromata
1084 2164 1210 2206 vero
1256 2150 1629 2220 intelliguntur
1657 2151 1736 2206 le-

160 2248 308 2319 gales
345 2243 772 2319 observationes.
822 2241 997 2312 Super
1045 2250 1286 2298 aromata
1317 2257 1446 2312 ergo
1474 2252 1558 2296 est
1605 2242 1741 2298 odor

160 2342 556 2406 unguentorum
604 2332 879 2399 Ecclesia,
920 2332 1048 2403 quia
1092 2331 1239 2386 fama
1265 2332 1587 2402 evangelica
1615 2348 1740 2403 per-

157 2424 408 2480 tectrunis
453 2423 788 2480 transcendit
827 2438 1045 2479 omnem
1090 2423 1306 2479 laudem
1336 2423 1522 2494 legalis
1549 2426 1739 2481 obser-

157 2516 412 2570 \itllOlliS.

229 2631 248 2662 ι
284 2608 466 2664 Favus
496 2607 763 2664 distillans
802 2607 945 2663 labia
982 2616 1094 2675 tua,
1135 2623 1352 2678 sponsa.
1390 2628 1409 2662 i
1442 2610 1618 2666 Favus
1658 2618 1741 2666 est

156 2699 262 2755 mel
284 2701 342 2755 in
366 2714 516 2755 cera.
537 2698 640 2754 Mel
665 2707 846 2754 autem
885 2700 943 2754 in
975 2714 1099 2755 cera
1120 2710 1203 2756 est
1230 2701 1523 2771 spiritualis
1543 2701 1742 2757 intellié

152 2793 343 2862 gentia
364 2793 425 2847 in
442 2792 645 2847 littera.
669 2791 838 2849 Labia
866 2808 996 2865 ergo
1015 2793 1273 2849 Ecclesia
1300 2793 1455 2850 favus
1473 2795 1742 2850 distillans

152 2893 448 2951 vocantur,
474 2884 603 2955 quia
637 2884 814 2939 sancti
849 2885 1120 2949 doctores,
1154 2885 1246 2954 qui
1275 2899 1373 2955 per
1417 2885 1561 2940 labia
1600 2886 1742 2941 desi-

148 2983 416 3047 gnantur,
465 2974 768 3045 spiritualia
804 2972 1127 3029 documenta
1154 2973 1437 3043 proferunt
1470 2976 1742 3049 instruen-

149 3066 234 3121 dis
283 3062 560 3120 fidelibus.
590 3064 705 3120 Nec
747 3064 922 3120 solum
963 3052 1135 3131 favus,
1163 3066 1260 3121 sed
1289 3066 1454 3120 etiam
1477 3066 1742 3123 distillans

149 3164 429 3212 vocantur
473 3155 729 3211 Ecclesia
757 3154 917 3211 labia.
967 3156 1199 3211 Distillat
1241 3157 1385 3211 enim
1414 3155 1588 3223 favus,
1619 3172 1740 3212 cum

146 3246 336 3301 mellis
367 3245 520 3314 copia
547 3244 853 3299 exuberans
887 3244 1002 3313 jam
1055 3259 1164 3300 non
1208 3254 1386 3315 potest
1410 3246 1583 3303 cereis
1612 3262 1743 3317 cap-

147 3339 289 3393 sulis
344 3337 629 3393 contineri.
668 3337 836 3392 Recte
859 3350 990 3406 ergo
1036 3336 1219 3392 divina
1267 3337 1545 3409 Scriptura
1591 3339 1746 3396 favus

147 3428 438 3484 distillans
483 3435 730 3493 vocatur,
775 3426 903 3496 quia
950 3426 1319 3497 multipliciter
1355 3429 1671 3500 intelligitur
1693 3441 1749 3487 et

146 3520 328 3574 variis
354 3518 604 3573 sensibus
630 3518 941 3587 exponitur,
966 3533 1113 3574 nunc
1132 3517 1289 3588 juxta
1318 3518 1575 3587 litteram,
1603 3537 1748 3579 nunc

141 3610 313 3680 iuxta
336 3609 672 3680 allegoriam,
691 3625 832 3665 nunc
851 3608 1008 3679 juxta
1030 3610 1411 3677 moralitatem,
1433 3628 1577 3667 nunc
1593 3612 1747 3682 juxta

145 3717 447 3775 anagogen
474 3740 491 3770 ,
538 3702 593 3757 id
617 3711 703 3758 est
743 3702 1078 3773 superiorem
1106 3718 1346 3758 sensum.
1381 3721 1400 3755 ι
1436 3704 1535 3759 Mel
1583 3714 1639 3760 et
1665 3706 1750 3762 lac

142 3794 256 3849 sub
290 3794 480 3863 lingua
509 3803 621 3848 tua.
660 3811 683 3846 ι
713 3791 826 3848 Lac
848 3792 1086 3863 parvulis
1105 3794 1377 3861 convenit,
1404 3795 1633 3865 ideoque
1652 3811 1744 3865 per

142 3885 237 3939 lac
262 3884 587 3953 designatur
616 3882 843 3953 simplex
869 3883 1132 3949 doctrina,
1162 3899 1269 3954 qua
1288 3884 1502 3941 initium
1520 3887 1749 3941 creden-

139 3975 299 4029 tium
347 3972 635 4036 imbuitur;
684 3972 791 4027 mel
817 3987 965 4038 vero,
993 3972 1137 4043 quod
1162 3974 1229 4027 de
1252 3987 1376 4028 rore
1403 3973 1523 4028 coeli
1557 3973 1751 4029 confici

136 4064 436 4128 creditur,
471 4062 746 4117 caelestem
781 4072 837 4117 et
857 4062 1193 4131 spiritualem
1216 4064 1517 4120 doctrinam
1545 4066 1752 4137 signiﬁ-

136 4168 279 4222 cat,
331 4168 450 4222 qua
480 4152 734 4221 perfectis
754 4161 809 4207 et
837 4153 1116 4208 instructis
1144 4155 1415 4209 convenit.
1436 4155 1548 4211 Sub
1572 4157 1753 4227 lingua

135 4261 303 4316 ergo
336 4236 595 4299 Ecclesia
622 4244 727 4298 mel
753 4252 808 4299 et
833 4243 916 4297 lac
938 4253 1040 4309 est,
1056 4244 1181 4313 quia
1206 4244 1494 4314 aliquando
1510 4246 1753 4302 coelestia

135 4342 435 4414 mysteria
463 4336 739 4408 perfectis,
787 4336 1077 4407 aliquando
1108 4337 1333 4392 rudibus
1356 4337 1513 4406 plana
1540 4347 1596 4393 et
1625 4338 1753 4394 sim-

136 4433 334 4506 plicia
374 4430 714 4485 annuntiant.
749 4450 767 4481 ι
805 4429 872 4484 Ει
899 4429 1034 4484 odor
1066 4430 1508 4486 vestimentorum
1540 4438 1753 4486 tuorum

136 4527 310 4581 sicut
338 4521 473 4575 odor
497 4521 691 4575 thuris.
727 4539 748 4572 ι
794 4520 1123 4575 Vestimenta
1156 4521 1410 4577 Ecclesia:
1434 4532 1558 4577 sunt
1585 4525 1755 4577 bono-

1834 634 1977 675 vere.
2000 621 2059 677 In
2085 625 2380 679 autumnali
2420 627 2739 683 collectione
2758 633 3135 698 praparantur
3159 626 3404 692 arbores,

1831 712 2019 770 incisis
2066 716 2358 772 corticibus
2400 717 2817 789 flagrantissimo
2843 727 3048 775 astatis
3088 718 3303 785 ardore,
3341 733 3407 775 ac

1832 806 1912 861 sic
1930 808 2243 877 prosiliente
2264 823 2451 878 spuma
2475 811 2681 893 pingui,
2707 826 2828 880 quae
2855 820 3108 865 concreta
3129 810 3405 877 densatur,

1831 895 1926 952 ubi
1969 902 2160 950 natura
2212 895 2315 951 loci
2373 907 2581 967 poscat,
2621 905 2797 969 tegete
2837 899 3047 968 palmea
3083 901 3409 970 excipiente.

1832 985 1987 1055 Quod
2014 987 2069 1041 in
2108 987 2303 1042 arbore
2338 987 2516 1053 basit,
2556 987 2704 1043 ferro
2729 988 3046 1057 depectitur,
3071 991 3296 1061 ideoque
3320 991 3407 1046 vi-

1831 1078 1991 1133 detur
2034 1080 2328 1134 corticeum
2366 1094 2485 1135 esse
2513 1080 2883 1150 purissimum,
2920 1080 2975 1135 id
3003 1089 3087 1136 est
3126 1083 3411 1137 candidum

1833 1170 1979 1225 thus.
2004 1167 2255 1224 Secunda
2278 1169 2547 1224 vindemia
2578 1177 2664 1224 est
2683 1182 2832 1235 vere,
2863 1169 2931 1223 ad
2968 1183 3089 1224 eam
3120 1171 3297 1226 hieme
3324 1172 3411 1226 in-

1830 1260 1961 1316 cisis
1982 1259 2295 1326 corticibus,
2320 1260 2541 1316 rubrum
2566 1261 2670 1316 hoc
2689 1260 2823 1325 exit,
2856 1275 2955 1315 nec
2985 1262 3412 1330 comparandum

1833 1352 2017 1422 priori.
2053 1350 2305 1407 Creditur
2327 1359 2382 1406 et
2414 1351 2637 1407 novella
2688 1350 2901 1406 arboris
2944 1351 3228 1406 candidius
3269 1366 3412 1417 esse,

1833 1442 1929 1499 sed
1951 1442 2151 1497 veteris
2177 1441 2476 1499 odoratius.
2507 1440 2662 1509 Quod
2688 1456 2756 1497 ex
2798 1456 2863 1497 eo
2891 1442 3221 1496 rotunditate
3248 1449 3416 1513 gutta

1831 1532 2107 1604 pependit,
2130 1532 2430 1588 masculum
2459 1548 2755 1603 vocamus;
2799 1528 3003 1605 guttam
3029 1547 3292 1589 concussu
3319 1533 3415 1589 eli-

1833 1638 1973 1691 sam,
1997 1639 2256 1678 mannam
2277 1638 2557 1681 vocamus.

1909 1780 1927 1810 ‹
1965 1758 2163 1814 Hortus
2187 1759 2475 1814 conclusus
2497 1772 2651 1814 soror
2681 1773 2798 1812 mea
2830 1773 3048 1829 sponsa,
3069 1758 3259 1813 hortus
3281 1773 3413 1815 con—

1837 1852 2037 1918 clusus,
2087 1850 2209 1906 fons
2240 1853 2501 1923 signatus.
2530 1844 2565 1904 ἰ
2600 1850 2857 1906 Sororem
2891 1858 2946 1907 et
2974 1865 3229 1920 sponsam
3258 1864 3416 1905 suam

1839 1944 2134 1999 Ecclesiam
2178 1944 2328 2010 dicit,
2371 1958 2534 2014 quam
2561 1958 2625 1998 ex
2659 1943 2856 1997 ancilla
2884 1958 3126 1998 sororem
3168 1943 3272 1997 sibi
3298 1956 3418 1997 esse

1837 2038 2133 2102 constituit,
2158 2043 2212 2091 et
2251 2037 2374 2092 dote
2417 2035 2651 2105 Spiritus
2697 2035 2868 2111 sancti
2916 2035 3254 2106 pigneratam
3309 2033 3415 2087 sibi
3477 2095 3481 2099 η

1838 2143 2089 2199 sponsam
2112 2125 2309 2182 eﬁ‘ecit.
2342 2125 2466 2180 Hac
2502 2141 2632 2194 ergo
2661 2124 2903 2180 Ecclesia
2932 2125 3123 2178 hortus
3145 2131 3258 2189 est,
3288 2121 3416 2201 quia

1838 2218 2195 2289 spiritualium
2229 2217 2490 2271 virtutum
2533 2215 2775 2286 germina
2800 2212 3025 2284 profert,
3065 2227 3184 2282 qua
3213 2212 3267 2265 in
3293 2225 3420 2266 cou-

1839 2309 2186 2381 sequentibus
2233 2321 2535 2363 aromatum
2577 2307 2857 2363 vocabulis
2894 2305 3223 2387 designatur.
3275 2301 3418 2358 Con-

1838 2403 2017 2459 clusus
2039 2417 2170 2457 vero
2196 2404 2388 2457 hortus
2405 2409 2490 2456 est
2518 2401 2639 2467 iste,
2667 2400 2792 2471 quia
2825 2406 3011 2454 sancta
3045 2394 3289 2451 Ecclesia
3313 2392 3420 2448 Re-

1838 2493 2130 2564 demptoris
2160 2492 2373 2547 Domini
2414 2492 2496 2547 sui
2527 2489 2796 2559 adiutorio
2824 2487 3047 2543 munita.
3072 2493 3175 2549 est,
3205 2491 3259 2538 et
3285 2496 3420 2552 pra-

1839 2583 1978 2640 sidio
2022 2582 2390 2654 angelicarum
2415 2581 2671 2635 virtutum
2702 2578 2921 2643 vallata,
2952 2575 3114 2631 nullis
3157 2573 3421 2643 maligno-

1840 2688 1959 2728 rum
1990 2672 2278 2744 spirituum
2307 2678 2452 2742 patet
2485 2670 2715 2725 insidiis.
2746 2667 2872 2723 Hac
2924 2668 3037 2737 ipsa
3068 2664 3312 2720 Ecclesia
3336 2671 3423 2746 est

1841 2763 1963 2820 fons
2009 2765 2275 2833 signatus.
2315 2762 2460 2817 Fons
2508 2760 2648 2825 ideo,
2699 2759 2825 2830 quia
2870 2758 3128 2814 doctrina
3182 2754 3424 2811 caelestis

1840 2855 2057 2910 ﬂuentis
2080 2862 2285 2919 manat,
2310 2852 2506 2922 quibus
2530 2864 2721 2907 omnes
2754 2851 2807 2904 in
2835 2848 3050 2905 Christo
3075 2847 3356 2902 credentes
3390 2858 3423 2897 a

1840 2946 2076 3017 peccatis
2108 2944 2271 3010 lavat,
2315 2951 2370 2999 et
2408 2942 2654 2998 veritatis
2697 2940 2923 2996 scientia
2957 2947 3129 3009 potat.
3169 2937 3424 3008 Signatus

1840 3051 1970 3091 vero
1993 3035 2113 3090 fons
2137 3043 2223 3090 est
2258 3034 2381 3099 iste,
2410 3034 2537 3101 quia
2559 3032 2883 3102 evangeliea
2907 3030 3154 3085 veritatis
3180 3029 3425 3098 signacu-

1843 3126 1895 3182 lo
1921 3136 2163 3180 munitus
2183 3132 2289 3190 est,
2320 3126 2395 3178 ita
2419 3132 2479 3176 ut
2505 3137 2678 3191 neque
2708 3120 2971 3185 haeretici,
2995 3134 3172 3186 neque
3199 3117 3424 3187 maligni

1771 3252 1817 3315 ρ
1847 3217 2070 3289 spiritus
2108 3214 2266 3269 ﬁdem
2307 3212 2627 3268 catholicam
2648 3211 2853 3265 violare
2878 3219 2970 3263 aut
3003 3210 3303 3275 irrumpere
3328 3221 3423 3260 va-

1848 3309 2016 3365 leant.
2040 3306 2137 3361 llic
2161 3306 2368 3369 hortus,
2395 3304 2478 3359 vel
2508 3303 2597 3359 hic
2618 3302 2738 3357 fons
2778 3300 2853 3371 (id
2880 3308 2966 3355 est
3009 3296 3270 3367 Ecclesia)
3315 3298 3427 3366 pri-

1847 3415 1996 3455 mum
2045 3398 2099 3452 in
2145 3411 2312 3468 parvo
2339 3394 2537 3450 Judaa
2565 3392 2753 3449 locello
2776 3391 3051 3463 plantatus
3075 3389 3160 3445 vel
3203 3397 3427 3445 exortus

1846 3497 1949 3556 est,
2006 3488 2199 3543 deinde
2244 3501 2340 3558 per
2383 3486 2693 3540 universum
2755 3482 3014 3537 mundum
3079 3480 3429 3536 disseminata

1846 3577 2252 3649 praedicatione,
2283 3575 2495 3631 areolas
2535 3589 2660 3630 suas
2703 3571 2788 3627 vel
2819 3570 3020 3627 rivulos
3063 3584 3189 3626 suos
3226 3569 3426 3626 emisit.

1848 3667 2003 3725 Unde
2026 3666 2268 3736 sequitur
2298 3684 2311 3719 :
2622 3670 2625 3673 ‘

1925 3831 1944 3865 ι
1988 3810 2320 3867 Emissiones
2354 3818 2460 3865 tua
2487 3808 2769 3880 paradisus
2804 3807 3070 3862 malorum
3100 3804 3428 3861 Punicorum

1849 3916 1973 3957 cum
2001 3915 2286 3970 pomorum
2331 3898 2615 3954 fructibus.
2657 3918 2676 3949 ο
2702 3897 3034 3952 Emissiones
3061 3893 3317 3949 Ecclesia
3347 3895 3431 3966 (ut

1849 3992 2054 4049 dictum
2098 3990 2229 4060 est)
2268 3990 2601 4044 incrementa
2643 3995 2770 4041 sunt
2807 3986 2935 4040 fidei
2972 3994 3029 4039 et
3058 3985 3432 4041 disseminatio

1850 4080 2270 4153 pradicationis.
2295 4078 2425 4146 Qua.
2453 4077 2776 4133 emissiones
2795 4074 3082 4144 paradisus
3104 4081 3248 4127 sunt.
3273 4072 3433 4127 Parao

1850 4173 2001 4228 disus
2026 4169 2232 4234 Graec,
2264 4170 2455 4224 hortus
2495 4167 2709 4231 Latine,
2747 4166 2873 4235 quia
2908 4164 2998 4219 illa
3021 4163 3293 4235 primitiva
3332 4164 3435 4218 Ec-

1854 4266 2040 4330 clesia,
2071 4278 2191 4332 qua:
2224 4262 2279 4315 in
2310 4260 2495 4316 Judaa
2523 4259 2678 4330 quasi
2707 4258 2898 4313 hortus
2926 4257 3048 4322 fuit,
3090 4270 3189 4327 per
3220 4255 3436 4310 univer-

1855 4371 1976 4412 sum
1999 4354 2255 4410 mundum
2286 4351 2483 4408 multos
2504 4352 2711 4416 hortos,
2738 4350 2794 4406 id
2821 4357 2904 4406 est
2929 4347 3201 4404 Ecclesias
3230 4347 3431 4403 emisit.

1853 4446 1993 4501 Mala
2027 4453 2208 4500 autem
2244 4443 2467 4509 Punica,
2498 4457 2621 4513 qua
2651 4441 3006 4496 rubicundum
3032 4440 3233 4495 habent
3267 4441 3434 4495 corti-

1855 4552 1997 4601 cem,
2021 4550 2114 4590 eos
2134 4532 2443 4605 significant
2462 4534 2553 4603 qui
2575 4547 2680 4587 non
2704 4530 2875 4587 solum
2898 4529 3137 4601 generali
3167 4529 3434 4600 baptismo

139 4632 285 4674 rum
318 4627 548 4682 operum
571 4622 909 4678 ornamenta,
930 4611 1087 4681 juxta
1115 4614 1254 4681 quod
1277 4611 1515 4668 Joannes
1535 4614 1590 4667 in
1612 4600 1744 4683 Apo-

1858 4625 2178 4684 sanctificati
2230 4634 2375 4690 sunt,
2410 4640 2596 4680 verum
2634 4623 2799 4677 etiam
2836 4623 3055 4692 proprio
3082 4622 3344 4693 sanguine
3379 4620 3434 4675 in

137 4705 381 4780 calypsi
406 4704 574 4759 dicit:
598 4721 618 4753 ι
640 4704 923 4775 Byssinum
949 4704 1093 4758 enim
1106 4702 1521 4771 justiticationes
1543 4713 1757 4774 sancto-

135 4816 282 4858 rum
297 4804 455 4854 sunt.
477 4794 574 4849 tEt
593 4795 645 4849 in
665 4792 768 4849 Job
787 4795 1012 4850 dicitur:
1035 4814 1052 4846 ι
1075 4792 1290 4848 Justitia
1304 4793 1521 4851 indutus
1542 4810 1685 4860 sum,
1702 4804 1756 4851 et

135 4889 317 4947 indui
343 4901 436 4942 me
446 4886 588 4942 sicut
603 4894 924 4940 ornamento
940 4893 995 4939 et
1014 4884 1336 4951 diademate,
1345 4884 1550 4955 judicio
1567 4900 1707 4940 meo.
1729 4903 1749 4937 ι

135 4982 361 5037 Thure
393 4985 574 5032 autem
601 4976 835 5031 diximus
863 4984 1176 5031 sanctarum
1197 4977 1506 5031 orationum
1541 4976 1755 5032 mundi-

136 5078 297 5130 tiam
379 5069 670 5139 designari.
727 5067 1059 5125 Vestimenta
1126 5060 1257 5140 ergo
1302 5068 1560 5125 Ecclesia
1611 5069 1755 5125 thuri

134 5169 586 5232 comparantur,
611 5160 738 5230 quia
771 5160 952 5215 omnia
973 5174 1135 5228 opera
1165 5159 1422 5214 Ecclesia:
1455 5161 1609 5230 quasi
1635 5176 1758 5216 ora-

141 5258 351 5311 tiones
381 5261 531 5307 sunt.
561 5250 616 5305 In
637 5255 847 5308 cunctis
872 5254 1019 5307 enim
1045 5270 1164 5324 qua
1187 5254 1294 5324 agit
1316 5267 1531 5324 semper
1572 5254 1757 5310 Domi-

137 5364 291 5405 num
336 5344 687 5413 deprecatur,
733 5354 790 5400 et
836 5345 929 5399 tali
958 5346 1118 5401 modo
1156 5345 1413 5416 impletur
1455 5345 1586 5400 illud
1614 5340 1758 5417 quod

138 5438 442 5496 Dominus
474 5436 607 5491 dicit
633 5454 647 5490 :
679 5455 698 5488 l
728 5437 950 5507 Oportet
977 5452 1190 5507 semper
1215 5452 1391 5491 orare.
1428 5457 1446 5489 ι
1478 5435 1589 5492 Nec
1613 5452 1757 5492 sem—

138 5548 254 5603 per
276 5537 424 5585 ante
450 5525 736 5583 Dominum
759 5529 861 5584 hoc
880 5528 1037 5584 aliter
1056 5528 1268 5598 impleri
1294 5537 1492 5598 potest,
1518 5528 1622 5583 nisi
1646 5537 1757 5582 tota

138 5631 366 5680 nostra
406 5619 516 5673 vita
544 5626 599 5675 et
630 5620 970 5675 conversatio
1001 5619 1122 5676 talis
1165 5620 1236 5675 sit
1264 5628 1323 5675 ut
1366 5621 1422 5675 in
1466 5627 1759 5691 conspectu

136 5717 251 5775 Dei
306 5713 500 5770 oratio
536 5713 843 5783 deputetur.
894 5714 1043 5771 Thus
1077 5716 1241 5771 arbor
1266 5723 1349 5770 est
1374 5714 1607 5782 Arabia,
1638 5729 1761 5783 cor:-

139 5811 269 5866 tioe
320 5811 394 5863 et
417 5801 546 5861 folio
571 5802 724 5862 lauro
766 5802 976 5872 similis,
1018 5822 1238 5863 succum
1274 5807 1569 5877 amygdala
1600 5805 1759 5862 modo

1856 4719 2110 4791 passione
2134 4716 2413 4786 baptizati,
2437 4724 2703 4785 martyres
2716 4711 2889 4769 effecti
2912 4722 3055 4768 sunt.
3087 4711 3322 4767 Fructus
3342 4726 3435 4766 ve-

1858 4828 1921 4868 ro
1971 4824 2253 4880 pomorum
2290 4823 2455 4879 Opera
2495 4806 2803 4878 significant
2840 4806 3136 4871 virtutum,
3172 4806 3287 4860 sive
3340 4819 3436 4860 eos

1857 4902 1951 4973 qui
1996 4903 2142 4972 ipsas
2181 4900 2406 4954 virtutes
2432 4912 2596 4969 Opere
2622 4905 2896 4953 exercent.
2930 4896 3263 4951 Emissiones
3303 4910 3435 4966 ergo

1855 4991 2110 5048 Ecclesia
2156 4990 2437 5059 paradisus
2490 4988 2754 5043 malorum
2799 4987 3123 5043 Punicorum
3184 4986 3433 5051 fuerunt,

1822 5105 1829 5112 ν
1857 5083 1984 5154 quia
2015 5082 2249 5151 primum
2285 5080 2462 5135 locum
2485 5080 2539 5134 in
2586 5079 2826 5135 Ecclesia
2854 5088 2976 5149 post
2998 5079 3269 5149 apostolos
3291 5092 3439 5132 mar-
3492 5081 3503 5089 '

1858 5183 2006 5245 tyres
2039 5173 2379 5236 obtinerunt,
2405 5172 2498 5241 qui
2523 5173 2697 5242 ipsam
2746 5172 2958 5227 Domini
2992 5173 3297 5242 passionem
3342 5186 3438 5240 pa-

1859 5262 2042 5318 tiendo
2065 5262 2265 5317 imitari
2288 5261 2635 5327 studuerunt,
2656 5261 2902 5331 quamvis
2921 5261 3241 5332 generaliter
3260 5261 3438 5314 omnis

1860 5351 2148 5407 multitudo
2176 5350 2464 5420 paradisus
2495 5350 2757 5405 malorum
2787 5350 3113 5404 Punicorum
3147 5345 3318 5418 possit
3343 5361 3436 5402 ac-

1860 5443 1987 5514 cipi,
2018 5443 2113 5513 qui
2142 5441 2281 5497 mala
2308 5441 2511 5497 Punica
2537 5450 2693 5507 sunt,
2734 5443 2860 5511 quia
2888 5441 3194 5510 passionem
3223 5439 3305 5494 sui
3333 5438 3439 5494 Re-

1860 5534 2157 5604 demptoris
2185 5550 2399 5606 semper
2426 5535 2482 5589 in
2509 5535 2773 5591 memoria
2800 5533 3059 5589 retinent.
3078 5532 3145 5587 Et
3166 5531 3307 5588 sicut
3325 5547 3439 5586 ma-

1858 5626 1970 5681 lum
2015 5625 2277 5683 Punicum
2336 5627 2479 5682 intra
2526 5643 2690 5682 unum
2738 5626 2998 5682 corticem
3043 5624 3437 5680 multitudinem

1860 5718 2104 5773 continet
2132 5733 2447 5788 granorum,
2486 5718 2562 5774 ita
2589 5718 2644 5773 in
2695 5716 2939 5773 Ecclesia
2980 5715 3269 5772 multitudo
3304 5713 3437 5769 ﬁde-

1859 5808 1989 5863 lium
2006 5809 2147 5865 intra
2176 5808 2334 5865 fidem
2358 5809 2647 5865 Dominica
2662 5808 2933 5879 passionis
2953 5806 3276 5865 continetur.
3301 5805 3439 5861 llinc
