3950 6448
553 385 660 445 ωδ

1030 375 1384 433 HAYMONIS
1422 370 1900 437 HALBERSTAT.
1941 368 2156 427 EPISC.
2179 368 2334 427 OPP.
2374 367 2559 426 PARS
2591 369 2635 425 ι.
2674 398 2746 413 --
2779 367 3134 428 COMMENT.
3175 371 3347 428 BIBL.
3377 412 3383 417 -

3711 381 3811 438 ευ

550 496 843 569 Apostolus
864 492 987 550 dicit
1011 511 1064 548 ι(
1097 491 1369 560 Quotquot
1394 488 1654 560 baptizati
1674 487 1808 544 estis
1830 487 1885 543 in
1907 485 2124 542 Christo
2149 491 2203 553 Α
2228 482 2504 554 laquearia
2549 491 2736 538 nostra
2757 485 3093 554 cypressina,
3133 504 3152 537 ι
3181 487 3309 555 quia
3334 486 3594 545 videlicet
3636 497 3816 551 sancti

552 590 704 657 Jesu,
731 590 785 644 in
821 598 992 642 morte
1017 584 1190 654 ipsius
1215 582 1475 653 baptizati
1500 581 1655 637 estis.
1678 599 1699 634 ι

631 701 649 733 ι
682 679 845 751 Cypri
882 692 1004 733 cum
1049 676 1241 741 nardo,
1290 676 1493 731 nardus
1519 683 1576 730 et
1602 687 1815 738 crocus,
1868 670 2046 726 ﬁstula
2073 679 2131 725 et

554 771 953 826 cinnamomum
995 782 1120 822 cum
1146 766 1416 822 universis
1440 766 1600 835 lignis
1624 761 1833 819 Libani.
1864 780 1884 814 ι
1919 760 2129 833 Cyprus

551 863 716 915 arbor
766 867 850 914 est
879 858 1197 922 aromatica,
1255 872 1440 915 semen
1483 856 1661 912 simile
1704 854 1976 910 coriandri
2028 854 2127 908 ha-

546 953 700 1016 bens,
753 949 806 1005 id
844 959 930 1004 est
957 949 1138 1004 album
1164 957 1220 1004 et
1241 948 1601 1012 sublucidum,
1631 946 1773 1017 quod
1799 946 1918 1001 oleo
1943 936 2127 1016 coqui-

550 1050 657 1105 tur,
683 1046 738 1094 et
759 1039 883 1095 inde
915 1039 1258 1109 exprimitur,
1286 1039 1430 1109 quod
1464 1053 1663 1110 cyprus
1700 1020 1943 1103 vocatur,
1985 1038 2128 1091 unde

547 1130 755 1200 regium
779 1138 1111 1199 unguentum
1138 1138 1382 1200 paratur.
1408 1129 1664 1199 Legimus
1689 1128 1744 1183 in
1768 1128 1955 1185 Exodo
1982 1127 2129 1196 quod

546 1237 747 1278 :nanna
782 1231 902 1278 erat
935 1221 1088 1293 quasi
1132 1236 1322 1277 semen
1351 1221 1530 1277 album
1575 1220 1868 1276 coriandri.
1916 1218 2127 1289 Cyprus

536 1329 682 1385 ,ergo
708 1323 763 1367 et
787 1329 983 1370 manna
1003 1330 1163 1370 unam
1209 1315 1410 1371 habent
1429 1312 1896 1385 signiﬁcationem.
1943 1311 2126 1382 Signi-

546 1406 713 1460 ﬁcant
740 1405 884 1460 enim
913 1406 1141 1476 gratiam
1172 1404 1447 1463 caelestem
1469 1444 1486 1471 ,
1537 1412 1791 1473 tanquam
1838 1417 2032 1457 manna
2060 1404 2126 1458 de

489 1559 499 1567 ,
546 1497 856 1551 ctelestibus
901 1497 1224 1552 venientem.
1261 1495 1469 1567 Cyprus
1506 1510 1636 1565 ergo
1669 1495 1725 1549 in
1752 1494 1909 1548 horto
1941 1492 2126 1548 Eccle-

546 1586 647 1639 siae
686 1585 945 1650 nascitur,
994 1600 1117 1639 cum
1145 1583 1330 1639 ﬁdeles
1356 1584 1560 1654 quique
1599 1582 1862 1637 docentur
1895 1582 2125 1652 gratiam

546 1677 821 1732 ccelestem
864 1676 1114 1731 omnibus
1158 1674 1441 1745 praeferre,
1494 1682 1549 1729 et
1588 1689 1687 1745 per
1715 1673 1861 1728 illam
1895 1674 2124 1727 salutem

545 1783 787 1840 sperare.
827 1766 994 1822 Nemo
1017 1767 1162 1820 enim
1192 1768 1305 1821 suis
1331 1764 1642 1831 virtutibus,
1684 1764 1778 1819 sed
1811 1762 1922 1819 sola
1953 1763 2125 1835 gratia

2227 575 2478 631 doctores
2514 576 2898 646 praedicatione
2927 592 3022 632 sua
3056 576 3352 634 Ecclesium
3380 582 3661 639 muniunt.
3684 583 3814 642 Cum

2227 664 2405 721 ﬁstula
2431 682 2561 738 ergo
2600 675 2655 723 et
2688 668 3033 724 cinnamomo
3059 670 3310 725 universa
3346 670 3492 743 ligna
3524 673 3727 732 Libani
3765 681 3814 735 in

2227 757 2385 813 horto
2427 757 2685 814 Ecclesiae
2724 766 3117 825 memorantur,
3158 761 3284 831 quia
3321 762 3437 817 sive
3477 764 3727 822 humiles
3767 780 3815 825 et

2224 848 2513 919 patientes,
2562 849 2676 903 sive
2698 847 2925 918 perfecti
2956 851 3159 920 quique
3186 851 3439 909 doctores
3463 859 3723 912 eamdem
3754 861 3812 914 li-

2227 941 2350 996 dem
2392 941 2594 996 habent
2639 942 2691 995 in
2722 941 2988 1009 Ecclesia,
3027 954 3084 997 et
3127 946 3373 1001 eamdem
3418 946 3811 1007 beatitudinem

2223 1039 2562 1101 exspectant.
2598 1050 2618 1082 ι
2650 1031 2868 1104 Myrrha
2910 1040 2965 1087 et
3011 1033 3129 1089 aloe
3166 1049 3289 1089 curn
3319 1038 3575 1093 omnibus
3626 1043 3814 1108 primis

2226 1122 2533 1191 unguentis.
2568 1140 2588 1174 ι
2622 1122 2838 1193 Myrrha
2885 1124 3049 1178 arbor
3083 1132 3167 1179 est
3206 1125 3361 1193 cujus
3396 1141 3595 1183 succus
3646 1141 3812 1186 stacte

2225 1213 2445 1279 dicitur,
2480 1220 2643 1267 tantae
2684 1212 2932 1279 virtutis,
2975 1223 3035 1269 ut
3079 1214 3342 1285 quidquid
3391 1217 3459 1272 de
3492 1232 3564 1272 eo
3608 1226 3811 1275 tactum

2226 1303 2410 1369 fuerit,
2444 1304 2514 1359 ab
2540 1304 2690 1359 omni
2730 1305 3015 1374 putredine
3054 1315 3110 1360 et
3148 1307 3422 1363 vermibus
3464 1319 3732 1365 servetur
3758 1312 3814 1365 il-

2224 1397 2431 1453 laesum.
2472 1397 2605 1454 Alce
2646 1399 2812 1453 arbor
2846 1407 2931 1454 est
2969 1400 3275 1455 suavissimi
3323 1403 3530 1471 odoris,
3576 1405 3726 1459 adeo
3763 1416 3814 1461 ut

2224 1488 2344 1542 vice
2394 1487 2766 1558 thymiamatis
2797 1488 3060 1544 altaribus
3108 1489 3406 1545 adoleatur.
3458 1492 3644 1549 Habet
3690 1509 3813 1551 vero

2226 1593 2446 1634 succum
2468 1578 2895 1645 amarissimum,
2927 1580 3271 1636 resistentem
3300 1583 3577 1652 putredini
3606 1592 3671 1638 et
3704 1600 3813 1641 ver-

2225 1669 2422 1726 mibus.
2465 1668 2601 1725 Hinc
2631 1677 2687 1726 et
2726 1671 2781 1725 in
2820 1672 3072 1741 passione
3110 1673 3325 1729 Domini
3352 1674 3694 1732 Nicodemus
3725 1682 3811 1734 de.

2227 1759 2414 1816 tulisse
2446 1760 2644 1815 dicitur
2682 1761 2973 1816 mixturam
3013 1766 3248 1834 myrrhae
3293 1775 3349 1821 et
3386 1766 3537 1822 aloes
3565 1769 3735 1838 quasi
3760 1770 3813 1825 li-

546 1857 643 1912 Dei
671 1857 867 1912 salvari
894 1864 1089 1927 potest.
1122 1855 1336 1910 Nardus
1363 1863 1521 1927 typus
1553 1861 1637 1909 est
1674 1852 1965 1907 Dominicze
2002 1867 2124 1921 pas-
2152 1850 2199 1910 B
2226 1853 2353 1908 bras
2383 1860 2622 1908 centum.
2651 1852 2757 1907 Per
2796 1855 2896 1910 has
2921 1869 3049 1926 ergo
3077 1855 3303 1912 arbores
3341 1858 3671 1928 designatur
3706 1877 3814 1917 car-

544 1945 734 2001 sionis.
768 1944 922 2000 Unde
963 1953 1019 2000 et
1049 1944 1221 1998 Maria
1264 1945 1432 1999 nardo
1455 1944 1648 2013 pistica
1684 1950 1845 2012 caput
1884 1950 1940 1996 et
1962 1942 2127 2012 pedes

540 2035 668 2091 Jcsu
700 2038 873 2091 unxit.
918 2036 1128 2091 Nardus
1164 2052 1295 2108 ergo
1323 2036 1375 2090 in
1405 2037 1565 2092 horto
1592 2035 1847 2091 Ecclesia:
1868 2044 1970 2101 est,
2001 2049 2125 2089 cum

543 2128 716 2182 sancti
744 2129 943 2197 quique
985 2127 1303 2181 memoriam
1347 2126 1636 2182 Dominicaz
1675 2126 1938 2195 passionis
1966 2140 2125 2180 vene—

544 2226 758 2283 rantur,
788 2218 947 2287 eique
974 2216 1180 2287 gratias
1206 2224 1393 2284 agunt,
1436 2215 1577 2285 quod
1610 2214 1879 2269 intantum
1920 2229 2014 2270 eos
2039 2214 2126 2269 di-

542 2307 757 2374 lexerit,
810 2317 869 2362 ut
910 2324 1009 2379 pro
1031 2323 1219 2362 eorum
1252 2307 1428 2362 salute
1465 2314 1520 2362 et
1548 2306 1867 2362 liberatione
1895 2317 2125 2362 mortem

543 2401 862 2469 susciperet.
898 2420 918 2452 ι
947 2398 1157 2455 Nardus
1187 2407 1239 2455 et
1277 2414 1489 2454 crocus.
1528 2419 1547 2453 ι
1582 2399 1785 2455 Crocus
1811 2399 1991 2453 aurosi
2030 2415 2126 2454 co-

542 2492 676 2549 loris
721 2493 883 2547 habet
920 2491 1139 2558 ﬂorem,
1182 2492 1411 2563 ideoque
1467 2493 1739 2564 significat
1778 2494 2121 2548 charitatem.

544 2584 699 2640 Sicut
743 2586 889 2640 enim
918 2596 1109 2640 aurum
1152 2586 1297 2640 inter
1349 2587 1532 2640 omnia
1576 2586 1790 2640 metalla
1839 2587 2127 2655 pretiosius

541 2689 644 2743 cst,
676 2678 750 2732 ita
779 2678 1018 2733 charitas
1063 2678 1204 2733 inter
1232 2693 1422 2733 omnes
1453 2679 1680 2733 virtutes
1708 2678 2002 2749 primatum
2050 2686 2127 2735 te-

543 2777 656 2835 net,
687 2770 899 2824 dicente
941 2768 1197 2839 Apostolo
1226 2783 1242 2822 :
1281 2788 1298 2820 ι
1336 2768 1489 2824 Nunc
1515 2781 1693 2824 autem
1726 2777 1945 2825 manent
1972 2770 2125 2838 lides,

542 2875 690 2931 spes,
718 2859 981 2925 charitas,
1012 2860 1186 2931 major
1211 2869 1392 2915 autem
1422 2861 1507 2915 his
1535 2858 1619 2915 est
1646 2860 1901 2915 charitas.
1937 2880 1956 2912 ι
1992 2861 2127 2916 Cum

542 2951 715 3005 nardo
740 2966 870 3022 ergo
892 2965 1086 3006 crocus
1120 2952 1172 3005 in
1208 2951 1367 3007 horto
1403 2950 1661 3006 Ecclesia:
1695 2954 1969 3018 nascitur,
2002 2968 2128 3007 eum

542 3041 786 3095 membra
809 3040 1012 3094 Christi
1031 3080 1046 3106 ,
1079 3040 1182 3095 hoc
1207 3049 1290 3095 est
1309 3081 1323 3107 ,
1361 3041 1547 3096 ﬁdeles
1573 3042 1774 3111 quique
1803 3042 2126 3097 cbaritatem

541 3130 638 3185 Dei
660 3139 713 3185 et
737 3132 967 3200 proximi
997 3129 1290 3187 efﬁcaciter
1322 3142 1507 3188 tenere
1533 3134 1769 3188 student.
1798 3132 2004 3190 Crocus
2033 3150 2129 3189 au-

2225 1943 2313 1997 nis
2353 1943 2684 1998 continentia
2728 1951 2785 1998 et
2834 1946 3172 2001 castimonia.
3214 1946 3346 2001 Nam
3383 1952 3617 2019 putredo
3668 1952 3815 2007 luxu-

2227 2032 2366 2086 riam
2404 2032 2542 2087 solet
2578 2032 2881 2103 desigttare,
2913 2032 3069 2103 juxta
3111 2036 3255 2105 quod
3290 2036 3567 2107 Propheta
3600 2042 3678 2096 de
3707 2045 3816 2112 qui-

2224 2121 2452 2178 busdam
2491 2122 2625 2178 dicit
2667 2140 2681 2177 :
2726 2142 2745 2175 ‹
2780 2123 3240 2195 Computruerunt
3282 2126 3531 2197 jumenta
3576 2132 3635 2186 in
3684 2144 3814 2189 ster-

2226 2227 2355 2268 core
2399 2226 2518 2267 suo.
2553 2230 2572 2263 ›
2604 2210 2663 2266 1n
2701 2212 2861 2268 horto
2884 2228 3013 2286 ergo
3042 2214 3295 2272 Ecclesia:
3324 2226 3452 2272 sunt
3494 2224 3746 2290 myrrha
3770 2233 3816 2277 et

2225 2303 2365 2368 aloe,
2408 2303 2510 2357 hoc
2536 2310 2637 2368 est,
2670 2313 2879 2358 mentes
2906 2305 3153 2361 caelestes
3196 2315 3251 2361 et
3286 2310 3466 2364 omnis
3503 2314 3814 2383 corruptio-

2225 2392 2311 2445 nis
2341 2391 2628 2456 immunes,
2651 2392 2928 2447 audientes
2950 2394 3019 2448 ab
3039 2394 3331 2464 Apostolo:
3363 2414 3381 2447 ι
3410 2397 3611 2453 Pacem
3645 2409 3816 2455 secta-

2225 2482 2359 2537 mini
2393 2497 2518 2537 cum
2548 2482 2799 2537 omnibus
2825 2490 2877 2537 et
2903 2484 3277 2541 castimoniam
3298 2527 3315 2552 ,
3353 2488 3471 2543 sine
3507 2505 3616 2558 qua
3659 2507 3812 2546 nemo

2226 2573 2431 2628 videbit
2473 2572 2662 2627 Deum.
2700 2591 2719 2624 ι
2758 2591 2777 2624 r
2807 2572 2940 2628 Cum
2971 2575 3220 2631 omnibus
3247 2577 3437 2646 primis
3468 2582 3810 2650 unguentis.»

2226 2664 2407 2720 Prima
2447 2674 2719 2735 unguenta
2749 2666 2879 2735 quid
2921 2668 3115 2723 melius
3140 2685 3300 2739 quam
3345 2670 3586 2727 charitas
3613 2675 3811 2729 intelli-

2229 2754 2466 2827 guntur?
2495 2756 2561 2808 de
2586 2769 2691 2824 qua
2723 2755 3012 2824 Apostolus
3054 2758 3188 2812 dicit
3219 2779 3234 2812 :
3268 2777 3288 2810 ι
3315 2759 3507 2816 Adhuc
3540 2764 3813 2818 excellen—

2230 2847 2423 2902 tiorem
2453 2846 2595 2900 viam
2624 2847 2778 2903 vobis
2821 2850 3185 2917 demonstro,»
3215 2867 3279 2907 ac
3315 2852 3511 2910 deinde
3540 2873 3555 2908 :
3585 2875 3606 2907 ο
3626 2856 3688 2911 Si
3722 2859 3816 2912 lin:

2229 2938 2348 3007 guis
2370 2936 2588 3021 (ipquit)
2621 2937 2900 2993 hominum
2926 2939 3118 3010 loquar
3142 2944 3552 3014 etangelorum,
3583 2947 3814 3002 charita-

2232 3036 2340 3082 tem
2375 3037 2554 3083 autem
2583 3043 2689 3083 non
2720 3030 2971 3096 habeam,
3002 3033 3137 3088 nihil
3177 3035 3311 3090 mihi
3361 3038 3605 3106 prodest.
3643 3060 3663 3091 ι
3689 3041 3811 3095 Post

2232 3119 2513 3189 myrrham
2541 3129 2597 3173 et
2632 3119 2788 3175 aloen
2833 3121 2971 3176 bene
3006 3124 3179 3193 prima
3216 3137 3486 3196 unguenta
3519 3140 3810 3197 ponuntur,

540 3232 649 3279 tem
673 3221 844 3278 fertur
872 3224 1065 3294 ignitas
1104 3224 1285 3279 febres
1315 3226 1657 3295 refrigerare,
1685 3226 1766 3281 sic
1791 3242 1919 3281 vera
1949 3227 2127 3281 chari-

2231 3212 2356 3281 quia
2396 3220 2521 3282 post
2561 3213 2743 3267 carnis
2770 3213 3159 3270 continentiam
3190 3217 3428 3273 succedit
3460 3233 3594 3274 vera
3632 3223 3814 3278 chari-

545 3324 628 3370 tas
650 3314 1390 3385 ardorem’concupiscentiaa
1425 3316 1701 3371 saecularis
1737 3316 2043 3386 refrigerat,
2073 3327 2130 3373 et

542 3406 884 3463 dilectionem
925 3407 1018 3461 Dei
1060 3415 1115 3461 et
1152 3408 1382 3478 proximi
1406 3407 1461 3461 in
1494 3416 1674 3461 mente
1704 3409 2003 3463 accendit»
2040 3409 2129 3463 Fi-

540 3498 683 3553 stula
738 3506 794 3552 et
835 3498 1259 3553 cinnamomum.
1296 3516 1315 3548 ι
1348 3497 1555 3551 Fistula
1600 3498 1777 3552 brevis
1811 3506 1895 3553 est
1933 3500 2126 3555 arbus-

541 3590 684 3655 cula,
717 3606 838 3660 quae
866 3598 921 3644 et
944 3590 1092 3644 casia
1116 3597 1360 3655 vocatur,
1394 3590 1600 3644 cortice
1629 3605 1921 3659 purpureo.
1944 3590 2126 3662 Signi-

544 3680 674 3735 ﬁcat
717 3688 934 3735 sanctos
976 3679 1031 3733 in
1087 3677 1350 3744 Ecclesia,
1408 3677 1715 3734 humilitate
1767 3688 1823 3733 et
1868 3680 2129 3748 patientia

541 3774 866 3845 prmcipuos,
916 3787 1186 3843 pauperes
1226 3770 1476 3827 videlicet
1516 3771 1729 3842 spiritu,
1779 3787 2006 3841 quorum
2045 3782 2132 3828 est

541 3886 767 3942 regnum
796 3870 1083 3926 caelorum.
1109 3868 1422 3938 Purpureus
1442 3876 1623 3923 autem
1651 3876 1840 3923 cortex
1862 3867 2131 3938 signiﬁcat

543 3962 949 4018 similitudinem
997 3960 1269 4030 passionis
1327 3959 1554 4027 Christi,
1607 3976 1768 4031 quam
1811 3960 1888 4014 illi
1936 3960 2029 4028 qui
2074 3960 2129 4013 in

541 4070 671 4111 vera
701 4055 1006 4109 humilitate
1032 4051 1349 4118 fundantur,
1375 4052 1429 4107 in
1457 4053 1620 4108 corde
1648 4067 1864 4122 semper
1892 4052 2132 4106 retinen-

543 4156 626 4203 tes
670 4146 871 4201 intitari
902 4154 1173 4214 satagunt.
1220 4144 1635 4201 Cinnamomutn
1687 4153 1743 4201 et
1784 4146 1901 4214 ipsa
1949 4144 2132 4200 brevis

540 4246 628 4294 est
656 4237 964 4303 arbuscula,
995 4236 1090 4293 sed
1130 4238 1281 4293 mine
1322 4238 1537 4293 virtutis
1566 4247 1622 4293 et
1655 4240 1870 4304 odoris,
1904 4239 2132 4308 ideoque

544 4334 849 4405 profectum
892 4335 1179 4404 designant
1216 4333 1557 4397 humilitatis,
1604 4347 1724 4401 qua:
1756 4340 1811 4385 et
1851 4346 1950 4401 per
1978 4331 2132 4385 ﬁstu-

545 4425 655 4479 lam
690 4425 1022 4493 desigantur.
1060 4422 1261 4478 Fistula
1291 4437 1420 4492 ergo
1442 4430 1497 4477 et
1521 4422 1925 4475 cinnamomum
1948 4422 2005 4474 itt
2033 4421 2135 4476 Ec-

545 4517 713 4572 clesia
740 4524 898 4581 sunt,
944 4531 1068 4571 cum
1104 4514 1281 4570 sancti
1315 4514 1409 4569 Dei
1453 4513 1812 4567 humilitatem
1841 4519 1898 4566 et
1924 4512 2129 4581 patien-

548 4608 678 4662 tiam
703 4608 833 4662 etin
858 4607 1022 4662 corde
1047 4606 1315 4661 veraciter
1342 4612 1550 4669 tenent,
1572 4612 1626 4659 et
1647 4602 1778 4658 foris
1802 4602 1923 4657 aliis
1949 4610 2132 4656 osten-

550 4697 702 4751 dunt.
743 4696 897 4764 Quod
927 4704 1107 4750 autem
1150 4695 1329 4751 ﬁstula
1364 4694 1724 4751 rubicundum
1759 4693 1924 4748 habet
1968 4691 2134 4747 corti-

548 4780 688 4854 cem,
733 4789 1135 4843 cinnamomum
1178 4803 1307 4843 vero
1332 4788 1611 4843 cinereum
1642 4786 1822 4841 habet
1869 4784 2130 4851 colorem,

548 4879 821 4948 signiﬁcat
849 4879 976 4948 quia
1009 4877 1181 4932 sancti
1216 4876 1309 4933 Dei
1335 4887 1538 4947 quanto
1566 4877 1688 4947 plus
1717 4890 1986 4931 memores
2010 4889 2133 4944 pas-

547 4970 720 5027 sionis
745 4970 1122 5038 Redemptoris
1159 4970 1262 5035 sui,
1298 4978 1448 5024 tanto
1477 4969 1532 5022 in
1566 4967 1738 5023 oculis
1777 4968 1891 5022 suis
1913 4966 2133 5020 viliores

546 5074 605 5121 et
625 5064 994 5134 despectiores
1028 5071 1175 5128 sunt,
1205 5062 1448 5116 dicentes
1470 5075 1594 5116 cum
1632 5059 1905 5114 Abraham
1932 5074 1947 5111 :
1983 5075 2002 5107 ε
2030 5054 2135 5112 Lo-

550 5170 687 5227 quar
712 5156 780 5211 ad
811 5155 1096 5210 Dominum
1125 5171 1326 5221 meum,
1365 5153 1614 5224 quamvis
1637 5153 1740 5207 sim
1765 5152 1905 5206 cinis
1928 5156 1985 5205 et
2015 5148 2137 5219 pul-

548 5250 662 5314 vis;
694 5269 713 5299 ι
743 5257 798 5304 et
827 5264 951 5304 cum
983 5246 1121 5303 Job:
1160 5266 1180 5298 ‹
1216 5247 1422 5302 Idcirco
1452 5262 1537 5301 me
1565 5244 1917 5315 reprehendo,
1954 5248 2011 5297 et
2033 5255 2135 5311 ago

552 5339 925 5409 pmnitentiam
955 5339 1011 5391 in
1055 5337 1233 5391 favilla
1269 5346 1319 5391 el
1354 5338 1554 5392 cinere.
1579 5355 1598 5387 ι
1636 5354 1654 5385 ‹
1689 5333 1824 5388 Cum
1869 5330 2137 5387 universis

551 5430 712 5501 lignis
749 5430 964 5486 Libani.
997 5450 1015 5483 ι
1058 5429 1229 5501 Ligna
1267 5429 1454 5484 Libani
1494 5425 1894 5498 pulchritudine
1918 5433 1977 5478 et
2012 5437 2137 5493 pro-

554 5522 782 5577 ceritate
825 5538 891 5577 ac
926 5523 1119 5577 robore
1166 5520 1538 5591 premntinent,
1565 5518 1795 5587 ideoque
1824 5513 2135 5587 significant

555 5609 806 5665 doctores
831 5620 887 5664 et
914 5610 1184 5680 perfectos
1227 5623 1472 5679 quosque
1519 5608 1575 5661 in
1613 5605 1874 5671 Ecclesia,
1916 5605 1983 5659 de
2016 5604 2136 5673 qui-

553 5700 658 5755 bus
685 5701 934 5771 superius
961 5701 1152 5756 dontus
1192 5698 1446 5753 Ecclesia:
1483 5697 1681 5769 legitur
1719 5696 1882 5763 facta,
1919 5696 2134 5752 dicente

557 5793 745 5850 eadem
761 5793 1003 5851 Ecclesia
1020 5812 1033 5851 :
1051 5792 1220 5865 Tigna
1241 5792 1524 5849 domorum
1552 5798 1865 5850 nostrarum
1888 5788 2133 5855 cedi-ina,

2231 3314 2313 3360 tas
2342 3321 2463 3376 qua:
2489 3306 2632 3361 Deus
2667 3314 2767 3370 est,
2803 3307 2928 3375 quia
2958 3307 3109 3365 Deus
3133 3324 3296 3379 super
3325 3311 3507 3365 omnia
3552 3312 3812 3384 diligitur.

2228 3397 2419 3467 Neque
2457 3398 2603 3452 enim
2648 3397 2725 3452 illi
2757 3400 2848 3467 qui
2884 3400 3153 3455 mundana
3200 3400 3488 3457 dilectione
3538 3411 3813 3473 tenentur,

2228 3487 2332 3541 hoc
2351 3497 2435 3542 est
2459 3488 2553 3557 qui
2575 3487 2943 3558 voluptatibus
2965 3500 3018 3545 et
3046 3489 3316 3545 illecebris
3339 3491 3520 3547 adhuc
3547 3492 3815 3549 delectan-

2228 3585 2339 3644 tur,
2369 3578 2533 3649 hujus
2560 3579 2848 3635 charitatis
2874 3580 3165 3650 participes
3192 3597 3313 3637 esse
3339 3593 3587 3652 possunt.

2303 3688 2322 3721 ι
2352 3669 2497 3726 Fons
2537 3671 2817 3726 hortorum
2844 3712 2859 3738 ,
2913 3680 3106 3741 puteus
3157 3688 3420 3743 aquarum
3474 3676 3809 3740 viventium.

2230 3776 2352 3833 quae
2378 3760 2551 3816 fluunt
2582 3761 2784 3831 impetu
2812 3763 2877 3818 de
2907 3762 3131 3818 Libano.
3165 3782 3184 3816 ι
3211 3763 3355 3818 Fons
3391 3764 3680 3820 hortorum
3706 3768 3813 3837 ipsa

2227 3864 2313 3911 est
2334 3856 2608 3925 primitiva
2634 3854 2900 3919 Ecclesia,
2927 3870 3046 3925 qua:
3077 3855 3326 3910 veritatis
3353 3856 3584 3911 scientia
3611 3858 3813 3923 hortos,

2231 3949 2284 4002 id
2320 3957 2404 4003 est
2438 3947 2714 4002 Ecclesias
2737 3962 2835 4017 per
2864 3947 3173 4002 universum
3205 3948 3465 4002 mundum
3491 3948 3811 4003 dissemina-

2230 4049 2317 4096 tas
2359 4041 2571 4112 irrigat,
2622 4040 2738 4110 ipsa
2768 4048 2853 4095 est
2886 4048 2942 4094 et
2966 4049 3161 4110 puteus
3194 4054 3459 4109 aquarum
3490 4041 3809 4107 viventium,

2230 4133 2357 4203 quia
2388 4131 2614 4187 scientia
2653 4130 2920 4196 veritatis,
2966 4145 3085 4199 qua:
3110 4138 3193 4185 est
3216 4128 3478 4193 Ecclesia,
3512 4130 3569 4183 in
3595 4132 3811 4200 quibus-

2230 4225 2356 4280 dam
2399 4225 2551 4295 quasi
2597 4223 2716 4279 fons
2754 4234 2839 4278 est
2879 4222 2968 4277 ubi
2999 4230 3167 4291 patet,
3208 4221 3262 4276 in
3301 4222 3632 4291 quibusdam
3662 4224 3811 4292 quasi

2230 4325 2427 4388 puteus
2449 4316 2539 4371 ubi
2575 4314 2728 4380 latet,
2756 4322 2811 4369 et
2839 4313 2906 4368 ad
2939 4312 3200 4382 liquidum
3240 4312 3331 4366 ubi
3360 4312 3569 4382 percipi
3596 4328 3704 4367 non
3730 4328 3814 4382 po-

2234 4417 2357 4464 test.
2404 4407 2537 4462 Nam
2565 4408 2707 4460 inter
2746 4404 2951 4460 fontem
2988 4412 3045 4459 et
3081 4410 3308 4473 puteum
3344 4403 3449 4457 hoc
3476 4403 3643 4458 distat
3674 4403 3811 4474 quod

2235 4500 2354 4555 fons
2383 4499 2519 4553 etin
2560 4498 2669 4552 imo
2702 4504 2757 4552 et
2797 4497 2850 4551 in
2897 4494 3185 4564 superﬁcie
3226 4501 3385 4547 terra:
3429 4492 3639 4548 dicitur
3678 4508 3810 4555 esse.

2236 4599 2427 4662 puteus
2454 4605 2585 4646 vero
2619 4602 2832 4658 semper
2872 4594 2956 4643 est
2982 4586 3037 4641 in
3067 4587 3194 4641 imo.
3235 4584 3479 4639 Ecclesia
3522 4598 3661 4655 ergo
3704 4584 3815 4637 fons

2233 4692 2317 4739 est
2344 4692 2400 4738 et
2428 4689 2645 4752 puteus,
2695 4680 2820 4751 quia
2852 4679 3105 4750 mysteria
3145 4678 3240 4732 Dei
3274 4678 3328 4732 in
3358 4676 3698 4746 quibusdam
3731 4690 3817 4729 ve-

2234 4774 2332 4830 luti
2367 4775 2491 4828 fons
2531 4771 2689 4827 facile
2723 4770 3037 4840 capiuntur,
3082 4769 3135 4823 in
3164 4768 3485 4838 quibusdam
3524 4780 3662 4820 vero
3703 4780 3816 4821 cum

2235 4865 2551 4921 dilIicultate
2580 4872 2838 4932 tanquam
2868 4876 3021 4930 aquae
3048 4868 3211 4931 puteo
3238 4858 3624 4913 extrahuntur.
3656 4856 3817 4925 Aqua:

2234 4960 2479 5014 viventes
2525 4958 2641 5028 ipsa
2690 4953 2945 5026 mysteria
2993 4952 3344 5022 designantur
3392 4948 3815 5017 Scriptor-arum,

2235 5053 2363 5122 quia
2405 5052 2460 5105 in
2509 5065 2567 5106 se
2612 5047 2890 5104 caelestem
2939 5044 3142 5100 habent
3191 5044 3467 5096 virtutem.
3516 5040 3592 5093 At
3636 5050 3816 5094 contra

2236 5144 2489 5198 cisternae
2510 5148 2792 5204 vocantur,
2820 5137 2872 5191 id
2899 5143 2984 5191 est
3014 5133 3363 5190 collectiones
3392 5146 3691 5201 aquarum,
3727 5129 3817 5183 do—

2237 5242 2490 5289 cumenta
2511 5230 2916 5293 hrcreticorum,
2942 5227 3009 5281 de
3048 5225 3246 5296 quibus
3282 5223 3546 5277 Dominus
3569 5234 3672 5290 per
3701 5218 3820 5271 Pna-

2236 5324 2454 5394 phetam
2484 5341 2498 5377 :
2532 5341 2551 5372 ι
2587 5319 2669 5376 Me
2712 5319 3116 5388 dereliquerunt
3160 5314 3363 5368 fontem
3396 5325 3551 5381 aqua:
3585 5310 3749 5373 vive,
3772 5312 3821 5359 et

2241 5414 2493 5469 foderunt
2544 5412 2648 5467 sibi
2690 5411 2978 5475 cisternas,
3027 5407 3296 5483 cisternas
3345 5402 3659 5471 dissipatas,
3708 5410 3822 5468 qua

2242 5509 2521 5564 continere
2571 5522 2678 5563 non
2721 5506 2903 5559 valent
2952 5514 3139 5571 aquas.
3177 5517 3196 5550 ι
3233 5497 3326 5552 Hae
3364 5494 3597 5549 fluentes
3651 5503 3822 5560 aqute.

2241 5596 2415 5654 fluunt
2443 5599 2645 5668 impetu
2675 5596 2741 5652 de
2761 5593 2986 5659 Libano,
3032 5591 3135 5646 hoc
3156 5596 3260 5653 est,
3289 5592 3514 5641 manant
3535 5583 3606 5637 de
3642 5579 3825 5635 Eccle-

2243 5694 2346 5760 sia,
2371 5706 2491 5763 quae
2519 5689 2701 5746 abluta
2724 5694 2807 5743 est
2834 5695 2890 5741 et
2912 5681 3201 5739 candidata
3239 5678 3563 5749 baptismate
3586 5683 3644 5730 et
3668 5669 3824 5728 bouis

2244 5785 2521 5858 operibus,
2574 5780 2717 5854 quod
2754 5777 2992 5834 Libanus
3035 5776 3440 5844 interpretatur.
3484 5769 3559 5824 De
3587 5769 3695 5823 hoc
3734 5763 3822 5818 Li-
