3950 6430
172 366 271 424 διδ

1113 359 1506 419 ENARRATIO
1542 359 1608 415 IN
1645 358 1942 416 CANTICA
1976 359 2445 418 CANTICORUM.

3309 368 3412 423 326

168 481 307 538 hanc
349 476 477 550 (hoe
503 482 622 542 est,
652 475 719 531 de
766 472 1024 544 Ecclesia)
1056 473 1227 531 ﬂuunt
1262 476 1388 547 (hoc
1433 484 1539 540 est,
1578 488 1731 529 ema-
1757 476 1805 536 Α
1834 470 2104 542 perfectos
2128 488 2341 545 quoque
2368 476 2605 545 prremiis
2630 476 2940 533 caelestibus
2972 476 3186 532 donem.
3221 495 3239 529 i
3268 478 3404 535 Μεδ-
3440 539 3463 556 '

169 568 316 640 nant)
370 581 524 639 aqua:
572 564 941 631 doctrinarum
985 564 1309 631 ctelestium,
1365 571 1420 618 et
1459 562 1563 619 hoc
1608 577 1733 617 cum

168 660 402 732 impetu,
448 657 504 713 id
544 664 627 713 est
671 670 793 711 cum
835 655 1066 725 quadam
1113 655 1347 720 virtute,
1397 669 1503 724 qua
1551 652 1733 708 omnia

139 752 539 811 haereticorum
575 749 833 819 ﬁgmenta
859 747 1207 803 destruantur
1231 757 1289 803 et
1323 749 1728 804 subvertantur.

167 843 295 898 Hinc
333 849 386 896 ct
415 839 742 895 Psalmista:
779 857 797 889 ι
828 838 1091 895 Fluminis
1128 839 1360 909 impetus
1393 838 1632 893 laetificat
1657 837 1731 893 ci-

165 930 376 985 vitatem
402 928 521 995 Dei,
553 946 572 979 ι
609 927 664 982 id
684 935 770 982 est
797 926 970 981 virtus
993 927 1295 982 divinorum
1331 927 1694 997 eloquiorum.

233 1042 250 1074 ι
283 1020 477 1092 Surge,
521 1018 739 1089 Aquilo,
775 1025 834 1074 et
872 1018 1018 1084 veni,
1046 1018 1262 1085 Auster,
1308 1018 1477 1089 perﬂa
1511 1019 1727 1073 hortum

163 1126 353 1175 meum,
396 1118 451 1165 et
489 1107 659 1162 ﬂuant
700 1115 941 1162 aromata
991 1107 1155 1163 illius.
1184 1128 1203 1160 ι
1255 1108 1598 1163 Enumeratis
1633 1108 1732 1163 Ec-

161 1203 332 1259 clesiae
363 1201 653 1256 virtutibus
691 1200 791 1256 sub
822 1200 1037 1255 nomine
1066 1208 1386 1262 aromatum,
1420 1200 1597 1255 sciens
1623 1198 1731 1253 Do-

163 1293 350 1358 minus,
379 1292 472 1361 qui
500 1300 585 1346 est
606 1305 837 1360 sponsus
861 1299 917 1345 et
930 1290 1235 1359 redemptor
1248 1289 1526 1355 Ecclesiae,
1551 1288 1727 1359 ipsam

160 1382 446 1439 Ecclesiam
486 1382 952 1454 persecutionibus
995 1381 1492 1451 multiplicandam,
1542 1382 1729 1437 subse—
1770 1408 1781 1416 -

159 1481 379 1542 quenter
417 1473 591 1543 ipsam
633 1472 1031 1543 quodammodo
1053 1470 1208 1539 jubet
1248 1471 1435 1525 venire
1471 1485 1727 1540 perseeu-

143 1562 371 1630 tionem,
403 1578 508 1625 non
536 1562 918 1632 praecipiendo,
958 1561 1051 1616 sed
1076 1560 1455 1630 permittendo.
1508 1578 1526 1610 ι
1552 1558 1725 1631 Surge

159 1651 392 1723 (inquit),
419 1651 646 1721 Aquilo,
677 1661 732 1706 et
761 1655 880 1707 veni
905 1650 1153 1705 Auster.»
1192 1650 1295 1704 Per
1324 1650 1642 1719 Aquilonem
1667 1657 1724 1704 et

158 1742 426 1810 Austrum,
476 1743 634 1799 ﬂatus
680 1743 1112 1813 persecutionum
1161 1750 1216 1796 et
1251 1742 1718 1811 perturbationum

1836 560 1920 614 sui
1963 561 2236 631 myrrham
2284 579 2459 618 meam
2509 582 2632 620 cum
2676 567 3007 623 aromatibus
3045 568 3198 623 meis.
3235 588 3254 621 ι
3307 568 3414 626 Per

1834 649 2107 711 myrrham
2146 651 2494 723 designantur
2532 655 2608 709 illi
2638 658 2731 727 qui
2766 658 3026 729 martyrio
3046 658 3211 714 vitam
3260 658 3412 715 ﬁnie-

1834 747 1983 804 runt,
2018 738 2099 793 vel
2126 739 2290 794 etiam
2325 755 2547 796 carnem
2589 759 2741 799 suam
2775 761 2896 801 cum
2922 747 3068 802 vitiis
3117 755 3173 803 et
3208 764 3408 803 concu-

1831 829 2111 898 piscentiis
2154 830 2556 886 crucifixerunt.
2610 833 2864 907 Aromata
2912 853 3043 892 vero
3091 848 3215 893 sunt
3244 855 3407 909 opera

1832 927 2137 974 sanctarum
2174 920 2452 985 virtutum,
2506 920 2659 976 bonae
2701 924 2968 993 opinionis
2997 927 3252 984 odoribus
3295 928 3376 982 fra

1831 1010 2067 1081 grantia.
2100 1010 2248 1065 Metit
2276 1025 2406 1081 ergo
2442 1010 2700 1067 Dominus
2742 1016 3016 1083 myrrham
3045 1032 3166 1071 cum
3191 1034 3405 1083 aroma-

1831 1035 2067 1081 δηιιιιιίι.
2101 1035 2248 1065 metu.
2276 1035 2406 1081 ergo
2443 1035 2700 1067 uuuiiiius
2742 1035 3016 1083 myrrham
3045 1035 3166 1071 cum
3191 1035 3220 1072 a
3253 1035 3405 1073 oma-

1831 1100 1975 1154 tibus
2018 1100 2149 1166 suis,
2199 1102 2413 1170 quando
2460 1109 2680 1157 sanctos
2709 1114 2996 1175 martyres,
3042 1108 3126 1161 vel
3171 1035 3405 1180 re+iquos

1828 1188 2029 1244 electos
2076 1190 2232 1245 bonis
2278 1192 2529 1261 Operibus
2557 1190 2818 1264 insignes,
2867 1195 2934 1250 ab
2973 1196 3075 1251 hac
3116 1199 3225 1253 vita
3270 1201 3406 1257 falce

1829 1279 2019 1335 mortis
2065 1280 2342 1349 praecidit,
2395 1290 2557 1350 atque
2606 1283 2674 1337 ad
2726 1284 3093 1340 maturitatem
3140 1287 3404 1345 bonorum

1826 1382 2051 1438 operum
2079 1370 2390 1439 perductos,
2423 1370 2477 1425 in
2500 1372 2696 1428 horrea
2722 1387 2968 1442 supernae
3001 1375 3189 1445 patria:
3217 1392 3405 1433 recon-

1825 1457 1923 1511 dit.
1968 1475 1987 1508 ι
2023 1456 2240 1513 Comedi
2277 1459 2457 1514 favum
2486 1476 2665 1515 meum
2687 1478 2809 1517 cuin
2837 1464 2992 1518 melle
3017 1480 3156 1531 meo,
3184 1466 3296 1520 bibi
3326 1468 3404 1522 vi-

1824 1562 1951 1602 num
1995 1564 2173 1603 meum
2202 1564 2325 1604 cum
2369 1550 2509 1605 lacte
2554 1566 2693 1607 meo.
2735 1571 2754 1604 ι
2791 1553 2896 1609 Per
2924 1552 3101 1609 favum
3132 1564 3186 1612 et
3216 1556 3400 1612 viuum

1823 1640 1996 1695 sancti
2023 1641 2407 1709 priedieatores
2438 1642 2740 1714 figurantur
2765 1661 2781 1711 ;
2812 1661 2908 1716 per
2930 1647 3033 1702 mel
3058 1664 3188 1704 vero
3211 1658 3265 1704 et
3290 1649 3398 1716 lac,

1821 1729 1944 1785 boni
1984 1733 2275 1789 auditores.
2326 1734 2366 1787 F
2371 1750 2502 1789 avus
2530 1736 2673 1790 enim
2702 1745 2827 1791 sunt
2864 1740 3261 1809 prazdieatores,
3306 1745 3398 1813 qui

160 1833 543 1904 ,nwuigumur,
586 1840 774 1887 contra
804 1831 1096 1887 Ecdesiam
1127 1832 1476 1886 εεενίοηιίωη,
1527 1831 1722 1901 Aquilo
1750 1822 1796 1880 Β
1828 1834 2020 1876 arcana
2052 1832 2108 1879 et
2135 1826 2324 1880 intima
2350 1825 2751 1897 Scripturarum
2772 1831 3025 1900 mysteria
3056 1833 3392 1902 quasimella

158 1925 364 1993 quidem
395 1923 777 1994 frigidissimus
798 1935 989 1978 ventus
1008 1930 1112 1988 est,
1162 1923 1361 1977 Auster
1386 1921 1610 1976 calidus.
1654 1921 1723 1975 Et

160 2013 274 2069 ideo
307 2030 401 2083 per
432 2012 748 2083 Aquilonem
793 2018 1031 2067 terrores
1059 2020 1113 2067 et
1144 2011 1305 2066 minae
1345 2011 1716 2081 designantur,

161 2117 254 2171 per
275 2103 523 2157 Austrum
547 2101 1033 2156 blandimentorum
1061 2101 1336 2171 decipulte.
1361 2100 1565 2167 Quibus
1589 2101 1720 2156 duo-

158 2193 251 2247 bus
276 2193 447 2247 modis
483 2193 743 2263 probatur
769 2191 1030 2257 Ecclesia,
1073 2193 1369 2248 terroribus
1393 2192 1641 2248 videlicet
1665 2200 1720 2248 et

155 2280 539 2335 blandimentis.
572 2281 724 2348 Quod
751 2289 932 2335 autem
958 2281 1087 2335 dicit
1114 2296 1131 2335 :
1162 2300 1179 2332 i
1203 2280 1395 2352 Surge,
1424 2281 1637 2352 Aquilo,
1663 2292 1718 2338 et

154 2371 283 2432 veni,
319 2372 538 2436 Auster,
573 2392 592 2425 ι
630 2388 735 2427 non
769 2373 996 2442 imperat
1025 2373 1201 2440 malis,
1233 2390 1332 2429 nec
1356 2376 1498 2445 cogit
1530 2390 1625 2431 eos
1648 2378 1716 2432 ad

154 2462 280 2516 mala
338 2462 603 2531 facienda,
657 2466 753 2520 sed
804 2468 1086 2536 permittit,
1141 2478 1196 2524 et
1246 2468 1559 2526 facilitatem
1608 2472 1715 2528 illis

150 2552 255 2619 dat,
296 2566 357 2608 ut
396 2556 602 2623 possint
631 2557 818 2611 saavire
859 2566 1044 2613 contra
1081 2558 1400 2627 Ecclesiam,
1446 2572 1715 2632 quatenus

148 2660 236 2712 per
262 2645 475 2702 illorum
509 2648 765 2703 malitiam
795 2649 1030 2705 Ecclesia
1063 2653 1339 2720 probetur,
1384 2663 1440 2709 et
1481 2654 1557 2708 illi
1588 2670 1712 2726 gra-

148 2735 254 2789 vius
291 2737 630 2806 puniantur:
669 2740 817 2794 novit
855 2740 997 2796 enim
1042 2741 1299 2798 Dominus
1343 2744 1499 2798 malis
1542 2745 1714 2800 homi-

146 2841 262 2878 num
290 2827 433 2881 bona
464 2829 707 2897 quaedam
736 2829 1045 2895 facere,sed
1076 2832 1245 2902 ipsam
1279 2834 1711 2904 persecutionem

144 2915 192 2969 iii
214 2926 485 2987 potestate
509 2936 606 2974 sua
627 2921 811 2986 habet,
835 2930 894 2976 ut
917 2937 1024 2977 non
1053 2931 1258 2978 tantum
1284 2925 1508 2980 szeviant
1539 2941 1712 2994 quan-

144 3018 247 3065 tum
274 3011 488 3067 volunt.
517 3012 671 3069 Unde
719 3014 979 3082 scriptum
1016 3023 1099 3070 est
1128 3031 1142 3068 :
1175 3036 1193 3067 i
1220 3014 1321 3082 Qui
1357 3015 1488 3071 facit
1536 3018 1712 3073 ventis

138 3105 369 3172 pondus,
400 3122 419 3155 ι
451 3103 573 3173 quia
607 3104 853 3160 videlicet
887 3104 1103 3162 ﬂatibus
1123 3108 1562 3177 persecutionum
1588 3124 1707 3169 mo-

1821 1911 1888 1966 de
1918 1912 2054 1969 favis
2080 1915 2401 1983 producunt,
2427 1925 2481 1971 et
2506 1917 2849 1987 praedicando
2875 1921 2995 1976 aliis
3030 1922 3393 1979 manifestant.

1821 2001 1923 2058 Mel
1952 2019 2080 2060 vero
2106 2007 2230 2061 boni
2263 2008 2533 2062 auditores
2551 2047 2566 2074 ,
2590 2008 2716 2078 quia
2746 2008 3080 2067 dulcedinem
3125 2015 3274 2069 verbi
3301 2014 3396 2071 Dei

1819 2101 2024 2150 attente
2068 2098 2343 2168 suscipere
2415 2114 2586 2169 eaque
2644 2099 3032 2156 delectabiliter
3089 2104 3238 2171 pasci
3283 2113 3398 2159 stu-

1819 2183 1966 2239 dent.
1998 2184 2193 2243 Vinum
2224 2197 2348 2243 sunt
2380 2189 2480 2259 ipsi
2527 2191 2924 2260 pnedicatores,
2955 2194 3095 2263 quod
3124 2202 3179 2248 et
3219 2194 3391 2261 favus,

1819 2276 1944 2346 quia
1995 2275 2156 2333 fortia
2198 2291 2539 2336 sacramenta
2594 2281 2998 2353 Scripturarum
3053 2287 3391 2342 annuntiant.

1816 2367 1926 2423 Lac
1978 2385 2106 2425 vero
2157 2381 2301 2437 sunt.
2341 2371 2538 2427 inﬁrmi
2580 2374 2779 2444 quique
2832 2377 3147 2444 auditores,
3201 2380 3395 2449 quibus

1817 2465 2001 2527 aperta
2025 2461 2281 2531 mysteria
2307 2461 2461 2532 quasi
2491 2460 2573 2516 lac
2597 2473 2939 2518 conveniunt.
2970 2463 3104 2520 Cum
3144 2481 3272 2538 ergo
3298 2470 3395 2525 ho-

1816 2565 1935 2604 rum
1962 2550 2201 2606 omnium
2229 2551 2368 2607 bona
2398 2552 2694 2607 intentione
2722 2553 3043 2625 Redemptor
3069 2558 3308 2626 pascitur
3340 2567 3397 2614 et

1814 2640 2125 2706 delectatur,
2158 2651 2212 2697 et
2236 2643 2314 2698 sic
2340 2643 2495 2714 quasi
2526 2642 2707 2698 favum
2734 2660 2853 2700 cum
2877 2649 3034 2703 melle
3054 2650 3308 2716 comedit,
3338 2661 3394 2704 et

1812 2731 1995 2786 vinum
2020 2748 2142 2787 cum
2170 2734 2308 2789 lacte
2330 2734 2482 2789 bibit.
2514 2734 2806 2791 Possumus
2834 2737 2934 2793 hoc
2965 2739 3126 2794 etiam
3153 2741 3220 2795 ad
3248 2756 3394 2795 mor-

1813 2829 1920 2877 tem
1949 2821 2244 2879 electorum
2275 2825 2503 2891 referre,
2537 2840 2673 2895 quos
2698 2826 2957 2885 Dominus
2985 2832 3237 2895 comedit,
3267 2848 3391 2889 cum

1813 2909 1879 2964 ad
1906 2918 2160 2966 aeternam
2185 2913 2351 2967 vitam
2377 2929 2475 2983 per
2502 2925 2732 2971 mortem
2765 2928 2943 2983 vocat,
2971 2929 3024 2972 et
3051 2921 3261 2990 corpori
3287 2936 3387 2977 suo

1813 3000 1936 3073 (hoc
1969 3011 2070 3068 est,
2102 3005 2349 3060 societati
2399 3006 2695 3062 electorum
2722 3010 2773 3062 in
2806 3010 2893 3064 illa
2917 3011 3031 3081 jam
3063 3014 3268 3070 cmlesti
3311 3015 3390 3070 fe—

1811 3090 2013 3147 licitate
2045 3093 2363 3159 ltetantium)
2395 3098 2687 3168 conjungit.
2734 3100 2886 3165 Quod
2917 3102 2958 3154 si
2991 3103 3093 3158 hoc
3124 3106 3190 3159 de
3217 3116 3390 3162 morte

138 3192 257 3248 dum
285 3194 521 3264 imponit
542 3196 848 3265 quemdam,
866 3197 1023 3268 juxta
1047 3202 1189 3268 quod
1215 3198 1506 3269 Apostolus
1535 3201 1705 3258 dicit;
1736 3192 1782 3255 C
1812 3192 2119 3240 sanctorum
2150 3186 2461 3257 accipimus,
2493 3189 2747 3244 debemus
2774 3191 2827 3245 in
2854 3195 2977 3246 vino
3004 3210 3098 3249 eos
3125 3197 3386 3266 accipere,

142 3303 158 3335 i
191 3285 380 3341 Faciet
408 3302 528 3342 cum
558 3290 852 3345 teutatione
873 3290 1035 3346 etiam
1065 3302 1381 3363 proventum
1407 3302 1466 3348 ut
1490 3295 1707 3364 possitis

137 3377 423 3433 sustinere.
461 3398 480 3431 ι
538 3398 558 3431 ι
587 3379 758 3436 Perﬂa
798 3381 1015 3455 (inquit)
1063 3385 1279 3441 hortum
1317 3402 1516 3455 meum,
1540 3406 1560 3440 ι
1603 3389 1708 3444 hoc

134 3475 230 3532 est,
260 3468 559 3525 Ecclesiam
577 3487 772 3538 meam,
807 3491 825 3524 ι
845 3482 900 3528 et
924 3472 1092 3530 ﬂuant
1109 3486 1352 3532 aromata
1367 3476 1531 3543 illius,
1559 3498 1578 3531 ι
1602 3479 1705 3534 hoc

134 3563 230 3621 est,
274 3556 573 3626 fragrantia
612 3560 896 3627 virtutum,
941 3572 997 3619 et
1023 3566 1158 3619 odor
1181 3566 1448 3621 bonorum
1477 3581 1700 3637 operum

134 3659 195 3699 ex
239 3647 334 3701 illa
371 3648 648 3719 procedat.
691 3651 808 3719 Quo
844 3652 990 3709 enim
1017 3656 1269 3711 acerbius
1301 3657 1541 3713 Ecclesia
1578 3673 1706 3714 con-

132 3739 351 3803 cutitur,
380 3754 446 3797 eo
465 3741 724 3814 majorem
753 3745 1009 3801 virtutum
1034 3747 1256 3804 odorem
1279 3763 1346 3804 ex
1367 3764 1427 3806 se
1446 3749 1660 3806 emittit.

761 3895 987 3953 CAPUT
1025 3899 1089 3953 V.

204 4018 224 4051 ι
263 3999 459 4055 Veniat
485 4001 710 4059 dilectus
737 4020 888 4061 meus
922 4007 975 4062 in
1005 4009 1219 4067 hortum
1250 4027 1439 4080 suum,
1473 4022 1535 4069 ut
1559 4030 1705 4071 com-

123 4090 256 4142 edat
287 4085 520 4143 fructum
552 4106 832 4160 pomorum
878 4110 1117 4152 suorum.
1156 4118 1174 4151 »
1205 4098 1440 4155 Audiens
1467 4101 1704 4156 Ecclesia

122 4175 558 4248 persecutionem
588 4181 800 4247 vocari,
836 4191 1088 4253 tanquam
1105 4199 1164 4239 se
1183 4200 1490 4258 praeparans
1515 4200 1703 4244 contra

123 4271 353 4326 adversa
378 4308 394 4336 ,
439 4271 565 4327 dicit
596 4289 609 4325 :
646 4292 685 4324 -i
732 4273 920 4329 Veniat
944 4275 1168 4332 dilectus
1216 4293 1369 4334 meus
1396 4279 1451 4333 in
1488 4280 1703 4359 hortum

122 4376 310 4425 suum,
348 4380 367 4413 ι
411 4362 512 4416 hoc
560 4369 682 4428 est,
721 4361 964 4421 Christus
1013 4381 1244 4451 sponsus
1296 4371 1700 4439 meus.veniat,

123 4467 287 4522 quem
320 4460 429 4509 toto
453 4454 614 4509 corde
657 4454 837 4526 diligo,
889 4457 956 4511 ad
981 4456 1279 4514 Ecclesiam
1308 4476 1479 4526 suam,
1517 4471 1577 4516 ut
1605 4477 1698 4518 co-

1811 3293 2037 3348 quorum
2064 3280 2256 3335 anima:
2274 3282 2387 3349 jam
2436 3281 2644 3336 cwlesti
2677 3282 2933 3339 felicitate
2952 3285 3282 3355 gloriantur:
3333 3290 3387 3346 in

1808 3369 1930 3426 favo
1957 3388 2085 3428 vero
2111 3387 2205 3428 eos
2233 3374 2322 3444 qui
2339 3373 2449 3444 jam
2486 3388 2711 3444 corpore
2746 3384 2799 3430 et
2824 3375 3001 3430 anima
3025 3377 3079 3431 in
3108 3378 3196 3432 illa
3218 3379 3388 3435 beati-

1780 3462 1990 3517 (tudine
2033 3464 2287 3534 gaudent,
2334 3465 2522 3534 quales
2569 3474 2694 3520 sunt
2728 3465 2803 3520 illi
2853 3467 2943 3537 qui
2988 3484 3109 3522 cum
3157 3469 3386 3527 Domino

1804 3550 2173 3609 surrexerunt.
2236 3572 2257 3606 ι
2291 3554 2591 3621 Comedite,
2642 3556 2822 3620 amici,
2870 3567 2924 3612 et
2951 3557 3155 3626 bibite,
3206 3569 3262 3615 et
3306 3562 3386 3617 in-

1805 3644 2106 3710 ebriamini,
2132 3645 2453 3701 charissimi.
2486 3665 2505 3699 ι
2529 3645 2641 3701 Non
2664 3647 2836 3701 solum
2860 3647 3116 3704 Dominus
3139 3650 3380 3721 profectu

1803 3743 2112 3789 sanctorum
2136 3736 2349 3804 gaudet,
2381 3751 2563 3791 verum
2587 3736 2750 3791 etiam
2781 3752 2878 3792 nos
2909 3738 3157 3794 hortatur
3186 3750 3242 3795 ut
3271 3735 3386 3798 ilIo-

1803 3839 1922 3879 rum
1937 3824 2222 3878 virtutibus
2242 3825 2649 3901 gaudeamusget
2679 3824 2798 3881 ilios
2825 3826 3096 3889 imitemur
3128 3848 3140 3884 :
3174 3847 3193 3881 ι
3223 3828 3385 3886 Com-

1805 3913 1947 3969 edite
1995 3913 2306 3985 (inquiens),
2343 3916 2525 3979 amici,
2554 3934 2572 3965 i
2611 3917 2711 3970 hoc
2759 3925 2861 3982 est,
2900 3917 3081 3975 fideles
3110 3921 3245 3986 mei,
3290 3921 3382 3991 qui

1804 4004 1963 4059 amici
1990 4006 2093 4059 mei
2125 4006 2256 4060 estis
2282 4004 2528 4060 faciendo
2553 4022 2672 4073 qum
2690 4006 2854 4073 jubeo
2881 4048 2896 4072 ,
2940 4008 3243 4065 charissim:
3277 4013 3383 4067 mei

1805 4094 1964 4157 estis,
1994 4093 2234 4164 perfecta
2276 4110 2359 4149 me
2403 4094 2565 4148 animi
2594 4095 2857 4150 cliaritate
2898 4099 3188 4167 diligendo.
3225 4100 3385 4155 Com-

1804 4184 1948 4237 edite
1971 4198 2122 4254 ergo,
2148 4183 2339 4253 inquit,
2372 4193 2428 4239 et
2455 4184 2652 4249 bibite,
2680 4186 2733 4240 id
2762 4196 2846 4240 est
2876 4198 3181 4244 sanctorum
3225 4192 3381 4247 bonis

1804 4272 2013 4327 actibus
2062 4272 2412 4344 congaudele,
2471 4281 2525 4328 ct
2572 4273 2688 4328 illos
2740 4274 2891 4329 vobis
2939 4276 3006 4331 ad
3060 4278 3377 4335 imitandum

1803 4362 2101 4433 proponite.
2157 4362 2459 4418 Notandum
2508 4377 2635 4418 vero
2682 4366 2823 4434 quod
2872 4366 3033 4432 dicit,
3077 4386 3094 4418 i
3132 4368 3303 4423 Bibitc
3325 4381 3381 4425 et

1806 4453 2143 4508 inebriamini
2176 4471 2191 4520 ;
2231 4474 2248 4505 ι
2286 4454 2527 4509 Ebrietas
2550 4453 2839 4523 aliquando
2870 4456 2922 4512 in
2956 4457 3253 4527 Scripturis
3281 4477 3379 4530 pro

126 4544 307 4599 medat
328 4542 559 4599 fructum
590 4560 870 4615 pomorum
919 4562 1160 4614 suorum,
1208 4551 1311 4605 hoc
1341 4559 1445 4617 est,
1477 4551 1704 4608 delecta.
1729 4536 1782 4596 D
1807 4547 2086 4601 saturitate
2113 4547 2346 4616 ponitur,
2380 4546 2520 4600 sicut
2548 4546 2613 4600 de
2641 4544 2898 4601 fratribus
2948 4546 3145 4618 Josepli
3177 4550 3377 4607 dictum

124 4645 211 4690 tur
238 4645 401 4706 atque
428 4645 680 4713 pascatur
708 4638 864 4693 bonis
892 4639 1145 4709 operibus
1194 4640 1429 4697 ﬁdelium
1461 4659 1699 4699 suorum.

124 4724 260 4780 Nam
315 4726 471 4781 cibus
508 4725 721 4782 Domini
776 4727 913 4784 bona
949 4738 1131 4786 nostra
1179 4748 1344 4802 opera
1382 4743 1527 4799 sunt,
1566 4737 1703 4790 sicut

124 4817 237 4887 ipse
262 4817 421 4873 fidem
447 4818 908 4876 Samaritanorum
933 4823 1015 4877 vel
1040 4825 1278 4894 gentium
1304 4826 1538 4893 intuens,
1565 4828 1701 4884 dixit

124 4911 402 4984 discipulis
430 4911 572 4967 suis:
604 4930 622 4962 ι
647 4912 758 4984 Ego
784 4913 963 4968 cibum
992 4914 1164 4971 habeo
1191 4918 1514 4973 manducare
1539 4935 1698 4988 quem

125 5017 219 5057 vos
262 5003 534 5057 nescitis.»
574 5022 592 5055 ι
637 5004 768 5060 Veni
802 5004 854 5058 in
890 5004 1102 5061 hortum
1132 5022 1331 5072 meum,
1381 5026 1536 5065 soror
1580 5027 1698 5067 mea

124 5105 342 5161 sponsa.
369 5110 387 5143 ι
408 5090 745 5147 Desideranti
773 5092 1027 5148 Ecclesia:
1056 5101 1114 5148 ut
1147 5095 1215 5148 ad
1241 5111 1299 5150 se
1326 5098 1503 5151 veniat
1529 5113 1694 5167 spon-

125 5194 237 5246 sus,
290 5181 575 5251 respondet
601 5195 659 5236 se
684 5180 797 5250 jam
847 5181 949 5238 hoc
995 5182 1204 5239 fecisse.
1257 5185 1369 5257 Ego
1388 5184 1503 5254 jam
1547 5187 1693 5253 veni,

127 5288 246 5326 nam
283 5288 390 5326 non
425 5280 508 5326 est
531 5272 843 5342 imperantis
873 5292 891 5324 i
934 5274 1073 5339 veni,
1108 5294 1128 5327 ι
1162 5274 1255 5331 sed
1286 5276 1540 5344 przeteriti
1567 5285 1697 5331 tem-

125 5362 270 5431 poris
300 5362 665 5419 indicativum.
700 5362 745 5420 Ο
784 5379 939 5420 soror
961 5380 1078 5420 mea
1107 5381 1325 5435 sponsa,
1356 5365 1468 5436 jam
1490 5367 1609 5422 veni
1640 5368 1695 5422 in

127 5453 336 5509 hortum
366 5470 563 5519 meum,
586 5453 699 5523 jam
728 5456 938 5511 visitavi
967 5456 1260 5512 Ecclesiam
1291 5471 1488 5521 meam,
1517 5457 1608 5512 sed
1643 5465 1698 5513 et

126 5545 361 5615 quotidie
388 5545 566 5611 visito,
598 5553 654 5599 et
681 5545 935 5600 virtutum
969 5546 1110 5601 illius
1158 5548 1332 5617 pomis
1358 5562 1568 5617 pascor,
1612 5554 1693 5600 at-

127 5647 227 5702 que
255 5635 422 5690 odore
464 5634 632 5689 fruor.
684 5635 852 5691 Venio
880 5636 944 5690 ad
969 5635 1108 5703 eiim,
1140 5646 1198 5691 ut
1241 5648 1488 5693 errantes
1517 5638 1692 5692 corri-

128 5743 267 5783 tzam.
328 5726 658 5783 infirmantes
708 5727 983 5783 roborem.
1032 5729 1219 5785 dubios
1267 5730 1601 5790 conﬂi-mem.
1636 5739 1692 5785 ct

1805 4646 1913 4689 est:
1938 4656 1955 4686 i
1987 4634 2244 4711 Biberunt
2273 4644 2327 4690 et
2353 4635 2600 4690 inebriati
2628 4644 2753 4690 sunt
2779 4652 2959 4691 coram
2985 4654 3068 4701 eo,
3100 4658 3119 4690 ι
3152 4648 3207 4694 et
3232 4639 3378 4695 Psal-

1805 4726 1992 4781 mista:
2019 4745 2036 4778 i
2077 4727 2317 4782 Visitasti
2352 4735 2573 4791 terram,
2602 4735 2656 4781 et
2677 4728 3110 4797 iiiebriastieam,
3139 4751 3157 4782 ι
3194 4732 3247 4788 id
3271 4741 3373 4799 est,

1802 4818 2011 4873 satiasti
2045 4826 2099 4873 et
2129 4817 2364 4889 replesti.
2396 4816 2654 4872 Hortatur
2676 4834 2803 4890 ergo
2852 4835 2950 4875 nos
2975 4829 3034 4874 ut
3061 4836 3166 4877 non
3201 4822 3375 4877 solum

1802 4917 2147 4973 comedamus
2199 4926 2254 4972 et
2300 4916 2564 4982 bibamus,
2612 4932 2798 4973 verum
2836 4920 2999 4974 etiam
3047 4930 3372 4988 saturentur,

1807 5006 1932 5076 quia
1967 5012 2090 5059 sunt
2118 5006 2334 5074 quidam
2379 5007 2470 5075 qui
2499 5006 2789 5062 comedunt
2814 5017 2868 5062 et
2898 5023 3002 5062 non
3038 5019 3371 5078 saturantur,

1802 5097 1927 5165 quia
1958 5095 2205 5151 videlicet
2250 5096 2640 5152 delectabiliter
2670 5097 3105 5168 praedicationem
3135 5098 3373 5154 divmam

1801 5187 2046 5251 audiunt,
2094 5188 2188 5241 sed
2217 5187 2546 5257 negligenter
2573 5188 2982 5254 obliviscuntur,
3025 5205 3126 5245 nec
3153 5190 3219 5245 ad
3245 5188 3372 5245 eﬂ‘e—

1802 5288 1946 5334 ctum
1976 5279 2101 5334 boui
2127 5280 2306 5351 operis
2349 5280 2489 5349 Quod
2539 5280 2805 5336 audierint
2833 5282 3153 5351 perducunt.
3182 5284 3365 5339 Come-

1802 5370 1936 5425 dunt
1976 5378 2152 5425 autem
2197 5378 2253 5426 et
2295 5379 2606 5426 saturantur
2632 5372 2721 5441 qui
2752 5372 2913 5427 verba
2963 5372 3086 5428 vita:
3126 5389 3244 5442 qua:
3270 5388 3370 5428 au-

1800 5462 1973 5527 diunt,
2007 5462 2058 5516 in
2106 5462 2336 5517 internis
2362 5462 2608 5534 sensibus
2639 5464 2953 5527 recondunt,
2999 5472 3054 5518 et
3081 5478 3242 5535 opere
3271 5464 3370 5519 im-

1798 5552 1943 5621 plere
1974 5561 2261 5623 satagunt;
2311 5553 2376 5606 de
2406 5554 2598 5621 quibus
2628 5552 2909 5608 Psalmista
2940 5553 3070 5608 dicit
3096 5570 3111 5610 :
3145 5572 3162 5605 ι
3200 5554 3371 5608 Edent

1799 5656 2060 5710 pauperes
2113 5650 2167 5695 et
2213 5649 2619 5696 satm'auuntur.
2656 5661 2674 5692 ι
2735 5640 2790 5695 Si
2839 5656 2963 5695 vero
2997 5641 3077 5710 (ut
3122 5641 3370 5710 superius

1798 5732 1996 5787 dictum
2034 5731 2136 5795 est)
2170 5733 2248 5793 ‘de
2279 5741 2449 5787 morte
2493 5740 2800 5787 sanctorum
2850 5732 2947 5788 hoc
2982 5733 3365 5800 acceperimus,
