3950 6468
502 417 615 473 527
992 407 1345 467 HAYMONIS
1385 399 1861 460 llALBERSTAT.
1902 395 2115 452 EPISC.
2162 394 2312 451 OPP.
2352 394 2555 449 PARS.
2597 390 3095 450 l.-—-COMMENT.
3136 390 3307 446 BlBL.
3677 388 3782 445 528

445 563 474 584 .
506 530 664 587 amici
695 537 748 585 et
777 524 1079 583 charissimi
1126 522 1227 593 ipsi
1258 528 1384 575 sunt
1427 516 1655 586 angelici
1682 514 1924 585 spiritus,
1950 523 2085 579 quos
2112 513 2161 574 Α
2188 510 2448 566 Dominus
2488 509 2728 566 ostendit
2765 509 2835 587 in~
2874 506 3207 578 Evangelio:
3245 526 3264 558 ί
3298 506 3367 560 Et
3407 506 3501 576 qui
3538 504 3600 560 in

505 621 658 691 jubet
688 619 944 675 Dominus
989 592 1349 686 congratulari
1383 610 1569 666 electis
1597 607 1728 671 suis,
1754 618 1877 660 cum
1901 602 1969 657 ab
1992 601 2093 655 hac
2191 610 2292 666 est,
2333 617 2442 657 non
2490 599 2785 691 descendat
2807 597 3023 691 Atellere
3071 596 3312 691 tunicam
3356 610 3530 651 suam.
3568 613 3596 691 ξ

508 715 617 769 vita
644 714 711 769 ad
738 719 952 766 αξιοι-ηαξ
993 704 1344 763 beatitudinis
1388 701 1630 771 requiem
1669 693 2090 783 transferuntur,

505 806 660 877 juxta
685 801 828 872 quod
872 800 925 854 in
968 794 1276 867 evangelica
1304 790 1560 863 parabola
1612 786 1847 858 legitur:
1904 799 1924 834 ι
1954 780 2096 837 Con-

515 891 860 967 gratulamini
899 889 1066 956 mihi,
1101 885 1227 958 quia
1256 883 1435 939 inveni
1468 894 1624 937 ovem
1655 890 1829 932 meam
1859 887 1978 943 quae
2002 884 2098 941 pe-

514 987 699 1043 rierat.
734 1004 755 1037 ι

586 1094 607 1127 ι
641 1075 753 1147 Ro
780 1071 1008 1134 dormio,
1046 1077 1101 1125 et
1147 1082 1241 1123 cor
1264 1078 1441 1121 meum
1467 1059 1673 1133 vigilat.
1709 1078 1728 1113 ι
1758 1056 1878 1115 Vox
1913 1055 2100 1113 Eccle-

513 1167 628 1232 siaa,
664 1184 683 1216 ι
711 1164 825 1236 Ego
856 1161 1084 1226 dormio,
1121 1178 1138 1211 ι
1173 1157 1298 1228 quia
1325 1151 1655 1224 aliquantula
1684 1165 1815 1220 pace
1839 1148 2100 1219 largiente

519 1270 719 1326 Sponso
763 1269 886 1309 meo
914 1251 1194 1321 requiesco
1218 1288 1232 1314 ,
1276 1261 1378 1301 nec
1412 1243 1546 1299 tales
1570 1241 1747 1312 patior
1792 1251 2097 1311 pressuras,

515 1344 703 1415 quales
725 1342 998 1413 primitiva
1028 1336 1267 1394 Ecclesia
1292 1351 1308 1401 ;
1359 1343 1413 1389 et
1442 1333 1562 1388 ideo
1606 1345 1703 1386 cor
1753 1343 1934 1383 meum
1959 1326 2098 1395 vigi-

516 1434 615 1499 lat,
649 1433 776 1503 quia
813 1429 1055 1486 securius
1102 1439 1358 1482 concessa
1400 1422 1532 1476 mihi
1554 1434 1687 1491 pace
1717 1418 1889 1472 amori
1918 1416 2101 1486 sponsi

519 1523 623 1579 mei
653 1520 908 1586 inhmreo,
959 1528 1014 1574 et
1037 1518 1104 1573 ad
1131 1516 1279 1571 illum
1309 1512 1495 1569 oculos
1516 1509 1697 1565 cordis
1721 1507 1826 1563 mei
1858 1506 2099 1560 intendo.

521 1611 627 1669 Sed
654 1612 779 1682 quia
809 1611 911 1666 hoc
938 1617 1144 1680 tempus
1171 1620 1279 1661 non
1303 1612 1389 1660 est
1416 1600 1647 1673 requiei,
1690 1600 1784 1654 sed
1813 1597 1994 1669 potius
2023 1596 2103 1650 la-

520 1704 669 1760 boris
693 1710 747 1757 et
775 1699 1104 1765 certaminis,
1136 1710 1325 1752 rursus
1353 1706 1584 1764 sponsus
1616 1688 1912 1744 Ecclesiam
1939 1685 2006 1741 ad
2031 1686 2109 1740 la-

521 1795 681 1850 bores
718 1791 937 1854 excitat,
969 1796 1019 1843 et
1064 1786 1132 1841 ad
1174 1777 2106 1855 prmdicationiscertamen’borta-

2194 698 2278 745 est
2307 697 2493 761 aperte
2522 689 2703 745 dicere
2742 705 2756 742 :
2796 685 2899 754 Qui
2939 687 2995 741 in
3045 685 3265 741 sublimi
3309 684 3791 754 contemplationis

2194 794 2320 835 arce
2376 779 2663 844 consistit,
2716 793 2824 833 non
2873 776 3169 832 descendat
3223 783 3285 830 ut
3339 775 3497 830 tollat
3544 775 3791 857 tunicam

2194 883 2370 933 suam,
2400 869 2453 923 id
2477 875 2560 923 est
2586 874 2646 922 ut
2670 869 2866 922 iterum
2891 866 3339 937 occupationibus
3383 864 3571 920 saeculi
3619 863 3791 933 impli-

2194 966 2370 1014 cetur.
2410 956 2589 1012 Timet
2622 971 2753 1029 ergo
2779 955 3041 1023 Ecclesia,
3073 955 3161 1009 vel
3186 955 3370 1009 anima
3393 969 3635 1025 quaeque
3675 968 3792 1008 san-

2198 1056 2285 1102 cta
2303 1086 2319 1113 ,
2347 1048 2449 1102 hac
2474 1046 2655 1102 tunica
2694 1046 2858 1113 exui,
2885 1054 2941 1101 et
2963 1045 3017 1101 in
3049 1045 3511 1116 contemplatione
3535 1045 3627 1099 sui
3658 1043 3792 1100 Con-

2198 1136 2392 1191 ditoris
2436 1136 2811 1206 requiescens,
2840 1137 3036 1191 iterum
3079 1136 3292 1191 reindui
3334 1126 3407 1190 et
3440 1135 3793 1190 saecularibus

2199 1225 2430 1297 negotiis
2480 1227 2755 1297 occupari.
2821 1244 2841 1278 ι
2897 1226 3031 1281 Lavi
3074 1227 3239 1296 pedes
3291 1240 3477 1292 meos,
3525 1226 3793 1295 quomodo

2201 1317 2493 1388 inquinabo
2515 1318 2671 1374 illos?
2704 1338 2723 1370 ι
2752 1318 2882 1373 Lavi
2903 1319 3068 1389 pedes
3091 1333 3262 1383 meos,
3290 1318 3395 1374 hoc
3421 1327 3531 1384 est,
3553 1318 3794 1372 actiones

2201 1407 2399 1478 quibus
2449 1424 2724 1479 nunquam
2767 1408 3041 1480 pulverem
3066 1409 3427 1478 tangere,hoc
3455 1419 3565 1474 est,
3586 1418 3793 1462 terrena

2203 1513 2365 1570 agere
2392 1513 2800 1565 consueveram,
2823 1499 3003 1570 dignis
3022 1498 3355 1567 poenitentiae
3380 1498 3608 1553 ﬂetibus
3635 1497 3795 1560 ablui.

2205 1588 2341 1657 adeo
2377 1598 2439 1644 ut
2467 1590 2601 1645 nihil
2637 1604 2782 1644 nunc
2809 1589 2912 1644 nisi
2957 1588 3137 1644 divina
3185 1603 3272 1644 me
3319 1588 3489 1644 libeat
3533 1589 3795 1659 cogitare.

2211 1699 2229 1731 ‹
2271 1679 2550 1747 Quomodo
2575 1678 2866 1748 inquinabo
2894 1668 3046 1732 illos?
3085 1698 3103 1731 ι
3149 1678 3202 1733 id
3232 1687 3334 1745 est,
3375 1679 3663 1748 quomodo
3694 1679 3798 1733 tieri

2205 1779 2418 1840 potest,
2448 1780 2509 1825 ut
2536 1771 2734 1825 iterum
2789 1769 2857 1823 ad
2893 1768 3175 1840 cogitanda
3209 1770 3415 1825 caduca
3475 1779 3535 1824 et
3589 1780 3800 1825 terrena

524 1894 631 1940 tur.
686 1902 705 1935 ι
741 1880 859 1937 Vox
894 1877 1073 1935 dilecti
1121 1876 1226 1931 mei
1271 1872 1561 1946 pulsantis.
1594 1890 1613 1924 ι
1650 1869 1834 1925 Pulsat
1860 1866 2104 1932 dilectus,
2135 1861 2183 1919 B
2212 1863 2427 1918 redeam
2474 1876 2593 1931 quae
2631 1875 2777 1915 nunc
2818 1874 2886 1915 ex
2924 1867 3188 1928 occupato
3220 1867 3275 1913 et
3310 1859 3485 1915 libero
3510 1860 3705 1925 corde,
3730 1861 3803 1913 di-

521 1990 645 2031 cum
691 1972 940 2030 Christus
984 1969 1169 2026 fideles
1210 1983 1338 2024 suos
1385 1966 1453 2021 ad
1498 1963 1798 2035 profectum
1844 1961 2107 2016 virtutum

524 2068 805 2123 hortatur:
849 2063 964 2119 sive
1010 2060 1211 2131 pulsat,
1241 2073 1362 2114 cum
1392 2071 1485 2112 eos
1514 2063 1575 2109 ut
1599 2052 1877 2124 proximos
1921 2048 2112 2120 prmdi-

524 2158 696 2214 cando
746 2156 1026 2211 lucrentur
1070 2152 1340 2208 admonet.
1397 2149 1493 2203 Est
1538 2155 1593 2201 et
1639 2145 1795 2200 tertia
1853 2140 2107 2213 pulsatio,

528 2265 633 2320 qua
678 2246 859 2318 pulsat
900 2244 1101 2301 electos
1123 2257 1250 2298 suos
1282 2239 1561 2304 Dominus,
1591 2252 1714 2293 cum
1756 2251 1857 2308 per
1896 2232 2114 2305 aegritu-

526 2339 670 2394 dinis
697 2336 997 2392 molestiam
1029 2348 1150 2390 esse
1185 2340 1413 2387 mortem
1448 2330 1686 2386 vicinam
1722 2327 1987 2397 designat.
2038 2323 2114 2377 De

527 2446 632 2499 qua
662 2429 964 2500 pulsatione
992 2427 1046 2481 in
1078 2422 1364 2495 Evangelio
1399 2421 1634 2478 dicitur:
1670 2418 1742 2475 Ut
1792 2431 1917 2473 cum
1948 2428 2114 2469 vene-

529 2521 599 2575 rit
624 2531 679 2574 et
705 2518 1019 2590 pulsaverit,
1047 2514 1333 2572 confestim
1358 2513 1605 2584 aperiant
1629 2510 1701 2566 ei.
1732 2508 1839 2563 Sed
1862 2506 1967 2561 hoc
1994 2505 2116 2560 loco

529 2609 745 2679 pulsare
775 2608 972 2663 dicitur
1022 2605 1124 2661 hoc
1150 2612 1253 2670 est,
1285 2601 1581 2658 Ecclesiam
1612 2600 1678 2654 ad
1700 2612 1834 2667 opus
1856 2595 2117 2666 praedica-

530 2699 692 2754 tionis
744 2697 1024 2766 instigare.
1075 2715 1094 2748 ‹
1128 2693 1293 2765 Aperi
1346 2692 1502 2758 mihi,
1555 2705 1710 2746 soror
1756 2702 1898 2753 mea,
1945 2685 2117 2740 amica

531 2788 674 2853 mea,
698 2788 942 2844 columba
971 2801 1111 2853 mea,
1140 2784 1483 2841 immaculata
1506 2797 1646 2838 mea.
1676 2800 1694 2834 ι
1730 2798 1748 2832 ι
1777 2778 1941 2851 Aperi
1962 2778 2117 2847 mihi,

530 2896 686 2935 soror
708 2894 844 2936 mea.
877 2896 895 2930 ›
926 2876 1266 2950 Somn—quia
1288 2876 1530 2934 cohaeres
1550 2870 1919 2945 es-regni—mei
1937 2868 2078 2926 faeta
2100 2888 2117 2954 A:

537 2992 554 3023 ι
579 2973 751 3027 amica
769 2986 909 3036 mea,
940 2990 959 3023 ι
985 2970 1110 3040 quia
1133 2970 1198 3024 de
1219 2969 1350 3041 jugo
1379 2967 1656 3024 servitutis
1676 2966 1901 3021 liberata
1923 2977 2121 3019 arcana

531 3063 777 3118 veritatis
802 3077 934 3117 mea:
959 3060 1256 3133 cognovisti
1283 3077 1296 3114 :
1327 3079 1346 3112 ι
1377 3059 1623 3115 columba
1646 3072 1838 3135 mea,»
1865 3054 1991 3127 quia
2013 3054 2122 3125 spi-

2212 1955 2338 2008 vino
2365 1952 2515 2009 fruor
2545 1951 2826 2011 contuitu?

2286 2074 2305 2107 ‹
2352 2055 2586 2111 Dilectus
2621 2069 2775 2109 meus
2804 2053 2952 2109 misit
2975 2068 3192 2108 manum
3220 2069 3374 2109 suam
3402 2069 3505 2125 per
3535 2054 3799 2115 foramen,

2212 2156 2268 2202 et
2293 2154 2479 2202 venter
2505 2161 2661 2201 meus
2689 2144 2971 2200 intremuit
2996 2144 3064 2199 ad
3090 2152 3290 2200 tactum
3318 2144 3455 2213 ejus.
3500 2136 3519 2198 ἡ
3567 2145 3804 2199 Dilectus

2214 2254 2432 2293 manum
2470 2253 2568 2310 per
2605 2234 2848 2293 foramen
2873 2237 3061 2302 mittit,
3099 2248 3156 2292 et
3180 2244 3424 2292 ventrem
3454 2224 3665 2307 tangit,
3694 2252 3802 2291 cum

2214 2328 2426 2383 interna
2464 2327 2718 2382 conditor
2744 2326 3100 2396 inspiratione
3141 2342 3238 2382 cor
3260 2327 3464 2393 visitat,
3499 2335 3559 2382 et
3587 2328 3663 2381 ad
3688 2342 3803 2397 pro-

2217 2416 2414 2472 fectum
2470 2416 2731 2471 virtutum
2764 2416 3050 2483 accendit,
3085 2433 3180 2473 seu
3208 2417 3373 2473 etiam
3408 2408 3552 2472 cum
3606 2434 3712 2472 nos
3748 2419 3805 2470 ad

2216 2497 2537 2564 memoriam
2586 2522 2813 2578 operum
2865 2523 3085 2563 suorum
3132 2516 3370 2574 revocat,
3401 2517 3464 2563 ut
3507 2509 3807 2577 cogitemus

2215 2600 2343 2670 quia
2364 2614 2488 2655 cum
2526 2599 2669 2654 Deus
2706 2606 2868 2666 esset,
2896 2615 2995 2669 pro
3019 2599 3173 2653 nobis
3201 2600 3364 2654 homo
3396 2600 3517 2653 fieri
3557 2600 3807 2669 dignatus

2217 2700 2320 2755 est,
2351 2696 2411 2743 ut
2438 2697 2655 2745 terrena
2681 2697 2863 2743 nostra
2886 2689 3207 2759 suscipiens,
3243 2688 3497 2743 caelestes
3526 2704 3634 2742 nos
3678 2688 3807 2743 face.

2218 2790 2301 2836 τοι
2326 2821 2341 2846 ,
2371 2786 2428 2835 et
2458 2779 2735 2837 moriendo
2762 2794 2861 2850 pro
2890 2778 3042 2834 nobis
3066 2819 3083 2844 ,
3116 2774 3301 2833 vitam
3336 2790 3604 2835 aaternam
3662 2779 3806 2833 nobis

2218 2871 2464 2929 donaret.
2497 2871 2655 2938 Quod
2697 2887 2827 2926 cum
2860 2871 2949 2936 fit,
2975 2879 3163 2926 venter
3200 2870 3503 2935 intremuit,
3532 2870 3667 2939 quia
3694 2884 3807 2924 cum

2220 2961 2349 3017 talia
2398 2962 2639 3032 cogitare
2696 2960 2984 3029 incipimus
3010 2999 3025 3025 ,
3073 2960 3254 3015 cordis
3291 2963 3464 3015 nostri
3509 2975 3719 3013 arcana
3756 2975 3807 3012 se

2222 3052 2573 3117 concutiunt,
2601 3050 2728 3106 dum
2765 3060 2980 3121 stupere
3018 3051 3340 3121 incipimus,
3373 3061 3579 3120 quanta
3632 3052 3809 3119 digna-

533 3155 669 3210 ritus
683 3154 788 3210 mei
801 3155 925 3209 dote
939 3169 999 3209 es
1019 3152 1385 3209 sanctificata:
1407 3149 1779 3205 «immaculata
1794 3162 1935 3213 mea,
1961 3165 1978 3197 ι
1994 3145 2121 3216 quia
2223 3143 2368 3198 tione
2388 3143 2506 3199 haec
2523 3139 2785 3197 Conditor
2804 3156 2901 3210 pro
2925 3140 3081 3196 nobis
3099 3157 3262 3212 agere
3281 3141 3536 3210 dignatus
3550 3149 3664 3196 est.
3686 3140 3807 3195 Nam

533 3245 794 3302 effusione
829 3245 934 3300 mei
962 3244 1239 3316 sanguinis
1267 3243 1336 3298 ab
1363 3242 1509 3298 omni
1541 3250 1883 3312 peccatorum
1914 3236 2121 3293 macula
2147 3219 2193 3282 C
2223 3232 2367 3303 quod
2419 3240 2609 3288 venter
2655 3246 2753 3286 cor
2799 3231 3067 3303 significet
3087 3273 3101 3297 ,
3129 3232 3363 3287 ostendit
3403 3231 3710 3298 Pmpheta,
3740 3231 3808 3284 di-

534 3344 759 3408 purgata
780 3342 889 3392 es.¢
911 3335 1072 3405 Aperi
1092 3335 1275 3400 mihi,»
1296 3334 1398 3388 hoc
1420 3340 1524 3397 est,
1543 3333 1609 3387 de
1627 3331 1808 3402 quiete
1832 3337 1889 3384 et
1909 3329 2022 3384 otio
2049 3327 2125 3383 di-

536 3427 689 3480 lecta:
720 3426 815 3481 tibi
845 3424 1315 3493 contemplationis
1343 3422 1601 3492 egredere
1624 3421 1690 3474 ad
1710 3435 1845 3490 opus
1866 3418 2125 3489 prtedica-

538 3518 723 3571 tionis.
766 3535 785 3567 ι
820 3515 957 3582 Quia
978 3522 1138 3584 caput
1169 3528 1347 3568 meum
1384 3511 1601 3582 plenum
1634 3518 1718 3565 est
1742 3524 1887 3575 rore,
1926 3516 1982 3563 et
2001 3499 2146 3563 cin-‘

540 3606 686 3661 cinui
721 3605 823 3659 mei
853 3604 1020 3674 guttis
1046 3602 1303 3657 noctium.
1331 3621 1350 3653 ι
1378 3599 1553 3670 Caput
1581 3599 1837 3655 Ecclesiae
1866 3597 1947 3671 (ut
1981 3597 2128 3669 Apo-

540 3698 709 3753 stolus
738 3694 889 3767 dicit)
919 3694 1168 3750 Christus
1195 3700 1297 3760 est,
1328 3690 1567 3747 cincinni
1607 3706 1738 3746 vero
1763 3698 1893 3745 sunt
1925 3688 2128 3744 intima:

542 3787 902 3858 cogitationes
945 3795 1276 3851 sanctorum,
1330 3798 1450 3854 quae
1485 3798 1592 3838 non
1619 3782 1743 3837 laxe
1789 3790 1846 3837 et
1869 3780 2130 3837 dissolute

541 3877 733 3944 ﬂuunt,
765 3877 860 3934 sed
888 3874 1102 3931 vinculo
1135 3873 1345 3930 timoris
1368 3881 1423 3930 et
1446 3873 1648 3929 amoris
1668 3873 1764 3928 Dei
1790 3871 2126 3944 colligantur.

545 3968 656 4023 Bos
695 3972 824 4023 vero
853 3975 909 4023 et
936 3974 1102 4039 gutta:
1131 3965 1368 4020 noctium
1419 3964 1523 4021 hoc
1560 3963 1680 4019 loco
1708 3962 2032 4019 ‘tenebrosas
2079 3969 2134 4018 et

536 4057 861 4114 inﬁdelitate
914 4056 1105 4128 plenas
1129 4096 1147 4123 ,
1195 4054 1525 4127 frigidasque
1574 4063 1785 4110 mentes
1830 4054 2131 4126 designant.

543 4150 717 4220 Caput
760 4165 888 4222 ergo
924 4149 1110 4222 sponsi
1145 4148 1361 4220 plenum
1392 4156 1473 4204 est
1502 4161 1647 4214 rore,
1686 4161 1813 4202 cum
1844 4147 2134 4202 saecularcs

545 4242 743 4311 quique
770 4256 801 4295 a
825 4241 1090 4296 charitate
1118 4240 1215 4295 Dei
1236 4248 1565 4310 torpescunt,
1594 4248 1649 4294 et
1671 4238 1828 4310 juxta
1854 4237 1997 4308 quod
2026 4238 2133 4294 Do-

548 4334 728 4387 minus
756 4333 906 4397 dicit,
949 4333 1257 4389 abundante
1285 4344 1506 4402 peccato
1537 4333 1840 4405 refrigescit
1867 4333 2130 4389 Charitas.

549 4422 619 4476 Et
660 4437 784 4477 cum
828 4420 961 4477 tales
994 4429 1214 4476 sanctos
1260 4421 1353 4475 Dei
1384 4420 1624 4477 caelestia
1669 4421 1990 4477 meditantes
2017 4435 2138 4492 per—

549 4518 850 4580 sequuntur
874 4520 930 4565 et
953 4511 1163 4576 odiunt,
1196 4510 1349 4581 quasi
1375 4511 1609 4566 cincinni
1636 4513 1819 4583 sponsi
1840 4511 1985 4581 pleni
2006 4520 2133 4567 sunt

2225 3338 2396 3379 cens:
2430 3342 2449 3375 ι
2484 3321 2741 3377 Ventrem
2798 3337 3012 3390 meum,
3055 3331 3299 3378 ventrem
3346 3337 3528 3377 meum
3570 3323 3749 3376 doleo.
3791 3344 3804 3371 ν

2224 3410 2380 3480 Quod
2404 3412 2534 3482 quid
2558 3420 2703 3468 esset
2734 3412 3012 3479 ostendit,
3043 3412 3230 3468 dicens
3258 3429 3272 3465 :
3316 3428 3335 3463 ι
3378 3410 3592 3466 Sensus
3636 3410 3811 3466 cordis

2226 3506 2334 3562 mei
2356 3506 2603 3577 dissipati
2643 3515 2790 3561 sunt.
2828 3527 2846 3559 ι
3172 3514 3175 3519 ·

2303 3624 2322 3656 ι
2362 3603 2586 3659 Surrexi
2632 3613 2691 3658 ut
2729 3604 2997 3674 aperirem
3043 3603 3238 3659 dilecto
3287 3619 3430 3659 meo.
3472 3622 3493 3656 ι
3530 3604 3813 3673 Aperimus

2228 3695 2445 3760 dilecto,
2477 3708 2582 3749 non
2617 3694 2794 3750 solum
2836 3709 2959 3749 cum
2985 3694 3290 3749 adventum‘
3323 3693 3441 3763 ejus
3466 3694 3813 3762 suscipimus,

2228 3801 2417 3841 verum
2443 3784 2610 3840 etiam
2650 3800 2774 3840 cum
2822 3783 2945 3839 aliis
2986 3784 3362 3855 praedicamus,
3390 3793 3447 3839 et
3470 3798 3570 3839 eos
3597 3784 3697 3853 qui
3728 3798 3817 3854 per

2229 3875 2491 3932 malitiam
2543 3883 2732 3945 pectus
2794 3874 3134 3940 clauserant,
3188 3883 3374 3930 nostra
3431 3874 3817 3945 praedicatione

2230 3980 2520 4023 conversos
2550 4006 2566 4032 ,
2614 3964 2845 4021 facimus
2870 3974 2931 4020 ut
2967 3965 3066 4035 ipsi
3104 3980 3322 4036 quoque
3359 3965 3590 4036 ianuam
3644 3966 3818 4022 cordis

2230 4055 2450 4112 Christo
2496 4056 2761 4126 aperiant.
2800 4054 2947 4111 Bene
2968 4063 3147 4111 autem
3178 4056 3358 4126 primo
3382 4056 3607 4124 dicitur,
3642 4076 3665 4108 σ
3699 4056 3818 4111 Sar-

2233 4148 2376 4215 rexi,
2413 4167 2433 4201 )
2480 4147 2693 4214 deinde,
2731 4167 2750 4201 ι
2794 4155 2856 4203 ιιι
2895 4148 3164 4219 aperirem
3213 4148 3432 4206 dilecto.
3480 4169 3499 4202 ι
3537 4150 3645 4217 Qui
3682 4151 3817 4206 enim

2232 4239 2579 4317 praedicando
2603 4231 2831 4294 alidrum
2857 4238 3021 4295 corda
3044 4237 3263 4296 Christo
3284 4240 3396 4294 vult
3414 4241 3655 4311 aperire,
3680 4242 3819 4311 prius

2236 4329 2397 4385 debet
2421 4344 2646 4400 surgere
2662 4369 2679 4395 ,
2711 4321 2813 4384 hoc
2840 4337 2923 4384 est
2949 4328 3018 4384 ad
3055 4329 3288 4385 studium
3310 4331 3581 4385 bonorum
3603 4345 3823 4401 operum

2235 4420 2393 4492 erigi,
2423 4429 2479 4474 et
2496 4435 2661 4491 opere
2690 4419 2911 4489 implere
2939 4420 3083 4490 quod
3108 4420 3384 4491 praedicat,
3410 4434 3479 4474 ne
3527 4420 3675 4477 forte
3713 4422 3825 4475 aliis

2238 4510 2539 4579 przedicans
2570 4510 2684 4580 ipse
2706 4510 2967 4580 reprobus
2989 4509 3269 4566 efﬁciatur.
3300 4510 3438 4566 Hinc
3464 4520 3521 4567 et
3560 4512 3745 4568 Lucas
3770 4514 3825 4566 de

552 4600 719 4672 guttis
747 4601 1005 4656 noctium.
1058 4600 1192 4656 Cum
1246 4615 1374 4672 ergo
1416 4600 1549 4657 tales
1580 4602 2032 4672 multiplicantur,
2077 4608 2133 4657 et
2156 4589 2207 4649 D
2232 4601 2460 4657 Domino
2485 4602 2617 4657 dicit
2649 4620 2661 4657 :
2695 4623 2713 4653 ‹
2743 4602 2873 4669 Qua:
2897 4604 3062 4673 coepit
3083 4602 3240 4659 Jesus
3260 4601 3440 4659 facere
3468 4613 3525 4658 et
3550 4604 3775 4661 docere.
3809 4627 3822 4653 ι

553 4700 782 4762 gravant
808 4691 1123 4755 Ecclesiam,
1180 4700 1306 4747 tunc
1330 4706 1559 4762 sponsus
1589 4693 1843 4748 admonet
1876 4707 2130 4763 sponsam

554 4797 707 4837 suam
748 4792 806 4835 ut
840 4792 1026 4853 surgat
1052 4790 1105 4836 et
1123 4783 1269 4853 operi
1300 4784 1698 4853 pnedicationis
1728 4784 1961 4839 insistat.

633 4891 651 4922 ι
698 4871 1004 4941 Exspoliavi
1065 4885 1150 4926 me
1198 4873 1377 4926 tunica
1420 4888 1570 4937 mea,
1621 4872 1888 4943 quomodo
1940 4872 2136 4927 induar

555 4960 681 5015 illa?
716 4980 734 5011 ι
775 4959 1073 5017 Provocata
1102 4961 1344 5017 Ecclesia
1385 4976 1414 5016 a
1455 4978 1651 5032 sponso
1686 4979 1784 5018 suo
1811 4963 1879 5018 ad
1903 4962 2137 5019 ollicium

554 5052 992 5121 praedicationis,
1031 5053 1357 5125 respondet:
1397 5071 1416 5105 ι
1461 5054 1771 5125 Exspoliavi
1816 5071 1904 5110 me
1954 5056 2138 5111 tunica

508 5216 515 5221 θ
556 5159 697 5209 mea,
722 5147 991 5213 quomodo
1017 5145 1213 5201 induar
1238 5146 1363 5201 illa?
1389 5167 1409 5200 ι
1441 5147 1575 5202 Exui
1603 5164 1689 5203 me
1722 5148 1869 5203 curis
1900 5156 1955 5202 et.
1978 5163 2141 5202 occu-

554 5235 860 5307 pationibus
885 5236 1044 5305 hujus
1070 5238 1284 5304 saeculi,
1317 5239 1433 5294 sine
1479 5240 1673 5308 quibus
1716 5236 1951 5315 ofﬁcium
1997 5252 2139 5309 pra:-

556 5329 844 5384 dicationis
872 5337 964 5382 aut
993 5329 1082 5383 vix
1111 5340 1205 5384 aut
1234 5329 1538 5386 nullatenus
1563 5331 1742 5402 agitur
1761 5347 1774 5381 :
1796 5336 1851 5383 et
1870 5328 2139 5399 quomodo

558 5419 676 5474 fieri
706 5429 883 5491 potest
907 5430 967 5477 ut
992 5422 1187 5477 iterum
1234 5423 1299 5478 ad
1343 5439 1408 5480 ea
1446 5439 1565 5494 qua:
1612 5418 1826 5478 deserui
1865 5423 2143 5477 revertar?

558 5507 693 5564 Nam
723 5512 814 5582 qui
845 5527 903 5568 se
926 5513 993 5567 ad
1019 5513 1251 5568 ofﬁcium
1277 5514 1677 5584 pmdicationis
1715 5513 1933 5582 adaptat
1971 5513 2141 5568 susci-

559 5598 838 5668 piendum,
878 5603 1036 5659 debet
1072 5618 1287 5674 quoque
1325 5603 1643 5674 temporalia
1690 5602 1919 5659 subditis
1956 5603 2139 5674 provi—

561 5687 711 5758 dere,
742 5707 862 5763 qua:
889 5694 1005 5749 sine
1036 5709 1230 5765 magna
1256 5694 1618 5751 sollicitudine
1647 5695 1734 5766 agi
1759 5711 1864 5751 non
1895 5701 2138 5765 possunt.

564 5779 715 5849 Quod
739 5796 918 5842 autem
950 5788 1129 5843 tunica
1164 5786 1552 5846 sollicitudines
1582 5796 1635 5846 et
1663 5803 1824 5845 curas
1852 5787 2139 5861 signiticet,

2235 4691 2392 4747 Prius
2423 4692 2556 4747 dicit
2586 4710 2606 4745 ι
2641 4691 2844 4758 facere,
2874 4693 3066 4749 deinde
3087 4694 3301 4750 docere.
3343 4713 3362 4747 ι
3398 4712 3417 4747 ι
3455 4694 3654 4750 Manus
3702 4711 3829 4749 mem

2237 4784 2634 4840 distillaverunt
2676 4786 2983 4857 myrrham,
3029 4794 3085 4841 et
3113 4785 3264 4857 digiti
3295 4787 3400 4845 mei
3432 4787 3581 4858 pleni
3608 4770 3831 4859 myrrha

2237 4873 2640 4945 probatissima.
2672 4894 2690 4928 ι
2735 4874 2841 4929 Per
2883 4890 3073 4930 manus
3102 4876 3299 4944 quibus
3344 4891 3643 4948 operamur
3668 4918 3687 4941 ,
3724 4879 3831 4947 ipsa

2239 4965 2485 5035 operatio
2546 4966 2898 5038 designatur;
2958 4981 3056 5037 per
3123 4967 3319 5037 digitos
3383 4983 3513 5023 vero
3570 4968 3835 5023 discretio

2242 5056 2596 5126 operationis,
2644 5057 2771 5126 quia
2804 5058 2857 5112 in
2902 5057 3050 5113 nullo
3081 5058 3325 5114 membro
3367 5066 3530 5113 tanta:
3575 5069 3716 5113 sunt
3764 5058 3836 5111 dic

2239 5145 2558 5201 stinctiones
2604 5146 2996 5212 articulorum,
3023 5154 3239 5217 quanta:
3287 5146 3343 5201 in
3387 5146 3595 5216 digitis.
3643 5146 3838 5199 Manus

2242 5237 2496 5294 Ecclesia:
2541 5239 2817 5311 myrrham
2865 5240 3101 5306 stillant,
3131 5255 3252 5295 cum
3279 5240 3671 5311 prmdicatores
3727 5242 3839 5310 ejus

2241 5328 2590 5384 continentia:
2642 5338 2699 5384 et
2746 5330 3147 5385 mortificationi
3198 5331 3381 5386 carnis
3432 5346 3544 5386 sua:
3606 5346 3839 5399 operam

2242 5423 2406 5490 dant,
2466 5424 2711 5479 dicentes
2758 5440 2882 5479 cum
2925 5423 3181 5494 Apostolo
3224 5442 3237 5479 :
3285 5443 3304 5475 ι
3369 5422 3592 5494 Castigo
3635 5438 3843 5494 corpus

2242 5530 2462 5580 meum,
2495 5523 2550 5570 et
2598 5516 2651 5570 in
2702 5516 3019 5571 servitutem
3072 5515 3277 5585 redigo.
3323 5534 3343 5567 ι
3386 5512 3513 5568 Sive
3555 5528 3686 5568 cum
3746 5528 3844 5582 pro

2241 5606 2459 5662 Christo
2514 5607 2651 5662 mori
2703 5607 2878 5677 parati
2915 5613 3063 5672 sunt,
3087 5607 3227 5685 sicut
3249 5605 3483 5660 Joannes
3509 5604 3689 5659 dicit:
3729 5623 3750 5653 ι
3789 5602 3844 5657 Si

2242 5697 2490 5753 Christus
2517 5712 2615 5768 pro
2644 5698 2800 5753 nobis
2832 5698 3070 5751 animam
3098 5710 3252 5750 suam
3296 5696 3497 5765 posuit,
3520 5703 3580 5750 ct
3618 5710 3727 5752 nos
3752 5693 3845 5747 de-

2244 5785 2435 5842 bemus
2482 5800 2579 5856 pro
2620 5785 2875 5842 fratribus
2906 5787 3115 5842 animas
3153 5799 3373 5855 ponere.
3424 5805 3443 5837 θ
3492 5785 3657 5857 Digiti
3713 5796 3843 5839 vero
