3962 6340
179 385 290 451 Ξὲθ

1151 396 1546 453 ENABRA'IIO
1583 374 1648 451 IN
1684 396 1981 456 cannea
2018 402 2484 464 CANTICORUM.

3322 417 3427 476 350

176 513 311 563 sunt
350 503 494 576 pleni
527 505 746 578 myrrha
790 505 1207 577 probatissima,
1237 522 1360 562 cum
1403 507 1574 601 ipsum
1624 523 1760 579 opus
1785 515 1835 573 Α
1859 511 1954 580 qui
1996 510 2275 601 civitatem
2317 516 2413 572 Dei
2462 518 2539 590 (id
2582 530 2666 576 est
2709 521 3025 598 Ecclesiam)
3067 528 3431 601 circumeunt,
3458 530 3477 545 '

174 597 616 655 mortiﬁcatiouis
662 597 930 654 subtiliter
980 598 1381 665 discernimus,
1438 594 1616 654 utrum
1661 615 1760 671 pro

174 688 382 744 intuitu
422 703 667 759 supernas
688 688 955 744 mercedis
985 687 1102 756 ﬁat,
1133 705 1201 745 an
1230 705 1329 760 pro
1370 689 1617 746 laudibus
1664 707 1762 748 sae-

171 781 310 836 culi.
346 780 447 848 Qui
474 782 620 837 enim
661 798 761 854 pro
788 783 1041 839 humanis
1086 782 1365 841 favoribus
1407 784 1645 857 jejuuat,
1673 786 1759 842 vel

172 871 522 928 abstinentiae
572 873 687 928 sive
743 875 1090 931 continentia:
1137 874 1393 948 operibus
1441 878 1672 943 insistit,
1702 879 1757 935 in

171 959 430 1014 inanibus
457 959 672 1030 quidem
699 963 976 1033 myrrham
1001 965 1194 1031 habet,
1220 966 1313 1022 sed
1341 966 1395 1021 iu
1424 966 1607 1038 digitis
1651 983 1756 1024 non

170 1048 365 1115 habet,
392 1051 518 1121 quia
565 1067 671 1107 non
700 1053 958 1109 discernit
983 1070 1152 1125 quare
1180 1057 1284 1113 hoc
1306 1056 1489 1113 faciat.
1521 1058 1599 1114 De
1624 1074 1759 1129 qua-

168 1141 318 1197 libus
341 1145 598 1201 Dominus
610 1146 774 1202 dicit:
806 1167 822 1198 ι
847 1146 1187 1219 Receperunt
1206 1151 1508 1206 mercedem
1529 1166 1700 1206 suam.
1732 1171 1751 1204 ι

168 1231 307 1287 Sive
345 1249 541 1291 manus
569 1251 779 1307 sponsa:
822 1237 1079 1293 distillant
1110 1240 1407 1309 myrrham,
1432 1256 1554 1295 cum
1580 1243 1758 1312 operi-

167 1323 274 1378 bus
304 1336 506 1381 sancta:
532 1327 818 1395 Ecclesiae,
858 1330 1191 1386 castimoniae
1237 1331 1322 1387 vel
1350 1342 1549 1388 sancta:
1593 1334 1757 1390 conti-

166 1414 375 1466 nentia:
397 1414 603 1485 seipsos
630 1426 835 1486 aptant.

224 1500 267 1553 ’ς
304 1503 589 1583 Pessulum
617 1508 740 1564 ostii
787 1511 892 1565 mei
938 1512 1123 1582 aperui
1171 1512 1367 1571 dilecto
1394 1529 1548 1580 meo,
1585 1524 1640 1571 at
1667 1516 1756 1573 ille

165 1595 543 1654 declinaverat
572 1609 734 1670 atque
759 1604 1063 1660 transierat.
1103 1624 1123 1659 ι
1158 1604 1437 1662 Pessulum
1464 1609 1589 1664 ostii
1626 1624 1755 1681 ape-

164 1692 263 1755 rit,
292 1707 418 1747 cum
444 1693 681 1753 Ecclesia
718 1697 802 1751 vel
838 1696 1012 1754 ﬁdelis
1061 1714 1289 1772 quaeque
1317 1702 1497 1757 anima
1536 1718 1632 1759 cor
1662 1704 1757 1759 ad-

165 1783 416 1839 venienti
457 1784 736 1843 Conditori
776 1790 979 1861 pandit.
1009 1810 1026 1842 ι
1062 1791 1130 1847 At
1162 1792 1249 1848 il'e
1277 1793 1640 1851 declinaverat
1665 1804 1749 1850 at-

1860 599 2169 669 pervigilem
2192 603 2308 674 ejus
2335 620 2518 661 curam
2555 619 2795 680 agentes,
2824 628 2931 683 quo
2963 614 3108 671 illaut
3149 628 3207 673 et
3246 621 3316 678 ab
3343 599 3437 679 ad-

1859 691 2113 747 versariis
2137 700 2408 761 tueantur,
2438 706 2493 752 et
2516 700 2682 756 verbo
2718 718 2816 761 suo
2854 704 2937 761 vel
2964 709 3210 781 exemplo
3232 713 3299 768 ad
3324 729 3438 771 cas-

1859 778 2015 836 lestia
2050 783 2311 841 desideria
2341 789 2653 845 accendant.
2696 793 2978 852 inveniunt
3003 778 3139 871 ergo
3174 819 3428 875 sponsam

1859 869 2111 927 dilectum
2139 884 2496 944 quaerentem,
2525 895 2645 935 cum
2684 885 2859 939 sancti
2916 869 3165 947 doctores
3191 869 3427 951 animam

1859 960 2167 1019 cmlestibus
2188 966 2469 1023 desideriis
2494 969 2756 1027 intentam
2789 1013 2805 1039 ,
2849 975 2931 1031 vel
2970 992 3266 1049 pncsentes
3313 1002 3434 1043 vcr-

1856 1052 1964 1116 bo,
2019 1056 2104 1111 vel
2142 1058 2392 1116 absentes
2434 1060 2729 1134 Scripturis
2773 1068 2885 1125 suis
2931 1071 3217 1130 instituunt
3248 1086 3304 1134 et
3349 1079 3433 1135 in-

1858 1141 2111 1202 termant.
2168 1169 2187 1200 ς
2241 1148 2646 1220 Percusserunt,
2689 1157 2895 1228 inquit,
2927 1170 2982 1215 et
3010 1163 3436 1226 vulneraverunt

1857 1248 1963 1325 me.
2000 1254 2018 1286 ι
2055 1236 2289 1294 Verbum
2346 1240 2439 1297 Dei
2480 1244 2690 1315 gladius
2728 1256 2842 1314 est,
2874 1250 3085 1307 dicente
3137 1255 3430 1325 Apostolo:

1861 1342 1879 1374 ι
1916 1322 2083 1382 Vivus
2124 1337 2210 1385 est
2250 1345 2427 1387 sermo
2465 1334 2556 1389 Dei
2595 1344 2650 1391 et
2696 1336 2883 1394 eilicax
2909 1381 2923 1406 ,
2953 1351 3006 1396 et
3051 1322 3435 1413 penetrabilior

1855 1415 2002 1469 omni
2031 1416 2207 1488 gladio
2256 1421 2500 1490 ancipiti,
2530 1434 2585 1480 et
2612 1428 2923 1498 pertingens
2971 1448 3140 1503 usque
3179 1435 3248 1490 ad
3295 1438 3431 1493 divi-

1856 1505 2062 1561 sionem
2100 1509 2293 1565 animte
2314 1527 2379 1569 ac
2412 1514 2653 1585 spiritus.
2685 1536 2704 1568 ι
2733 1518 2844 1574 Hoc
2871 1520 3049 1591 gladio
3088 1534 3283 1594 sponsa
3308 1542 3427 1597 pera

1855 1596 2059 1652 cutitur
2097 1606 2153 1654 et
2206 1600 2536 1669 vulneratur,
2575 1609 2786 1678 quando
2833 1612 3207 1680 praedicatoris
3253 1596 3435 1675 sermo

163 1886 276 1943 que
296 1874 613 1930 transierat.
663 1897 682 1930 ι
737 1876 1062 1950 Plerumque
1115 1882 1256 1937 enim
1298 1899 1421 1939 cum
1449 1884 1747 1957 spiritualia
1776 1863 1824 1923 Β
1851 1863 1978 1921 "um
2009 1882 2188 1924 meum
2212 1872 2361 1926 mihi-
2396 1893 2415 1928 ν
2448 1875 2563 1932 Hoc
2594 1879 2692 1939 [hic
2721 1880 2939 1950 Paulum
2961 1924 2975 1948 ν
3006 1887 3148 1955 (Ιηοά
3183 1890 3433 1958 Superius

164 1977 398 2035 quaeque
424 1973 661 2023 tractare
684 1968 949 2035 volumus,
996 1978 1198 2041 quanto
1222 1973 1472 2030 subtilius
1516 1975 1750 2032 intendi-

163 2066 307 2118 mus,
346 2061 498 2109 tanto
532 2057 676 2112 acies
717 2059 896 2114 cordis
948 2062 1363 2118 reverberatur-
1396 2063 1549 2121 Unde
1599 2065 1750 2120 Salo-

163 2155 293 2198 mon
337 2142 511 2200 dicit:
547 2164 566 2196 ι
599 2146 740 2213 Dixi,
772 2149 985 2219 sapiens
1019 2149 1249 2217 elliciar,
1291 2161 1346 2208 et
1386 2152 1500 2225 ipsa
1542 2154 1750 2227 longius

164 2233 401 2288 recessit
430 2250 459 2287 a
499 2250 605 2290 me.
650 2255 670 2287 ι
718 2235 1003 2293 Psalmista
1040 2254 1252 2310 quoque
1279 2241 1451 2297 dicit:
1508 2261 1527 2294 ο
1580 2244 1751 2301 Acce-

164 2324 253 2377 det
277 2323 448 2380 homo
466 2327 534 2381 ad
555 2342 650 2382 eor
675 2328 863 2395 altum,
887 2339 941 2385 et
962 2331 1287 2387 exaltabitur
1306 2332 1464 2390 Deus.
1495 2356 1514 2389 ο
1538 2333 1750 2404 Quanto

164 2416 309 2470 enim
362 2418 592 2488 quisque
626 2420 797 2491 magis
836 2422 903 2476 ad
954 2423 1460 2495 contemplationem
1511 2428 1748 2485 divinam

164 2506 547 2575 puriﬁcatione
590 2511 770 2565 carnis
794 2523 892 2569 cor
916 2513 1193 2579 sustollit,
1222 2521 1374 2570 tanto
1409 2514 1571 2572 altius
1606 2520 1749 2590 quod

164 2596 443 2666 quaerebat
458 2614 577 2654 esse
606 2600 828 2658 invenit.
855 2601 994 2658 Dicit
1015 2618 1145 2674 ergo
1172 2622 1184 2657 :
1223 2624 1241 2656 ι
1274 2604 1368 2661 Ille
1386 2605 1753 2664 declinaverat

166 2696 333 2757 atque
360 2690 675 2757 transierat,
707 2711 727 2745 ι
758 2694 883 2763 quia
909 2709 1067 2751 nemo
1093 2711 1214 2751 eum
1256 2698 1307 2751 in
1346 2700 1597 2769 prmsenti
1640 2700 1749 2755 vita

166 2779 328 2834 sicuti
370 2789 457 2835 est
500 2783 961 2852 comprehendere
1004 2794 1201 2856 potest.
1239 2806 1259 2839 ι
1291 2786 1483 2851 Anima
1530 2806 1646 2846 mea
1682 2791 1749 2848 li-

165 2869 419 2937 quet‘aeta
450 2879 566 2938 est,
594 2882 656 2929 ut
681 2874 907 2932 dilectus
955 2875 1167 2934 locutus
1207 2888 1308 2934 est.
1348 2899 1367 2934 ι
1400 2880 1612 2948 Quanto
1646 2882 1752 2956 (iu-

166 2963 307 3036 quit)
355 2964 586 3022 vicinius
628 2969 915 3047 adventum
964 2973 1146 3042 sponsi
1218 2976 1322 3031 mei
1377 2980 1623 3047 persensi
1682 2981 1750 3037 ad

167 3064 373 3111 tactum
395 3068 621 3114 secreta!
656 3046 1049 3132 inspirationis,
1100 3073 1249 3121 tanto
1275 3046 1448 3141 magis
1492 3071 1749 3144 quidquid

168 3146 220 3202 in
252 3163 345 3204 me
375 3159 495 3204 erat
531 3150 803 3223 frigidum,
833 3154 1083 3223 incaluit,
1114 3158 1189 3213 ita
1213 3166 1268 3214 ut
1289 3160 1420 3216 nihil
1446 3161 1559 3233 jam
1584 3162 1748 3222 libeat

168 3238 270 3294 nisi
320 3239 377 3293 in
420 3239 685 3312 lacrymas
732 3245 948 3301 resolvi.
998 3246 1260 3318 Loquitur
1309 3251 1452 3306 enim
1494 3268 1743 3323 sponsus,

169 3342 289 3382 cum
322 3328 539 3385 interna
580 3336 661 3387 sui
697 3334 1048 3404 inspiratione
1095 3335 1293 3392 Christi
1344 3349 1587 3396 sanctam
1631 3344 1748 3399 ani-

66 3438 75 3447 ο
168 3434 310 3474 mam
359 3420 607 3493 inspirat,
653 3425 813 3496 eique
862 3427 1083 3485 cmleste
1133 3428 1455 3487 desiderium
1488 3437 1746 3508 suggerit,

168 3520 221 3566 et
256 3511 334 3567 ita
373 3528 440 3568 eo
475 3513 731 3584 loquente
780 3515 1017 3588 liquelit,
1048 3520 1172 3589 quia
1218 3536 1324 3591 quo
1370 3524 1538 3596 magis
1588 3527 1746 3583 coele-

169 3606 343 3661 stibus
366 3604 581 3662 aﬂiatur
604 3609 907 3676 desideriis,
935 3626 1001 3667 eo
1036 3613 1266 3682 amplius
1300 3616 1528 3671 terrenis
1549 3619 1747 3674 emori-

165 3707 275 3761 tur,
310 3706 364 3753 et
397 3701 551 3770 quasi
584 3701 911 3758 insensibilis
955 3704 1157 3759 mundo
1185 3703 1433 3774 eﬂicitur,
1465 3709 1747 3783 solumque

159 3787 377 3843 scelesti
408 3790 672 3854 desiderio
702 3792 854 3848 vivit.
886 3792 998 3850 Hoc
1031 3802 1115 3851 est
1139 3797 1280 3866 quod
1308 3800 1471 3854 etiam
1500 3818 1595 3872 per
1622 3821 1749 3876 pro-

157 3878 391 3945 phetam
436 3880 632 3936 dicitur
692 3900 707 3936 :
757 3883 889 3951 Quis
937 3899 1111 3940 caecus
1157 3887 1257 3942 nisi
1323 3904 1512 3946 servus
1560 3898 1747 3951 meus?

160 3966 313 4035 Quis
330 3970 541 4035 surdus,
564 3972 660 4027 nisi
682 3974 746 4028 ad
769 3988 927 4044 quem
949 3976 1167 4032 nuntios
1188 3992 1337 4033 meos
1366 3980 1525 4035 m'si?
1552 4000 1570 4031 ‹
1598 3982 1752 4052 Qum-

158 4061 297 4124 sivi,
328 4069 383 4116 et
408 4077 516 4117 non
545 4063 717 4123 inveni
750 4068 925 4125 illum.
968 4067 1166 4126 Vocavi
1190 4111 1205 4136 ,
1237 4080 1293 4129 et
1328 4088 1433 4130 non
1474 4080 1749 4148 reSpondit

158 4151 325 4207 mihi.
360 4172 382 4205 ι
413 4152 707 4225 lugeminat
736 4159 933 4215 iterum
970 4174 1190 4217 causam
1229 4163 1431 4221 doloris
1475 4171 1576 4223 sui.
1622 4170 1749 4226 Om-

154 4242 329 4299 nibus
376 4244 592 4315 quidem
638 4263 698 4305 se
743 4250 831 4320 pie
879 4252 1245 4320 quaerentibus
1292 4256 1443 4312 adest
1490 4257 1749 4317 Dominus

154 4347 401 4405 semper,
444 4350 505 4392 se
542 4338 919 4397 invocantibus
949 4342 1270 4413 respondet,
1322 4345 1373 4400 id
1406 4355 1489 4403 est
1516 4349 1582 4405 ad
1605 4350 1748 4405 satu-

154 4434 271 4481 tem
302 4428 543 4495 exaudit,
568 4430 661 4486 sed
691 4429 1007 4503 plerumque
1034 4430 1242 4489 fidelem
1267 4435 1499 4492 animam
1529 4454 1587 4495 se
1610 4439 1751 4495 desi-

156 4517 443 4573 derantem
466 4559 482 4584 ,
514 4528 569 4574 et
592 4520 660 4577 ad
690 4534 750 4576 se
792 4523 978 4578 venire
1018 4524 1323 4594 cupientem
1358 4542 1463 4583 non
1508 4531 1743 4598 exaudit,

154 4607 225 4662 ad
258 4609 369 4664 hoc
394 4617 457 4664 ut
482 4610 557 4664 ita
585 4624 644 4666 se
677 4611 726 4667 ei
765 4612 818 4667 in
854 4614 1108 4683 praesenti
1133 4616 1402 4682 ostendat,
1425 4619 1565 4675 sicut
1592 4636 1652 4678 se
1692 4622 1745 4677 in

156 4698 411 4755 futurum
453 4711 804 4757 ostensurum
850 4705 1149 4774 promittit,
1176 4706 1260 4762 vel
1304 4710 1465 4764 etiam
1508 4727 1614 4767 non
1664 4728 1748 4770 re-

153 4794 415 4863 spondet,
440 4794 495 4850 id
536 4802 624 4850 est
665 4811 777 4851 non
818 4798 1080 4866 exaudit,
1111 4800 1181 4855 ad
1217 4802 1322 4857 hoc
1369 4812 1427 4857 ut
1454 4803 1608 4861 libito
1649 4822 1747 4863 suo

154 4892 389 4936 sanctus
431 4883 665 4959 quisve
694 4886 923 4943 vinculis
959 4889 1204 4960 corporis
1244 4900 1488 4958 exuatur,
1520 4902 1577 4950 et
1613 4895 1749 4967 iiber

152 4974 506 5043 amplexibus
540 4977 723 5046 Sponsi
776 4979 856 5034 sui
909 4979 1293 5037 demulceatur.
1345 4983 1479 5039 Nam
1532 4990 1747 5058 quando

151 5066 459 5136 Apostolus
506 5068 772 5126 dicebat:
811 5091 830 5123 ι
860 5070 1031 5144 Cupio
1078 5073 1309 5135 dissolvi.
1350 5085 1408 5132 et
1459 5093 1580 5135 esse
1622 5096 1744 5138 cum

152 5157 412 5222 Christo,
448 5177 471 5212 ›
501 5161 658 5231 quasi
699 5163 976 5232 quaerebat
1018 5164 1285 5222 iuberere
1309 5181 1506 5238 sponso
1544 5186 1667 5238 suo,
1694 5181 1751 5229 et

151 5251 401 5307 vocabat
450 5250 602 5306 illum
628 5252 896 5309 desiderio
927 5254 1140 5321 mentis,
1170 5256 1264 5312 sed
1299 5264 1480 5314 tamen
1521 5275 1629 5317 non
1660 5277 1748 5318 re-

149 5340 473 5413 spondebat
494 5341 595 5407 illi,
616 5343 743 5414 quia
772 5358 877 5399 non
912 5345 1096 5401 statim
1123 5346 1190 5403 de
1219 5361 1445 5419 corpore
1467 5363 1591 5406 eum
1618 5350 1751 5407 libe-

154 5432 351 5500 nbat,
383 5432 480 5488 sed
523 5433 704 5490 adhuc
746 5433 1022 5493 laboribus
1062 5438 1328 5504 exerceri,
1356 5447 1410 5495 et
1436 5439 1752 5500 utilitatibus

152 5521 430 5579 Ecclesia:
462 5522 717 5579 insudare
737 5526 1104 5595 permittebat.

232 5632 254 5665 ‹
294 5609 633 5668 Invenerunt
659 5628 746 5670 me
783 5614 1036 5673 custodes
1062 5617 1153 5687 qui
1181 5618 1519 5676 circumeunt
1562 5624 1751 5679 civita-

153 5712 295 5768 tem,
322 5711 716 5772 percusserunt
748 5717 858 5770 me,
888 5714 944 5761 et
969 5708 1386 5765 vulneraverunt
1412 5728 1515 5767 me.
1557 5737 1576 5766 ι
1611 5715 1751 5787 Vigi-

152 5794 235 5851 les
265 5792 373 5865 qui
399 5794 717 5851 custodiunt
756 5795 1030 5851 civitatem
1055 5838 1070 5863 ,
1096 5799 1269 5855 sancti
1314 5811 1439 5857 sunt
1482 5805 1751 5872 doctores,

614 5886 887 5948 Panos.
933 5888 1158 5949 CXVII

1852 1958 2035 2047 tunica
2079 1958 2424 2033 intelligitur,
2469 1969 2561 2024 ubi
2610 1970 2807 2027 dicitur
2852 1990 2866 2027 :
2919 1992 2938 2027 r
2996 1974 3297 2047 Exspoliavi
3345 1997 3431 2037 me

1850 2046 2030 2102 tunica
2085 2062 2224 2117 mea,
2261 2072 2280 2105 ι
2319 2056 2552 2127 tegmine
2604 2059 2851 2116 videlicet
2903 2046 3238 2123 saecularium
3291 2069 3431 2125 desi-

1850 2134 2123 2233 deriorum
2148 2158 2163 2194 :
2193 2144 2337 2212 quod
2378 2149 2631 2204 custodes
2677 2150 2967 2218 auferunt,
2996 2157 3119 2227 quia
3169 2160 3430 2233 quidquid

1850 2224 1919 2283 de
1963 2242 2149 2287 amore
2177 2237 2459 2303 pmsentis
2511 2240 2691 2297 steculi
2736 2242 2787 2296 in
2835 2224 3028 2302 mente
3071 2248 3296 2321 alicujus
3343 2269 3429 2309 re-

1850 2319 2127 2385 manserit,
2159 2330 2326 2379 totum
2357 2328 2530 2383 sancti
2569 2330 2817 2389 doctores
2868 2336 3152 2405 auferunt,
3199 2319 3253 2396 et
3299 2357 3422 2397 eam

1849 2407 2187 2501 solummodo
2241 2431 2497 2488 sponsum
2525 2421 2798 2480 Christum
2829 2426 3048 2501 diligere
3085 2432 3311 2490 faciunt.
3358 2434 3424 2493 Hi

1851 2496 1988 2553 tales
2008 2513 2234 2570 possunt
2259 2506 2443 2563 dicere
2466 2524 2588 2565 cum
2623 2512 2877 2584 Apostolo
2903 2496 2983 2572 ε’(
3037 2518 3165 2577 Mihi
3195 2524 3427 2579 mundus

1850 2589 2139 2648 cruciﬁxus
2166 2603 2283 2663 est,
2311 2607 2367 2653 et
2409 2610 2508 2671 ego
2545 2606 2765 2659 mundo.
2812 2625 2833 2660 ι
2879 2626 2898 2659 r
2951 2609 3212 2669 Custodes
3243 2630 3426 2670 muro-

1850 2696 1990 2737 rum.
2029 2703 2051 2738 ι
2079 2684 2216 2743 Muri
2240 2689 2476 2749 civitatis
2504 2704 2631 2751 sunt
2656 2700 2830 2754 sancti
2876 2701 3122 2758 doctores
3148 2704 3423 2765 Ecclesiae.

1849 2772 2112 2834 Custodes
2151 2790 2332 2838 autem
2380 2800 2655 2843 murorum
2703 2791 2778 2847 illi
2822 2803 2948 2849 sunt
2992 2797 3081 2868 qui
3125 2800 3286 2855 etiam
3331 2816 3426 2858 eos

1849 2864 2142 2965 instruunt,
2171 2873 2271 2965 qui
2287 2874 2407 2932 aliis
2432 2892 2645 2950 quoque
2672 2884 2969 2951 praedicare
3003 2864 3261 2959 possunt,
3291 2909 3426 2965 qua-

1848 2954 1915 3011 lis
1968 2966 2087 3015 erat
2140 2960 2370 3032 Paulus,
2400 2969 2492 3037 qui
2549 2969 2930 3041 Timotheum,
2971 2954 3191 3047 Titum,
3240 2954 3428 3043 muros

1849 3045 2036 3117 utique
2093 3048 2253 3119 hujus
2300 3054 2559 3124 civitatis,
2592 3058 2893 3120 instruebat
2940 3073 3014 3120 et'
3056 3045 3422 3141 custodiebat,

1851 3134 1953 3235 hoc
1993 3145 2078 3194 est
2129 3140 2521 3203 exhortabatur
2566 3150 2635 3205 ad
2677 3150 3067 3221 perfectionem
3116 3158 3244 3216 boni
3290 3134 3423 3235 ope;

1770 3223 1947 3285 Cris.

1922 3335 1943 3370 α
1973 3318 2176 3392 Adiuro
2198 3338 2293 3381 vos
2310 3365 2327 3393 ,
2354 3326 2478 3386 tilias
2500 3329 2832 3390 Hierusalem
2857 3374 2873 3402 ,
2904 3335 2950 3392 si
2978 3337 3294 3400 inveneritis
3338 3342 3423 3401 di-

1847 3408 2043 3468 lectum
2072 3430 2273 3485 meum,
2297 3428 2359 3476 ut
2387 3425 2647 3481 nuntietis
2668 3426 2718 3482 ei
2752 3429 2875 3498 quia
2900 3445 3085 3487 amore
3106 3432 3354 3506 langueo.
3398 3457 3419 3490 ι

1847 3499 1997 3594 Filia:
2031 3504 2369 3566 Hierusalem
2395 3525 2522 3569 sunt
2545 3516 2740 3572 animae
2777 3518 2991 3587 ﬁdeles,
3034 3539 3153 3594 quae
3199 3499 3285 3583 vel
3333 3528 3425 3584 ad-

1848 3593 1954 3649 huc
1967 3594 2020 3650 in
2036 3601 2284 3666 praesenti
2302 3605 2820 3676 peregrinantur,vel
2834 3610 2996 3666 etiam
3009 3593 3225 3670 Christo
3239 3616 3427 3674 fruun-

1850 3691 1954 3771 tur.
2000 3682 2151 3740 Filias
2188 3687 2520 3748 Hierusalem
2544 3734 2561 3761 ,
2594 3694 2647 3750 id
2688 3706 2773 3753 est
2811 3698 2934 3754 lilite
2985 3700 3130 3760 illius
3177 3721 3424 3779 superna:

1847 3764 2082 3831 civitatis
2108 3776 2162 3832 in
2187 3794 2291 3849 qua
2335 3790 2419 3837 est
2449 3800 2658 3841 summa
2706 3804 2812 3859 pax
2860 3799 2915 3846 et
2959 3792 3185 3852 felicitas
3234 3764 3427 3855 divinae

1847 3864 2334 3936 contemplationis.
2363 3871 2469 3928 Sed
2494 3875 2597 3931 boe
2618 3876 2736 3933 loco
2756 3877 2893 3934 tilias
2925 3878 3262 3941 Hierusalem
3311 3891 3428 3943 ani-

1850 3970 1968 4045 mas
1992 3957 2250 4016 debemus
2284 3965 2533 4035 accipere
2563 3968 2729 4025 Deum
2766 3966 3132 4032 desiderantes
3157 4018 3171 4045 ,
3204 3982 3301 4036 sed
3333 3983 3428 4037 ad-

1848 4044 2039 4101 hnein
2067 4049 2172 4104 hac
2205 4054 2639 4125 peregrinatione
2684 4070 2981 4119 versantes.
3027 4064 3427 4143 Adjurat'ergo

1849 4150 2043 4205 sponsa
2092 4139 2232 4197 tilias
2286 4143 2640 4213 Hierusalem,
2664 4159 2725 4205 ut
2764 4150 3013 4210 nuntient
3062 4170 3257 4229 sponso
3300 4139 3426 4233 quia

1850 4244 2037 4287 arnore
2059 4231 2300 4306 languet,
2339 4252 2463 4294 cum
2493 4241 2670 4301 anima
2702 4242 2872 4301 fidelis
2893 4246 3077 4306 ﬁdeles
3097 4251 3230 4309 alios
3256 4231 3422 4311 Deum

1849 4323 2220 4383 desiderantes
2265 4330 2494 4403 adjurat,
2544 4344 2605 4390 ut
2650 4336 2869 4394 Christo
2920 4340 3216 4411 insinuent,
3267 4347 3427 4419 eique

1851 4416 2102 4474 mtient
2151 4435 2251 4476 suo
2299 4422 2441 4480 illam
2495 4438 2680 4483 amore
2731 4430 2921 4486 teneri.
2964 4431 3109 4489 Bene
3157 4416 3427 4496 autemse

1851 4522 2035 4599 ampre
2058 4510 2316 4585 languere
2336 4516 2468 4572 dicit
2503 4536 2517 4570 τ
2548 4526 2752 4590 quanto
2784 4522 2925 4576 enim
2978 4525 3151 4599 magis
3195 4542 3426 4599 superna

1849 4588 2158 4660 desiderare
2208 4609 2453 4678 coeperit,
2481 4588 2632 4667 tanto
2658 4628 2784 4685 erga
2810 4630 2872 4671 ea
2896 4632 3015 4687 quae
3042 4598 3227 4677 mundi
3273 4636 3423 4693 sunt,

1848 4691 2164 4763 languescit.
2198 4697 2312 4755 Nec
2352 4701 2549 4756 mirum
2579 4703 2622 4757 si
2674 4704 2807 4761 tales
2849 4706 3102 4777 languere
3149 4691 3426 4781 dicuntur,

1846 4796 1970 4838 cum
2010 4786 2298 4857 Apostblus
2352 4804 2444 4846 eos
2496 4800 2739 4850 mortuos
2780 4796 2971 4852 dicat:
3014 4817 3033 4849 ι
3080 4799 3273 4857 Mortui
3324 4803 3429 4875 (in-

1846 4873 2058 4946 quiens)
2079 4877 2230 4941 estis,
2255 4887 2312 4933 et
2340 4880 2447 4934 vita
2473 4890 2654 4937 vestra
2675 4884 2989 4942 abscondita
3014 4897 3097 4944 est
3125 4904 3248 4945 cum
3273 4873 3430 4947 Cbri-

1848 4973 1951 5018 sto.
2014 4985 2031 5017 ι
2083 4967 2161 5020 Ita
2211 4980 2339 5041 ergo
2372 4970 2643 5042 adjurauti
2679 4989 2890 5059 sponsae
2934 4984 3261 5050 respondent
3304 4980 3427 5036 tiliae

1852 5053 2207 5113 Hierusalem.

1928 5174 1949 5208 ε
1987 5156 2170 5226 Qualis
2194 5168 2277 5215 est
2327 5161 2556 5221 dilectus
2603 5174 2726 5222 tuus
2767 5183 2833 5223 ex
2876 5168 3089 5237 dilecto,
3119 5185 3152 5225 ο
3181 5170 3429 5242 pulcher—

1853 5249 1989 5304 rima
2032 5251 2353 5309 mulierum?
2375 5256 2550 5327 qualis
2571 5267 2654 5314 est
2681 5259 2907 5316 dilectus
2952 5269 3075 5318 tuus
3104 5278 3169 5318 ex
3202 5262 3425 5330 dilecto.

1853 5340 1978 5411 quia
2018 5342 2096 5398 sic
2133 5342 2393 5414 adjurasti
2438 5350 2573 5404 nos?
2604 5369 2623 5404 ι
2658 5349 2773 5408 Hoc
2803 5361 2928 5410 tunc
2956 5353 3015 5409 iit
3059 5355 3272 5425 quando
3306 5356 3430 5428 quis

1854 5430 2026 5488 ﬁdelis
2063 5431 2288 5492 fratrem
2339 5436 2551 5495 ﬁdelem
2598 5442 2920 5515 alloquitur,
2948 5453 3004 5501 et
3045 5445 3273 5503 invicem
3325 5448 3430 5504 sibi

1852 5521 2151 5579 calestium
2180 5524 2571 5585 desideriorum
2593 5530 2756 5588 verba
2784 5541 3108 5606 suggerunt,
3131 5535 3329 5607 quibus
3369 5552 3431 5597 se

1853 5614 1920 5669 ad
1949 5630 2305 5686 supernorum
2327 5632 2566 5675 amorem
2594 5624 2912 5679 accendunt.
2943 5623 3124 5682 Indica
3160 5626 3316 5694 mihi,
3349 5627 3432 5691 in-

1853 5706 1990 5775 quit,
2021 5705 2135 5775 jam
2166 5707 2495 5766 desideranti
2518 5752 2533 5778 ,
2571 5710 2684 5781 jam
2720 5715 2786 5769 ad
2829 5715 3093 5773 visionem
3122 5716 3433 5776 Conditoris

1855 5801 1958 5856 mei
1983 5802 2267 5872 pervenire
2283 5786 2551 5874 cupienti,
2583 5806 2758 5875 qualis
2787 5816 2868 5864 est
2896 5807 3125 5865 dilectus
3154 5821 3299 5880 tuus,
3329 5811 3432 5869 hoc

2962 5904 3031 5964 11
