3950 6444
455 446 553 502 531

951 432 1305 493 HAYMONIS
1340 426 1818 488 HALBERSTAT.
1862 426 2073 481 EPlSC.
2115 424 2263 478 OPP.
2307 422 2487 478 PARS
2526 422 2567 477 l.
2609 452 2678 464 —
2719 416 3078 475 COMMENT.
3118 416 3290 474 BlBL.

3640 415 3753 470 33!

456 575 544 624 est
605 562 838 636 qualiter
884 540 1134 635 Christus
1188 555 1362 611 amari
1412 552 1627 609 debeat.
1670 548 1788 606 Jam
1819 548 2041 613 dudum,
2071 553 2123 610 Α
2148 544 2309 636 elatis
2353 544 2658 636 palmarum
2684 546 3087 636 comparantur,
3118 537 3247 609 quia
3285 534 3526 636 ﬁdelium
3556 533 3755 636 multi-

460 657 656 728 inquit,
683 653 831 709 illum
854 650 1044 705 timere
1066 648 1227 718 cmpi,
1253 648 1346 703 sed
1363 646 1478 716 jam
1504 644 1769 701 charitatc
1793 643 2043 697 timorem

458 748 792 820 expellente,
829 752 957 814 opto
1000 742 1201 797 audire
1233 742 1396 796 verba
1445 741 1641 811 quibus
1686 737 1755 793 ad
1806 751 2044 792 amorem

2148 635 2362 690 tudincs
2392 643 2447 690 et
2473 634 2655 689 virore
2684 633 2809 688 ﬁdei
2857 632 3125 705 gaudent,
3162 639 3219 683 et
3246 628 3313 682 ad
3344 638 3548 683 mterna
3604 626 3756 683 desi-

2148 728 2387 784 deranda
2437 728 2808 792 extolluntur,
2867 734 3028 796 atque
3092 721 3432 777 dulcedinem
3493 734 3758 789 superna:

460 817 603 901 illius
631 839 919 897 acccndar.
953 836 1033 892 Tu
1060 851 1191 905 ergo
1224 851 1343 907 quae
1367 834 1515 889 illum
1541 834 1651 906 jam
1683 847 1869 887 amore
1892 846 2044 902 quae-
2147 827 2435 883 suavitatis
2463 827 2771 898 degustant,
2792 839 2957 895 quam
2979 827 3184 892 quanto
3213 819 3387 889 magis
3411 817 3757 888 percipiunt,

460 936 556 1001 ris,
587 934 815 1004 ejusque
841 944 1028 985 amore
1068 929 1318 999 langues,
1346 928 1434 983 dic
1471 927 1601 982 mihi
1634 924 1809 997 qualis
1838 930 1922 978 est
1967 922 2048 977 di-

458 1026 629 1081 lectus
654 1032 780 1077 tuus
813 1037 880 1076 ex
908 1021 1125 1075 dilecto.
1156 1019 1396 1078 Dilectus
1418 1035 1486 1072 ex
1509 1017 1726 1082 dilecto,
1753 1014 1925 1069 Filius
1964 1023 2049 1069 est

457 1136 525 1175 ex
560 1119 745 1183 Patre,
773 1117 913 1173 sicut
935 1125 1019 1171 est
1067 1117 1209 1171 Deus
1249 1114 1313 1170 de
1339 1115 1472 1187 Deo,
1504 1112 1696 1167 “lumen
1725 1111 1788 1166 dc
1823 1109 2045 1165 lumine.

460 1212 557 1267 Vel
581 1210 747 1265 etiam
782 1227 800 1259 ι
838 1208 1069 1263 dilectus
1097 1215 1220 1261 tuus
1248 1222 1315 1261 ex
1360 1205 1579 1267 dilecto,
1628 1222 1646 1254 ι
1685 1202 1934 1257 Christus
1964 1208 2051 1255 cst

458 1320 525 1358 ex
556 1317 621 1357 ea
667 1309 841 1372 parte,
873 1316 977 1369 qua
1008 1299 1308 1370 diligendus
1349 1306 1431 1352 est
1453 1338 1467 1361 ,
1498 1312 1604 1350 non
1632 1312 1696 1350 ex
1730 1310 1794 1349 ea
1824 1309 1930 1363 qua
1979 1292 2050 1348 ti-

460 1394 709 1451 mendus.
740 1393 875 1447 Nam
906 1393 1098 1447 timere
1122 1391 1292 1461 magis
1316 1388 1754 1462 impcrfectorum
1778 1393 1884 1450 est,
1916 1400 2052 1455 quos

463 1490 627 1544 timor
677 1502 707 1541 a
758 1486 999 1558 peccatis
1048 1494 1309 1549 revocat,
1363 1498 1549 1538 amare
1602 1497 1734 1536 vero
1766 1477 2054 1548 ,pcriecto-

466 1597 611 1638 rum.
666 1578 787 1636 1am
834 1593 965 1648 ergo
1010 1578 1309 1648 interrogat
1363 1576 1539 1646 qualis
1589 1574 1664 1629 sit
1715 1572 1945 1627 dilectus
1985 1585 2053 1627 cx

466 1671 682 1736 dilecto,
717 1668 771 1725 id
804 1677 888 1724 est
925 1666 1157 1738 qualiter
1198 1664 1447 1721 Christus
1496 1664 1667 1719 amari
1700 1663 1913 1728 debeat,
1967 1661 2055 1718 vel

465 1766 639 1836 qualis
665 1764 735 1820 sit
775 1778 903 1835 erga
942 1761 1065 1818 illos
1101 1760 1192 1831 qui
1233 1759 1382 1815 illum
1422 1765 1629 1813 tantum
1666 1771 1852 1813 amare
1886 1771 2052 1813 nove-

468 1866 614 1912 runt.

2150 928 2302 974 tanto
2330 918 2503 991 magis
2533 918 2588 972 in
2614 916 2785 973 oculis
2811 916 2922 971 suis
2948 923 3267 983 peccatores
3294 909 3397 965 sibi
3425 919 3482 964 et
3502 919 3761 966 contem-

2151 1009 2366 1079 ptibiles
2389 1022 2511 1063 esse
2533 1007 2800 1071 videntur.
2835 1002 2987 1059 Unde
3009 1001 3253 1072 sequitur
3278 1020 3291 1055 :
3327 1018 3346 1051 ι
3383 998 3562 1070 Nigra:
3593 999 3759 1068 quasi

2151 1116 2367 1155 corvus.
2407 1120 2426 1151 ι
2466 1098 2646 1155 Coma:
2675 1096 2818 1151 enim
2848 1095 3031 1167 sponsi
3061 1094 3229 1166 nigra:
3268 1100 3398 1148 sunt
3426 1092 3583 1161 quasi
3618 1105 3758 1146 cor-

2152 1213 2272 1263 vus,
2297 1195 2425 1265 quia
2462 1193 2699 1249 ﬁdelium
2728 1191 3101 1247 multitudines
3140 1206 3253 1246 sua:
3298 1188 3625 1262 fragilitatis
3651 1189 3761 1245 sibi

2153 1288 2386 1344 conscia:
2436 1294 2584 1351 sunt,
2616 1294 2671 1341 et
2701 1284 2834 1340 nihil
2867 1299 2925 1339 se
2952 1282 3081 1339 boni
3132 1298 3201 1337 ex
3240 1296 3300 1336 se
3326 1280 3532 1337 habere
3582 1295 3759 1336 nove-

2155 1386 2302 1433 runt.
2336 1374 2434 1432 Vcl
2477 1376 2642 1431 etiam
2702 1392 2722 1426 ι
2761 1373 2913 1429 elatae
2939 1372 3242 1444 palmarum
3272 1390 3293 1423 ι
3327 1380 3456 1427 sunt
3478 1372 3535 1426 in
3577 1381 3761 1443 speet

2153 1466 2382 1522 victoria
2414 1483 2428 1520 :
2467 1484 2486 1516 ι
2523 1465 2690 1536 nigra:
2718 1479 2849 1518 vero
2875 1464 3030 1533 quasi
3057 1478 3288 1528 corvus,
3320 1481 3339 1513 ι
3372 1461 3529 1532 quasi
3554 1461 3762 1532 despe-

2156 1558 2228 1613 cti
2268 1567 2324 1612 et
2364 1555 2800 1627 contemptibiles
2844 1562 2970 1609 sunt
3012 1554 3280 1625 pressuris
3332 1554 3497 1625 hujus
3543 1553 3758 1609 saeculi.

2154 1649 2324 1706 Elataz
2354 1649 2659 1721 palmarum
2701 1656 2829 1703 sunt
2851 1648 3046 1713 sancti,
3078 1648 3206 1717 quia
3235 1661 3331 1717 per
3375 1647 3616 1715 gratiam
3664 1647 3763 1703 Dei

2156 1743 2224 1805 ad
2271 1741 2508 1797 cmlestis
2552 1741 2797 1798 victoria:
2841 1741 3078 1811 palmam
3118 1742 3393 1807 tendunt;
3425 1742 3600 1813 nigra:
3630 1756 3763 1797 vero

2154 1833 2313 1904 quasi
2357 1849 2574 1899 corvus,
2623 1833 2751 1903 quia
2789 1848 2889 1904 per
2926 1849 2986 1890 se
3036 1833 3282 1890 inﬁrmos
3329 1844 3386 1891 et
3435 1842 3765 1905 peccatores

540 1965 559 1998 ι
595 1945 832 2002 Dilectus
860 1959 1015 2001 meus
1053 1942 1316 1998 candidus
1358 1916 1413 1994 et
1446 1937 1817 2003 rubicundus,
1845 1936 2054 1992 electus
2084 1940 2128 2000 Β
2156 1940 2215 1981 50
2263 1939 2384 1979 0556
2442 1934 2799 1995 cosnoscum-
2851 1924 3082 1979 Ροδευηι
3133 1925 3298 1980 ﬁliam
3344 1939 3519 1981 οοηιθθ
3572 1925 3764 1995 ευοηεί

466 2055 533 2094 ex
562 2039 819 2094 millibus.
876 2058 893 2089 ι
951 2038 1070 2092 Vox
1109 2032 1488 2104 respondentis
1516 2032 1811 2087 Ecclesiae:
1847 2049 1866 2082 ι
1909 2030 2054 2086 Dile-

469 2138 590 2185 ctus
627 2144 781 2186 meus
810 2126 1073 2184 candidus
1098 2134 1152 2182 et
1172 2124 1549 2181 rubicundus:
1586 2143 1603 2175 ι
1646 2122 1911 2179 candidus
1949 2122 2059 2176 vir-

468 2220 716 2290 ginitate,
749 2219 1083 2277 rubicundus
1110 2217 1382 2290 passione.
1426 2215 1731 2282 Candidus,
1766 2216 1894 2286 quia
1941 2215 2062 2272 sine

471 2320 731 2379 peccato;
772 2327 898 2367 nam
930 2311 1046 2367 sine
1081 2318 1303 2381 peccato
1325 2318 1411 2365 est
1454 2314 1845 2365 conversatus:
1877 2325 1896 2358 ι
1930 2322 2059 2379 pec-

468 2410 647 2458 eatum
689 2403 834 2460 enim
879 2417 988 2457 non
1029 2399 1193 2465 fecit,
1256 2416 1356 2458 nec
1404 2401 1657 2463 inventus
1700 2408 1785 2456 est
1825 2399 1979 2456 dolus
2004 2399 2059 2454 in

470 2508 566 2549 ore
601 2492 735 2563 ejus.
776 2513 794 2545 ι
833 2512 851 2545 ι
888 2492 1273 2559 Rubicundus,
1310 2510 1330 2546 ›
1369 2492 1494 2562 quia
1527 2511 1546 2543 ι
1580 2490 1711 2545 lavit
1750 2506 1850 2546 nos
1877 2504 1908 2544 a
1933 2503 2063 2558 pce-

471 2584 611 2640 catis
659 2584 860 2639 nostris
912 2584 968 2639 in
1028 2583 1289 2655 sanguine
1320 2597 1440 2639 suo.
1487 2600 1507 2632 ι
1552 2581 1771 2637 Electus
1794 2595 1863 2636 ex
1900 2579 2064 2634 milli-

473 2676 594 2731 bus.
635 2693 653 2728 ι
699 2674 972 2747 Singulari
1003 2675 1150 2731 enim
1181 2673 1357 2745 gratia
1400 2673 1563 2728 homo
1587 2672 1844 2752 Christus
1866 2671 1921 2726 in
1950 2686 2065 2726 ont-

472 2767 529 2822 ni
558 2766 777 2821 humani
829 2767 1047 2839 generis
1098 2782 1278 2822 massa
1331 2765 1564 2832 refulsit,
1604 2766 1733 2835 quia
1776 2779 1876 2836 per
1911 2763 2064 2819 illum

473 2862 752 2930 proposuit
796 2858 941 2914 Deus
988 2858 1201 2915 salvare
1249 2873 1418 2931 genus
1464 2859 1797 2923 humanum,
1846 2864 1904 2912 et
1948 2856 2066 2927 ipse

474 2960 561 3006 est
617 2949 884 3004 mediator
916 2949 1011 3005 Dei
1056 2957 1113 3005 et
1160 2949 1441 3006 hominum
1480 2945 1638 3005 Jesus
1680 2946 1958 3013 Christus;
1998 2947 2066 3003 de

474 3058 583 3115 quo
621 3042 941 3099 Psalmista:
983 3061 1002 3095 ι
1041 3041 1161 3098 Νοη
1209 3052 1293 3098 est
1343 3042 1437 3114 qui
1478 3041 1644 3099 faciat
1691 3042 1926 3105 bonum,
1954 3056 2063 3095 non

475 3143 559 3191 cst
587 3149 756 3205 usque
775 3136 842 3190 ad
868 3150 1054 3189 unum.
1091 3153 1110 3186 ι
1139 3133 1202 3188 Et
1234 3133 1489 3190 Salomon
1516 3151 1530 3188 :
1564 3152 1583 3186 ι
1615 3131 1801 3188 Virum
1827 3133 1895 3188 de
1922 3131 2067 3187 mille

478 3242 645 3284 unum
672 3227 870 3297 reperi,
916 3246 934 3279 ι
978 3227 1032 3282 id
1059 3235 1143 3284 est
1166 3226 1461 3293 Christum,
1494 3237 1548 3281 et
1582 3227 1695 3297 ipse
1726 3226 1782 3281 in
1806 3224 2017 3296 psalmo
2047 3239 2064 3279 :

2160 2015 2418 2086 angelica:
2454 2016 2684 2071 virtutes
2724 2016 2928 2086 accipi,
2958 2032 3077 2086 qu:e
3101 2016 3213 2071 Deo
3254 2016 3567 2087 specialiter
3593 2017 3765 2072 iubar

2161 2119 2300 2174 rent,
2332 2108 2472 2164 sicut
2516 2122 2685 2163 comae
2731 2107 2916 2176 capiti,
2944 2097 3175 2177 eumque
3224 2122 3259 2162 a
3292 2107 3475 2164 vicino
3522 2115 3767 2164 conteru-

2159 2200 2398 2271 plantur.
2452 2198 2583 2266 Quae
2633 2198 2771 2253 bene
2820 2198 2975 2253 elatis
3023 2207 3432 2269 comparantur,
3462 2200 3593 2270 quia
3633 2214 3769 2256 anno

2163 2306 2323 2360 quam
2361 2305 2393 2344 a
2437 2297 2614 2344 status
2661 2289 2745 2344 sui
2797 2289 3122 2345 rectitudine
3171 2289 3524 2358 inclinantur,
3564 2292 3670 2348 sed
3708 2292 3765 2349 in

2163 2380 2425 2451 dignitate
2481 2377 2640 2434 olﬁcii
2691 2379 2776 2434 sui
2830 2371 3174 2436 immaculate
3224 2392 3582 2451 permanent,
3642 2398 3764 2453 qua

2164 2482 2370 2544 quanto
2414 2474 2589 2542 magis
2624 2473 2928 2530 claritatem
2954 2476 3037 2530 sui
3067 2475 3364 2533 conditoris
3388 2478 3767 2548 contemplan-

2166 2575 2273 2634 tur,
2299 2582 2366 2623 eo
2393 2567 2625 2636 amplius
2644 2583 2809 2637 quam
2837 2569 2969 2623 utile
2989 2569 3061 2624 sit
3081 2584 3242 2625 omne
3263 2578 3509 2627 creatum
3528 2609 3545 2635 ,
3571 2571 3633 2626 in
3650 2573 3766 2641 ejus

2162 2658 2569 2729 comparatione
2606 2659 2976 2731 aspiciunt,ct
3014 2661 3136 2717 ideo
3164 2662 3335 2733 nigrae
3373 2664 3537 2732 quasi
3567 2679 3766 2721 conus

2160 2766 2285 2808 esse
2306 2752 2581 2807 dicuntur.

2243 2861 2263 2896 ο
2308 2842 2459 2900 Oculi
2488 2845 2607 2916 ejus
2631 2844 2774 2899 sicut
2813 2843 3076 2901 columba
3130 2860 3296 2916 super
3345 2845 3555 2903 rivulos
3594 2860 3767 2922 aqua-

2167 2952 2306 3002 rum,
2336 2951 2455 3007 quae
2480 2934 2619 2992 lacte
2646 2944 2773 2990 sunt
2796 2935 2938 2991 lotae.
2969 2955 2989 2987 ι
3015 2935 3168 2993 Oculi
3188 2935 3306 3005 ejus
3320 2937 3462 2993 dona
3489 2946 3621 2993 sunt
3642 2937 3767 3008 Spi-

2167 3030 2305 3086 ritus
2341 3029 2536 3085 sancti.
2581 3028 2737 3095 Quod
2770 3029 3006 3084 ostendit
3031 3026 3271 3084 Joannes
3306 3028 3362 3084 in
3409 3028 3765 3100 Apocalypsi,

2168 3122 2355 3177 dicens
2387 3138 2399 3174 :
2432 3138 2451 3170 ι
2494 3120 2613 3174 Vidi
2640 3135 2840 3191 agnum
2873 3130 3129 3190 tanquam
3157 3120 3399 3176 occisum
3421 3161 3437 3186 ,
3469 3122 3765 3191 habentem

2167 3228 2373 3269 cornua
2419 3221 2625 3282 septem
2672 3221 2730 3267 et
2767 3211 2953 3269 oculos
2981 3222 3222 3283 septem,
3253 3213 3345 3283 qui
3385 3221 3516 3270 sunt
3555 3224 3766 3286 septem

483 3337 503 3371 .
549 3318 912 3389 δίηευιωνίιριι
951 3334 1072 3373 sum
1104 3333 1206 3390 ego
1250 3319 1421 3375 donec
1453 3326 1754 3372 transeam,
1809 3337 1830 3369 ι
1868 3335 1888 3368 ε
1938 3315 2061 3371 Ειθ-
2091 3311 2137 3373 C
2169 3306 2393 3376 spiritus
2431 3305 2526 3360 Dei
2566 3305 2719 3361 missi
2772 3306 2826 3360 in
2876 3320 3097 3361 omnem
3154 3315 3378 3361 terram.
3433 3325 3454 3359 ι
3509 3305 3670 3363 Unde
3710 3317 3767 3363 et

451 3419 599 3465 -ctus
621 3423 750 3479 ergo
771 3424 834 3463 ex
866 3407 1137 3473 millibus,
1174 3427 1192 3459 ι
1250 3408 1377 3476 quia
1424 3421 1491 3461 cx
1528 3406 1674 3461 omni
1719 3405 2065 3461 multitudine

476 3505 790 3552 sanctorum
821 3495 966 3551 solus
999 3496 1193 3563 dignus
1230 3494 1330 3549 fuit
1359 3495 1546 3550 audire
1577 3513 1590 3549 :
1628 3514 1645 3545 ι
1682 3493 1782 3550 llic
1814 3503 1898 3551 est
1926 3495 2068 3552 lilius

484 3604 645 3644 meus
679 3588 924 3651 dilectus,
965 3588 1019 3642 in
1051 3602 1161 3658 quo
1185 3588 1317 3642 mibi
1345 3587 1668 3658 complacui.
1701 3608 1720 3639 ι

560 3695 580 3728 ‹
621 3675 798 3746 Caput
844 3676 960 3747 ejus
1016 3689 1208 3731 aurum
1257 3677 1542 3745 optimum.
1606 3695 1624 3728 ι
1665 3675 1839 3746 Caput
1884 3676 2070 3745 sponsi

484 3766 628 3821 Deus
653 3773 756 3828 est,
781 3764 937 3834 juxta
964 3765 1106 3836 quod
1129 3766 1419 3836 Apostolus
1450 3764 1603 3831 dicit,
1643 3785 1661 3817 ι
1699 3764 1872 3835 Caput
1909 3765 2071 3820 Chri-

487 3856 558 3912 sti
589 3858 755 3923 Deus,
792 3876 812 3910 ι
845 3858 989 3928 quod
1014 3872 1147 3913 auro
1176 3858 1380 3927 optimo
1411 3867 1778 3927 comparatur,
1811 3856 1937 3925 quia
1966 3856 2074 3911 sic-

490 3959 549 4005 ut
577 3967 769 4007 aurum
808 3951 1060 4007 omnibus
1097 3950 1331 4007 metallis
1354 3950 1643 4022 pretiosius
1669 3958 1782 4016 est,
1829 3949 1902 4005 ita
1934 3948 2076 4005 Deus

470 4044 833 4117 omnipotens
860 4061 891 4099 a
929 4059 989 4101 se
1017 4044 1177 4100 l'actis
1202 4044 1358 4100 bonis
1405 4043 1664 4114 praecellit
1697 4051 1753 4100 et
1780 4043 2077 4113 superemi-

486 4152 597 4199 net.
630 4140 780 4199 Unde
805 4140 1108 4197 Dominus:
1138 4159 1157 4192 ι
1187 4139 1360 4196 Nemo
1389 4139 1562 4194 bonus
1584 4138 1687 4194 nisi
1710 4137 1856 4194 solus
1878 4137 2072 4193 Deus.»

470 4215 663 4305 Caput
711 4245 841 4301 ergo
887 4232 1071 4301 sponsi
1122 4246 1312 4286 aurum
1358 4230 1623 4300 optimum
1664 4237 1770 4297 est,
1799 4230 1927 4299 quia
1979 4229 2107 4286 Dei.

487 4322 707 4377 bonitas
761 4328 845 4375 est
874 4320 1197 4385 ineﬂ'abilis,
1249 4321 1495 4376 omnium
1547 4335 1731 4375 rerum
1778 4319 2078 4376 bonitatem

491 4410 902 4475 transcendens,
938 4411 1066 4481 quia
1094 4410 1227 4465 nihil
1254 4411 1477 4475 bonum,
1521 4411 1626 4465 nisi
1664 4410 2081 4481 participatione

493 4502 654 4573 hujus
683 4501 878 4557 summi
907 4502 1054 4557 boni.
1088 4521 1105 4554 ι
1138 4500 1320 4557 Coma:
1344 4502 1461 4572 ejus
1499 4502 1641 4558 sicut
1686 4502 1843 4558 elata:
1879 4502 2083 4572 palma—

492 4608 636 4646 rum.
671 4611 690 4643 ι
724 4591 904 4647 Comae
932 4593 1113 4662 sponsi
1140 4602 1265 4649 sunt
1286 4594 1655 4651 multitudines
1684 4593 1921 4649 ﬁdelium
1948 4636 1963 4660 ,
1986 4609 2084 4665 per

2167 3398 2305 3454 bene
2333 3397 2597 3453 columbis
2619 3412 2782 3469 super
2810 3397 3012 3453 rivulos
3039 3413 3303 3468 aquautm
3350 3407 3765 3469 comparantur,

2169 3488 2295 3558 quia
2333 3486 2573 3557 Spiritus
2602 3496 2826 3542 sanctus
2853 3488 3003 3557 puris
3024 3495 3079 3542 et
3105 3488 3336 3544 sinceris
3368 3489 3645 3546 mentibus
3670 3490 3767 3547 de-

2171 3578 2420 3634 lectatur.
2459 3576 2577 3633 Non
2606 3578 2750 3634 enim
2791 3593 2955 3648 super
3011 3586 3203 3650 stagna
3259 3577 3344 3633 vel
3390 3580 3642 3650 paludes,
3672 3583 3766 3637 sed

2171 3686 2333 3741 super
2363 3670 2568 3726 rivulos
2607 3686 2868 3740 aquarum
2898 3670 3160 3726 columba:
3204 3670 3474 3737 resident,
3501 3674 3633 3743 quia
3689 3674 3768 3746 (ut

2172 3762 2374 3817 dictum
2402 3764 2505 3833 est)
2537 3761 2769 3833 Spiritus
2796 3748 3021 3817 sanctus
3046 3771 3225 3819 castas
3261 3771 3318 3817 et
3346 3764 3580 3818 mundus
3616 3779 3767 3822 meu-

2174 3862 2257 3915 tes
2287 3855 2389 3910 sibi
2420 3854 2788 3911 habitaculum
2820 3853 2970 3910 facit.
3014 3872 3034 3905 ‹
3071 3854 3203 3922 Quae
3249 3855 3392 3911 lacte
3411 3867 3542 3912 sunt
3566 3857 3714 3924 tota,
3740 3878 3759 3912 ι

2173 3944 2298 4015 quia
2323 3944 2627 4015 (utdictum
2669 3944 2771 4014 est)
2801 3944 3038 4019 Spiritus
3088 3954 3308 4002 sanctus
3338 3947 3497 4003 lactis
3523 3951 3763 4015 nomine,

2176 4039 2229 4093 id
2258 4048 2341 4095 est
2369 4038 2469 4097 Dei
2500 4039 2673 4110 gratia
2698 4038 3033 4109 intelligitur,
3056 4055 3177 4110 quas
3201 4056 3299 4111 per
3332 4040 3601 4111 Spiritum
3647 4060 3765 4099 saa-

2177 4144 2324 4191 ctum
2355 4134 2612 4192 Ecclesia:
2638 4134 2916 4201 tribuitur,
2938 4144 2995 4191 et
3021 4150 3128 4206 qua
3164 4136 3334 4192 veluti
3365 4136 3507 4193 lacte
3534 4137 3765 4208 parvuli.

2178 4228 2255 4285 ita
2300 4228 2545 4285 Ecclesia
2572 4229 2832 4284 nutritur.
2869 4228 3165 4286 Possumus
3203 4245 3304 4302 per
3346 4229 3537 4286 oculos
3582 4231 3766 4302 sponsi

2178 4319 2426 4376 doctores
2453 4320 2718 4390 accipere,
2746 4320 2839 4389 qui
2861 4319 3125 4377 columbis
3147 4332 3530 4392 comparantur
3549 4334 3769 4396 propter

2179 4410 2546 4467 innocentiam
2592 4418 2648 4465 et
2688 4409 3115 4480 simplicitatem.
3161 4410 3256 4468 Ha:
3301 4413 3571 4469 columba:
3610 4429 3770 4485 super

2180 4500 2382 4557 rivulos
2438 4500 2709 4563 resident.
2756 4510 2817 4555 ut
2860 4500 3157 4556 adventum
3204 4503 3481 4573 accipitris
3522 4518 3557 4558 a
3614 4504 3770 4577 longe

2177 4592 2508 4663 prospiciant
2526 4599 2579 4645 et
2599 4600 2959 4661 prtecaveant,
2980 4592 3060 4647 sic
3084 4600 3140 4646 et
3163 4594 3333 4649 sancti
3355 4594 3609 4650 doctores
3628 4611 3769 4666 aqua

493 4681 659 4741 ﬁdem
715 4690 772 4736 et
809 4682 1150 4739 dilectionem
1196 4684 1307 4740 Deo
1365 4686 1704 4747 adbrerentes
1728 4726 1744 4753 ,
1779 4701 1898 4756 qua:
1924 4685 2082 4742 elatis
2106 4676 2159 4739 D
2184 4684 2527 4755 baptismatis
2546 4682 2773 4753 perfusi,
2804 4684 2980 4738 nitore
3035 4685 3305 4740 castitatis
3324 4693 3380 4741 et
3398 4687 3773 4742 sanctimonia

496 4774 800 4847 palmarum
830 4783 1231 4845 comparantur.
1260 4776 1426 4834 Elatze
1456 4777 1761 4848 palmarum
1790 4786 1915 4834 sunt
1944 4777 2081 4833 rami

495 4865 873 4938 productiores
922 4876 980 4922 et
1036 4867 1483 4935 excellentiores,
1543 4869 1817 4926 interdum
1868 4869 2080 4926 aureosi

503 4959 719 5026 solaris,
748 4960 1073 5030 crispantes,
1107 4968 1161 5014 et
1188 4976 1405 5032 semper
1429 4962 1498 5018 ad
1536 4962 1750 5018 excelsa
1781 4964 2080 5027 tendentes,

497 5065 555 5112 et
583 5068 861 5124 nunquam
908 5053 1140 5138 virorem
1171 5070 1327 5109 suum
1383 5055 1712 5111 amittentes.
1746 5055 1904 5111 Tales
1953 5071 2084 5127 ergo

502 5149 634 5205 dicit
658 5162 844 5205 eomas
873 5146 1058 5218 sponsi
1083 5145 1166 5202 sui
1191 5146 1433 5203 Ecclesia
1451 5187 1467 5213 ,
1495 5147 1704 5218 crispas
1733 5146 1981 5204 videlicet
2028 5157 2085 5203 ct

507 5239 715 5296 rutilas.
759 5237 1011 5294 Nonnulli
1065 5238 1251 5295 dicunt
1279 5238 1453 5294 elatas
1497 5238 1819 5310 palmarum,
1851 5238 2085 5307 speciem

508 5331 717 5387 arboris
745 5346 867 5388 esse
893 5332 1222 5394 aromaticm,
1254 5345 1417 5401 quam
1460 5328 1653 5387 Latine
1696 5329 1931 5384 abietem
1975 5329 2089 5384 sive

509 5431 689 5492 spatas
708 5429 921 5477 vocant.
952 5420 1088 5476 Nam
1114 5420 1303 5477 Graece
1347 5421 1497 5478 abies
1542 5422 1694 5480 nam
1725 5420 1942 5476 dicitur.
1992 5420 2091 5475 Est

510 5522 689 5567 autem
717 5514 924 5584 species
943 5513 1059 5570 hmo
1081 5522 1204 5585 apta
1231 5513 1579 5570 conﬁciendis
1601 5513 1908 5585 unguentis.
1932 5513 2090 5569 Abie-

513 5614 620 5660 tem
650 5620 778 5660 vero
807 5605 896 5662 hic
940 5621 1047 5661 non
1079 5620 1329 5676 magnam
1362 5605 1507 5660 illam
1530 5606 1785 5661 arborem
1805 5645 1821 5670 ,
1847 5620 1968 5677 quae
2009 5612 2095 5660 est

514 5696 743 5767 navigiis
763 5705 819 5752 et
846 5697 1095 5753 domibus
1120 5705 1264 5767 apta,
1297 5695 1393 5752 sed
1421 5694 1522 5766 (ut
1549 5693 1822 5765 diximus)
1858 5695 2093 5765 speciem

516 5786 825 5844 aromaticte
867 5787 1079 5842 arboris
1133 5787 1391 5843 debemus
1435 5787 1683 5856 accipere
1717 5800 1736 5841 :
1786 5786 1903 5843 haec
1933 5785 2093 5855 juxta

519 5879 734 5934 itteram
788 5877 855 5934 de
908 5877 1066 5935 elatis
1115 5878 1413 5948 palmarum
1490 5877 1672 5934 Comm
1725 5892 1856 5950 ergo
1906 5868 2091 5950 sponsi

2182 4775 2414 4831 dealbati
2437 4783 2581 4841 sunt,
2615 4793 2634 4827 ‹
2671 4783 2729 4830 et
2752 4773 2993 4831 resident
3005 4774 3163 4846 juxta
3187 4773 3386 4832 ﬂuenta
3405 4776 3720 4847 plenissima
3746 4800 3767 4832 ι

2182 4870 2288 4925 hoc
2311 4876 2396 4925 est
2419 4870 2574 4941 juxta
2603 4869 3009 4940 Scripturarnm
3034 4871 3419 4956 exuberantw
3461 4873 3771 4928 scientiam.

2186 4961 2245 5016 Si
2307 4962 2433 5032 quid
2481 4976 2612 5018 vero
2672 4971 2926 5034 putamus
2971 4963 3175 5019 distare
3241 4964 3383 5019 inter
3452 4966 3657 5023 rivulos
3722 4978 3777 5022 et

2186 5050 2384 5106 ﬂuenta
2438 5052 2771 5122 plenissima,
2803 5053 3088 5110 dicendum
3113 5062 3222 5119 est,
3253 5069 3350 5123 per
3378 5054 3587 5113 rivulos
3610 5057 3774 5114 Vete-

2193 5144 2269 5197 ris
2328 5142 2658 5199 Tcstamenti
2713 5144 3024 5214 Scripturas
3078 5145 3398 5216 designari:
3442 5162 3539 5218 per
3576 5147 3779 5205 ﬂuenta

2187 5236 2527 5307 plenissima,
2583 5237 2855 5308 copiosam
2910 5238 3087 5293 sancti
3133 5238 3410 5310 Evangelii
3437 5239 3781 5312 Scripturam

2190 5327 2383 5396 accipi.
2435 5327 2555 5383 istae
2606 5342 2737 5399 ergo
2794 5327 3059 5384 columba:
3104 5338 3160 5385 et
3188 5345 3351 5401 super
3386 5331 3594 5387 rivulos
3613 5349 3784 5403 aqua-

2190 5433 2310 5472 rum
2340 5427 2485 5483 sunt,
2509 5428 2563 5473 et
2577 5419 2737 5489 juxta
2763 5418 2963 5475 ﬂuenta
2989 5421 3303 5491 plenissima
3350 5423 3619 5490 resident,
3652 5425 3783 5495 quia

2192 5508 2366 5562 sancti
2389 5507 2636 5564 doctores
2658 5510 2872 5565 assidue
2894 5519 3006 5566 tam
3028 5510 3238 5570 Veteris
3259 5511 3598 5571 Vestamenti
3617 5530 3785 5586 quam

2193 5598 2328 5654 Novi
2349 5602 2605 5671 mysteria
2631 5611 3060 5672 perscrutantur.

2271 5710 2289 5742 ς
2324 5690 2488 5747 Genze
2538 5691 2681 5749 illius
2702 5694 2847 5749 sicut
2887 5695 3084 5752 areola:
3110 5706 3446 5765 aromatum,
3479 5700 3707 5755 consita:
3755 5715 3786 5753 a

2196 5787 2584 5859 pigmentariis.
2622 5807 2643 5841 ι
2674 5788 2837 5845 Genae
2860 5792 3065 5861 sponsi,
3089 5793 3333 5848 modesta
3353 5791 3558 5848 Christi
3583 5794 3801 5863 pietas,-

2198 5878 2283 5939 vel
2325 5879 2621 5944 severitas,
2656 5880 2768 5937 sive
2810 5881 3025 5939 habitus
3070 5883 3255 5939 vultus
3300 5881 3447 5940 illius
3493 5882 3786 5956 accipitur.
