3950 6466
189 484 291 541 333

1141 478 1536 535 ENARRATIO
1576 476 1641 531 ΙΝ
1680 473 1971 531 CANTICA
2006 474 2473 535 CANTICORUM.

3327 479 3430 537 ΞΜ

189 596 344 653 Genze
370 594 515 650 enim
549 593 693 649 illius
744 600 932 656 erant,
968 608 1092 647 cum
1121 592 1418 648 exsultaret
1455 591 1522 644 in'
1542 590 1756 661 spiritu,
1786 594 1833 651 Α
1861 587 2009 653 fecit,
2048 603 2147 643 nec
2193 588 2344 646 dolus
2368 593 2619 649 inventus
2647 603 2731 651 est
2767 594 2819 649 in
2853 608 2917 648 eo
2956 593 3116 650 ullus.
3147 592 3434 665 Fragilita-

188 694 244 741 ut
270 683 615 755 Evangelium
640 681 803 747 dicit,
834 681 919 737 vel
949 697 1073 737 cum
1121 681 1275 736 fleret
1299 695 1462 752 super
1489 687 1762 734 mortuum
1862 688 1968 732 tem
2004 678 2220 747 quidem
2251 682 2433 737 carnis
2460 685 2766 753 assumpsit,
2798 687 2890 741 sed
2916 694 3091 741 tamen
3123 686 3284 742 totius
3302 701 3433 756 pec-

186 782 464 846 Lazarum,
493 779 577 833 vel
601 794 723 834 cum
754 778 961 834 doleret
990 791 1151 848 super
1172 776 1467 847 perituram
1499 775 1760 830 Hierusa-

1860 768 1969 823 cati
2007 768 2261 823 immunis
2280 768 2405 837 «fuit,
2451 773 2589 828 sicut
2619 790 2840 844 serpens
2882 792 3062 832 aeneus
3110 792 3140 830 a
3166 776 3347 847 Moyse
3376 778 3431 832 in

187 876 307 938 lem,
336 881 392 927 ει
418 871 571 942 plura
600 872 651 926 id
679 885 866 941 genus,
906 866 1005 925 [133‘
1025 885 1173 940 genae
1198 870 1378 939 sponsi
1418 868 1614 923 arcolis
1640 883 1763 923 aro-
1860 857 2076 914 deserto
2101 859 2391 928 exagitatus,
2422 862 2647 930 ﬁguram
2676 865 2889 934 quidem
2935 867 3199 937 serpentis
3223 869 3431 932 habuit,

186 974 383 1022 matnm
413 971 828 1033 comparantur
859 963 1003 1017 sicut
1030 962 1172 1017 enim
1220 961 1413 1016 areola:
1461 967 1759 1015 aromatum

183 1056 381 1128 optime
415 1054 727 1123 composita:
758 1063 814 1108 et
841 1054 1105 1107 ordinatae
1131 1061 1406 1123 aspectum
1439 1052 1759 1106 intuentium

183 1149 469 1213 delectant,
503 1148 691 1217 eisque
731 1147 915 1202 odoris
962 1147 1043 1201 sui
1089 1149 1316 1218 gratiam
1346 1147 1657 1217 propinant,
1686 1146 1760 1201 ita

182 1236 376 1292 Christi
416 1237 772 1292 mansuetudo
801 1247 855 1291 et
881 1238 1133 1292 absentes
1158 1235 1323 1301 fama,
1370 1244 1425 1291 et
1464 1244 1761 1305 praesentes

181 1345 236 1386 re
260 1331 375 1399 ipsa
406 1329 727 1394 delectabat,
765 1338 819 1384 et
840 1330 905 1383 ad
936 1330 1017 1384 sui
1038 1329 1383 1384 dilectionem
1408 1330 1754 1399 provocabat.

177 1420 267 1476 liae
293 1420 487 1475 areola:
512 1435 542 1474 a
567 1420 938 1490 pigmentariis
966 1421 1190 1475 consita:
1220 1428 1367 1475 sunt.
1402 1420 1757 1490 Pigmentarii

178 1520 297 1565 sunt
318 1512 596 1581 prophetae
622 1510 703 1564 vel
744 1510 994 1580 apostoli,
1028 1526 1258 1581 quorum
1292 1510 1446 1564 alteri
1485 1511 1601 1564 haec
1638 1525 1759 1565 om-
1802 1548 1807 1559 .

178 1601 491 1667 nia-futura,
524 1603 679 1656 alteri
716 1601 831 1672 jam
884 1603 1028 1658 facta
1064 1603 1482 1673 descripserunt.
1543 1621 1562 1653 ι
1592 1601 1756 1657 Labia

178 1684 320 1748 illius
359 1692 469 1747 lilia
500 1693 812 1749 distillantia
868 1694 1146 1764 myrrham
1193 1694 1446 1764 primam.
1487 1714 1507 1745 ι
1551 1692 1656 1749 Per
1681 1693 1758 1747 la-

176 1784 260 1839 bia
312 1783 529 1855 sponsi,
567 1783 742 1841 Verba
772 1783 985 1838 Domini
1038 1785 1208 1839 nostri
1255 1785 1609 1854 accipiuntur,
1639 1800 1758 1855 qua:

174 1875 299 1932 liliis
325 1885 728 1948 comparantur,
759 1877 880 1947 quia
912 1877 1161 1932 candoris
1190 1876 1375 1931 :etemi
1407 1876 1625 1944 prtemia
1662 1891 1759 1929 an-

1853 949 1953 1004 sed
1983 950 2184 1004 malitia
2225 952 2415 1007 veneni
2455 955 2647 1008 caruit.
2694 973 2712 1004 (
2743 955 3035 1014 Distinctus
3073 963 3361 1031 sapphiris.
3406 982 3426 1012 ι

1860 1037 2157 1129 Sapphirus
2192 1040 2326 1111 lapis
2351 1054 2466 1108 est,
2522 1044 2645 1099 caeli
2699 1048 2872 1100 sereni
2922 1048 3127 1103 habens
3152 1054 3384 1108 colorem
3410 1098 3426 1116 .
3456 1094 3463 1101 .

1856 1130 2000 1182 unde
2028 1130 2081 1184 in
2111 1130 2316 1186 visione
2342 1131 2552 1187 Domini
2582 1133 2777 1189 dicitur
2805 1152 2875 1187 εκ(
2903 1134 2970 1190 Ει
2993 1138 3240 1194 viderunt
3266 1143 3433 1198 Deum

1857 1218 2043 1283 Israel,
2072 1221 2171 1274 sub
2195 1221 2419 1291 pedibus
2447 1220 2562 1290 ejus
2590 1224 2743 1291 quasi
2787 1239 2922 1293 opus
2953 1223 3143 1293 lapidis
3169 1230 3432 1297 sapphiri.

1857 1318 1913 1365 et
1939 1312 2091 1380 quasi
2119 1312 2313 1366 cmlum
2337 1328 2458 1367 cum
2495 1328 2744 1368 serenum
2794 1322 2895 1368 est.
2934 1334 2951 1366 ι
2997 1315 3101 1370 Per
3153 1320 3434 1387 sapphiros

1856 1414 1986 1468 ergo
2018 1415 2180 1470 opera
2216 1400 2408 1456 divinae
2456 1403 2752 1474 majestatis
2788 1403 3177 1473 intelliguntur,
3215 1422 3335 1475 qua:
3378 1408 3433 1462 in

1855 1502 2021 1542 carne
2075 1488 2442 1558 perficiuntur.
2496 1491 2696 1546 Venter
2747 1495 3097 1562 ergo.sponsi
3151 1495 3436 1551 distinctus

1856 1590 1973 1635 erat
2023 1582 2309 1651 sapphiris,
2362 1583 2485 1651 quia
2533 1584 2843 1640 humanitas
2888 1584 3088 1640 Christi
3125 1587 3434 1643 caelestibus

1857 1672 2144 1727 virtutibus
2167 1672 2482 1744 refulgebat.
2512 1673 2620 1730 Nec
2648 1675 2836 1746 plenus
2859 1677 3054 1731 dicitur
3080 1693 3199 1732 esse
3222 1680 3434 1749 sapphi-

1857 1763 1953 1827 ris,
1977 1763 2100 1818 ~sed
2151 1781 2172 1814 ‹
2209 1765 2511 1830 distinctus,
2548 1785 2567 1818 ι
2610 1767 2684 1819 ita
2732 1767 2999 1832 videlicet,
3047 1778 3106 1824 ut
3144 1770 3287 1825 inter
3311 1787 3433 1841 sap-

1857 1853 2041 1922 phiros
2088 1865 2373 1924 appareret
2418 1857 2600 1912 eboris
2630 1858 2854 1925 candor,
2908 1860 3033 1930 quia
3066 1861 3145 1915 sic
3174 1862 3434 1917 Dominus

176 1946 462 2023 muniam.
517 1946 787 2023 mmmam
836 1967 1110 2038 myrrham
1166 1966 1393 2036 prima,“
1420 2006 1435 2030 ν
1482 1966 1608 2034 quia
1656 1980 1753 2034 per
1780 1958 1827 2016 Β
1854 1946 2182 2015 operabatur
2209 1961 2274 2001 ea
2299 1962 2419 2017 quae
2449 1949 2750 2005 divinitatis
2796 1961 2971 2016 erant,
2999 1962 3057 2006 ut
3084 1954 3433 2010 nihilominus

177 2062 357 2116 carnis
402 2060 867 2118 mortificationem
920 2059 987 2113 ad
1028 2060 1142 2113 lucc
1192 2058 1615 2128 perveniendum
1662 2058 1754 2111 do-

175 2160 319 2207 cent.
372 2152 464 2207 Vel
512 2151 841 2210 etiam'liliis
897 2151 1033 2204 labia
1095 2150 1303 2206 Domini
1347 2158 1751 2218 comparantur,

174 2244 298 2313 quia
335 2244 599 2298 castitatis
628 2243 715 2297 illa
748 2252 802 2297 et
831 2243 1108 2297 munditiae
1133 2257 1295 2311 opera
1323 2241 1535 2296 docent.
1576 2239 1756 2295 Distil-

166 2331 284 2387 iant
309 2334 538 2403 primam
570 2333 866 2404 myrrham,
899 2332 1024 2402 quia
1054 2346 1389 2400 quaecunque
1415 2332 1639 2386 adversa
1666 2346 1755 2399 pa-

171 2427 372 2481 tienter
430 2423 748 2496 perferenda
810 2425 1104 2479 insinuant.
1163 2422 1331 2478 Labia
1383 2421 1594 2477 Domini
1640 2421 1751 2475 lilia

160 2526 348 2581 erant,
393 2531 516 2571 cum
553 2516 752 2571 docens
797 2515 851 2570 in
895 2523 1079 2570 monte
1106 2515 1345 2569 diceret:
1381 2533 1400 2566 ‹
1434 2514 1585 2569 Beati
1622 2527 1756 2583 pau-

159 2619 328 2675 peres
375 2606 591 2675 spiritu,
622 2604 764 2661 beati
788 2605 966 2670 mites,
1014 2605 1158 2661 beati
1183 2605 1577 2670 misericordes,
1610 2604 1751 2659 beati

163 2699 371 2755 mundo
395 2699 576 2754 corde.
612 2717 631 2750 ι
687 2698 959 2753 Distillant
1000 2698 1279 2769 myrrham
1327 2697 1580 2766 primam,
1624 2710 1751 2750 cum

155 2797 285 2858 post
334 2789 449 2843 huic
496 2787 873 2859 subjungeret':
925 2807 944 2839 ι
986 2787 1138 2844 Beati
1174 2787 1267 2858 qui
1289 2787 1750 2856 *persecutionem

156 2880 448 2950 patiuntur
470 2888 695 2950 propter
713 2881 1000 2951 justitiam.
1032 2899 1053 2934 ι

233 2988 255 3022 ‹
304 2970 498 3026 Manus
525 2969 643 3039 ejus
672 2970 948 3026 tomatiles
973 2982 1169 3024 aureae.
1197 2990 1216 3023 ι
1249 2968 1309 3024 In
1339 2968 1588 3024 manibus
1606 2983 1753 3023 nam-

159 3076 266 3131 que
297 3063 504 3132 sponsi,
539 3063 696 3133 digne
720 3063 964 3132 operatio
993 3061 1294 3117 Salvatoris
1335 3061 1620 3130 accipitur.
1666 3058 1753 3114 Si-

148 3163 249 3211 cut
291 3156 443 3211 enim
468 3155 591 3226 quis
622 3164 775 3210 torno
804 3152 962 3209 facile
982 3163 1258 3225 cperatur,
1291 3169 1390 3210 nec
1436 3138 1620 3223 regula
1646 3152 1753 3207 ulla

154 3246 394 3317 indiget,
451 3247 530 3301 sic
567 3244 808 3314 operatio
856 3242 1154 3300 Salvatoris
1198 3243 1374 3299 facilis
1406 3250 1556 3299 erat:
1601 3244 1753 3313 quid-

149 3338 291 3408 quid
323 3336 469 3391 enim
505 3334 739 3397 volebat,
773 3335 916 3390 illico
945 3334 1280 3406 perficiebat,
1312 3333 1436 3404 quia
1485 3351 1504 3385 ι
1535 3333 1672 3389 dixit
1698 3341 1755 3389 et

146 3426 305 3483 facta
346 3437 503 3490 sunt;
554 3445 572 3479 ο
603 3434 659 3481 et
687 3427 753 3482 de
785 3442 892 3497 quo
918 3426 1277 3496 Evangelista,
1307 3443 1328 3477 ι
1363 3425 1496 3480 Erat
1521 3425 1673 3494 quasi
1701 3425 1754 3479 in

150 3528 434 3591 potestate
480 3518 687 3573 habens
712 3532 1040 3574 sermonem.
1070 3539 1090 3571 ι
1147 3518 1339 3573 Aureae
1389 3518 1532 3573 enim
1579 3526 1752 3582 erant,

149 3610 288 3680 quia
319 3609 565 3677 Operatio
594 3608 735 3663 illius
764 3608 1067 3665 divinitatis
1087 3609 1450 3679 peragebatur
1481 3608 1750 3679 potentia:

146 3717 289 3756 nam
338 3702 389 3755 in
431 3717 563 3755 auro
614 3701 869 3755 divinitas
897 3700 1184 3772 figuratur,
1240 3699 1365 3769 quia
1396 3700 1536 3754 sicut
1566 3714 1755 3753 aurum

145 3800 366 3849 cretera
403 3792 618 3846 metalla
639 3791 934 3855 antecellit,
973 3801 1026 3847 et
1063 3789 1356 3862 pretiosius
1380 3797 1482 3855 est,
1513 3776 1585 3844 ita
1617 3790 1755 3845 divi-

147 3885 317 3940 nitas
345 3885 458 3938 suis
491 3884 742 3939 omnibus
766 3885 1021 3953 operibus
1050 3882 1310 3937 ineffabili
1341 3884 1502 3939 modo
1533 3884 1780 3954 prtecel-‘

144 3974 238 4030 lit.
284 3992 305 4025 ι
346 3974 526 4027 Plcnze
560 3974 887 4044 byacinthis.
923 3993 941 4024 ι
984 3972 1316 4043 Hyacinthus
1348 3974 1482 4043 lapis
1517 3967 1599 4029 est
1627 3975 1758 4029 aerii

140 4064 392 4121 coloris.
425 4062 565 4127 Quid
613 4075 741 4131 ergo
776 4063 829 4116 in
857 4063 1183 4134 hyacinthis,
1223 4064 1326 4118 nisi
1353 4077 1476 4132 spes
1511 4071 1567 4117 et
1617 4063 1762 4117 desi-

144 4150 380 4207 derium
408 4149 625 4205 cteleste
651 4149 955 4219 accipitur?
1005 4151 1072 4204 Et
1108 4162 1300 4206 manus
1343 4152 1557 4206 Domini
1586 4151 1761 4221 plena:

140 4251 298 4302 sunt
344 4243 672 4314 hyacinthis,
724 4243 849 4313 quia
895 4244 1072 4298 omnis
1100 4241 1215 4311 ejus
1260 4244 1504 4314 operatio
1549 4258 1650 4298 nos
1694 4243 1760 4298 ad

142 4349 320 4408 spem
341 4343 397 4390 et
424 4334 749 4390 desiderium
778 4350 1137 4404 supernorum
1171 4334 1393 4389 excitat.
1426 4334 1763 4406 Hyacinthus

141 4440 247 4487 est
278 4430 444 4485 etiam
476 4427 574 4484 flos
605 4429 953 4493 aromatieus,
1000 4427 1199 4484 coloris
1226 4426 1482 4500 purpurei
1529 4427 1765 4497 bonique

145 4522 370 4580 odoris.
406 4520 595 4576 M.anS
620 4520 833 4575 Domini
856 4520 1026 4591 plenze
1055 4529 1181 4575 sunt
1201 4519 1526 4591 hyacinthis,
1555 4518 1681 4589 quia
1708 4519 1760 4573 in

144 4627 332 4669 cruce
354 4611 523 4667 clavis
542 4610 845 4681 perforatae,
879 4620 933 4667 et
964 4612 1161 4667 rubore
1186 4611 1267 4666 sui
1299 4611 1576 4683 sanguinis
1602 4611 1756 4680 quasi

142 4704 352 4760 colore
389 4718 660 4773 purpureo
690 4716 950 4771 respersa:
990 4709 1133 4757 sunt.
1185 4700 1290 4755 Sed
1321 4701 1568 4772 superior
1595 4716 1760 4770 expo-

147 4797 297 4852 sitio
323 4793 710 4864 dehyacintho
762 4793 957 4863 lapide,
995 4793 1186 4847 melius
1239 4793 1327 4847 hic
1376 4792 1646 4847 convenit.
1700 4792 1757 4846 In

146 4893 273 4947 alia
306 4888 660 4992 trattslatitue
719 4909 737 4939 ί
771 4889 910 4959 lapis
936 4909 953 4941 ι
1011 4890 1262 4943 habetur.
1315 4886 1577 4942 Dicuntur
1614 4886 1758 4942 enim

151 4998 369 5041 manus
395 4983 514 5053 ejus
541 4980 841 5045 tornatiles,
894 4982 1067 5052 plena:
1096 4981 1315 5036 tharsis.
1365 4981 1589 5036 Tharsis
1623 4980 1761 5050 lapis

146 5085 248 5133 est
271 5088 436 5146 quem
485 5090 584 5129 nos
610 5072 1019 5129 chalcedonium
1070 5072 1324 5127 dicimus.
1358 5091 1377 5121 ι
1414 5070 1618 5125 Venter
1641 5070 1760 5139 ejus

146 5173 465 5229 eburneus.
502 5188 521 5220 ι
559 5168 617 5223 ln
654 5168 915 5222 membris
940 5165 1159 5221 humani
1202 5164 1445 5233 corporis
1471 5162 1605 5217 nihil
1635 5177 1761 5216 ven-

150 5273 249 5322 tre
286 5261 576 5333 fragilius,
610 5259 745 5316 nihil
794 5260 1034 5316 tenerius
1066 5276 1079 5312 :
1135 5257 1363 5326 ideoque
1389 5271 1486 5326 per
1513 5267 1759 5310 ventrem

146 5352 439 5425 fragilitas
461 5359 751 5422 assumpta;
781 5348 1134 5406 humanitatis
1157 5348 1210 5401 in
1241 5346 1459 5402 Christo
1479 5345 1756 5414 accipitur.

150 5446 324 5503 Ebur
359 5453 536 5500 autem
567 5452 652 5499 est
683 5459 747 5500 os
787 5442 1108 5513 elephantis,
1153 5440 1298 5511 quod
1328 5437 1528 5493 animal
1573 5437 1762 5491 dicunt

150 5550 297 5592 esse
321 5534 711 5599 castissimum,
751 5541 808 5589 et
839 5543 1046 5588 naturae
1076 5530 1439 5610 frigidissimae
1472 5547 1485 5582 :
1522 5528 1665 5583 unde
1706 5535 1764 5582 et

152 5645 190 5683 a
226 5628 495 5694 dracone,
540 5626 635 5696 qui
686 5626 873 5682 calidae
903 5635 1110 5681 natura:
1158 5633 1262 5688 est,
1293 5624 1640 5679 vehementer
1667 5637 1762 5692 ap-

152 5719 396 5791 petitur.
458 5715 656 5774 Venter
692 5732 821 5788 ergo
850 5720 1034 5789 sponsi
1065 5717 1335 5772 eburneus
1363 5724 1465 5782 est,
1520 5716 1645 5785 quia
1676 5730 1761 5768 as-

155 5818 395 5884 sumpta
461 5811 773 5868 humanitas
821 5808 1235 5879 Redemptoris,
1302 5808 1503 5862 nullam
1568 5822 1761 5862 corru-

153 5905 441 5981 ptionem,
476 5903 677 5962 nullam
697 5903 874 5960 labem
899 5900 1133 5959 admisit.
1164 5900 1452 5956 Peccatum
1480 5899 1623 5955 enim
1654 5914 1760 5956 non
1791 5949 1799 5956 .

396 6152 480 6169 *ἡκ

1855 2040 2139 2107 perliceret
2182 2054 2248 2094 ea
2282 2054 2402 2109 qua:
2447 2051 2608 2096 erant
2648 2041 3026 2106 humanitatis,
3060 2053 3115 2098 ct
3142 2060 3246 2100 non
3278 2047 3437 2102 relin-

1850 2138 2043 2200 queret
2078 2145 2141 2185 ea
2165 2148 2284 2201 qua;
2328 2142 2486 2187 erant
2514 2133 2828 2189 divinitatis.
2883 2135 3144 2190 Distincta
3181 2146 3266 2191 est
3289 2139 3433 2194 enim

1850 2223 2093 2292 operatio
2116 2223 2171 2277 in
2204 2222 2418 2279 Christo
2469 2225 2763 2280 divinitatis
2808 2234 2863 2279 et
2890 2215 3258 2282 humanitatis.
3298 2227 3434 2283 Nam

1852 2312 1993 2382 quod
2015 2314 2474 2389 esuriebat,‘quod
2507 2316 2742 2380 sitiebat,
2772 2316 2914 2386 quod
2938 2314 3122 2382 flebat,
3160 2319 3304 2388 quod
3329 2319 3435 2375 las-

1851 2404 2092 2469 sabatur,
2122 2406 2263 2475 quod
2291 2406 2358 2461 ad
2386 2405 2634 2461 ultimum
2681 2408 2921 2478 cruciligi
2957 2416 3011 2462 et
3041 2410 3176 2479 mori
3202 2418 3433 2479 poterat,

1848 2493 2205 2549 humanitatis
2228 2509 2387 2564 opera
2413 2505 2564 2551 erant
2595 2514 2608 2550 :
2653 2497 2794 2566 quod
2822 2477 2951 2551 vero
2998 2477 3241 2553 mortuos
3263 2500 3435 2554 susci-

1853 2583 2036 2650 tabat,
2093 2585 2238 2655 quod
2284 2585 2536 2642 omnibus
2596 2587 2997 2642 infirmantibus
3061 2591 3430 2650 succurrebat.

1850 2680 1992 2748 quod
2023 2668 2258 2748 seipsum
2289 2694 2319 2732 a
2334 2679 2571 2757 mortuis
2612 2678 2989 2745 resuscitabat,
3032 2678 3436 2736 evidentissima

1851 2779 2008 2827 erant
2032 2785 2198 2842 opera
2221 2769 2538 2826 divinitatis.

1926 2899 1948 2932 ι
1981 2881 2147 2937 Crura
2177 2882 2323 2937 illius
2353 2883 2617 2938 columna:
2664 2898 2998 2950 marmoreae,
3051 2899 3171 2955 quae
3198 2884 3435 2942 fundatae

1851 2980 1978 3028 sunt
1998 2988 2159 3042 super
2186 2974 2345 3028 bases
2369 2988 2579 3028 aureas.
2621 2992 2640 3025 ›
2680 2973 2847 3029 Crura
2869 2976 3054 3045 sponsi
3083 2976 3278 3030 itinera
3309 2984 3437 3032 sunt

1854 3064 2171 3128 Salvatoris,
2204 3066 2398 3134 quibus
2422 3066 2586 3121 homo
2612 3065 2726 3120 fieri
2750 3075 2804 3120 et
2833 3068 2898 3120 ad
2921 3083 3019 3122 nos
3041 3068 3226 3123 venire
3252 3069 3437 3140 digna—

1853 3165 1941 3210 tus
1960 3163 2062 3211 est.
2096 3155 2387 3222 Qumreete
2400 3157 2662 3211 columnis
2687 3158 3005 3212 marmoreis
3024 3142 3433 3226 comparantur.

1855 3245 1980 3316 quia
2016 3245 2149 3300 nihil
2178 3260 2450 3300 marmore
2496 3244 2708 3309 fortius,
2752 3244 2885 3299 nihil
2919 3244 3165 3300 columna
3211 3246 3432 3302 rectius.

1856 3339 1923 3393 Et
1950 3354 2106 3410 crura
2148 3339 2329 3408 sponsi
2361 3336 2624 3393 columna:
2654 3352 2969 3392 marmorea:
2991 3345 3132 3399 sunt,
3166 3337 3289 3407 quia
3316 3352 3438 3393 om-

1854 3430 1943 3485 nia
1974 3431 2166 3485 itinera
2198 3429 2413 3484 Domini
2463 3438 2515 3483 et
2544 3428 2702 3483 fortia
2744 3436 2799 3484 et
2845 3436 2993 3482 recta
3020 3436 3168 3482 sunt.
3203 3425 3278 3482 De
3324 3425 3442 3496 ejus

1856 3522 2169 3578 fortitudine
2193 3522 2325 3577 dicit
2352 3521 2637 3577 Psalmista
2666 3538 2679 3575 :
2716 3540 2734 3573 ‹
2769 3521 3071 3576 Exsultavit
3093 3529 3151 3575 ut
3188 3520 3338 3593 gigas
3373 3522 3439 3576 ad

1856 3612 2177 3668 currendam
2224 3612 2364 3667 viam
2394 3653 2408 3676 ,
2440 3628 2471 3667 a
2517 3628 2728 3667 summo
2768 3610 2905 3667 coelo
2951 3612 3194 3681 egressio
3238 3608 3374 3679 ejus.
3416 3630 3436 3661 ι

1857 3707 1934 3762 De
1963 3705 2283 3762 rectitudine
2333 3704 2500 3759 alibi:
2539 3722 2557 3755 ‹
2589 3702 2774 3758 Justus
2828 3703 3091 3758 Dominus
3119 3710 3173 3757 et
3196 3701 3441 3772 justitias

1858 3797 2067 3861 dilexit,
2096 3797 2405 3865 aequitatem
2435 3792 2757 3847 viditvultus
2772 3793 2929 3863 ejus;
2957 3811 2974 3843 ι
3001 3803 3077 3855 et,
3112 3809 3130 3841 ι
3165 3790 3442 3846 Universa:

1858 3889 1959 3945 viae
1985 3888 2196 3943 Domini
2224 3885 2595 3941 misericordia
2623 3894 2678 3939 et
2707 3883 2928 3937 veritas.
2968 3900 2986 3934 ι
3015 3881 3140 3936 llaec
3167 3897 3327 3936 crura
3354 3897 3444 3937 su-

1859 3996 1957 4051 per
1994 3980 2152 4034 bases
2177 3992 2371 4033 aureas
2395 3975 2617 4030 fundata
2658 3982 2804 4038 sunt,
2835 3973 2960 4043 quia
2996 3972 3175 4026 omnia
3202 3987 3320 4041 quae
3345 3986 3446 4041 per

1860 4069 2135 4125 Christum
2171 4067 2254 4122 vel
2298 4068 2353 4121 in
2407 4066 2627 4120 Christo
2668 4064 2873 4134 agenda
2902 4071 3095 4127 erant,
3149 4062 3446 4117 divinitatis

1862 4159 2090 4217 consilio
2117 4166 2241 4213 ante
2270 4156 2453 4212 mundi
2510 4154 2950 4211 constitutionem
3001 4152 3362 4224 praeordinata
3392 4164 3447 4208 et

1863 4249 2128 4322 praefinita
2158 4256 2303 4303 sunt.
2328 4247 2532 4301 Aurum
2563 4246 2707 4301 enim
2753 4245 2897 4314 quod
2946 4243 3027 4315 (ut
3054 4259 3196 4314 sche
3237 4242 3447 4299 dictum

1864 4341 1968 4414 est)
1999 4339 2328 4412 splendidius
2355 4347 2410 4396 et
2438 4340 2727 4411 pretiosius
2748 4346 2829 4393 est
2851 4338 3064 4394 caeteris
3088 4337 3345 4403 metallis,
3370 4338 3448 4392 di-

1864 4432 1975 4487 vini
2010 4429 2225 4488 consilii
2251 4430 2677 4486 sincerissimum
2727 4436 2994 4484 secretum
3042 4426 3329 4498 signiﬁcat.
3373 4427 3449 4482 De

1866 4521 2087 4578 basibus
2109 4520 2251 4578 enim
2287 4519 2467 4574 aureis
2489 4518 2752 4575 columnae
2776 4532 3093 4572 marmoreae
3121 4516 3445 4587 procedunt,

1864 4615 1992 4686 quia
2013 4615 2079 4669 ab
2101 4612 2254 4667 initio
2284 4611 2459 4668 saeculi
2485 4611 2843 4682 praenrdinata
2866 4618 2950 4666 est
2991 4608 3313 4673 incarnatio,
3345 4624 3445 4661 na-

1871 4707 2072 4773 tivitas,
2106 4706 2309 4776 passio,
2336 4714 2393 4760 et
2436 4704 2762 4760 resurrectio
2795 4702 3114 4767 Salvatoris,
3144 4711 3447 4770 ceteraque

1869 4798 2126 4870 mysteria
2156 4799 2352 4867 quibus
2376 4798 2672 4853 humanum
2696 4810 2864 4866 genus
2886 4794 3257 4850 redimeretur.
3294 4791 3449 4847 Unde
3484 4822 3489 4827 -

1867 4897 1923 4944 et
1970 4886 2240 4955 Propheta
2270 4886 2499 4941 laudans
2540 4885 2709 4940 Deum
2761 4885 3011 4940 dicebat:
3049 4883 3274 4938 Domine.
3302 4882 3447 4937 Deus

1867 4994 2039 5041 meus,
2067 4976 2439 5033 honorificabo
2478 4985 2553 5042 te,
2592 4975 2779 5031 laudes
2809 4975 2981 5031 dicam
3008 4974 3211 5029 nomini
3242 4982 3332 5027 tuo
3354 4975 3445 5041 qui

1867 5070 2002 5127 facis
2027 5071 2306 5126 mirabiles
2346 5086 2473 5126 res:
2514 5070 2797 5126 consilium
2847 5077 2994 5124 tuum
3046 5069 3323 5138 antiquum
3348 5082 3443 5120 ve~

1867 5180 1987 5218 rum
2012 5163 2125 5218 fiat.
2164 5181 2183 5214 ι
2215 5162 2433 5233 Species
2457 5161 2572 5232 ejus
2597 5171 2657 5216 ut
2678 5162 2889 5228 Libani,
2914 5162 3118 5217 electus
3143 5169 3203 5215 ut
3229 5159 3398 5214 cedri.
3424 5178 3442 5210 ι

1866 5253 2102 5310 Libanus
2142 5252 2418 5308 Phoenicis
2450 5263 2531 5308 est
2559 5267 2734 5317 mons,
2779 5253 3041 5307 terminus
3067 5249 3265 5305 Iudaea:
3311 5264 3446 5305 con~

1867 5354 1948 5402 tra
1975 5345 2415 5416 septentrionem,
2445 5355 2499 5399 et
2525 5353 2607 5399 est
2632 5342 2898 5399 excelsior
2918 5342 3128 5397 czeteris
3153 5339 3443 5396 montibus.

1863 5435 2100 5492 Arbores
2131 5436 2273 5492 illius
2299 5437 2497 5491 montis
2522 5442 2577 5490 et
2606 5436 2930 5506 proceritate
2952 5441 3008 5488 et
3051 5432 3232 5502 specie
3260 5445 3325 5509 ac
3353 5445 3447 5485 ro-

1864 5525 1997 5581 bore
2048 5537 2366 5582 cteterarum
2408 5527 2681 5599 sylvarum
2723 5525 2865 5597 ligna
2908 5522 3243 5594 praecellunt.
3296 5519 3448 5578 Sicut

1863 5617 2080 5692 (inquit)
2106 5619 2346 5675 Libanus
2367 5621 2579 5675 ceteris
2604 5618 2880 5674 montibus
2897 5614 3097 5671 Judrca:
3128 5623 3287 5669 terra:
3317 5628 3449 5683 prm-

1863 5712 2058 5769 celsior
2082 5721 2186 5777 est,
2218 5711 2292 5766 ita
2318 5712 2647 5782 Redemptor
2675 5717 2860 5764 noster
2880 5706 3181 5778 speciosior
3219 5712 3304 5760 est
3329 5719 3446 5759 om-

1860 5804 2019 5860 nibus
2046 5802 2253 5869 electis,
2283 5802 2410 5872 quia
2438 5802 2713 5872 speciosus
2739 5809 2825 5856 est
2847 5798 3021 5855 forma
3047 5813 3161 5870 pra:
3185 5796 3309 5852 filiis
3351 5796 3444 5851 hn-

1864 5897 2087 5952 minnm.
2140 5896 2210 5950 Et
2247 5895 2388 5951 sicut
2417 5893 2693 5966 pulchrior
2716 5900 2800 5949 est
2823 5900 2878 5947 et
2919 5890 3197 5949 procerior
3237 5886 3443 5943 caeteris
