3950 6448
504 446 610 505 535

498 658 602 699 nes
624 645 692 700 ab
720 642 872 697 initio
893 639 1072 696 saeculi
1102 646 1334 694 sanctos.

552 797 599 829 ιι
630 777 827 833 Gnttur
855 775 998 830 illius
1023 772 1423 829 suavissimum.
1462 790 1483 825 ι
1527 770 1787 841 Superius
1815 785 1912 841 per
1940 768 2081 826 labia

503 869 704 942 sponsi,
735 869 897 924 verba
920 867 1037 937 ejus
1084 866 1357 921 intellecta
1398 872 1555 928 sunt,
1603 878 1746 919 nunc
1770 879 1866 934 per
1902 873 2086 935 guttur

504 968 739 1033 ipsorum
760 961 1050 1015 verborum
1077 958 1303 1012 interior
1329 956 1555 1011 dulcedo
1578 956 1940 1027 signiﬁcatur,
1976 971 2081 1025 qua

503 1053 808 1109 intellectus
831 1060 1019 1108 noster
1051 1050 1495 1128 reﬁcitur.‘Unde
1515 1058 1570 1104 et
1588 1049 1912 1127 Psalmista:
1945 1068 1964 1101 ι
1982 1048 2086 1105 Gu-

504 1153 663 1201 state-
688 1154 743 1199 et
782 1143 964 1199 videte
998 1143 1253 1213 quoniam
1284 1141 1465 1196 suavis
1510 1149 1593 1195 est
1634 1140 1917 1195 Dominus.
1950 1159 1969 1192 ι
2020 1140 2089 1195 Et

502 1236 652 1291 multi
689 1233 905 1304 quidem
961 1232 1123 1287 verba
1153 1230 1361 1286 Domini
1413 1229 1571 1285 facile
1621 1230 1917 1300 intelligere
1962 1246 2086 1300 pos—

502 1335 647 1390 sunt,
680 1324 774 1380 sed
806 1325 959 1394 pauci
988 1332 1111 1378 sunt
1139 1323 1230 1392 qui
1268 1321 1604 1376 dulcedinem
1639 1322 1847 1377 illorum
1876 1322 2089 1378 valeant

506 1420 827 1490 penetrare;
876 1416 979 1471 hoc
1005 1423 1089 1470 est
1135 1414 1226 1485 qui
1275 1422 1540 1484 praecepta
1590 1415 1775 1469 Deiex
1822 1430 2004 1470 amore
2034 1423 2089 1471 et

502 1508 770 1563 desiderio
810 1506 1059 1562 studeant
1089 1504 1403 1575 adimplere.
1461 1523 1479 1555 ι
1515 1503 1583 1558 Et
1620 1512 1762 1560 totus
1811 1505 2085 1560 desidera-

501 1598 646 1654 bilis.
678 1617 696 1650 ›
727 1596 809 1653 Ac-
830 1597 875 1653 si
916 1597 1153 1652 diceret:
1186 1596 1323 1664 Quid
1356 1611 1453 1667 per
1474 1597 1682 1669 singula
1708 1597 1947 1653 membra
1970 1596 2088 1667 ejus

504 1689 856 1745 describendo
884 1688 1183 1743 immorer?
1224 1688 1388 1742 Totus
1413 1696 1497 1743 est
1525 1688 1898 1744 desiderabilis
1926 1705 2088 1759 spon-

503 1797 597 1839 sus
623 1799 792 1839 meus.
836 1782 1024 1848 Totus,
1059 1781 1255 1852 inquit,
1295 1782 1418 1852 quia
1444 1780 1717 1852 perfectus
1756 1781 1918 1845 Deus,
1957 1798 2084 1853 per-

504 1875 678 1931 fectus
716 1875 897 1931 homo.
932 1872 1100 1928 Totus
1132 1887 1262 1944 ergo
1286 1871 1657 1928 desiderabilis
1703 1881 1805 1936 est,
1838 1873 1960 1943 quia
1987 1887 2080 1927 an-
2110 1891 2154 1951 Β

504 1966 650 2035 gelos
676 1973 731 2021 et
776 1965 977 2020 electos
1022 1977 1263 2034 quosque
1308 1963 1376 2017 ad
1411 1978 1567 2018 suum
1603 1964 1846 2019 accendit
1874 1964 2081 2019 deside-

502 2061 660 2125 rium,
710 2060 866 2131 juxta
915 2058 1056 2128 quod
1082 2056 1372 2128 Apostolus
1399 2056 1565 2112 dicit:
1618 2074 1637 2106 ‹
1674 2056 1729 2110 1η
1756 2072 1913 2126 quem
1940 2056 2082 2112 desi-

502 2152 695 2207 derant
720 2150 891 2220 angeli
921 2148 1251 2219 prospicere,
1289 2166 1305 2198 »
1337 2154 1389 2201 et
1413 2162 1520 2217 quo
1550 2146 1773 2201 vicinius
1796 2147 2077 2217 accipitur,

501 2241 608 2295 hoc
630 2238 821 2309 majori
844 2238 1109 2294 desiderio
1137 2237 1202 2293 ad
1242 2254 1300 2294 se
1326 2236 1692 2309 aspiciendum
1716 2245 1970 2307 provocat
1997 2236 2080 2294 in-

515 2340 736 2387 tuentes.
775 2349 793 2381 ι
824 2329 973 2385 Talis
1010 2338 1091 2385 est
1115 2328 1341 2385 dilectus
1364 2345 1534 2395 meus,
1564 2338 1618 2383 et
1637 2330 1739 2385 iste
1767 2339 1850 2385 est
1876 2332 2079 2387 amicus

512 2434 676 2485 meus,
701 2420 821 2475 ﬁli-.e
852 2419 1208 2476 Hierusalem.
1234 2441 1251 2473 ι
1284 2419 1534 2481 Dilectus,
1564 2420 1687 2489 quia
1717 2435 1814 2490 per
1840 2420 1996 2475 ﬁdem
2025 2428 2079 2476 et

500 2508 822 2569 tharita‘tem
866 2510 940 2565 illi
968 2511 1240 2567 inlimreo:
1275 2512 1481 2566 amicus
1513 2525 1671 2575 vero,
1723 2512 1846 2580 quia
1884 2526 1970 2565 me
2013 2512 2079 2567 de

501 2586 713 2659 vinculo
742 2603 948 2673 peccati
977 2603 1335 2673 redemptam,
1386 2602 1615 2655 amicam
1644 2617 1792 2656 suam
1816 2610 1871 2655 et
1903 2617 2078 2657 secre-

501 2703 682 2751 torum
717 2708 932 2749 suorum
961 2693 1233 2748 consciam
1271 2691 1447 2747 facere
1476 2692 1725 2763 dignatus
1771 2700 1872 2745 est.
1905 2691 2075 2759 Quem

504 2796 710 2859 quanto
726 2787 848 2857 plus
864 2785 1092 2855 quisque
1110 2783 1299 2856 diligit,
1316 2793 1464 2840 tanto
1480 2783 1713 2838 amicitia
1740 2781 1855 2852 ejus
1868 2784 2078 2855 dignior

504 2877 752 2934 efﬁcitur.

518 3008 525 3015 ’
579 3029 597 3062 ι
626 3008 743 3078 Quo
783 3010 917 3066 abiit
955 3010 1181 3067 dilectus
1213 3020 1369 3078 tuus,
1411 3027 1445 3067 ο
1484 3012 1839 3083 pulcherrima
1883 3014 2073 3069 mulie-

505 3099 662 3154 rum?
689 3119 708 3152 ι
744 3097 859 3155 Vox
888 3108 970 3155 est
1014 3100 1244 3156 ﬁliarum
1290 3099 1655 3170 Hierusalem,
1692 3103 1745 3157 id
1773 3111 1855 3158 est
1893 3103 2080 3158 Eccle-

500 3191 743 3257 siarum,
802 3192 916 3248 sive
968 3192 1132 3247 etiam
1189 3193 1510 3266 animarum)
1549 3205 1879 3251 Sanctarum.
1939 3198 2072 3252 Nam

971 438 1327 498 HAYMONIS
1361 435 1835 493 HALBERSTA’I‘.
1884 438 2098 490 EPISC.
2136 434 2287 490 OPP.
2328 435 2507 491 PARS
2542 435 2583 490 l.
2620 466 2692 477 —-
2727 434 3087 497 COMMENT.
3122 433 3297 490 BlBL.

505 554 808 619 arboribus,
836 552 911 607 ita
932 558 986 605 et
1028 549 1115 605 ille
1139 548 1313 620 gratia
1342 544 1639 603 divinitatis
1681 542 1936 614 praecellit
1963 559 2076 599 om-
2102 546 2153 605 Α

3657 440 3756 493 ὸδῢ

2780 543 3006 601 CAPUT
3064 544 3149 600 Vl.

2259 649 2278 683 ι
2327 632 2564 689 Dilectus
2605 648 2757 689 meus
2801 634 3078 689 descendit
3128 636 3181 689 in
3228 636 3442 691 hortum
3489 652 3649 691 suum
3698 638 3760 691 ad

2183 722 2418 795 areolam
2456 724 2743 789 aromatis,
2792 735 2852 778 ut
2888 736 3143 794 pascatur
3186 724 3239 779 in
3289 726 3497 789 hortis,
3549 736 3607 782 et
3655 727 3761 783 lilia

2184 814 2418 884 colligat.
2450 835 2469 866 ι
2502 813 2620 869 Jam
2666 831 2825 886 supra
2874 816 3019 871 docti
3070 831 3258 870 sumus
3307 817 3399 886 qui
3450 819 3523 874 sit
3569 820 3761 874 hortus

2183 903 2418 969 ChriSti,
2456 913 2641 960 sancta
2686 904 2935 959 videlicet
2980 904 3243 971 Ecclesia,
3270 906 3337 961 dc
3369 922 3473 976 qua
3510 908 3762 977 superius

2185 998 2389 1053 dictum
2416 1006 2501 1052 est
2528 1016 2542 1051 :
2566 1016 2584 1049 ε
2610 998 2810 1055 Hortus
2835 998 3123 1055 conclusus
3151 1015 3306 1056 soror
3332 1016 3449 1056 mea
3483 1016 3709 1071 sponsa.
3736 1020 3756 1054 ι

2186 1087 2470 1143 Descendit
2494 1089 2710 1162 (inquit)
2738 1089 2985 1145 Christus
3012 1090 3067 1145 in
3088 1091 3302 1146 hortum
3330 1108 3485 1147 suum
3515 1094 3585 1148 ad
3610 1108 3762 1148 areo.

2187 1184 2312 1251 lam,
2339 1202 2499 1256 quem
2533 1189 2646 1257 ipse
2678 1188 3001 1257 pneparavit
3027 1195 3083 1243 et
3111 1186 3367 1250 excoluit,
3396 1203 3559 1257 quem
3595 1189 3762 1242 virtu-

2187 1286 2299 1330 tum
2341 1277 2673 1346 germinibns
2717 1279 2976 1341 consevit,
3013 1294 3172 1346 quem
3200 1295 3295 1334 sua
3326 1280 3501 1349 gratia
3523 1279 3758 1334 illustra-

2184 1368 2282 1434 vit,
2314 1384 2471 1439 quem
2521 1384 2677 1424 muro
2709 1386 2820 1425 sua:
2848 1371 3104 1427 custodiae
3141 1372 3210 1426 ab
3250 1371 3467 1426 incursu
3499 1371 3761 1443 maligno-

2186 1472 2305 1513 rum
2332 1459 2617 1527 spirituum
2664 1457 2918 1514 defendit.
2956 1459 3024 1514 Et
3066 1460 3203 1515 bene
3248 1460 3302 1514 in
3344 1461 3562 1515 bonum
3608 1475 3764 1515 suum

2184 1549 2524 1605 descendisse
2553 1549 2773 1615 dicitur,
2807 1566 2932 1620 nam
2963 1550 3017 1605 in
3056 1552 3215 1606 horto
3241 1551 3457 1620 sepeliri
3487 1549 3685 1615 voluit,
3714 1561 3764 1605 et

2181 1640 2416 1711 primum
2448 1638 2630 1694 Mariae
2659 1640 2984 1713 Magdalente
3012 1643 3065 1697 in
3091 1642 3251 1699 horto
3275 1643 3548 1713 apparuit,
3581 1643 3765 1713 ibique

2184 1724 2576 1803 quodammodo
2594 1735 2860 1805 primitias
2881 1735 3135 1791 Ecclesia:
3154 1737 3513 1792 consecravit.
3533 1736 3766 1791 Descen-

2183 1824 2327 1878 disse
2361 1824 2575 1890 dicitur,
2612 1824 2828 1896 quando
2859 1826 2925 1882 de
2959 1827 3328 1897 superioribus
3364 1837 3420 1883 et
3444 1826 3764 1883 caelestibus

2182 1911 2398 1976 sedibus
2426 1913 2480 1967 in
2509 1912 2724 1968 hortum
2749 1914 3056 1982 descendit,
3086 1930 3247 1985 quem
3266 1916 3392 1985 ipse
3422 1915 3614 1969 humili
3649 1914 3763 1969 loco

2180 2001 2482 2072 plantavit:
2518 2004 2611 2058 sed
2640 2004 2707 2058 ad
2752 2004 2856 2059 hoc
2894 2004 3006 2074 ipse
3048 2005 3339 2068 descendit,
3373 2014 3433 2059 ut
3459 2006 3656 2060 hortus
3690 2006 3763 2075 (id

2180 2110 2264 2154 est
2300 2098 2561 2170 Ecclesia)
2594 2099 2711 2170 ejus
2753 2099 2820 2154 ad
2858 2099 3029 2169 ipsum
3061 2100 3394 2156 ascenderet.
3425 2099 3581 2154 Unde
3610 2109 3672 2153 et
3710 2099 3761 2152 in

2179 2189 2526 2260 sequentibus
2574 2190 2639 2244 de
2686 2190 2876 2255 horto,
2918 2187 2969 2243 id
3013 2197 3096 2244 est
3135 2189 3373 2245 Ecclesia
3416 2204 3550 2253 sua,
3583 2188 3758 2243 dicit:

2186 2302 2204 2334 ι
2240 2282 2369 2349 Quae
2410 2291 2492 2337 est
2538 2282 2641 2337 ista
2672 2297 2791 2351 quae
2824 2280 3066 2337 ascendit
3109 2295 3207 2350 per
3230 2271 3545 2337 desertum!
3570 2300 3589 2332 ι
3634 2299 3654 2330 ι
3682 2280 3763 2333 Ad

2178 2372 2412 2427 areolam
2428 2371 2947 2444 (inquid-aromatis.
2970 2389 2989 2422 ι
3009 2370 3112 2425 Per
3128 2371 3366 2427 areolam
3384 2371 3563 2425 anima
3579 2371 3761 2441 cujus-

2178 2476 2284 2534 que
2306 2462 2476 2517 ﬁdelis
2505 2448 2985 2533 intelligitur,'quze
3006 2463 3284 2534 disciplina
3310 2463 3516 2518 caelesti
3544 2463 3758 2518 exculta

2178 2562 2236 2609 et
2263 2553 2549 2625 diligenter
2575 2556 2894 2625 composita,
2918 2571 2981 2609 ac
3007 2555 3233 2611 laterum
3264 2556 3534 2625 parilitate
3554 2573 3761 2626 exquac

2179 2645 2329 2700 drata
2360 2654 2461 2700 est.
2500 2663 2518 2695 ι
2551 2644 2621 2700 Ut
2654 2655 2906 2715 pascatur
2950 2647 3165 2716 (inquit)
3212 2647 3264 2700 in
3310 2647 3503 2711 hortis,
3535 2667 3555 2699 ι
3588 2647 3646 2702 id
3680 2658 3760 2702 est

2179 2744 2237 2789 nt
2280 2735 2384 2805 piis
2430 2744 2737 2791 sanctorum
2787 2735 3060 2792 laboribus
3093 2736 3402 2792 delectetur.
3448 2737 3569 2807 Ipse
3613 2739 3755 2791 enim

2162 2824 2334 2905 (bonis
2362 2828 2566 2883 nostris
2587 2828 2845 2898 pascitur,
2871 2829 2925 2883 in
2957 2836 3184 2893 tantum,
3210 2838 3270 2883 ut
3298 2830 3349 2882 in
3378 2844 3616 2901 paupere
3644 2832 3754 2899 ipse

2177 2918 2470 2974 reﬁciatur.
2493 2940 2510 2971 ι
2533 2918 2599 2974 Et
2619 2920 2726 2975 lilia
2748 2920 2967 2992 (inquit)
2989 2920 3231 2991 colligat,
3253 2941 3270 2973 ι
3299 2922 3402 2977 hoc
3422 2930 3525 2987 cst,
3550 2931 3610 2976 ut
3634 2938 3755 2976 san-

2177 3018 2291 3064 ctas
2305 3010 2513 3065 animas
2524 3012 2739 3066 virtutis
2752 3011 3059 3066 maturitate
3074 3012 3138 3066 ad
3154 3010 3450 3080 perfectum
3464 3014 3753 3065 candorem

2177 3102 2484 3170 perductas,
2503 3102 2569 3156 ab
2595 3103 2697 3157 hoc
2717 3102 2916 3157 mundo
2938 3102 3003 3157 ad
3026 3116 3084 3156 se
3107 3101 3323 3171 colligat
3339 3110 3394 3156 et
3412 3117 3595 3157 secum
3614 3102 3670 3155 in
3686 3120 3755 3157 m-

2180 3199 2331 3246 terna
2347 3191 2674 3246 beatitudine
2685 3191 3251 3265 gauderefaciatlilia
3264 3192 3406 3248 enim
3421 3202 3624 3247 sancta:
3638 3202 3756 3248 sunt

501 3299 700 3355 sponsa
727 3256 926 3339 Christi
976 3284 1213 3341 Ecclesia
1260 3295 1341 3342 est
1361 3326 1376 3352 ,
1422 3260 1544 3342 ﬁlia:
1588 3287 1922 3345 Hierusalem
1961 3291 2075 3361 ipsa
2103 3256 2148 3317 ί)
2179 3282 2393 3347 animm,
2419 3276 2679 3337 viriutum
2701 3262 2895 3338 studiis
2918 3292 2972 3337 et
2991 3282 3144 3338 bonis
3167 3284 3420 3354 operibus
3436 3286 3753 3339 candidatur.

502 3373 746 3429 Ecclesia
782 3381 904 3439 est,
954 3390 1072 3444 quae
1122 3390 1190 3429 ex
1238 3375 1462 3446 singulis
1515 3374 1751 3430 ﬁdelium
1800 3379 2079 3433 animabus

507 3474 741 3523 constat.
771 3464 940 3520 Aiunt
962 3480 1123 3537 ergo:
1159 3466 1304 3533 «Quo
1330 3465 1700 3522 abiitdilectus
1730 3475 1874 3536 tuus,
1899 3484 1932 3524 o
1958 3470 2079 3539 pul-

480 3555 780 3611 cherrima
809 3554 1130 3611 mulierum?
1172 3556 1288 3622 Quo
1328 3556 1615 3612 declinavit
1648 3556 1873 3613 dilectus
1926 3559 2081 3614 tuus?

506 3654 562 3699 et
573 3659 877 3717 quaeremus
901 3660 1022 3700 eum
1049 3653 1278 3699 tecum.»
1299 3642 1651 3713 Adjuraverat
1669 3646 1811 3700 enim
1835 3648 2081 3717 superius

504 3712 619 3806 ipsa
656 3712 849 3804 sponsa
882 3732 1018 3787 ﬁlias
1057 3712 1416 3800 Hierusalem,
1446 3742 1504 3788 ut
1530 3735 1841 3790 nuntiarent
1886 3712 2081 3805 sponso

506 3823 650 3893 quod
685 3838 868 3877 amore
897 3822 1013 3892 ejus
1051 3822 1359 3892 langueret;
1395 3822 1858 3893 interrogaverunt
1882 3826 2081 3878 eaedem

507 3912 631 3967 filiae
661 3910 1019 3978 Hierusalem,
1051 3911 1227 3982 qualis
1251 3920 1394 3968 esset
1421 3928 1671 3983 sponsus,
1696 3921 1752 3968 et
1780 3912 1867 3968 illa
1896 3929 2082 3969 conse-

507 4011 738 4074 quenter
766 4000 996 4059 formam
1031 4004 1212 4074 sponsi
1244 4004 1325 4058 sui
1352 4013 1705 4075 exposuerat;
1738 4022 1879 4061 nunc
1917 4007 2083 4062 inter-

508 4105 700 4168 rogant
749 4096 879 4169 ipsaz
923 4096 1046 4152 ﬁliae
1093 4096 1426 4153 Hierusalem
1466 4113 1573 4169 quo
1621 4098 1814 4153 abierit
1856 4114 2084 4169 sponsus

507 4191 620 4257 ille,
648 4198 709 4244 ut
750 4198 995 4260 quaerant
1034 4206 1158 4246 enm
1202 4207 1324 4246 cum
1355 4207 1419 4246 ea
1450 4209 1461 4246 :
1508 4191 1609 4247 hoc
1657 4192 1858 4247 faciunt
1887 4201 2085 4249 sancta:

506 4281 735 4346 animae,
764 4281 978 4352 quando
1018 4281 1085 4335 ad
1125 4281 1354 4336 invicem
1386 4284 1452 4337 de
1486 4294 1682 4338 aeterna
1716 4284 1887 4340 salute
1915 4286 2083 4342 collo-

498 4373 1082 4447 .quuntur,ﬂagrantes
1111 4390 1296 4429 amore
1325 4375 1524 4430 Clu-isti
1544 4417 1559 4443 ,
1588 4387 1641 4432 et
1668 4378 1782 4448 ejus
1811 4390 2085 4449 aspectum

509 4467 919 4531 desiderantes;
968 4465 1082 4521 sive
1125 4481 1248 4520 eum
1292 4465 1574 4536 diligenter
1621 4449 1975 4539 investigarit,
2030 4472 2083 4526 in

509 4570 737 4627 quorum
784 4554 1018 4610 maxime
1064 4554 1316 4610 cordibus
1360 4555 1606 4612 Christus
1656 4559 1985 4628 requiescit,
2027 4570 2086 4615 ut

2257 3391 2274 3421 ι
2306 3371 2418 3442 Ego
2458 3370 2655 3428 dilecto
2700 3386 2852 3438 meo,
2882 3381 2937 3427 et
2979 3372 3207 3428 dilectus
3255 3389 3409 3429 mens
3452 3374 3629 3440 mihi,
3668 3376 3758 3445 qui

2180 3463 2420 3534 pascitur
2455 3462 2597 3518 inter
2627 3464 2757 3517 lilia.
2782 3483 2809 3516 ο
2850 3482 2868 3514 ‹
2898 3462 3008 3533 Ego
3045 3464 3241 3519 dilecto
3273 3479 3418 3529 meo,
3449 3485 3468 3517 ι
3505 3467 3759 3521 subaudi-

2184 3561 2291 3614 tur,
2320 3552 2548 3625 gratiam
2573 3556 3183 3625 pastionumprzeparo;
3223 3573 3241 3606 ι
3271 3564 3327 3610 et
3351 3555 3584 3612 dilectus
3607 3573 3759 3612 meus

2182 3643 2336 3709 mihi,
2366 3664 2387 3705 ρ
2430 3644 2659 3714 gratiam
2703 3645 3069 3715 perfectionis,
3100 3645 3184 3698 vel
3221 3646 3499 3716 praemium
3544 3659 3759 3703 atterunt

2185 3733 2634 3788 remunerationis
2673 3734 2968 3803 priestabit.
3000 3733 3146 3801 Sive,
3183 3754 3199 3786 ι
3232 3750 3333 3806 ego
3358 3735 3558 3790 dilecto
3587 3752 3708 3792 meo
3736 3759 3752 3789 ι

2184 3823 2237 3878 in
2266 3825 2466 3893 meipsa
2506 3824 2838 3879 mansionem
2864 3840 2998 3896 paro
3016 3865 3032 3891 ,
3061 3833 3115 3881 et
3159 3825 3383 3881 dilectus
3412 3842 3568 3882 meus
3603 3828 3757 3890 mihi.

2184 3916 2307 3984 quia
2324 3916 2438 3985 ipse
2458 3916 2510 3969 in
2534 3931 2620 3971 me
2638 3916 2861 3981 habitat,
2878 3926 2932 3973 et
2947 3933 3032 3974 me
3053 3918 3105 3973 in
3124 3935 3181 3974 se
3199 3919 3444 3974 habitare
3458 3920 3609 3986 facit,
3624 3922 3761 3977 sicut

2183 4007 2298 4078 ipse
2329 4008 2382 4061 in
2405 4007 2693 4079 Evangelia
2713 4010 2862 4076 dicit,
2885 4030 2904 4061 ι
2923 4010 3034 4082 Ego
3053 4011 3104 4066 in
3122 4012 3292 4077 vobis,
3320 4020 3377 4067 et
3402 4028 3500 4067 vos
3523 4013 3578 4067 in
3607 4030 3716 4069 me.
3736 4033 3754 4065 ι

2260 4118 2277 4150 ι
2306 4099 2535 4154 Pulchra
2572 4116 2659 4166 es,
2690 4102 2863 4157 amica
2908 4119 3056 4167 mea,
3090 4106 3271 4160 suavis
3303 4113 3359 4160 et
3397 4106 3597 4162 decora
3621 4108 3760 4164 sicut

2185 4186 2537 4244 Hierusalem.
2583 4209 2602 4241 ι
2660 4189 2942 4258 Ωιιωιεὺειι
2998 4192 3238 4249 Ecclesia
3291 4209 3551 4265 sponsum
3607 4214 3760 4253 suum

2188 4289 2443 4352 tanquam
2472 4283 2770 4350 absentem,
2803 4285 2896 4339 sed
2922 4285 3009 4339 ille
3030 4294 3088 4340 ut
3117 4302 3174 4341 se
3199 4302 3413 4357 semper
3439 4301 3759 4359 praesentem

2186 4372 2515 4436 ostenderet,
2539 4373 2695 4442 eique
2720 4372 2786 4428 de
2811 4388 2868 4429 se
2896 4374 3218 4445 colloquenti
3242 4392 3405 4448 seque
3431 4379 3760 4445 desideranti

2188 4479 2401 4533 semper
2428 4463 2618 4518 adesse
2644 4463 3057 4531 demonstraret,
3086 4468 3194 4522 cito
3220 4470 3512 4539 respondet
3538 4489 3555 4528 :
3592 4492 3610 4525 ι
3641 4472 3762 4528 Pul-

2189 4559 2317 4612 chra
2346 4573 2426 4620 es,
2462 4558 2634 4612 amica
2664 4573 2814 4625 mea,
2843 4560 3025 4616 suavis
3048 4569 3101 4615 et
3133 4562 3326 4617 decora
3347 4563 3487 4619 sicut
3511 4565 3763 4623 Hierusa—

510 4624 697 4703 eorum
724 4646 973 4717 exemplo
997 4655 1050 4706 et
1079 4648 1486 4703 conversatione
1506 4647 1859 4704 aediﬁcentur.
1885 4649 2084 4707 Notan-
2115 4624 2164 4685 θ
2191 4646 2311 4702 lem-
2346 4666 2364 4697 ι
2403 4646 2630 4702 Ρυιοιινει
2656 4664 2735 4714 θεν
2761 4650 2886 4719 (illia
2921 4651 3185 4705 maculam
3212 4662 3268 4707 el
3295 4669 3487 4723 rugam
3511 4671 3623 4712 nou
3666 4658 3763 4711 ιιι-

510 4740 847 4796 dumautem
874 4739 1014 4810 quod
1051 4738 1265 4807 dicitur,
1295 4738 1411 4807 Quo
1441 4741 1603 4806 abiit,
1631 4740 1712 4796 vel
1743 4761 1761 4793 ι
1789 4758 1897 4813 quo
1926 4745 2087 4800 decli-

511 4830 663 4885 navit
684 4829 915 4891 dilectus
943 4832 1100 4886 tuus?
1127 4851 1145 4883 ι
1176 4830 1339 4899 Quasi
1369 4832 1512 4887 enim
1534 4834 1600 4888 ad
1627 4845 1835 4903 tempus
1854 4837 2085 4894 declinat

510 4919 639 4975 dum
670 4920 948 4990 quaeritur,
976 4930 1037 4976 ut
1080 4920 1251 4992 majus
1289 4921 1356 4978 ad
1392 4937 1452 4978 se
1496 4926 1843 4994 quaerendum
1874 4928 2085 4985 deside-

512 5012 663 5073 rium,
694 5012 906 5067 excitet.
946 5011 1028 5067 Ad
1068 5013 1169 5068 hoc
1211 5014 1352 5069 enim
1398 5013 1713 5088 plerumque
1750 5016 1928 5073 differt
1964 5028 2084 5075 vota

511 5116 567 5161 et
593 5104 869 5160 orationes
889 5114 1225 5174 sanctorum,
1255 5115 1311 5161 ut
1337 5099 1613 5163 ardentius
1633 5125 1755 5163 eum
1778 5110 2089 5168 desiderare

514 5195 801 5266 incipiant,
833 5195 973 5250 sicut
1000 5203 1053 5249 et
1080 5196 1351 5266 quondam
1379 5195 1560 5251 Maria:
1603 5213 1663 5253 se
1691 5200 1949 5267 quaerenti
1982 5217 2087 5257 non

515 5285 698 5340 statim
731 5300 790 5339 se
817 5283 1072 5350 ostendit,
1104 5285 1197 5341 sed
1228 5287 1281 5340 in
1312 5287 1491 5356 specie
1511 5287 1779 5342 hortulani
1808 5304 2086 5361 apparens,

514 5373 731 5427 tandem
761 5376 902 5444 quod
942 5375 1056 5445 ipse
1096 5377 1185 5445 qui
1227 5379 1569 5446 quaerebatur
1598 5388 1779 5445 esset,
1832 5384 2087 5439 ostendit.

515 5461 746 5517 Exaudit
797 5479 924 5533 ergo
971 5464 1219 5522 Christus
1274 5483 1485 5539 semper
1541 5470 1741 5525 electos
1790 5487 1950 5538 suos,
1997 5475 2090 5529 sed

517 5566 729 5619 semper
772 5555 922 5622 quasi
972 5554 1206 5610 declinat
1231 5597 1245 5620 ,
1286 5572 1408 5611 cum
1457 5573 1561 5613 non
1600 5560 1781 5614 statim
1823 5564 2088 5632 postulata

500 5641 782 5695 .ceucedit.
822 5641 965 5699 Bene
995 5653 1172 5700 autem
1202 5645 1417 5712 dicitur,
1452 5665 1471 5697 ι
1505 5664 1806 5718 quaeremus
1836 5662 2029 5720 tecum,
2065 5674 2081 5706 ι

517 5747 641 5785 nam
670 5734 758 5803 qui
797 5734 913 5789 sine
957 5735 1194 5793 Ecclesia
1224 5737 1497 5792 Christum
1538 5740 1759 5810 quaerit,
1806 5759 1987 5802 errare
2032 5755 2087 5802 et

517 5820 729 5895 fatigari
764 5825 959 5895 pdlcst,
987 5826 1246 5896 proﬁcere
1274 5844 1376 5882 non
1408 5838 1603 5899 potest.
2024 5826 2035 5841 '

2191 4737 2287 4793 bes
2310 4738 2536 4807 peccati,
2552 4740 2645 4794 sed
2665 4741 2809 4794 omni
2833 4740 3006 4796 nitore
3027 4743 3284 4796 virtutum
3302 4759 3516 4801 vernas.
3551 4749 3766 4803 «Amica

2192 4843 2332 4893 nica,
2354 4846 2373 4879 ι
2407 4827 2644 4883 Ecclesia
2682 4829 2768 4884 vel
2814 4830 2992 4885 anima
3031 4849 3257 4903 qumque
3298 4835 3489 4893 ﬁdelis.
3525 4858 3544 4890 ‹
3575 4838 3766 4895 Suavis

2190 4927 2245 4972 et
2273 4919 2465 4974 decora
2495 4919 2635 4974 sicut
2660 4918 3015 4979 Hierusalem.
3043 4944 3062 4976 ι
3098 4919 3454 4995 Ηίριιυειιηιῐι,
3486 4945 3608 5000 quze
3630 4933 3766 4986 visio

2194 5010 2339 5080 pacis
2369 5011 2789 5081 interpretatur,
2832 5013 2978 5068 illam
3009 5030 3297 5086 supernam
3326 5019 3603 5076 civitatem
3630 5023 3770 5076 desi-

2191 5111 2341 5172 gnat,
2378 5102 2429 5156 in
2460 5118 2564 5173 qua
2592 5113 2675 5159 est
2704 5120 2831 5159 vera
2871 5122 2977 5176 pax
3020 5115 3074 5161 et
3125 5106 3382 5177 felicitas;
3414 5113 3542 5182 quia
3582 5114 3652 5167 ibi
3693 5116 3769 5168 sic

2191 5194 2424 5259 gaudent
2453 5194 2624 5249 saneti
2653 5194 2719 5249 de
2744 5211 2967 5251 munere
2985 5237 3001 5262 ,
3029 5207 3088 5252 ut
3118 5213 3224 5252 non
3263 5200 3333 5254 sit
3360 5201 3505 5269 quod
3556 5202 3772 5257 doleant

2195 5287 2261 5340 dc
2295 5288 2655 5357 corruptione.
2686 5287 2827 5359 Ergo
2850 5288 3111 5355 Ecclesia,
3153 5306 3275 5362 quae
3306 5293 3497 5359 adhuc
3526 5295 3582 5349 in
3610 5298 3773 5350 terris

2190 5384 2290 5439 ist,
2316 5376 2398 5430 vel
2430 5377 2608 5431 anima
2627 5393 2854 5447 qumque
2882 5377 3079 5447 ﬁdelis,
3108 5381 3174 5435 ad
3201 5381 3606 5439 similitudinem
3630 5386 3775 5441 illius

2195 5467 2528 5523 Hierusalem
2558 5470 2738 5525 suavis
2762 5479 2846 5527 est
2888 5480 2942 5526 et
2988 5474 3201 5539 decora,
3233 5475 3361 5544 quia
3405 5475 3553 5530 illam
3584 5492 3774 5547 pacem

2196 5558 2248 5613 in
2277 5569 2538 5629 quantum
2566 5569 2741 5629 potest
2760 5562 3025 5617 imitatur.
3055 5562 3341 5633 Sequitur:
3375 5583 3393 5617 ι
3425 5568 3694 5623 terribilis
3719 5579 3777 5623 ut

2196 5660 2497 5708 castrorum
2538 5654 2683 5708 acies
2723 5656 2989 5709 ordinata.
3024 5676 3042 5708 ι
3089 5656 3368 5712 Terribilis
3402 5668 3487 5713 est
3532 5659 3777 5715 Ecclesia

2197 5743 2443 5811 malignis
2490 5744 2765 5814 spiritibus
2788 5766 2825 5808 ,ί
2849 5754 2900 5799 et
2947 5756 3030 5802 Cal.
3075 5747 3320 5801 ordinata
3367 5758 3424 5803 ut
3466 5762 3780 5806 castrorum

2195 5838 2376 5905 acies,
2423 5855 2543 5895 cum
2588 5840 2836 5898 videlicet
2886 5842 3248 5914 unusquisque
3304 5842 3477 5903 ﬁdelis
3524 5847 3784 5901 ordinem
