3950 6432
229 458 331 514 337

1192 460 1585 521 ENARRATIO
1618 461 1684 517 1N
1722 460 2015 519 CANTICA
2049 465 2513 528 CANTICORUM.

3361 477 3467 533 338

231 589 384 628 suum
415 582 469 630 et
497 575 828 630 vocationem
857 591 1010 631 suam
1036 586 1182 632 recte
1210 578 1460 633 custodit.
1493 578 1626 632 Tres
1653 578 1797 631 enim
1827 580 1869 637 A
1906 586 1991 632 tur
2028 588 2086 632 ut
2145 558 2451 651 quicunque
2487 574 2607 653 per
2637 586 2996 656 ignorantiam
3050 580 3383 657 peccaverit,
3422 598 3479 645 et

231 674 352 720 sunt
385 667 603 721 ordines
632 667 885 722 Ecclesia:
914 686 926 721 :
958 669 1237 723 doctorum
1258 711 1272 734 ,
1301 669 1718 731 continentium,
1747 675 1801 723 et

231 760 640 830 eoujugalorum
669 776 683 814 :
716 775 837 830 quae
882 760 1090 831 species
1130 760 1183 814 in
1217 762 1388 814 tribus
1413 761 1544 814 viris
1571 760 1674 815 illis
1710 760 1800 813 de-

226 862 537 907 monstrata:
567 862 710 917 sunt,
750 854 881 920 Noe,
923 854 1107 910 Daniel
1156 865 1208 911 et
1233 855 1353 912 Job.
1386 856 1497 910 Noe
1535 857 1678 931 enim
1708 855 1797 925 qui

228 943 369 996 inter
393 942 586 998 fluctus
622 960 802 998 arcam
850 946 1020 1009 rexit,
1058 957 1273 1002 sanctus
1315 947 1559 1003 doctores
1598 945 1798 1018 signiﬁ-

226 1044 341 1101 cat;
380 1034 582 1100 Daniel,
615 1037 806 1092 caelebs
835 1047 888 1091 et
912 1044 1112 1100 fastus.
1139 1040 1523 1094 continentium
1554 1039 1796 1093 ordinem

224 1126 524 1194 signiﬁcat;
557 1125 680 1193 Job,
706 1128 794 1193 qui
825 1144 1049 1183 uxorem
1081 1129 1267 1184 habuit
1292 1138 1347 1184 et
1372 1130 1528 1194 ﬁlios,
1552 1128 1795 1184 ordinem

223 1219 630 1288 coniugatorum
672 1222 943 1291 exprimit.
978 1224 1118 1295 Ergo
1161 1223 1401 1279 Ecclesia
1440 1224 1685 1278 ordinata
1713 1232 1798 1279 est

222 1313 361 1366 sicut
388 1314 533 1368 acies
559 1322 880 1379 castrorum,
909 1315 1033 1385 quia
1060 1315 1424 1384 unusquisque
1453 1313 1585 1369 ordo
1608 1313 1821 1379 Eccles

221 1403 312 1458 site
332 1405 476 1459 velut
500 1406 551 1460 in
573 1406 688 1461 acie
710 1417 897 1463 contra
926 1408 1109 1463 hostes
1128 1407 1482 1476 malignorum
1509 1407 1792 1476 spirituum

219 1498 487 1563 consistit,
524 1500 649 1553 dum
694 1501 861 1555 sancti
902 1500 1149 1555 doctores
1192 1499 1560 1570 przedicationi
1606 1507 1660 1553 et
1701 1499 1794 1553 do-

219 1588 407 1642 ctrinae
447 1602 666 1657 operam
708 1590 1041 1659 impendunt.
1070 1588 1438 1653 Continentes,
1465 1604 1584 1658 qua:
1609 1587 1792 1643 mundi

218 1690 342 1735 sunt
372 1691 813 1746 contemnentes,
844 1690 1049 1737 tantum
1086 1698 1205 1751 qua:
1240 1681 1335 1736 Dei
1374 1691 1498 1735 sunt
1533 1682 1789 1752 cogitant,

218 1778 269 1825 et
312 1770 483 1826 libera
522 1787 554 1824 a
595 1772 823 1827 terrenis
852 1772 1293 1842 occupationibus
1322 1780 1521 1836 mente,
1553 1771 1651 1825 soli
1684 1770 1792 1825 Deo

219 1872 429 1918 vacant.
476 1862 758 1935 Conjugati
807 1863 1163 1935 cleemosynis
1207 1871 1262 1917 et
1308 1862 1516 1918 caeteris
1567 1862 1792 1918 actualis

1900 673 2213 741 cognoverit
2247 684 2454 727 reatum
2484 691 2661 742 suum,
2697 676 2885 733 oﬁ‘erat
2920 694 3020 752 pro
3045 680 3239 736 delicto
3264 697 3362 738 suo
3391 697 3477 737 ca-

1897 775 2049 831 pram
2098 761 2153 816 in
2196 763 2589 819 holocaustum.
2622 766 2811 838 Capilli
2860 787 2990 842 ergo
3033 772 3285 828 Ecclesize
3327 777 3473 846 gregi

1898 865 2181 920 caprarum
2212 866 2611 924 comparantur,
2642 859 2766 925 quia
2802 863 2998 918 sancti.
3027 863 3117 931 qui
3154 873 3280 919 sunt
3309 879 3473 920 mem-

1896 939 1991 993 bra
2030 940 2283 996 Ecclesiae
2299 983 2323 1025 ξ
2344 959 2533 998 omnes
2561 954 2742 1001 reatus
2770 950 3113 1018 cogitationis
3140 969 3250 1008 sua:
3277 970 3374 1025 per
3396 954 3476 1009 di-

1895 1044 2055 1099 gnam
2100 1016 2469 1101 ptnnite'h’tiam
2508 1045 2563 1089 et
2607 1052 2703 1106 per
2738 1016 3003 1109 lttcrymas
3031 1043 3189 1113 iustae
3217 1016 3475 1117 compun-

1894 1120 2091 1176 ctionis
2120 1123 2301 1178 delere
2338 1133 2612 1196 satagunt.
2660 1127 2803 1183 Bene
2831 1138 3011 1185 autem
3052 1133 3117 1188 de
3160 1146 3341 1192 monte
3371 1136 3476 1192 Ga-

1895 1210 2015 1265 laad
2044 1214 2359 1282 apparuisse
2386 1215 2654 1270 dicuntur.
2682 1215 2886 1273 Galaad
2918 1220 3304 1290 interpretatur
3328 1230 3475 1282 acer-'-

1893 1316 1991 1355 vus
2022 1303 2335 1359 testimonii.
2368 1305 2600 1377 Ideoque
2629 1322 2727 1377 per
2752 1307 2953 1365 Galaad
2985 1326 3136 1367 mens
3164 1323 3473 1371 sanctorum

1893 1391 2223 1463 designatur,
2264 1395 2355 1465 qui
2402 1406 2527 1451 sunt
2571 1412 2795 1453 acervus
2834 1400 3168 1466 testimonii,
3220 1405 3472 1472 quoniam

1892 1486 2070 1539 omnia
2113 1502 2233 1556 quae
2260 1487 2441 1542 saeculi
2490 1498 2617 1544 sunt
2654 1490 2951 1561 negligere,
2996 1502 3051 1547 et
3088 1491 3258 1548 solum
3307 1493 3476 1550 Deum

1891 1572 2200 1629 desiderare
2231 1577 2655 1650 evidentissimis
2692 1572 2983 1636 attestatur
3026 1582 3259 1638 indiciis.
3290 1582 3478 1640 Potest

1890 1663 2051 1718 etiam
2083 1682 2177 1736 per
2192 1667 2395 1722 Galaad
2433 1669 2546 1739 ipse
2573 1671 2830 1727 Dominus
2857 1680 2910 1727 et
2940 1672 3266 1745 Redemptor
3289 1682 3475 1731 noster
3534 1660 3543 1671 ’

1891 1755 2135 1827 intelligi.
2169 1757 2371 1813 Galaad
2406 1761 2547 1815 enim
2586 1770 2642 1816 et
2668 1764 2868 1819 montis
2906 1774 2961 1820 et
2996 1765 3231 1821 civitatis
3273 1782 3470 1823 nomen

1890 1855 1993 1903 est.
2032 1849 2107 1903 De
2133 1859 2317 1904 monte
2342 1866 2471 1920 ergo
2494 1850 2696 1907 Galaad
2725 1867 2858 1924 grex
2882 1869 3170 1925 caprarum
3200 1858 3472 1927 apparuit,

218 1953 341 2008 vitae
360 1954 611 2024 operibus
635 1953 791 2009 bouis
817 1954 1089 2019 insistunt,
1115 1955 1297 2024 sicque
1324 1962 1548 2008 utuntur
1568 1955 1787 2019 mundo,

1895 1938 2019 2007 quia
2048 1938 2285 1994 Ecclesia
2318 1956 2481 2009 super
2507 1940 2782 1998 Christum
2805 1955 2888 2000 est
2911 1944 3153 2012 fundata,
3182 1950 3323 2003 sicut
3358 1950 3471 2020 ipse

126 2106 135 2129 ἐ
221 2051 279 2097 ut
305 2059 424 2115 qua:
451 2043 542 2099 Dei
573 2055 699 2100 sunt
738 2061 844 2099 non
874 2046 1141 2100 deserant.
1172 2045 1298 2101 Haec
1334 2060 1462 2117 ergo
1503 2046 1795 2101 ordinatis-

223 2134 356 2189 sima
422 2135 693 2206 dispositio
749 2135 1003 2191 Ecclesia:
1062 2137 1315 2192 terribilis
1363 2145 1447 2191 est
1502 2136 1792 2192 immundis

219 2224 511 2292 spiritibus,
540 2226 685 2281 velut
709 2227 854 2281 acies
876 2236 1177 2282 castrorum
1201 2226 1268 2282 ad
1298 2227 1492 2282 bellum
1518 2227 1784 2291 ordinata.

217 2313 342 2371 Sive
366 2317 588 2387 pulchra
619 2328 702 2374 est
727 2320 963 2375 Ecclesia
990 2330 1044 2374 et
1067 2320 1261 2375 decora
1292 2322 1430 2375 sicut
1458 2319 1789 2376 llierusalem

212 2411 265 2466 lu
290 2411 612 2480 virtutibus;
640 2414 893 2469 terribilis
915 2429 1041 2469 vero
1069 2424 1126 2470 ut
1148 2424 1447 2470 castrorum
1473 2416 1617 2470 acies
1641 2415 1786 2470 ordi-

211 2510 373 2569 nata,
402 2504 528 2573 quia
576 2503 859 2574 imperium
895 2521 1049 2562 suum
1085 2515 1139 2561 et
1178 2514 1500 2577 potestatem
1547 2505 1789 2576 proferre

210 2608 319 2649 non
351 2602 529 2649 cessat
556 2609 725 2664 usque
754 2595 823 2649 ad
854 2596 1114 2651 terminos
1142 2596 1307 2649 totius
1334 2595 1500 2649 orbis.
1532 2593 1656 2650 Sive
1681 2603 1790 2651 ter-

209 2683 386 2739 ribilis
420 2693 505 2740 est
538 2694 599 2739 ut
623 2693 919 2740 castrorum
953 2685 1097 2741 acies
1124 2683 1539 2755 ordinata,’quia
1564 2687 1641 2741 sic
1670 2687 1787 2741 uni-

211 2785 326 2831 tate
378 2777 659 2832 charitatis
688 2792 925 2831 connexa
966 2785 1049 2831 est
1092 2785 1146 2833 et
1181 2778 1506 2849 conjuncta,
1548 2786 1606 2833 ut
1642 2778 1785 2834 nulla

206 2867 258 2921 vi
291 2866 511 2938 maligni
541 2867 730 2933 hostis,
756 2866 897 2921 nulla
932 2877 1079 2937 peste
1113 2868 1394 2923 discordia:
1426 2870 1597 2938 possit
1624 2886 1785 2939 pene-

207 2958 344 3013 trari
376 2975 390 3011 :
421 2957 554 3013 nihil
589 2958 733 3015 enim
763 2957 842 3014 sic
880 2967 1047 3015 terret
1090 2958 1352 3029 malignos
1392 2962 1614 3030 spiritus
1647 2976 1782 3031 quo-

204 3050 374 3106 modo
396 3051 651 3107 charitas.

284 3160 306 3192 σ
335 3139 531 3196 Averte
557 3140 740 3196 oculos
773 3150 890 3197 tuos
926 3158 955 3197 a
988 3158 1110 3209 me,
1138 3144 1263 3213 quia
1309 3144 1411 3215 ipsi
1454 3160 1541 3201 me
1572 3146 1785 3203 avolare

204 3232 509 3290 fecerunt.»
542 3233 616 3290 Ac
643 3235 687 3289 si
718 3235 921 3289 diceret
947 3254 960 3288 :
994 3235 1106 3307 Ego
1137 3236 1351 3307 quidem
1383 3235 1504 3293 dedi
1534 3238 1626 3293 tibi
1655 3253 1784 3294 ocn-

1894 2029 2025 2084 dicit
2053 2047 2065 2083 :
2104 2049 2122 2081 ι
2152 2030 2266 2085 Non
2305 2041 2483 2101 potest
2511 2034 2704 2090 civitas
2737 2035 2996 2094 abscondi
3026 2054 3189 2109 supra
3230 2048 3472 2096 montem

1894 2120 2091 2189 posita.
2126 2140 2144 2173 ι
2178 2121 2296 2191 lpse
2320 2132 2404 2178 est
2433 2140 2660 2180 acervus
2682 2127 2996 2192 testimonii,
3028 2129 3152 2199 quia
3184 2131 3472 2187 multitudo

1890 2213 2272 2282 prophetarum
2313 2223 2368 2269 et
2405 2215 2835 2285 patriarcharum
2865 2204 3030 2290 gestis
3068 2228 3119 2276 et
3161 2221 3378 2292 scriptis
3418 2223 3469 2277 ei

1892 2305 2259 2393 testimonium
2292 2308 2594 2378 perhibent.
2962 2326 2963 2331 ‘

1965 2416 1984 2448 ι
2022 2398 2219 2455 Dentes
2251 2401 2324 2455 tui
2347 2402 2485 2457 sicut
2513 2418 2704 2476 greges
2724 2405 2930 2473 ovium,
2956 2422 3078 2478 quas
3104 2409 3469 2464 ascenderunt

1888 2490 1956 2545 de
1982 2490 2223 2559 lavacro,
2260 2507 2452 2549 omnes
2492 2496 2737 2567 gemellis
2776 2497 3007 2566 fetibus,
3045 2509 3102 2556 et
3131 2499 3330 2557 sterilis
3358 2514 3464 2555 non

1888 2582 2053 2636 estin
2086 2583 2184 2638 eis.
2229 2602 2248 2635 ι
2285 2582 2391 2639 Per
2432 2585 2621 2643 dentes
2655 2587 2909 2644 Ecclesiae
2959 2589 3114 2646 ﬁrma
3159 2604 3466 2645 sermonum

1888 2673 2006 2745 ejus
2055 2676 2323 2732 stabilitas
2365 2677 2700 2750 intelligitur.
2756 2679 2858 2748 Qui
2908 2680 3044 2736 bene
3085 2682 3238 2753 gregi
3284 2682 3467 2737 ovium

1886 2782 2269 2842 comparantur
2321 2789 2441 2844 quae
2503 2775 2571 2830 de
2621 2774 2836 2831 lavacro
2892 2776 3282 2844 ascenderunt,
3340 2776 3467 2846 quia

1886 2861 2051 2916 verba
2083 2862 2340 2919 Ecclesiae
2365 2864 2499 2919 nihil
2542 2865 2645 2920 nisi
2672 2867 3037 2922 innocentiam
3064 2876 3118 2923 et
3153 2876 3463 2923 mansuetu-

1887 2951 2067 3005 dinem
2113 2964 2324 3019 sonant,
2354 2954 2591 3025 nihilque
2618 2957 2672 3011 in
2701 2969 2759 3011 se
2787 2956 3013 3020 fcedum,
3046 2958 3177 3013 nihil
3200 2968 3354 3029 turpe
3376 2958 3460 3013 vel

1888 3043 2221 3098 immundum
2263 3045 2526 3109 retinent,
2556 3047 2651 3101 sed
2672 3046 2887 3103 lavacro
2910 3049 3238 3103 sinceritatis
3272 3058 3328 3104 et
3361 3064 3462 3118 pu-

1891 3136 2066 3191 ritatis
2106 3136 2384 3200 lavantur,
2427 3139 2705 3194 audientes
2740 3140 2809 3194 ab
2852 3140 3109 3210 Apostolo
3145 3158 3159 3195 :
3207 3160 3228 3194 ι
3272 3141 3463 3199 Sermo

1888 3229 2062 3285 malus
2098 3245 2161 3285 ex
2207 3244 2307 3285 ore
2344 3239 2534 3285 vestro
2562 3246 2669 3285 non
2714 3232 2990 3301 procedat.
3034 3251 3052 3284 ι
3095 3232 3237 3286 Bene
3278 3241 3460 3289 autem

205 3327 290 3383 los
320 3326 685 3391 columbinos,
718 3327 910 3397 quibus
941 3343 1028 3383 me
1062 3328 1257 3383 intueri
1301 3339 1353 3384 et
1396 3345 1593 3384 arcana
1640 3329 1787 3385 Scri-
1814 3313 1858 3374 (ἶ
1890 3336 2078 3377 omnes
2117 3320 2359 3394 860101138
2399 3320 2596 3377 felibus
2630 3337 2752 3378 esse
2785 3321 3070 3388 (Ῐῖσυηῐιιΐν
3116 3323 3240 3394 (illia
3284 3338 3464 3378 sermo

203 3427 491 3488 pturarum
523 3418 836 3474 acutissime
862 3416 1145 3489 penetrare
1176 3402 1407 3487 valeres;
1437 3421 1530 3477 sed
1563 3437 1693 3478 cave
1720 3438 1787 3478 ne

205 3512 333 3565 illos
371 3510 435 3565 ad
475 3524 560 3567 me
608 3510 893 3566 videndum
932 3511 1093 3567 modo
1143 3512 1421 3568 intendere
1466 3513 1622 3581 velis,
1661 3516 1784 3585 quia

190 3601 340 3657 'dum
369 3601 421 3655 in
444 3600 695 3670 przesenti
727 3601 881 3667 vivis,
915 3616 1019 3656 non
1051 3588 1239 3672 potes:
1277 3622 1296 3653 ‹
1322 3602 1437 3669 Non
1464 3604 1606 3658 enim
1634 3605 1786 3660 vide-

205 3695 290 3749 bit
324 3709 409 3748 me
434 3694 595 3749 homo
640 3702 693 3748 et
733 3694 895 3749 vivet.
928 3713 946 3745 ι
981 3693 1113 3750 Cum
1144 3702 1325 3749 autem
1355 3684 1582 3750 vinculis
1610 3698 1787 3752 carnis

207 3783 457 3839 absoluta
484 3784 550 3837 ad
582 3798 666 3838 me
701 3784 935 3849 veneris,
970 3791 1096 3840 tunc
1127 3799 1212 3840 me
1249 3795 1434 3854 aperta
1466 3786 1672 3842 visione
1702 3787 1784 3841 vi-

207 3873 385 3937 debis,
418 3882 473 3927 et
510 3873 817 3942 implebitur
841 3875 980 3944 quod
1007 3873 1060 3927 in
1087 3874 1378 3946 Evangelio
1404 3876 1737 3945 promittitur
1768 3895 1781 3930 :

215 3985 236 4017 ι
269 3964 372 4031 Qui
415 3972 593 4017 autem
628 3962 801 4034 diligit
848 3978 962 4029 me,
1010 3963 1260 4035 diligetur
1297 3981 1327 4019 a
1358 3965 1517 4020 Patre
1553 3982 1702 4030 meo,
1733 3976 1789 4022 et

210 4070 317 4124 ego
343 4051 561 4123 diligam
589 4068 732 4118 eum,
756 4062 811 4108 et
831 4052 1188 4110 manifestabo
1209 4056 1256 4111 ei
1284 4058 1565 4128 meipsum.
1589 4079 1607 4111 ι
1634 4058 1786 4127 Quod

214 4152 397 4198 autem
424 4141 642 4207 dicitur,
674 4163 693 4195 ι
716 4142 848 4210 Quia
864 4142 964 4213 ipsi
991 4158 1078 4197 me
1105 4143 1317 4199 avolare
1343 4144 1605 4212 fecerunt,
1638 4168 1656 4199 ι
1680 4164 1787 4204 non

210 4244 301 4289 est
330 4233 622 4304 putandum
653 4233 793 4303 quod
826 4234 963 4289 Deus
1011 4243 1314 4303 quaerentes
1360 4252 1418 4291 se
1462 4237 1698 4304 deserat,
1733 4248 1789 4294 et

211 4326 288 4382 ab
326 4325 431 4380 illis
478 4326 725 4392 recedat,
769 4341 891 4381 cum
922 4326 1035 4397 ipse
1073 4327 1386 4397 praecipiat:
1419 4349 1438 4381 ‹
1471 4328 1706 4397 ρυωτίιε
1735 4339 1789 4386 et

211 4420 523 4489 invenietis,
545 4439 563 4472 ι
594 4421 688 4475 sed
718 4421 790 4475 ita
815 4421 995 4490 potius
1018 4420 1409 4491 accipiendum,
1441 4423 1564 4493 quia
1588 4434 1788 4493 quanto

208 4509 443 4580 amplius
471 4509 697 4580 quisque
727 4509 1064 4565 divinitatem
1097 4510 1390 4580 majestatis
1419 4511 1514 4567 Dei
1540 4529 1787 4583 perscru-

212 4604 324 4659 tari
351 4603 597 4669 vuluerit,
628 4620 694 4659 eo
722 4604 951 4675 amplius
982 4604 1228 4677 intelligit
1258 4622 1420 4676 quam
1456 4607 1782 4679 imperscru-

1887 3419 2197 3466 sanctorum
2223 3411 2352 3466 nihil
2391 3409 2533 3466 aliud
2561 3421 2718 3467 sonat
2750 3427 2850 3467 nec
2883 3411 3150 3482 loquitur,
3183 3412 3286 3467 nisi
3319 3414 3464 3483 quod

1888 3504 1956 3559 ad
1984 3504 2334 3581 dilectonem
2368 3505 2461 3561 Dei
2487 3512 2540 3561 et
2567 3506 2798 3577 proximi
2827 3506 3082 3576 pertinet.
3114 3505 3464 3564 Solutnmodo

1884 3596 2026 3649 enim
2050 3611 2113 3651 ea
2137 3598 2307 3651 sancti
2330 3597 2475 3667 loqui
2500 3597 2701 3652 debent
2718 3639 2733 3664 ,
2764 3611 2883 3668 qua:
2907 3597 2973 3652 ad
3002 3608 3312 3671 perpetuam
3334 3614 3457 3657 cor-

1883 3701 2075 3756 porum
2101 3697 2154 3741 et
2179 3688 2477 3742 animarum
2503 3689 2803 3758 pertineant
2836 3689 3142 3745 sanitatem.
3470 3696 3473 3699 ’

1962 3794 1980 3826 ι
2031 3775 2183 3831 Sicut
2212 3787 2396 3832 cortex
2437 3777 2565 3832 mali
2593 3777 2806 3849 punici,
2836 3778 2915 3834 sic
2948 3794 3096 3850 gena:
3125 3788 3228 3835 tuae
3256 3780 3471 3850 absque.

1884 3866 2111 3922 occultis
2131 3867 2255 3923 tuis.
2299 3854 2400 3922 {In
2429 3869 2579 3940 genis
2607 3869 2839 3925 diximus
2873 3870 3118 3939 superius
3148 3880 3456 3926 sanctorum

1885 3968 2092 4017 castam
2117 3962 2491 4017 verecundiam
2518 3962 2735 4031 ﬁgurari
2759 3978 2774 4028 ;
2798 3962 2851 4015 in
2878 3962 3083 4017 cortice
3102 3964 3227 4017 mali
3253 3965 3457 4032 punici,

1889 4054 2199 4124 mysterium
2223 4053 2485 4123 passionis
2510 4053 2743 4118 Christi,
2781 4053 3062 4108 audientes
3084 4069 3113 4107 a
3140 4053 3305 4109 Paulo
3328 4070 3456 4124 apo-

1887 4142 2026 4197 stolo
2053 4160 2066 4194 :
2095 4139 2214 4196 Noli
2257 4142 2574 4198 erubescere
2619 4156 2835 4197 crucem
2883 4141 3103 4209 Christi,
3147 4157 3322 4214 neque
3369 4160 3456 4200 me

1887 4234 2126 4288 vinctum
2154 4234 2287 4304 ejus.
2324 4234 2391 4288 Et
2428 4234 2542 4290 haec
2577 4234 2792 4306 quidem
2832 4251 3026 4306 magna
3051 4245 3210 4302 sunt,
3244 4253 3363 4308 qua:
3401 4238 3455 4295 in

1887 4332 2075 4395 aperto
2101 4333 2254 4390 sunt;
2287 4325 2520 4379 maxima
2543 4341 2670 4381 vero
2700 4336 2825 4405 sunt
2854 4326 2942 4382 illa
2971 4343 3091 4398 qua:
3113 4339 3239 4385 sunt
3260 4330 3462 4385 intrin-

1888 4431 2063 4481 secus,
2091 4416 2191 4472 hoc
2214 4426 2297 4473 est
2315 4432 2433 4488 quae
2460 4418 2513 4472 in
2537 4418 2715 4474 futuro
2742 4421 2944 4475 sanctis
2980 4433 3342 4478 reservantur.

1963 4525 1980 4558 ι
2018 4493 2307 4579 Sesaginta
2339 4516 2463 4563 sunt
2491 4509 2707 4580 reginre,
2730 4519 2784 4565 et
2820 4513 3090 4583 octaginta
3119 4514 3452 4575 concubium.

1887 4606 1941 4655 et
1965 4598 2480 4654 adelescentnlarum
2503 4616 2606 4655 non
2628 4609 2713 4656 est
2733 4617 3007 4658 numerus.
3040 4624 3059 4657 ι
3087 4603 3301 4676 Reginae
3324 4616 3449 4660 sunt

211 4694 396 4751 tabilis
424 4704 584 4764 atque
614 4674 1175 4765 incomprehensibilis
1193 4674 1291 4751 sit.
1313 4697 1379 4767 Et
1403 4699 1505 4753 hoc
1532 4674 1616 4755 est
1640 4703 1782 4771 quod
1812 4674 1861 4733 D
1888 4695 2136 4750 dOCIOI‘eS
2164 4706 2363 4750 εαιιοῐεε
2395 4694 2648 4750 Εοοιϐεἱω
2667 4736 2681 4761 .
2709 4697 2800 4766 (ιυὶ
2828 4696 3021 4754 merilO
3051 4674 3255 4755 ﬁdele!
3280 4699 3479 4755 scient

212 4786 500 4843 Psalmista
539 4787 672 4841 dicit
710 4801 725 4840 :
770 4805 788 4838 ι
821 4786 1049 4842 Accedet
1077 4787 1238 4843 homo
1271 4787 1338 4842 ad
1378 4805 1474 4843 cor
1499 4788 1698 4857 altum,
1728 4801 1782 4848 et

209 4882 544 4940 exaltabitur
575 4884 735 4939 Dens.
770 4902 788 4934 ι
822 4883 900 4938 Ac
942 4884 986 4939 si
1033 4885 1277 4940 diceret:
1319 4885 1470 4942 Licet
1516 4889 1677 4944 homo
1717 4870 1799 4944 ad-

210 4974 505 5028 videndum
553 4972 721 5028 Deum
776 4989 870 5028 eor
924 4974 1204 5040 sublevet,
1251 4977 1611 5042 exaltabitur,
1658 4980 1786 5049 quia

212 5071 450 5135 quantus
500 5063 569 5117 sit
616 5063 998 5132 comprehendi
1047 5079 1153 5119 non
1200 5075 1393 5135 potest.
1427 5086 1445 5117 c
1473 5067 1661 5139 Capilli
1711 5071 1785 5125 tui

214 5158 361 5211 sicut
390 5169 519 5223 grex
545 5170 853 5224 caprarum,
884 5171 1003 5226 quae
1032 5166 1396 5225 apparuerunt
1426 5159 1492 5212 de
1517 5159 1737 5214 Galaad.
1761 5180 1781 5214 ι

217 5246 288 5303 Hi
331 5245 580 5301 versiculi
625 5248 873 5318 superius
913 5248 1142 5319 expositi
1173 5257 1326 5313 sunt,
1356 5251 1448 5305 sed
1478 5267 1581 5306 non
1612 5253 1790 5323 pigeat

217 5339 417 5395 iterato
445 5352 729 5409 exponere,
760 5355 896 5409 quos
921 5356 1026 5395 non
1057 5341 1227 5412 piguit
1258 5339 1518 5411 Spiritum
1546 5352 1788 5402 sanctum

217 5438 485 5502 repetere.
524 5432 649 5487 Ideo
686 5433 829 5487 enim
868 5434 950 5489 bis
992 5434 1126 5489 istos
1152 5434 1446 5489 versiculos
1493 5436 1704 5506 posuit,
1735 5446 1794 5492 ut

218 5518 584 5575 certissimum
618 5529 674 5575 et
707 5520 897 5576 stabile
915 5530 1230 5599 teneremus
1266 5524 1407 5592 quod
1456 5525 1556 5579 sub
1598 5526 1793 5595 repeti-

222 5610 371 5666 tione
412 5610 723 5666 conﬁrmari
770 5613 1096 5668 audiremus.
1137 5612 1325 5684 Capilli
1371 5614 1624 5671 Ecclesiae
1671 5632 1792 5671 san-

219 5710 350 5767 ctae,
381 5701 705 5774 multiplices
734 5711 857 5758 sunt
902 5704 1175 5760 subtilium
1212 5706 1594 5776 cogitationum
1620 5709 1794 5764 varie—

223 5799 384 5848 tates.
431 5791 499 5847 Et
533 5788 673 5848 bene
703 5803 1080 5864 comparantur
1117 5795 1263 5870 gregi
1314 5810 1593 5865 caprarum
1616 5838 1630 5863 ,
1667 5813 1789 5855 nam

176 5886 183 5892 ’
223 5902 382 5960 capra
422 5887 725 5959 peccatoris
766 5887 935 5957 ﬁgura
965 5897 1065 5944 est.
1102 5889 1253 5944 Unde
1280 5897 1332 5943 et
1368 5889 1420 5943 in
1463 5888 1576 5959 lege
1606 5891 1792 5959 prrcci-

1888 4787 1977 4841 tia:
2023 4787 2179 4841 thoro
2220 4786 2363 4857 regis
2401 4786 2586 4841 mterni
2631 4789 3022 4859 propinquant,
3063 4801 3118 4846 et
3152 4791 3458 4861 spirituales

1888 4878 1999 4934 Deo
2036 4879 2174 4933 ﬁlios
2212 4880 2447 4948 pariunt.
2480 4878 2879 4951 Sexagenarius
2905 4898 3161 4940 numerus
3195 4900 3261 4941 ex
3295 4887 3457 4941 dena-

1890 4970 1972 5024 rio
1989 4979 2043 5024 et
2070 4970 2281 5024 senario
2300 4967 2597 5040 perﬁcitur.
2622 4970 2883 5026 Denarius
2901 4973 3042 5026 enim
3068 4988 3166 5045 per
3186 4976 3458 5032 senarium

1893 5060 2293 5131 multiplicatus,
2319 5060 2372 5113 in
2396 5061 2808 5130 sexagenarium
2831 5065 3126 5135 consurgit.
3152 5065 3216 5120 Et
3238 5068 3459 5124 denario

1890 5155 2261 5227 signiﬁcantur
2292 5155 2468 5210 divina
2497 5164 2786 5227 prtecepta,
2810 5166 3030 5229 propter
3052 5159 3371 5232 decalogum
3392 5161 3462 5216 le-

1890 5248 2002 5318 gis;
2035 5248 2279 5303 senarius
2309 5262 2436 5302 vero
2462 5262 2561 5317 pro
2594 5247 2927 5318 perfectione
2952 5249 3188 5320 ponitur,
3214 5252 3335 5322 quia
3365 5267 3458 5317 sex

1891 5342 2077 5398 diebus
2104 5342 2329 5413 perfecit
2356 5344 2497 5398 Deus
2532 5359 2693 5414 opera
2724 5359 2841 5398 sua.
2880 5343 3099 5415 Regina:
3136 5362 3265 5418 ergo
3305 5362 3462 5401 sexa-

1892 5436 2038 5507 ginta
2064 5450 2181 5491 esse
2208 5436 2473 5499 dicuntur,
2497 5436 2619 5505 quia
2650 5450 2741 5491 eos
2762 5435 3085 5506 signiﬁcant,
3117 5446 3175 5491 ut
3205 5436 3458 5504 diximus,

1895 5525 1985 5593 qui
2009 5524 2338 5596 perfectione
2365 5525 2604 5580 scientia:
2633 5533 2688 5580 et
2712 5526 2891 5595 operis
2916 5525 3136 5595 pollent,
3161 5535 3213 5581 et
3243 5537 3463 5598 propter

1895 5616 2066 5670 solum
2104 5631 2341 5671 amorem
2368 5615 2676 5672 Conditoris
2708 5616 2790 5671 sui
2832 5624 2887 5671 et
2924 5616 3175 5675 intuitum
3213 5633 3459 5689 superna:

1896 5708 2342 5763 remunerationis
2382 5708 2696 5778 praedicant.
2747 5706 2847 5762 llic
2881 5709 3045 5762 etiam
3080 5725 3367 5775 numerus,
3408 5712 3460 5762 id

1894 5812 1976 5856 cst
2027 5802 2430 5873 sexagenarius,
2479 5816 2544 5855 ex
2594 5801 2923 5856 duodenario
2964 5802 3251 5872 quinquies
3297 5802 3457 5858 ducto

1897 5893 2197 5947 conﬁcitur.
2248 5892 2380 5945 Nam
2430 5891 2713 5962 quinquies
2745 5892 2995 5958 duodeni,
3045 5893 3128 5948 vel
3171 5890 3454 5947 duodecies
