3950 6444
491 442 598 497 539

963 434 1313 491 llAYMONlS
1351 392 1828 489 HALBERSTAT.
1872 431 2084 488 EPlSC.
2127 427 2275 488 OPP.
2310 432 2495 489 PARS
2529 432 2570 489 Γ.
2608 462 2679 475 —-
2715 432 3068 490 COMMENT.
3108 433 3285 489 BIBL.
3340 426 3349 431 ’

3644 432 3753 490 ω

491 559 667 631 quini,
709 555 988 628 sexaginta
1028 554 1178 608 ﬁunt.
1225 552 1442 624 Reginae
1477 567 1606 623 ergo
1641 553 1919 622 sexaginta
1945 564 2063 604 esse
2095 551 2136 609 Α
2166 552 2333 614 sonis.
2391 549 2708 608 catholicam
2769 549 2844 620 (id
2886 558 2970 605 est
3019 549 3405 620 universalem)
3446 550 3757 609 Ecclesiun

492 654 774 711 dicuntur,
820 648 944 719 quia
980 645 1100 700 illos
1132 643 1438 714 signiﬁcant
1472 643 1565 712 qui
1604 643 1657 697 in
1688 641 1924 696 Ecclesia
1945 655 2066 695 con-

490 743 688 805 stituti,
709 742 944 811 quinque
958 738 1040 792 sui
1052 737 1295 806 corporis
1308 750 1500 791 sensus
1506 736 1661 803 juxta
1675 735 2064 787 institutionem

492 833 776 888 duodecim
828 828 1193 900 apostolorum
1247 836 1396 882 caste
1442 827 1732 895 disponere
1776 832 2058 879 noverunt.

489 923 811 980 Concubime
836 937 931 976 eos
967 920 1274 987 signiﬁcant
1298 918 1388 988 qui
1411 933 1517 973 non
1543 917 1756 971 sincere
1790 914 2062 972 Christum

486 1017 800 1085 praedicant,
827 1014 920 1069 sed
950 1021 1171 1084 propter
1204 994 1353 1065 lucra
1384 990 1699 1080 temporalia
1726 1007 1810 1064 vel
1840 1016 2062 1078 propter

484 1109 669 1164 laudes
702 1106 1008 1178 populares.
1046 1103 1179 1158 Nam
1210 1112 1265 1156 et
1296 1102 1413 1157 ista:
1447 1109 1573 1156 sunt
1604 1100 1830 1170 reginae,
1857 1107 1911 1154 et
1936 1105 2061 1154 ante

481 1200 699 1253 thorum
727 1195 870 1266 regis
899 1209 996 1263 per
1020 1192 1301 1248 scientiam
1327 1190 1620 1255 accedunt,
1644 1197 1699 1244 et
1734 1189 1873 1244 ﬁlios
1896 1188 2058 1257 spiri-

482 1287 659 1343 tuales
704 1294 995 1357 generant,
1034 1282 1129 1339 sed
1158 1299 1189 1337 a
1229 1296 1428 1337 corona
1454 1280 1643 1336 aeterni
1680 1279 1830 1349 regni
1872 1278 2059 1335 aliena:

481 1376 844 1433 exsistunt.Et
856 1375 993 1430 bene
1007 1371 1350 1443 octogenario
1362 1384 1587 1424 numero
1602 1367 2059 1438 comprehendun-

480 1476 573 1521 tnr
589 1508 604 1533 ,
638 1482 762 1521 nam
786 1466 874 1521 hic
893 1477 1149 1520 numerus
1172 1477 1235 1516 ex
1264 1460 1483 1515 denario
1505 1468 1559 1515 et
1579 1459 1861 1514 octonario
1885 1458 2056 1514 conﬁo

480 1561 640 1617 eitur.
673 1559 1060 1631 Octogenarius
1078 1571 1206 1612 vero
1233 1556 1286 1609 in
1302 1553 1442 1609 malo
1470 1554 1734 1622 accipitur
1746 1551 2052 1622 aliquando,

479 1663 704 1725 propter
753 1652 1191 1724 quaternarinm,
1236 1665 1343 1720 quo
1390 1648 1743 1725 multiplicato
1783 1647 2049 1703 consistit.

480 1746 869 1813 Quaternarius
895 1744 1039 1800 enim
1067 1741 1379 1811 temporalia
1417 1754 1642 1809 quaeque
1677 1746 1733 1793 et
1768 1738 2059 1809 praesentia

479 1839 774 1911 signiﬁcat,
805 1845 1028 1907 propter
1048 1845 1281 1905 quatuor
1310 1832 1497 1888 mundi
1525 1831 1742 1887 climata
1761 1871 1776 1897 ,
1811 1830 1898 1885 vel
1921 1845 2053 1900 qua-

2162 640 2397 694 conﬁcit.

2237 747 2255 780 ι
2286 729 2415 796 Qua:
2440 731 2667 802 estoista,
2691 746 2812 802 quae
2839 732 3184 802 progreditur
3204 732 3361 801 quasi
3390 747 3587 789 aurora
3617 751 3751 793 corp

2161 824 2423 894 surgens?
2458 843 2476 877 ι
2504 825 2619 879 Vox
2650 833 2733 879 est
2770 822 3088 895 Synagogze.
3120 822 3180 877 ln
3212 822 3320 877 ﬁne
3344 824 3617 894 siquidem
3642 843 3746 883 se-

2161 913 2266 968 culi
2305 930 2429 969 cum
2472 914 2621 984 plebs
2655 914 2879 970 Judaica
2918 915 2983 969 ad
3023 913 3469 984 praedicationem
3507 916 3646 971 Eliae
3688 928 3746 974 et

2158 1004 2343 1060 Enoeh
2387 1022 2648 1062 conversa
2700 1005 2871 1060 fuerit
2905 1005 2974 1059 ad
2996 1005 3326 1070 Sliristum,
3366 1006 3483 1075 ipsa
3526 1022 3743 1080 quoque

2159 1094 2547 1162 admirahitur,
2575 1095 2764 1151 dicens
2793 1113 2807 1150 z
2841 1094 2972 1161 Quae
2992 1103 3075 1150 est
3100 1095 3242 1149 ista?
3270 1094 3325 1149 id
3346 1104 3432 1150 est
3456 1106 3662 1165 quanta
3689 1109 3744 1154 et

2157 1183 2335 1253 qualis
2362 1192 2447 1239 est
2472 1184 2713 1239 Ecclesia
2729 1200 2850 1254 quae
2869 1184 3250 1254 progreditur?
3269 1184 3374 1240 hoc
3393 1194 3501 1250 est,
3528 1187 3743 1256 proﬁcit

2158 1277 2225 1334 de
2251 1278 2449 1333 virtute
2476 1277 2530 1331 in
2562 1277 2836 1332 virtutem.
2869 1276 2983 1331 Non
3006 1276 3152 1331 enim
3176 1284 3341 1340 stare,
3368 1277 3462 1331 sed
3489 1279 3743 1348 progredi

2157 1368 2354 1423 dicitur
2387 1367 2650 1431 Ecclesia,
2675 1364 2799 1436 quia
2834 1381 2941 1421 non
2970 1366 3026 1421 in
3054 1381 3173 1420 uno
3194 1365 3313 1422 loco
3339 1374 3625 1431 contenta,
3648 1368 3745 1423 sed

2159 1468 2330 1515 totum
2390 1461 2648 1515 mundum
2701 1459 2911 1515 caelesti
2976 1459 3363 1529 przedicatione
3428 1461 3737 1529 occupavit.

2157 1552 2323 1621 Quasi
2357 1567 2556 1609 aurora
2583 1552 2958 1623 progreditur,
3008 1550 3132 1620 quia
3167 1551 3454 1606 transactis
3498 1552 3749 1607 tenebris

2156 1641 2485 1698 inﬁdelitatis
2508 1683 2522 1706 ,
2561 1641 2742 1697 lumen
2767 1641 3012 1697 veritatis
3040 1641 3242 1696 habere
3266 1642 3527 1697 osmndit.
3567 1660 3587 1693 ι
3618 1642 3738 1698 Pol-

2153 1734 2280 1789 chra
2317 1743 2378 1788 ut
2406 1733 2550 1788 luna.
2586 1752 2605 1785 ι
2634 1732 2843 1787 Lunam
2876 1730 3055 1787 ferunt
3093 1732 3301 1803 physici
3327 1747 3359 1788 a
3387 1732 3504 1789 sole
3540 1731 3741 1787 illumi-

2153 1827 2292 1897 nari.
2312 1825 2380 1880 Et
2404 1824 2644 1882 Ecclesia
2683 1824 2907 1894 pulchra
2937 1832 3025 1879 est
3051 1832 3111 1878 ut
3139 1824 3288 1889 luna,
3311 1825 3438 1894 quia
3465 1825 3743 1881 charitate

475 1901 602 1983 tuor
624 1901 1040 1998 annitempora.
1067 1901 1240 1983 illecte
1262 1942 1389 1998 ergo
1417 1925 1731 1981 concubinae
1765 1925 1881 1980 istae
1902 1934 2053 1979 οειο⁸
2086 1901 2127 1958 Β
2153 1916 2333 1987 sponsi
2359 1917 2444 1971 sui
2468 1915 2671 1971 Christi
2693 1915 3051 1980 “inmittatur.
3072 1924 3126 1970 el
3148 1913 3266 1980 eius
3290 1914 3467 1984 gratia
3499 1914 3734 1986 resplen-

474 2019 620 2090 giuta
651 2035 771 2075 esse
800 2020 1069 2083 dicuntur,
1099 2019 1221 2088 quia
1247 2018 1326 2089 (ut
1345 2017 1547 2071 dictum
1569 2016 1672 2087 est)
1698 2023 1917 2086 propter
1936 2014 2048 2069 sola

477 2108 794 2179 temporalia
817 2117 870 2163 et
903 2107 1137 2162 visibilia
1166 2107 1494 2178 pradicant,
1524 2114 1579 2160 et
1607 2104 1907 2175 spiritualia
1948 2103 2048 2158 mi-

477 2214 577 2253 nus
619 2205 829 2253 curant.
867 2197 943 2252 De
980 2196 1175 2253 talibus
1210 2195 1498 2265 Apostolus
1532 2194 1747 2249 dicebat
1787 2208 1801 2247 :
1843 2210 1861 2244 ι
1910 2191 2049 2247 Sunt

473 2290 690 2359 quidam
726 2289 998 2344 Christum
1039 2288 1417 2344 annuntiantcs
1459 2302 1564 2342 non
1598 2287 1824 2351 sincere,
1864 2304 1883 2338 ι
1913 2295 2044 2352 ειε.,

473 2382 648 2437 donec
687 2381 819 2435 dicit
861 2398 875 2434 :
919 2399 938 2432 ι
984 2380 1043 2435 ln
1080 2381 1182 2435 hoc
1212 2379 1449 2452 gaudeo,
1492 2379 1587 2435 sed
1630 2387 1686 2435 et
1726 2378 1987 2451 gaudebo.
2022 2397 2039 2429 ι

478 2492 496 2523 ι
526 2472 1064 2528 Adolescentularum
1103 2489 1208 2529 non
1236 2481 1319 2528 est
1345 2488 1622 2528 numerus.
1667 2492 1688 2525 ι
1721 2471 2047 2527 Adolescen-

470 2564 595 2620 tulze
641 2572 770 2620 sunt
809 2565 1005 2621 animae
1036 2564 1149 2633 jam
1192 2565 1245 2619 in
1284 2565 1500 2620 Christo
1548 2570 1897 2636 regeneratre,
1925 2578 2044 2633 quae

468 2659 712 2730 deposita
741 2659 908 2730 primi.
934 2658 1168 2714 hominis
1201 2666 1498 2724 vetustate,
1538 2659 1593 2713 in
1630 2657 1845 2713 Christo
1882 2672 2041 2712 reno-

468 2759 605 2807 vatae
651 2760 805 2817 sunt,
853 2752 1080 2807 necdum
1125 2758 1303 2806 tamen
1351 2760 1476 2806 sunt
1526 2750 1766 2815 nobiles,
1814 2750 2041 2805 necdum

467 2843 623 2898 thoro
674 2842 817 2913 regis
868 2851 1026 2912 aptae,
1080 2841 1208 2912 quia
1252 2841 1480 2895 necdum
1530 2843 1599 2897 ad
1655 2839 2041 2910 perfectionem

465 2931 741 2987 Christum
772 2930 1098 3000 praedicandi
1140 2938 1520 2999 pervenerunt.
1559 2928 1797 2998 Quarum
1825 2945 1937 2985 non
1956 2937 2043 2985 est

465 3036 753 3085 numerus,
788 3019 916 3091 quia
954 3019 1197 3075 inﬁnitus
1230 3028 1312 3075 est
1348 3035 1605 3076 numerus
1644 3021 1951 3076 animarum
1982 3021 2038 3077 in

469 3112 685 3169 Christo
730 3113 1099 3178 credentium,
1162 3126 1264 3167 nec
1317 3112 1386 3166 ab
1444 3111 1552 3167 ullo
1624 3112 1842 3168 homine
1891 3127 2041 3168 com-

465 3203 724 3273 prehendi
752 3210 946 3274 potest.
983 3202 1246 3259 Cazterum
1267 3203 1377 3258 Deo
1407 3204 1674 3259 numerati
1699 3212 1826 3260 sunt
1850 3217 2042 3259 omnes

469 3295 646 3350 electi.
693 3293 828 3351 Nam
875 3295 1015 3366 apud
1051 3310 1211 3364 quem
1254 3294 1419 3349 etiam
1461 3295 1739 3372 stellarum
1786 3310 2044 3351 numerus

466 3384 888 3454 comprehensus
935 3390 1040 3450 est,
1093 3384 1329 3455 ignorari
1377 3399 1484 3440 non
1530 3394 1708 3455 potest
1748 3386 2042 3442 electorum

466 3485 747 3530 numerus.
1912 3529 1917 3539 ,
1984 3546 1990 3552 ε

542 3588 561 3622 ι
598 3568 714 3624 Una
743 3577 825 3623 est
843 3567 1087 3625 columba
1119 3584 1262 3634 mea,
1303 3567 1544 3639 perfecta
1588 3584 1709 3626 mea
1730 3610 1743 3635 ,
1782 3588 1800 3622 ι
1830 3570 1934 3626 hoc
1961 3581 2047 3627 est

469 3676 575 3716 una
607 3660 871 3715 catholica
896 3676 994 3729 per
1016 3661 1321 3715 universum
1347 3661 1606 3715 mundum
1635 3659 1826 3716 dlﬁ‘usa
1857 3662 2043 3718 Eccle-

468 3751 572 3816 sia,
602 3765 721 3820 quae
743 3765 810 3806 ex
832 3749 1035 3820 reginis
1052 3758 1106 3804 et
1131 3748 1561 3805 adolescentibus
1581 3759 1854 3818 constans,
1877 3752 2041 3807 etiam

467 3840 795 3896 concubinas
833 3842 1014 3906 habet,
1048 3840 1149 3895 hoc
1174 3848 1278 3906 εει,
1306 3841 1564 3910 quosdam
1596 3840 1687 3910 qui
1717 3840 1936 3896 nomine
1964 3852 2043 3897 te-

470 3948 573 3988 nus
603 3932 896 3990 Christiani
928 3933 1017 3988 vel
1045 3932 1292 3988 doctores
1324 3933 1599 3988 dicuntur.
1636 3932 1750 3988 Una
1786 3943 1871 3990 est
1911 3949 2041 4006 ergo

466 4023 743 4088 Ecclesia,
775 4025 900 4094 quia
942 4024 1234 4079 scissuram
1269 4032 1328 4078 et
1351 4023 1644 4078 schismata
1680 4038 1786 4078 non
1826 4023 2039 4093 recipit,

468 4113 563 4168 sed
592 4113 732 4168 sicut
756 4127 894 4168 unus
920 4123 1006 4169 est
1034 4112 1197 4177 Deus,
1232 4127 1338 4166 una
1369 4110 1527 4177 ﬁdes,
1556 4127 1723 4169 unum
1749 4113 2036 4183 baptisma,

470 4208 543 4257 ita
573 4220 677 4258 una
707 4212 785 4258 est
805 4202 1073 4272 generalis
1101 4202 1339 4258 Ecclesia
1371 4217 1529 4273 :qua‘.
1553 4213 1700 4259 recte
1719 4213 1774 4259 et
1793 4204 2038 4261 columba

442 4301 707 4354 avocatur,
739 4292 868 4360 quia
893 4290 1125 4361 Spiritus
1151 4293 1324 4347 sancti
1350 4293 1474 4348 dote
1491 4333 1505 4357 ,
1537 4295 1627 4364 qui
1661 4296 1713 4349 in
1736 4297 1920 4366 specie
1945 4311 2041 4353 co-

462 4382 657 4437 lumbae
708 4383 984 4452 apparuit,
1039 4381 1254 4437 Christo
1295 4395 1547 4454 sponsata
1600 4395 1654 4442 et
1702 4390 2038 4445 sanctiﬁcata

463 4480 565 4527 cst.
606 4489 624 4522 ι
660 4470 777 4527 Una
815 4479 901 4526 est
937 4471 1101 4527 matri
1137 4487 1279 4537 sum,
1328 4472 1500 4528 electa
1535 4476 1782 4548 genitrici
1830 4472 1966 4533 suae.
2010 4500 2033 4532 ι

469 4563 637 4618 Mater
664 4574 850 4619 nostra
885 4563 972 4619 illa
1018 4573 1102 4619 est
1143 4566 1376 4621 caelestis
1414 4565 1774 4635 Hierusalem,
1823 4571 1889 4625 de
1931 4587 2035 4642 qua

463 4658 750 4728 Apostolus
776 4658 905 4713 dicrt
937 4676 951 4711 :
988 4676 1007 4708 ι
1027 4657 1116 4711 llla
1146 4667 1323 4715 autem
1354 4675 1474 4731 quae
1498 4677 1711 4717 sursum
1734 4673 1817 4717 est
1843 4662 2036 4720 Hieru-

467 4747 659 4812 salem,
684 4747 851 4802 libera
873 4756 977 4814 εει,
1007 4762 1127 4817 qua:
1147 4758 1232 4804 est
1252 4759 1428 4805 mater
1452 4760 1659 4805 nostra.
1700 4771 1718 4802 ι
1755 4750 1879 4808 Haec
1905 4768 2033 4825 ergo

468 4838 705 4893 Ecclesia
728 4854 832 4893 una
857 4846 940 4894 est
961 4838 1118 4892 matri
1151 4854 1280 4905 suae,
1310 4840 1435 4909 quia
1472 4840 1540 4894 ad
1560 4842 1860 4911 exemplum
1892 4842 2036 4900 illius

461 4928 747 4993 Ecclesiae,
779 4943 899 4998 qua:
921 4929 1033 4999 jam
1069 4928 1285 4985 Christo
1312 4930 1542 4995 fruitur,
1576 4931 1691 5002 ipsa
1724 4933 1777 4986 in
1811 4934 1912 4989 hac
1939 4950 2034 5004 pe-

464 5019 829 5091 regrinatione
852 5018 1154 5074 instituitur
1173 5027 1228 5074 et
1249 5019 1592 5085 informatur,
1613 5031 1772 5092 atque
1795 5024 1860 5077 ad
1886 5025 2032 5080 illam

460 5110 867 5175 beatitudinem,
903 5111 954 5164 in
977 5125 1081 5179 qua
1113 5125 1235 5164 cum
1262 5109 1476 5165 Christo
1515 5122 1729 5182 regnat,
1752 5116 2035 5183 pervenire

464 5205 677 5260 nititur.
713 5225 731 5257 ι
768 5204 1030 5261 Viderunt
1058 5204 1201 5258 illam
1230 5203 1379 5269 ﬁliae,
1417 5215 1470 5260 et
1497 5207 1867 5263 beatissimam
1898 5225 2036 5279 prae-

465 5296 779 5353 dicaverunt
823 5297 1023 5366 regiuze
1074 5306 1131 5351 et
1193 5298 1534 5362 concubium,
1586 5308 1641 5352 et
1684 5299 2036 5356 laudaverunt

464 5403 605 5442 eam.
649 5407 667 5440 ι
718 5389 863 5455 Quas
888 5387 1134 5456 superius
1156 5387 1619 5453 adolescentulus,
1652 5390 1742 5445 hic
1771 5390 1909 5445 ﬁlias
1937 5409 2033 5463 ap-

465 5476 644 5546 pellat.
679 5477 911 5548 Reginas
946 5493 1073 5532 vero
1113 5486 1169 5533 et
1211 5478 1540 5533 concubinas
1586 5480 1639 5533 in
1684 5481 1787 5535 hoc
1827 5481 1940 5537 loco
1980 5492 2039 5540 nt

465 5569 712 5638 superius
736 5568 1116 5641 intelligamus.
1153 5569 1303 5624 Filia:
1325 5584 1485 5639 ergo,
1520 5569 1719 5639 reginae
1752 5579 1808 5625 et
1838 5587 2037 5628 concu-

466 5658 606 5713 bina:
633 5658 927 5727 prmdieant
948 5657 1245 5714 Ecclesiam
1274 5666 1327 5713 et
1348 5656 1592 5723 laudant,
1613 5659 1741 5727 quia
1770 5661 2038 5718 universi-

466 5757 549 5803 tas
586 5747 819 5804 ﬁdelium
867 5748 1189 5804 catholicam
1230 5748 1530 5803 admiratur
1564 5747 1881 5806 Ecclesiam.
1923 5751 2039 5821 Ipsa

463 5840 609 5900 enim
637 5838 875 5896 Ecclesia
896 5878 911 5904 ,
949 5854 1068 5911 quae
1091 5854 1158 5895 ex
1187 5838 1369 5896 multis
1404 5837 1642 5895 ﬁdelium
1676 5849 1888 5897 constat
1921 5858 2043 5914 per-

2064 4612 2114 4670 D

2151 2009 2258 2064 det.
2288 2007 2412 2063 Sive
2443 2006 2667 2076 pulchra
2698 2015 2783 2062 est
2823 2014 2884 2060 ut
2920 2006 3045 2060 luna
3075 2005 3129 2059 in
3172 2005 3427 2076 pra-senti
3466 2006 3579 2060 vita
3598 2048 3615 2071 ,
3644 2008 3737 2061 ubi

2149 2081 2444 2169 aliquando
2476 2110 2734 2153 concessa
2773 2097 2876 2155 sibi
2919 2111 3050 2167 pace
3093 2104 3149 2151 et
3194 2096 3486 2152 securitate
3514 2096 3733 2160 crescit,

2149 2190 2435 2259 aliquando
2470 2188 2888 2244 adversitatibus
2921 2186 3120 2242 obtrita
3156 2186 3444 2241 decrescit.
3484 2206 3504 2237 ι
3542 2186 3731 2241 Electa

2149 2293 2211 2338 ut
2247 2274 2362 2350 sol,
2409 2302 2427 2336 ι
2475 2284 2531 2338 in
2575 2282 2679 2337 alia
2723 2283 2857 2348 vita,
2910 2283 3001 2337 ubi
3047 2289 3308 2352 perpetuo
3356 2271 3732 2350 'resplendebit

2147 2377 2342 2448 gaudio
2371 2376 2439 2431 de
2473 2376 2679 2431 visione
2698 2374 3008 2429 Conditoris
3037 2374 3140 2429 sui.
3181 2372 3310 2428 Sive
3345 2371 3519 2427 electa
3549 2380 3637 2426 est
3666 2378 3725 2424 ut

2147 2466 2247 2532 sol,
2280 2466 2404 2536 quia
2436 2465 2586 2520 illum
2621 2479 2810 2519 verum
2852 2463 3054 2517 imitari
3095 2462 3285 2517 nititur
3307 2502 3324 2529 ,
3356 2461 3423 2517 de
3448 2476 3561 2531 quo
3591 2463 3729 2515 scri-

2146 2566 2295 2627 ptum
2322 2565 2442 2613 est:
2480 2574 2497 2608 ι
2536 2555 2700 2612 Vobis
2737 2554 3051 2610 timentibus
3073 2568 3273 2609 nomen
3304 2566 3487 2608 meum
3517 2553 3728 2607 orietur

2146 2651 2223 2708 sol
2248 2651 2492 2722 iustitiae.
2544 2670 2563 2702 ι
2611 2649 2766 2704 Hunc
2802 2647 2969 2703 solem
3006 2646 3247 2701 imitatur
3274 2644 3503 2700 vivendo
3544 2643 3600 2697 in
3632 2644 3727 2698 hn-

2144 2742 2370 2798 militate
2406 2750 2460 2796 et
2483 2740 2695 2810 justitia
2722 2748 2777 2795 et
2806 2738 3027 2809 pietate.
3063 2758 3081 2790 ι
3115 2736 3398 2793 Terribilis
3426 2744 3486 2790 ut
3519 2744 3728 2792 castro-

2144 2848 2264 2887 rum
2290 2833 2435 2887 acies
2455 2832 2722 2887 ordinata.
2756 2850 2774 2883 ι
2807 2829 3090 2885 Terribilis
3110 2829 3273 2884 aeriis
3292 2827 3727 2896 tempestatibus,

2143 2925 2389 2981 ordinata
2414 2934 2473 2979 ut
2496 2933 2799 2980 castrorum
2821 2923 2969 2978 acies
2986 2964 3005 2988 ,
3030 2923 3083 2978 id
3105 2930 3182 2978 est
3206 2921 3488 2977 eharitatis
3518 2921 3729 2975 unitate

2144 3016 2293 3071 unita
2316 3056 2331 3081 ,
2353 3023 2412 3069 ut
2435 3014 2593 3070 nullis
2619 3014 3008 3068 tentationihus
3032 3014 3301 3084 penetrari
3331 3012 3530 3068 valeat.

2218 3127 2237 3160 ι
2264 3107 2526 3163 Descendi
2549 3105 2616 3161 ad
2646 3106 2861 3161 hortum
2886 3120 3138 3160 nucum.»
3163 3104 3402 3160 Laudata
3430 3104 3677 3161 Ecclesia
3695 3120 3727 3159 δ

2142 3198 2450 3271 Synogoga,
2476 3197 2799 3268 respondet:
2828 3216 2847 3249 ι
2877 3195 3139 3252 Descendi
3154 3196 3221 3250 ad
3234 3198 3450 3251 hortum
3467 3212 3722 3251 nucum.»

2150 3291 2352 3365 Hortus
2391 3305 2588 3345 nucum
2616 3296 2698 3344 est
2722 3289 2831 3342 vita
2863 3303 3121 3358 praesens.
3157 3286 3290 3342 Nam
3325 3287 3466 3343 sicut
3496 3287 3554 3341 in
3591 3302 3735 3342 nuce

2148 3389 2361 3454 tegmen
2390 3381 2606 3452 quidem
2642 3381 2992 3436 durissimum
3012 3381 3247 3444 videtur,
3281 3380 3374 3435 sed
3397 3380 3629 3435 nucleus
3660 3380 3729 3434 la-

2147 3480 2253 3539 tet,
2289 3474 2365 3529 ita
2401 3473 2455 3527 in
2495 3473 2747 3541 praesenti
2785 3474 2893 3527 vita
2922 3482 3119 3528 nostra:
3154 3472 3500 3528 conscientia:
3531 3473 3729 3528 clauszc

2144 3549 2308 3631 suﬁt,
2343 3573 2397 3620 et
2435 3579 2540 3620 non
2566 3572 2861 3634 apparent.
2892 3565 3065 3619 donec
3104 3564 3277 3619 fracta
3312 3572 3450 3619 testa
3480 3566 3727 3635 corporis

2145 3657 2577 3713 manifestentur.
2636 3656 2926 3712 Descendit
2977 3672 3107 3727 ergo
3152 3657 3220 3711 ad
3265 3658 3481 3713 hortum
3528 3675 3728 3714 nucum

2143 3747 2405 3814 Ecclesia,
2432 3747 2647 3817 quando
2669 3763 2765 3818 per
2786 3748 3033 3802 doctores
3052 3762 3180 3803 suos
3201 3749 3367 3802 vitam
3387 3749 3727 3819 singulorum

2145 3840 2475 3894 considerat.
2506 3838 2660 3895 Unde
2689 3838 2964 3909 sequitur:
3003 3858 3021 3890 ι
3054 3847 3113 3893 ιιι
3140 3839 3378 3895 viderem
3405 3855 3571 3911 poma
3599 3856 3723 3895 eon-

2143 3929 2379 3985 vallium.
2416 3948 2433 3981 |
2464 3929 2629 3985 Poma
2655 3929 2980 3984 convallium
3025 3939 3151 3985 sunt
3178 3930 3437 3997 virtutes,
3478 3946 3602 4001 quae
3626 3932 3722 3985 hu-

2143 4023 2370 4079 militate
2396 4023 2742 4078 condiuntur.
2776 4042 2796 4074 ι
2831 4022 3095 4078 Descendi
3139 4023 3357 4093 (inquit)
3381 4023 3450 4077 ad
3480 4024 3727 4089 hortum,

2142 4125 2201 4172 ut
2231 4117 2470 4172 viderem
2509 4130 2668 4186 poma
2711 4116 3063 4178 convallium,
3099 4134 3117 4167 ι
3147 4116 3199 4169 id
3225 4124 3309 4170 est
3333 4124 3394 4170 ut
3413 4117 3724 4172 considera-

2141 4222 2254 4262 rem
2287 4216 2534 4270 sanctos,
2562 4204 2881 4260 excellentia
2906 4206 3121 4276 quidem
3148 4203 3413 4258 virtutum
3441 4206 3723 4274 praeditos,

2142 4298 2235 4353 sed
2263 4297 2570 4353 humilitate
2595 4297 2901 4367 depressos.
2942 4314 2961 4347 ι
2991 4296 3058 4351 Ει
3089 4297 3412 4367 inSpicerem
3438 4297 3485 4350 si
3511 4294 3721 4350 ﬂoruis-

2140 4398 2224 4446 set
2257 4392 2434 4445 vinea.
2472 4409 2491 4441 ι
2530 4387 2643 4442 Ηοε
2688 4395 2771 4444 εει
2809 4396 2869 4445 ιιι
2901 4388 3302 4443 considerarem
3345 4387 3437 4456 qui
3461 4386 3514 4441 in
3545 4386 3720 4441 studio

2141 4489 2447 4535 sanctarum
2489 4479 2751 4533 virtutum
2791 4477 3137 4549 proﬁcerent.
3174 4495 3193 4528 ι
3228 4477 3295 4530 Ει
3322 4477 3722 4547 geminassent

2141 4572 2282 4627 mala
2323 4571 2539 4641 punica.
2574 4588 2592 4621 ι
2619 4567 2733 4624 Hoc
2756 4577 2842 4624 est
2867 4578 2927 4623 ut
2961 4584 3055 4624 eos
3080 4583 3293 4639 quoque
3322 4569 3716 4637 perquirerem,

2139 4661 2229 4731 qui
2252 4660 2364 4730 jam
2408 4662 2520 4732 apti
2549 4667 2674 4714 sunt
2703 4660 2769 4714 ad
2801 4660 3117 4715 imitandam
3156 4660 3461 4729 passionem
3493 4658 3715 4714 Christi.

2137 4749 2270 4805 Nam
2303 4750 2441 4804 mala
2477 4751 2671 4820 punica
2692 4790 2705 4814 ,
2734 4759 2792 4804 ut
2841 4765 2981 4821 saepe
3013 4751 3215 4806 dictum
3241 4758 3350 4814 est,
3398 4749 3717 4821 mysterium

2138 4840 2405 4909 passionis
2431 4840 2634 4894 Christi
2669 4838 2995 4911 signiﬁcant.
3025 4838 3345 4895 Considerat
3370 4853 3502 4910 ergo
3529 4838 3716 4894 Eccle-

2138 4933 2213 4987 sia
2244 4948 2339 5002 pcr
2368 4932 2619 5002 prmlatos
2647 4948 2807 4998 suos,
2837 4933 3005 5003 quiin
3037 4933 3360 4999 virtutibus,
3390 4932 3475 4988 vel
3498 4933 3589 5003 qui
3605 4930 3715 5001 jam

2136 5021 2361 5092 perfecti
2394 5031 2556 5087 sunt,
2596 5032 2656 5077 ut
2684 5024 2957 5079 imitantes
2997 5024 3305 5094 passionem
3352 5022 3579 5089 Christi,
3622 5038 3723 5094 pro

2139 5111 2229 5165 illo
2260 5128 2471 5183 quoque
2513 5113 2688 5168 idonei
2727 5114 2835 5168 sint
2870 5114 3187 5185 sanguinem
3229 5112 3458 5169 fundere
3483 5155 3497 5179 ,
3527 5114 3719 5185 quales

2137 5213 2293 5258 erant
2332 5206 2403 5259 illi
2436 5205 2628 5273 quibus
2664 5204 2950 5277 Apostolus
2981 5206 3194 5261 dicebat
3224 5222 3238 5259 :
3277 5224 3300 5257 ις
3334 5206 3502 5262 Vobis
3531 5206 3715 5261 datum

2137 5306 2219 5351 est
2240 5338 2256 5361 ,
2294 5313 2399 5351 non
2435 5297 2607 5352 solum
2635 5306 2695 5352 ut
2725 5298 2959 5353 credatis
2984 5298 3038 5353 in
3066 5297 3341 5354 Christum
3360 5339 3375 5364 ,
3406 5300 3502 5356 sed
3531 5309 3594 5355 ut
3618 5314 3722 5370 pro

2137 5389 2227 5443 illo
2253 5390 2546 5459 patiamini.
2587 5410 2605 5442 ι

2212 5503 2230 5533 ι
2270 5483 2499 5538 Nesrivi.
2538 5503 2555 5535 ι
2590 5485 2702 5539 Vox
2740 5493 2823 5539 cst
2858 5465 3174 5565 Synagogre.
3207 5485 3338 5553 Quae
3374 5488 3566 5542 videns
3596 5496 3715 5541 tan-

2140 5582 2246 5628 tam
2298 5574 2552 5629 Ecclesia:
2591 5575 2820 5644 gratiam
2868 5576 3107 5646 inspecta
3149 5579 3378 5634 veritate
3415 5578 3715 5651 Evangelii,

2141 5665 2284 5721 dolet
2321 5665 2466 5736 quod
2502 5675 2657 5721 antea
2701 5682 2806 5721 non
2848 5668 3163 5739 cognoverit
3197 5667 3356 5725 ﬁdem
3387 5668 3620 5734 Christi,
3660 5680 3716 5725 et

2143 5754 2298 5824 quasi
2337 5770 2602 5813 excusans
2630 5772 2689 5813 se
2717 5759 2858 5827 quod
2895 5759 3045 5815 tarde
3083 5764 3343 5815 conversa
3390 5759 3488 5824 sit,
3534 5759 3666 5816 dicit
3697 5776 3711 5811 ε

2150 5845 2377 5923 Nescivi,
2400 5861 2432 5901 ο
2454 5861 2647 5917 sponsa
2671 5847 2871 5904 Christi
2896 5849 3155 5905 Ecclesia.
3175 5848 3412 5916 Nescivi,
3435 5850 3488 5906 id
3506 5862 3595 5925 est
3611 5867 3716 5905 non
