3950 6434
172 406 312 490 "ait

1150 425 1553 484 ‘ENARRATIO
1588 424 1657 480 ΙΝ
1695 424 1986 481 (ΖΑΝΙΊΩΑ
2025 426 2491 487 (ΖΑΝῙΊΕΟΒΠΜ.

3335 427 3446 481 Si!

212 543 436 620 cognovi
479 552 684 601 tantam
714 513 941 613 gratiam
977 549 1032 599 et
1064 551 1211 599 tanta
1244 542 1383 599 dona
1420 537 1773 611 Spiritualium
1803 546 1853 603 Α
1878 547 1962 594 est
1990 538 2280 609 inpatrum
2307 540 2721 609 praecedentium
2757 539 3036 611 exemplis.
3072 539 3446 596 Calceamenta

214 640 471 694 virtutum
501 636 594 691 tibi
622 651 654 691 a
675 649 871 707 sponso
895 643 986 690 tuo
1012 634 1223 691 collata.
1253 654 1271 686 ι
1299 635 1493 693 Anima
1518 648 1638 688 mea
1652 648 1777 691 con-

216 727 448 783 turbavit
480 741 565 781 me
584 735 811 797 propter
840 725 1129 796 quadrigas
1149 724 1466 801 Aminadab.
1497 743 1518 776 ι
1552 721 1779 779 Contur-

126 804 131 808 ⁷
216 822 339 877 bata
372 819 589 891 (inquit)
613 835 731 875 sum
760 819 925 873 nimia
948 819 1114 873 animi
1146 818 1536 880 sollicitudine,
1557 825 1779 887 propter

217 922 321 967 tam
343 912 576 967 subitam
597 910 869 980 Evangelii
890 910 1350 980 prmdicationem.
1369 907 1616 964 Sciebam
1634 907 1779 962 enim

204 1000 382 1071 legem
409 1010 465 1057 et
491 1002 778 1071 prophetas
802 1000 1056 1059 divinitus
1084 1001 1267 1065 datos,
1306 1008 1362 1055 et
1389 1000 1508 1056 ideo
1537 1014 1657 1054 cum
1685 1014 1777 1052 su-

160 1082 169 1091 ’
214 1091 326 1147 bito
344 1091 601 1147 vidissem
624 1091 906 1161 praedicari
926 1091 1297 1163 Evangelium,
1317 1090 1638 1147 conturbata
1658 1103 1777 1144 sum

213 1191 434 1253 propter
484 1184 771 1254 quadrigas
813 1182 1134 1239 Aminadab.
1182 1180 1487 1239 Amiuadab
1540 1182 1779 1248 abnepos

214 1272 314 1327 fuit
354 1270 535 1337 Iudae,
573 1287 671 1342 per
709 1288 873 1345 quem
899 1271 1177 1343 generatio
1213 1270 1412 1327 Christi
1453 1269 1774 1327 contexitur.

210 1360 597 1433 interpretatur
659 1363 959 1419 Aminadab
1020 1362 1200 1434 populi
1255 1362 1365 1418 mei
1428 1370 1777 1431 spontaneus,

211 1454 336 1524 quia
367 1468 491 1508 cum
521 1462 664 1509 esset
694 1455 863 1519 Deus,
894 1462 1086 1524 sponte
1108 1452 1285 1509 factus
1319 1461 1402 1509 est
1428 1453 1621 1517 homo;
1656 1468 1777 1511 cum

212 1554 356 1605 esset
381 1546 629 1602 conditor
646 1553 701 1599 et
728 1555 958 1610 creator,
985 1545 1100 1600 sola
1129 1545 1464 1616 benignitate
1484 1559 1580 1599 sua
1607 1543 1779 1599 factus

202 1645 293 1693 est
320 1637 496 1706 portio
519 1636 697 1707 populi
722 1636 824 1691 sui.
847 1637 913 1691 Et
933 1644 1018 1690 est
1048 1652 1239 1691 sensus
1268 1651 1285 1689 :
1317 1635 1652 1691 Conturbata
1679 1634 1777 1706 (in-

212 1724 346 1797 quit)
372 1740 491 1780 sum
518 1734 737 1795 propter
758 1725 989 1781 subitam
1022 1724 1292 1792 Evangelii
1323 1724 1774 1794 pradicationem,

211 1831 330 1886 qua:
382 1814 547 1870 veluti
595 1812 948 1869 velocissima:
1005 1814 1306 1883 quadrigre,
1371 1820 1541 1867 totum
1598 1813 1777 1869 subito

1876 633 2022 687 enim
2052 647 2122 687 ex
2163 633 2391 688 mortuis
2424 634 2558 689 ﬁunt
2597 635 2938 691 animalibus.
2978 634 3045 689 Et
3084 633 3445 691 calceameuta

1877 721 2133 777 Ecclesiae
2147 733 2273 779 sunt
2291 721 2509 777 Patrum
2536 725 2952 793 praecedentium
2975 723 3238 794 exempla,
3254 723 3449 811 quibus

1872 826 2091 881 gressus
2120 813 2283 867 habet
2307 813 2576 877 munitos,
2609 822 2670 867 ut
2694 814 2938 869 securius
2962 830 3085 870 eum
3108 814 3368 870 imitando
3394 822 3449 868 et

1876 903 1996 958 sine
2028 902 2326 959 offensione
2366 904 2663 974 gradiatur.
2704 921 2725 955 ε
2762 904 2897 958 Filia
2942 906 3220 977 principis.
3260 925 3280 959 ι
3326 904 3447 961 Alia

1878 993 2175 1058 translatio,
2212 1010 2231 1045 ι
2268 992 2375 1049 ﬁlia
2388 994 2689 1047 Aminadab
2717 1013 2735 1045 ι
2764 994 2914 1048 dicit.
2936 992 3235 1052 Aminadab
3257 999 3339 1067 (ut
3357 1012 3449 1053 su-

1876 1082 2058 1151 perius
2083 1080 2284 1137 dictum
2312 1084 2413 1150 est)
2438 1080 2619 1151 populi
2643 1083 2745 1135 mei
2767 1090 3092 1151 spontaneos
3114 1085 3334 1152 dicitur,
3354 1086 3446 1157 qui

1851 1182 2023 1228 -recte
2056 1173 2282 1242 ﬁguram
2310 1172 2510 1228 Christi
2537 1180 2713 1238 tenet;
2746 1188 2870 1227 nam
2893 1173 3131 1229 Ecclesia
3155 1183 3210 1229 et
3234 1176 3342 1232 ﬁlia
3363 1186 3449 1232 est

1876 1274 1933 1319 et
1953 1278 2172 1332 sponsa.
2207 1262 2372 1328 Filia,
2401 1262 2526 1332 quia
2565 1260 2684 1331 ejus
2704 1262 2965 1329 sanguine
2995 1264 3302 1333 redempta,
3331 1266 3449 1336 ejus

1876 1356 2198 1426 baptismate
2244 1364 2591 1425 regenerata:
2621 1369 2850 1424 sponsa,
2882 1354 3007 1426 quia
3049 1355 3174 1411 dote
3215 1354 3448 1425 Spiritus

1875 1447 2047 1504 sancti
2076 1446 2150 1501 illi
2172 1456 2255 1501 est
2275 1445 2578 1514 conjuncta.
2604 1463 2624 1496 ί
2651 1443 2922 1501 Juncturte
2950 1445 3207 1503 feminum
3236 1455 3447 1502 tuorum

1876 1538 2015 1593 sicut
2041 1536 2258 1593 monilia
2286 1550 2407 1605 qua:
2433 1535 2849 1592 fabricatasunt
2876 1552 3035 1592 manu
3065 1536 3311 1593 artiﬁcis.
3347 1556 3365 1589 ι
3391 1536 3449 1591 ln

1873 1626 2163 1682 feminibus
2187 1625 2271 1681 vel
2301 1626 2354 1680 in
2391 1625 2685 1682 femoribus
2713 1626 2848 1682 solet
2873 1642 3024 1682 sacra
3051 1626 3327 1697 Scriptu'a
3353 1642 3448 1698 ge-

1874 1716 2173 1772 nerationis
2198 1717 2546 1787 propaginem
2570 1716 2869 1785 designare.
2894 1717 3040 1773 Unde
3055 1717 3121 1772 de
3134 1716 3301 1774 Jacoa
3319 1717 3451 1789 legi-

1872 1823 1994 1862 mus
2022 1825 2036 1861 :
2075 1827 2093 1859 ι
2125 1807 2325 1864 Omnes
2367 1807 2561 1862 animae
2592 1822 2713 1877 quae
2738 1822 2968 1879 egressae
2998 1817 3125 1865 sunt
3146 1798 3212 1864 de
3240 1809 3445 1865 femore

213 1904 467 1961 mundum
506 1905 825 1977 pervolavit.
864 1905 930 1959 Et
970 1905 1105 1960 bene
1154 1905 1295 1959 hanc
1343 1903 1777 1973 praedicationem
1808 1912 1854 1972 Β
1879 1900 2067 1956 Jacob.
2099 1920 2117 1953 ι
2145 1900 2367 1956 Femina
2393 1916 2520 1971 ergo
2538 1900 2793 1957 Ecclesia:
2814 1901 3254 1971 suntspiritualis
3280 1917 3444 1973 gene-

214 2014 317 2053 non
347 2013 535 2053 currus
550 2037 575 2071 ,η
597 1998 692 2053 sed
720 1998 1004 2067 quadrigas
1033 1996 1297 2067 appellat,
1335 1996 1462 2067 quia
1503 1996 1777 2068 Evangelii

219 2088 526 2159 przedicatio
553 2096 783 2157 quatuor
813 2089 1261 2159 evangelistarum
1291 2088 1612 2144 auctoritate
1644 2103 1776 2144 con-

217 2178 375 2243 sistit,
425 2188 478 2232 et
522 2186 754 2248 quatuor
790 2178 1081 2247 Evangelia
1129 2179 1282 2249 quasi
1332 2177 1605 2251 quadriga:
1650 2186 1778 2235 sunt

214 2266 347 2323 Novi
377 2266 703 2327 Testamenti
723 2309 737 2332 ,
765 2268 853 2323 cui
879 2269 1130 2339 przesidet
1168 2269 1354 2340 auriga
1383 2270 1497 2340 ipse
1531 2269 1777 2326 Christus

170 2424 175 2429 Α
212 2368 518 2431 temperans
553 2370 608 2417 et
635 2361 923 2433 disponens
948 2362 1064 2433 ipse
1091 2378 1310 2418 cursum
1335 2362 1773 2434 Evangeliorum.

283 2469 304 2503 ι
340 2448 668 2518 Revertere,
697 2459 967 2507 revertere
986 2492 1001 2515 ,
1030 2451 1345 2508 Sunamitis.
1378 2471 1398 2505 ι
1434 2454 1545 2510 Vox
1572 2464 1654 2511 est
1676 2454 1776 2510 Ec-

207 2538 407 2604 clesiae,
438 2538 774 2611 Synagogam
798 2542 865 2596 ad
886 2542 1045 2597 ﬁdem
1069 2542 1349 2599 invitantis
1374 2561 1389 2598 :
1416 2563 1434 2595 ί
1465 2543 1773 2610 Revertere,

207 2640 514 2696 revertere,
552 2629 865 2687 Sunamitis.
907 2651 927 2685 ι
966 2632 1257 2695 Revertere
1282 2674 1299 2701 ,
1334 2649 1367 2690 ο
1397 2633 1678 2707 Synagoga
1707 2637 1776 2693 ab

206 2723 523 2779 inﬁdelitate
558 2726 627 2778 ad
662 2723 818 2780 ﬁdem
838 2764 854 2791 ,
885 2734 1160 2780 revertere
1188 2726 1257 2781 ab
1282 2727 1405 2782 odio
1438 2727 1506 2781 ad
1535 2728 1776 2783 dilectio-

204 2830 355 2870 nem.
390 2812 687 2869 Sunamitis
714 2814 1102 2887 interpretatur
1137 2817 1349 2884 captiva
1379 2816 1465 2871 vel
1505 2817 1770 2886 despecta.

132 2980 138 2986 ﬁ
192 2906 358 2962 Talis
379 2916 497 2962 erat
523 2907 803 2979 Synagoga
825 2916 950 2962 ante
985 2907 1274 2963 adventum
1302 2907 1533 2973 Christi,
1565 2908 1775 2978 captiva

201 2996 461 3056 videlicet
487 3000 702 3057 vinculo
737 3000 968 3065 diaboli,
1008 3009 1064 3056 et
1111 3000 1366 3070 despecta
1402 3016 1435 3055 a
1465 3002 1608 3067 Deo,
1650 3002 1777 3070 quia

200 3095 485 3153 Christum
531 3096 599 3152 ad
639 3080 865 3150 salutem
907 3110 1057 3151 suam
1098 3095 1320 3151 missum
1360 3109 1467 3150 non
1506 3095 1773 3166 cognovit.

205 3203 226 3238 ι
261 3185 580 3249 Revertere,
613 3195 906 3252 revertere,
938 3194 995 3240 ut
1023 3186 1330 3241 intueamur
1368 3194 1438 3250 te,
1479 3204 1499 3237 ι
1531 3185 1584 3240 id
1614 3195 1697 3242 est
1719 3194 1778 3240 ut

199 3275 665 3348 pulchritudinem
696 3286 800 3333 tuae
826 3277 1093 3333 castitatis
1128 3278 1471 3348 aspiciamus.

803 3414 1029 3489 CAPUT
1073 3433 1181 3489 vn.

281 3566 302 3600 ι
327 3545 463 3613 Quid
480 3547 683 3603 videbis
700 3547 753 3602 in
771 3545 1047 3604 Sunamitc.
1068 3549 1168 3604 nisi
1191 3549 1387 3605 choros
1405 3558 1706 3605 castrorum
1721 3548 1744 3603 ἲ
1757 3568 1775 3602 ι

199 3635 326 3693 Vox
366 3648 449 3693 est
473 3638 674 3707 sponsi.
715 3637 817 3705 Qui
852 3638 1074 3693 audiens
1112 3639 1326 3693 invitari
1368 3638 1707 3709 Synagogam
1748 3653 1779 3692 a

200 3742 403 3798 sponsa
440 3727 803 3805 suachclesia
828 3727 895 3782 ad
926 3728 1101 3793 ﬁdem,
1136 3728 1268 3783 dicit
1302 3746 1315 3782 :
1353 3748 1368 3780 ε
1403 3730 1541 3796 Quid
1574 3729 1780 3783 videbis

200 3821 260 3874 in
291 3817 574 3874 Sunamitc
599 3820 699 3875 uisi
726 3821 923 3876 choros
943 3821 1279 3876 castrorum?
1310 3840 1328 3873 ι
1355 3820 1432 3876 Ac
1457 3823 1501 3876 si
1528 3822 1731 3876 diceret
1761 3839 1775 3875 :

203 3913 290 3968 Tu
320 3912 533 3981 quidem
558 3929 589 3966 ο
617 3926 814 3982 sponsa
847 3912 996 3966 doles
1038 3911 1103 3967 de
1135 3912 1435 3982 perditione
1463 3911 1777 3984 Synagogae,

202 4014 263 4059 et
291 4004 432 4072 quod
464 4001 615 4056 tarde
639 4003 705 4055 ad
733 4003 891 4055 ﬁdem
919 4002 1117 4078 verriat,
1145 4003 1237 4057 sed
1262 4004 1414 4058 adest
1438 4011 1649 4073 tempus
1672 4017 1779 4072 quo

205 4099 589 4157 convertatur,
625 4103 680 4146 et
712 4098 837 4146 tunc
877 4092 1010 4146 nihil
1038 4093 1245 4147 videbis
1281 4095 1333 4148 in
1359 4109 1421 4149 ea
1452 4094 1556 4147 nisi
1583 4095 1781 4148 choros

206 4192 547 4248 castrorum,
579 4181 630 4237 id
653 4190 736 4237 est
773 4182 873 4237 nisi
908 4182 1188 4237 charitatis
1223 4183 1563 4238 concordiam
1593 4192 1646 4238 et
1672 4191 1779 4238 sta-

202 4274 319 4330 bile
351 4274 513 4328 robur
543 4271 662 4328 ﬁdei
684 4288 819 4343 ,quo
839 4288 938 4343 pro
964 4270 1270 4328 defensione
1287 4288 1416 4327 mea:
1439 4271 1558 4327 ﬁdei
1574 4288 1780 4342 pugna-

1879 1991 2015 2045 ratio
2043 1990 2315 2047 credentis
2348 1990 2529 2061 populi
2565 2006 2661 2060 per
2695 1992 2915 2046 verbum
2955 1992 3351 2062 prtedieationis
3391 2002 3446 2049 et

1877 2083 2145 2139 lavacrum
2176 2083 2617 2153 regenerationis.
2639 2081 2911 2139 Juncturaa
2935 2082 3193 2139 feminum
3209 2092 3293 2141 est
3318 2100 3448 2141 con-

1871 2174 2078 2245 junctio
2109 2176 2335 2231 duorum
2382 2175 2695 2246 populorum
2730 2176 2785 2231 in
2823 2191 2932 2231 una
2979 2175 3118 2238 ﬁde,
3151 2177 3351 2247 judaici
3390 2188 3448 2234 et

1875 2266 2110 2336 gentilis.
2142 2266 2210 2321 Et
2238 2267 2376 2323 bene
2403 2266 2488 2321 ha:
2506 2265 2776 2336 junctura:
2803 2267 3091 2324 monilibus
3121 2284 3443 2339 comparan-

1878 2363 1994 2421 tur,
2020 2357 2147 2426 quia
2178 2357 2311 2414 ﬁdes
2338 2358 2620 2428 utriusque
2646 2357 2827 2429 populi
2852 2360 3083 2416 maxime
3105 2358 3160 2415 in
3189 2362 3445 2430 operibus

1878 2447 2270 2503 manifestatur.
2295 2447 2429 2503 Nam
2463 2467 2482 2501 ι
2518 2448 2652 2503 ﬁdes
2666 2446 2783 2505 sine
2808 2450 3060 2519 Operibus
3078 2460 3284 2506 mortua
3306 2460 3440 2507 est.»

1876 2536 2160 2592 Fabricata
2208 2545 2388 2591 autem
2424 2548 2553 2592 sunt
2596 2553 2756 2592 manu
2802 2538 3058 2603 artiﬁcis,
3099 2541 3203 2595 hoc
3228 2548 3311 2596 est
3353 2541 3446 2597 Dei

1876 2629 2277 2698 omnipotentis.
2317 2628 2469 2697 cujus
2499 2644 2723 2685 munere
2747 2629 2919 2684 virtus
2943 2630 3068 2686 boni
3109 2633 3290 2703 operis
3329 2646 3449 2688 cre-

1877 2722 2127 2778 dentibus
2156 2721 2428 2776 tribuitur.
2471 2719 2570 2776 Hic
2593 2728 2678 2776 est
2707 2720 2794 2775 ille
2819 2720 3142 2787 artifex,_de
3169 2738 3276 2792 quo
3305 2724 3447 2778 Pau-

1876 2812 1961 2867 lus
1994 2811 2235 2878 dicebat,
2278 2811 2492 2882 quando
2521 2812 2837 2867 memoriam
2865 2812 3096 2867 Abrahae
3123 2813 3449 2883 patriarcha:

1878 2903 2149 2961 faciebat:
2183 2903 2541 2973 ExSpectahat
2594 2904 2738 2958 enim
2795 2914 3099 2961 manentem
3149 2904 3444 2971 civitatem,

1878 2997 2031 3067 cujus
2056 2996 2303 3052 conditor
2329 3005 2382 3051 et
2407 2993 2605 3051 ‘artil‘ex
2641 2997 2782 3053 Deus
2811 3006 2913 3052 est.

1955 3104 1975 3138 ι
2015 3086 2311 3143 Umbilicus
2338 3095 2461 3141 tuus
2485 3095 2663 3141 crater
2695 3087 2979 3153 tornatilis,
3000 3102 3277 3158 nunquam
3308 3088 3448 3143 indi-

1880 3201 2010 3257 gens
2030 3183 2257 3255 poculis.
2290 3203 2308 3236 ι
2346 3182 2641 3239 Umbilicus
2669 3182 3018 3252 frigidissima
3044 3198 3172 3252 pars
3201 3195 3286 3237 est
3323 3197 3445 3238 cor-

1805 3274 1849 3336 C
1882 3280 2028 3350 poris
2053 3319 2069 3344 ,
2117 3287 2173 3333 et
2210 3277 2330 3332 ideo
2353 3292 2459 3351 per
2498 3274 2810 3330 umbilicum
2860 3273 3204 3344 fragilitatem
3247 3281 3449 3331 nostrae

1879 3371 2222 3428 mortalitatis
2244 3371 2499 3426 debemus
2529 3369 2794 3438 accipere.
2823 3366 3012 3424 Crater
3039 3382 3168 3424 vero
3193 3376 3276 3423 est
3303 3367 3445 3423 calix

1879 3466 2072 3534 major,
2107 3480 2268 3520 ansas
2297 3463 2421 3519 hinc
2450 3462 2572 3517 inde
2605 3462 2827 3519 habens.
2864 3461 3157 3519 Umbilicus
3192 3477 3322 3532 ergo
3349 3461 3451 3518 Ec-

1879 3557 2084 3620 clesiae,
2116 3565 2296 3611 crater
2319 3563 2402 3609 est
2429 3553 2723 3615 tornatilis,
2761 3552 2885 3621 quia
2920 3558 3123 3622 quanto
3148 3552 3317 3623 magis
3345 3552 3443 3606 do-

1879 3660 2057 3708 ctores
2096 3648 2353 3704 Ecclesia:
2393 3662 2503 3701 suae
2543 3644 2852 3715 fragilitatis
2888 3645 3268 3709 meminerint,
3300 3654 3451 3702 tanto

1880 3740 2051 3810 magis
2071 3739 2236 3794 verbo
2258 3735 2653 3806 prmdicationis
2679 3735 2952 3799 insistunt,
2969 3742 3030 3789 ut
3054 3734 3450 3806 eleemosynam

1878 3831 2027 3886 verbi
2059 3829 2153 3885 Dei
2183 3829 2516 3898 praebentes,
2546 3825 2645 3895 ipsi
2671 3825 3094 3880 misericordiam
3117 3841 3146 3879 a
3176 3825 3286 3879 Deo
3316 3839 3448 3879 con-

1879 3930 2193 3991 sequantur.
2227 3917 2297 3973 Et
2329 3918 2466 3977 bene
2492 3926 2672 3971 crater
2711 3915 2977 3970 tornatilis
3016 3912 3232 3970 dicitur.
3273 3914 3452 3969 Torno

1879 4013 2023 4066 enim
2045 4008 2251 4065 facilius
2279 4021 2585 4077 operamur,
2625 4022 2721 4076 per
2746 4006 2887 4075 quod
2918 4005 3252 4076 signiﬁcatur
3284 4004 3455 4060 facili-

1880 4114 1964 4160 tas
1998 4100 2254 4172 erogandi
2293 4101 2516 4155 verbum
2556 4099 2639 4154 vel
2682 4099 3076 4171 elcemosynam
3120 4097 3301 4153 dandi.
3334 4096 3451 4153 Non

1879 4197 2025 4253 enim
2050 4209 2262 4249 morose
2282 4232 2298 4256 ,
2323 4207 2423 4247 nec
2454 4192 2752 4248 hmsitando
2777 4192 3116 4262 eleemosyna
3141 4189 3316 4244 danda
3348 4199 3451 4255 est,

1861 4271 2029 4359 juxta
2054 4285 2200 4355 quod
2226 4283 2477 4339 Salomon
2515 4283 2644 4339 dicit
2672 4301 2686 4338 :
2721 4302 2739 4334 ι
2770 4282 2849 4339 Ne
2870 4282 3079 4338 dixeris
3118 4282 3293 4337 amico
3324 4290 3450 4337 tuo:

202 4365 307 4419 bit.
359 4362 491 4418 Nam
529 4364 680 4419 chori
717 4363 1027 4418 canentium
1065 4372 1218 4430 sunt,
1261 4372 1439 4419 castra
1479 4378 1603 4418 vero
1637 4364 1777 4418 mili-
1878 4378 2028 4434 vade
2048 4384 2104 4432 ει
2127 4384 2419 4438 revenere,
2449 4389 2570 4430 cras
2592 4374 2730 4430 dabo
2754 4374 2882 4439 ubi,
2910 4389 3034 4430 cum
3054 4372 3237 4428 statim
3269 4370 3444 4443 possis

207 4468 326 4512 tum
350 4457 722 4529 pugnantium.
762 4456 815 4512 In
840 4455 1121 4512 Sunamitc
1144 4473 1272 4529 ergo
1295 4458 1445 4513 chori
1476 4468 1776 4515 castrorum
1878 4470 2026 4526 dare,
2059 4489 2078 4522 ι
2109 4467 2264 4535 Quod
2285 4467 2448 4521 etiam
2486 4476 2642 4521 ιοι-ηο
2683 4466 2773 4530 ﬁl,
2799 4481 2906 4521 ηοη
2929 4472 3051 4537 εδει
3081 4463 3322 4520 exterius
3359 4463 3455 4519 ad-

204 4548 560 4614 νίάθῦυηιυτν
590 4549 713 4618 (luia
746 4564 1009 4605 οοιὶνθτείι
1046 4548 1325 4623 δγηειεοεει
1354 4560 1409 4607 ει
1438 4554 1777 4609 concorditer
1877 4564 2044 4620 hibita
2068 4561 2250 4633 regula
2262 4560 2347 4616 vel
2376 4559 2533 4626 linea,
2560 4559 2653 4615 sed
2685 4559 2919 4614 inerrate
2952 4574 3021 4614 ex
3045 4558 3223 4628 seipse
3242 4556 3457 4627 perﬁci-

205 4639 487 4695 Christum
518 4640 832 4710 pnedicabit
852 4656 976 4695 cum
1003 4639 1263 4706 Ecclesia,
1295 4651 1466 4714 etpro
1498 4644 1602 4701 ﬁde
1622 4635 1778 4701 Chri-

1882 4665 1987 4711 tur.
2024 4654 2316 4711 Umbilicus
2339 4668 2493 4723 'ergo
2533 4651 2786 4706 Ecclesia:
2825 4659 3003 4706 crater
3038 4658 3123 4706 est
3167 4649 3452 4716 tornatilis,

205 4734 279 4789 sti
308 4747 477 4803 usque
503 4734 568 4789 ad
595 4743 821 4790 mortem
852 4735 1126 4805 pugnabit.
1166 4752 1185 4786 ‹
1227 4734 1396 4803 Quam
1419 4736 1627 4806 pulchri
1656 4746 1781 4793 sunt

205 4838 430 4895 gressus
463 4823 567 4879 tui!
601 4843 619 4875 ι
649 4822 731 4879 Ab
762 4823 863 4878 hoc
892 4824 1011 4878 loco
1041 4824 1231 4894 incipit
1257 4840 1486 4894 sponsus
1510 4841 1779 4897 exponere

205 4915 401 4970 laudes
424 4929 634 4984 sponsae
660 4929 789 4968 sum.
832 4913 900 4968 Et
931 4914 1225 4969 notandum
1267 4916 1408 4985 quod
1448 4932 1478 4969 a
1505 4918 1781 4986 gressibus

206 5005 401 5073 incipit
424 5005 540 5073 ejus
574 5003 1028 5075 pulchritudinem
1066 5015 1279 5073 texere,
1301 5016 1355 5062 et
1382 5009 1437 5063 in
1468 5023 1564 5063 ore
1594 5009 1780 5065 laudes

207 5098 331 5167 ejus
356 5099 491 5164 ﬁnit,
525 5099 665 5153 sicut
689 5100 936 5170 superius
964 5102 1033 5189 ab
1059 5101 1228 5158 oculis
1252 5112 1510 5172 cmperat.
1538 5103 1652 5159 Hoc
1681 5120 1778 5159 au-

208 5203 323 5248 tem
343 5190 480 5247 fecit
498 5192 662 5247 velad
688 5192 1138 5263 pulchritudinem
1172 5194 1427 5250 carminis
1449 5196 1783 5260 variandum,

204 5282 296 5339 vel
329 5284 491 5338 etiam
519 5283 643 5353 quia
674 5283 753 5339 sic
777 5285 1050 5355 mysteriis
1074 5285 1408 5355 aptissimum
1430 5293 1530 5340 est.
1562 5305 1579 5336 ι
1614 5285 1784 5353 Quam

205 5372 422 5444 pulchri
455 5373 670 5444 (inquit)
700 5384 825 5429 sunt
852 5388 1070 5445 gressus
1098 5376 1173 5429 tui
1202 5376 1213 5429 !
1256 5395 1275 5428 ι
1314 5374 1463 5431 Vidit
1494 5376 1785 5432 Ecclesium

207 5479 321 5518 non
351 5463 523 5518 otiose
553 5464 607 5518 in
639 5479 745 5518 uno
774 5463 891 5519 loco
923 5473 1183 5530 stantem,
1208 5466 1302 5521 sed
1330 5466 1498 5521 veloci
1524 5466 1784 5538 praedica-

211 5553 360 5607 tione
394 5562 564 5608 totum
598 5554 855 5608 mundum
882 5564 1287 5627 peragrantem,
1319 5554 1548 5625 ideoque
1581 5573 1612 5610 a
1640 5573 1785 5628 gres-

211 5644 363 5698 sibus
385 5644 547 5713 caapit
567 5659 686 5699 eam
715 5644 950 5701 laudare.
976 5645 1206 5703 Gressus
1224 5648 1365 5702 enim
1389 5648 1642 5704 Ecclesia:
1660 5657 1786 5703 sunt

210 5734 370 5789 velox
406 5733 719 5805 praedicatio
757 5736 1150 5806 apostolorum,
1179 5753 1276 5809 per
1308 5753 1446 5809 quos
1478 5738 1532 5793 in
1568 5753 1783 5795 omnem

214 5833 413 5882 terram
446 5826 789 5901 Evangelium
817 5828 1071 5885 insonuit.
1101 5850 1118 5882 ι
1150 5831 1205 5886 lu
1242 5832 1640 5898 calceamentis,
1677 5853 1695 5886 ι
1727 5833 1779 5888 id

1882 4748 2009 4817 quia
2037 4746 2343 4816 quicunque
2368 4743 2452 4798 vel
2496 4742 2770 4813 praedicat,
2800 4742 2884 4797 vel
2914 4742 3309 4811 eleemosynam
3342 4741 3451 4804 dat,

1881 4853 1981 4909 pro
2004 4836 2117 4892 sola
2136 4836 2418 4891 dilectione
2436 4844 2492 4890 et
2512 4849 2758 4905 supernae
2776 4834 3037 4889 mercedis
3057 4833 3456 4903 exspectatione

1881 4929 1986 4983 hoc
2022 4926 2203 4981 facere
2232 4926 2410 4982 debet.
2439 4924 2577 4980 Nam
2601 4926 2908 4996 quicunque
2944 4924 3027 4978 vel
3051 4924 3338 4994 praedicat,
3368 4923 3454 4978 vel

1880 5018 2141 5087 proximis
2169 5017 2457 5073 miseretur
2482 5032 2582 5087 pro
2608 5016 3044 5072 remuneratione
3070 5014 3346 5084 temporali
3371 5014 3452 5068 vel

1886 5109 2071 5169 laude.
2112 5117 2294 5164 crater
2314 5118 2427 5172 est,
2458 5112 2549 5163 sed
2585 5122 2692 5161 non
2723 5106 3008 5162 tornatilis.
3051 5105 3117 5160 Et
3151 5104 3241 5159 hic
3277 5113 3456 5158 crater

1886 5216 2160 5271 nunquam
2194 5198 2395 5269 indiget
2427 5198 2662 5268 poculis,
2693 5198 2818 5269 quia
2848 5196 3290 5269 prrodicatoribus
3317 5211 3456 5249 nun-

1886 5308 2050 5360 quam
2074 5292 2229 5346 deest
2263 5291 2574 5360 prtedicatio
2605 5290 2756 5344 verbi
2798 5289 2925 5352 Dei,
2964 5287 3090 5359 quia
3136 5286 3249 5357 ipse
3292 5300 3451 5356 quem

1884 5383 2196 5452 praedicant,
2221 5382 2409 5453 pocula
2443 5382 2681 5438 scientia:
2703 5389 2757 5439 et
2780 5381 3033 5435 virtutem
3055 5378 3369 5435 constantiae
3391 5378 3455 5432 il-

1886 5470 1952 5526 lis
1975 5472 2366 5527 subministrat.
2400 5471 2554 5528 Unde
2586 5482 2641 5527 et
2679 5471 2999 5527 Psalmista:
3029 5468 3282 5525 Dominus
3303 5469 3453 5525 dabit

1885 5563 2106 5618 verbum
2132 5563 2623 5634 evangelizantibus
2650 5564 2849 5619 virtute
2878 5562 3061 5618 multa.

1960 5672 1980 5707 ι
2009 5653 2210 5709 Venter
2238 5662 2360 5708 tuus
2385 5654 2524 5709 sicut
2547 5669 2773 5710 acervus
2802 5654 2967 5708 tritici
2994 5653 3225 5710 vallatus
3251 5652 3393 5709 liliis.
3428 5672 3446 5705 ι

1884 5743 2083 5800 Eadem
2112 5743 2375 5816 fragilitas
2399 5761 2520 5816 qua:
2554 5761 2652 5817 per
2675 5744 2989 5802 umbilicum
3022 5745 3301 5817 designata
3347 5754 3448 5805 est,

1884 5834 2186 5892 ostenditur
2224 5836 2327 5893 hoc
2371 5837 2487 5893 loco
2510 5851 2607 5907 per
2631 5844 2904 5905 ventrem,
2931 5837 3058 5909 quia
3082 5844 3273 5893 venter
3306 5834 3451 5890 trulla
