3950 6472
474 459 591 516 513

962 453 1311 512 HAYMONIS
1350 453 1827 509 HALBERSTAT.
1868 450 2080 508 EPISC.
2124 451 2273 508 OPP.
2314 450 2493 508 PARS
2533 452 2572 507 Ι.
2601 483 2670 493 —-
2699 444 3051 510 COMMENT.
3093 452 3263 508 BIBL.

3635 453 3750 509 διδ

473 573 677 628 ossium
711 575 965 626 hrmttate
990 570 1272 641 premitur.
1304 568 1453 624 Bene
1479 582 1617 639 ergo
1643 578 1832 623 venter
1861 566 2021 621 Eccle
2072 572 2122 629 Α
2149 566 2415 619 muniunt.
2449 584 2468 617 ι
2499 565 2651 621 Oculi
2684 567 2758 620 tui
2796 566 2937 621 sicut
2977 566 3198 637 piscina:
3234 566 3287 619 in
3315 564 3590 630 Hesebon,
3619 581 3753 636 qua

477 679 571 717 sne
600 677 796 717 acervo
828 660 988 714 tritici
1033 666 1413 729 comparatur,
1457 658 1585 728 quia
1630 656 1803 711 sancti
1849 656 2047 724 quique

474 761 679 823 quanto
705 753 874 821 magis
904 764 1173 805 memores
1194 758 1320 805 sunt
1350 764 1460 804 suae
1487 747 1812 818 fragilitatis,
1836 761 1902 801 eo
1930 755 2047 801 stu—

473 843 697 897 diosius“
734 841 801 895 ad
852 839 1205 910 proferendos
1255 840 1519 894 bonorum
1567 851 1790 913 operum
1846 836 2050 889 fructus

472 934 753 987 insistunt.
788 931 856 985 Et
897 939 1046 986 recte
1074 946 1179 985 non
1209 930 1416 999 copiam
1448 928 1644 992 tritici,
1674 927 1769 982 sed
1797 941 2048 981 acervum

474 1027 638 1082 tritici
669 1027 836 1092 dicit,
864 1036 925 1079 ut
950 1042 1046 1098 per
1077 1027 1179 1081 hoc
1218 1024 1486 1096 signiﬁcet
1525 1023 1854 1077 incrementa
1881 1021 2049 1073 virtu-

424 1156 433 1162 -
471 1130 608 1185 tum,
634 1134 754 1189 qua:
778 1118 941 1171 veluti
969 1132 1196 1173 acervus
1215 1117 1283 1170 ab
1308 1114 1655 1171 inferioribus
1675 1114 1741 1168 ad
1772 1111 2048 1181 superiora

473 1208 769 1263 crescendo
799 1208 1185 1262 conscendunt.
1226 1205 1360 1260 Nam
1402 1205 1539 1260 sicut
1582 1218 1807 1259 acervus
1834 1201 2052 1256 inferio-

473 1300 626 1357 ribus
654 1299 761 1353 lata
793 1297 1144 1368 amplitudine
1179 1297 1462 1367 spatiatur,
1490 1295 1736 1364 superius
1762 1308 1891 1348 vero
1918 1307 2050 1361 qua-

474 1394 599 1447 dam
631 1393 895 1447 brevitate
922 1391 1259 1445 contrahitur
1283 1398 1339 1444 et
1367 1388 1726 1451 acuminatur,
1763 1386 1836 1439 ita
1873 1385 1926 1438 in
1953 1385 2049 1438 Ee-

476 1481 641 1536 clesia
667 1482 817 1543 multi
842 1489 969 1536 sunt
998 1481 1088 1550 qui
1119 1478 1480 1550 indulgentius
1504 1478 1710 1540 vivunt,
1737 1475 1894 1545 pauci
1923 1487 2050 1528 vero

475 1574 567 1641 qui
597 1588 819 1628 summa:
845 1570 1161 1642 perfectioni
1202 1570 1478 1623 insistunt.
1510 1567 1697 1621 Plures
1724 1566 1866 1620 enim
1902 1556 2050 1619 inve-

474 1663 697 1717 niuntur
741 1663 830 1732 qui
882 1663 949 1717 de
997 1661 1152 1716 bouis
1200 1660 1313 1715 suis
1366 1659 1763 1729 eleemosynam
1811 1655 2046 1720 faciunt,

475 1771 637 1825 quam
668 1756 758 1825 qui
789 1770 884 1809 sua
927 1768 1024 1823 pro
1048 1753 1157 1807 Deo
1186 1752 1513 1820 relinquunt.
1547 1749 1646 1804 Hic
1675 1763 1900 1802 acervus
1927 1746 2050 1801 liliis

474 1844 704 1899 vallatus
744 1844 960 1908 dicitur,
990 1842 1120 1912 quia
1161 1842 1331 1897 sancti
1370 1840 1511 1894 bona
1536 1854 1655 1909 quae
1684 1838 1915 1901 faciunt,
1950 1852 2048 1907 pro

2149 666 2272 713 sunt
2308 659 2359 711 in
2390 669 2543 727 porta
2581 659 2706 714 ﬁlia:
2741 658 3117 713 multitudinis.
3151 676 3168 710 ι
3198 656 3253 712 ld
3283 669 3384 723 est,
3428 659 3529 727 ipsi
3546 660 3752 713 docto-

2150 766 2264 815 res,
2308 752 2406 821 qui
2439 766 2537 821 per
2563 752 2759 807 collum
2795 753 3058 821 designati
3099 760 3258 816 sunt,
3300 753 3671 823 designantur
3694 765 3752 807 et

2138 854 2246 911 per
2267 841 2467 896 oculos.
2498 842 2601 912 lpsi
2625 843 2769 897 enim
2794 843 2934 897 oculi
2958 842 3210 897 universo
3232 844 3447 911 corpori
3471 844 3749 898 Ecclesia:

2148 935 2452 1005 provident,
2480 944 2537 989 et
2573 935 2675 989 iter
2701 935 2841 1003 quod
2888 935 3093 1006 ingredi
3122 934 3377 1000 debeant,
3411 935 3743 989 ostendunt.

2150 1024 2214 1078 lli
2240 1023 2377 1078 oculi
2410 1023 2666 1079 Ecclesiae
2694 1032 3078 1093 comparantur
3114 1023 3338 1092 piscinis
3383 1023 3647 1078 ﬂesebon
3691 1026 3787 1101 in.

2150 1125 2301 1187 porta
2331 1117 2585 1180 civitatis,
2609 1116 2733 1185 quia
2761 1116 2931 1170 sancti
2963 1116 3213 1169 doctores
3239 1115 3465 1186 p0pulos
3495 1116 3548 1169 in
3579 1114 3748 1169 Chri-

2149 1215 2292 1261 stum
2325 1206 2609 1261 credentes
2637 1205 2784 1259 vitali
2821 1206 3036 1259 lavacro
3067 1205 3327 1269 abluunt,
3373 1215 3428 1259 et
3470 1205 3744 1259 salutaris

2148 1297 2406 1351 doctrinae
2451 1305 2577 1365 potu
2625 1294 2895 1350 reﬁciunt.
2951 1295 3085 1348 Filia
3135 1304 3320 1349 autem
3368 1295 3745 1349 multitudinis

2152 1395 2374 1442 vocatur
2416 1386 2659 1440 liesebon
2703 1387 2855 1456 juxta
2903 1385 3167 1450 litteram,
3213 1384 3283 1438 ob
3330 1386 3744 1439 multitudinem

2147 1475 2529 1531 conﬂuentium
2574 1475 2703 1530 inibi
2738 1476 3076 1546 populorum.
3123 1473 3217 1530 Sic
3242 1482 3296 1530 et
3325 1484 3513 1531 sancta
3546 1476 3745 1531 Eccle-

2148 1567 2227 1622 sia
2265 1574 2412 1621 recte
2448 1566 2647 1621 dicitur
2679 1566 2784 1620 ﬁlia
2812 1566 3190 1631 multitudinis,
3218 1567 3344 1636 quia
3372 1570 3745 1624 numerosita-

2150 1669 2258 1714 tem
2285 1658 2525 1727 quotidie
2561 1659 2762 1730 colligit
2789 1659 3049 1730 gentium.
3080 1657 3326 1715 Hesebon
3353 1669 3534 1715 autem
3571 1663 3746 1716 inter-

2148 1757 2391 1821 pretatur
2447 1750 2719 1819 cingulum
2769 1750 3039 1804 maeroris.
3091 1748 3244 1805 Oculi
3291 1766 3421 1822 ergo
3476 1752 3746 1808 Ecclesiae

2148 1841 2371 1912 piscinis
2411 1841 2652 1897 Hesebou
2691 1850 3107 1911 comparantur,
3145 1843 3272 1911 quia
3321 1845 3497 1899 sancti
3546 1846 3746 1900 docto-

472 1935 741 1992 desiderio
777 1950 1025 2006 superna:
1050 1933 1313 1989 claritatis
1342 1940 1398 1987 et
1426 1930 1674 1985 candoris
1700 1937 1884 2000 agunt.
1913 1928 2046 1983 Nam
2076 1924 2124 1984 B
2158 1950 2272 1998 res,
2306 1935 2562 2005 neglectis
2591 1935 2810 1990 caducis
2840 1936 3020 1989 saeculi
3066 1936 3307 2006 gaudiis,
3338 1938 3558 2009 cingulo
3605 1955 3746 1993 me-

471 2043 570 2097 per
588 2027 697 2081 lilia
716 2025 955 2082 caelestis
976 2025 1062 2081 illa
1087 2025 1305 2079 claritas
1331 2024 1659 2093 designatur.
1676 2022 1861 2077 Potest
1882 2021 2045 2076 etiam

472 2132 569 2184 per
614 2127 857 2170 ventrem
919 2115 1173 2171 Ecclesiae
1227 2112 1487 2168 divinitus
1543 2111 1663 2167 fons
1709 2111 2049 2182 baptismatis

473 2207 679 2278 accipi,
720 2224 827 2278 quo
872 2207 1053 2264 ﬁdeles
1098 2210 1151 2263 in
1180 2222 1369 2263 novam
1397 2214 1698 2262 creaturam
1729 2221 2050 2276 regeneran-

472 2308 581 2353 tur.
609 2299 708 2355 llic
737 2315 867 2372 ergo
890 2311 1300 2356 venter‘acervo
1331 2299 1493 2353 tritici
1519 2298 1718 2352 vallato
1746 2297 1873 2352 liliis
1898 2311 2048 2350 com-

472 2398 716 2461 paratur,
740 2382 873 2461 quia
890 2391 1191 2462 regenerati
1223 2391 1372 2445 fonte
1397 2388 1759 2458 baptismatis,
1787 2386 2050 2441 docentur

471 2481 508 2535 b
542 2484 626 2538 nis
654 2484 906 2539 insudare
934 2484 1217 2553 operibus,
1259 2492 1314 2537 et
1360 2483 1427 2536 ad
1469 2479 1778 2534 intuendam
1806 2491 2049 2547 superna:

472 2571 735 2629 claritatis
761 2574 984 2644 gloriam
1009 2590 1221 2644 semper
1246 2573 1473 2626 inhiare.

549 2684 568 2717 ι
597 2665 714 2720 Duo
735 2664 901 2720 ubera
924 2673 1013 2719 tua
1038 2666 1179 2719 sicut
1199 2665 1303 2719 duo
1326 2663 1531 2719 hinuuii
1558 2661 1765 2734 gemelli
1786 2675 2042 2731 capreas.)

472 2759 652 2815 Ubera
679 2758 957 2825 Ecclesiae,
983 2760 1121 2814 sicut
1144 2760 1255 2830 jam
1287 2758 1533 2828 superius
1563 2759 1763 2813 dictum
1792 2772 1894 2821 εει,
1926 2773 2051 2811 san-

472 2861 589 2905 ctos
610 2833 860 2906 doctores
891 2850 1217 2922 signiﬁcant,
1254 2849 1343 2919 qui
1374 2848 1626 2920 parvulos
1651 2863 1893 2919 quosque
1926 2848 2053 2919 (hoc

474 2950 580 3007 est,
611 2958 782 3014 nuper
802 2943 854 2997 in
884 2940 1100 2997 Christo
1125 2941 1490 3013 regeneratos)
1518 2940 1657 2996 lacte
1679 2940 1961 3012 apertioris
1997 2946 2052 2995 et

473 3035 735 3092 facilioris
758 3034 1016 3091 doctrinm
1050 3034 1342 3089 instruunt.
1385 3032 1529 3088 Bene
1554 3042 1731 3087 autem
1760 3033 1866 3087 duo
1888 3032 2052 3086 ubera

474 3125 748 3190 dicuntur,
767 3127 894 3197 quia
914 3125 981 3181 de
1008 3127 1215 3181 duobus
1242 3126 1469 3197 populis,
1489 3126 1707 3197 judaico
1729 3124 1979 3179 videlicet
2000 3131 2053 3179 et

473 3214 659 3287 gentili
680 3256 694 3280 ,
727 3215 910 3273 ﬁdeles
936 3224 1365 3287 congregantur,
1390 3224 1443 3271 et
1473 3215 1610 3270 lacte
1639 3213 1935 3285 spiritualis
1958 3212 2053 3267 do-

473 3310 665 3363 ctrinae
703 3307 939 3363 aluntur.
988 3307 1111 3364 llaec
1157 3310 1262 3362 duo
1304 3310 1465 3363 ubera
1519 3308 1659 3361 sicut
1699 3305 1807 3361 duo
1842 3304 2049 3360 ltinuuli
2078 3288 2123 3346 (ἶ

474 3416 684 3470 caprea:
717 3399 928 3470 gemelli
956 3415 1077 3453 esse
1108 3400 1378 3455 dicuntur.
1422 3399 1533 3452 Duo
1559 3397 1763 3452 binnuli
1795 3405 1920 3452 sunt
1948 3397 2053 3451 duo

475 3488 841 3551 Testamenta,
866 3487 1062 3555 quibus
1081 3488 1390 3541 eorumdem
1420 3488 1701 3541 doctorum
1726 3487 1904 3542 omnis
1923 3502 2054 3557 prae

386 3583 393 3587 ’
478 3579 676 3634 dicatio
720 3580 995 3642 subsistit.
1038 3595 1263 3648 quorum
1286 3578 1751 3633 Testamentorum
1793 3594 1932 3634 unus
1970 3587 2054 3634 est

478 3679 669 3724 auctor
692 3679 746 3724 et
772 3670 1138 3741 promulgator
1157 3668 1422 3733 Christus.
1450 3669 1601 3738 juxta
1629 3672 1773 3740 quod
1803 3669 2053 3725 Salomon

479 3761 608 3816 dicit
638 3778 650 3813 :
679 3761 852 3816 Verba
882 3763 1201 3833 sapientium
1224 3765 1376 3833 quasi
1395 3762 1622 3827 stimuli,
1651 3774 1706 3818 et
1734 3764 1888 3833 quasi
1915 3763 2051 3818 clavi

378 3919 389 3931 Ι
478 3853 533 3905 in
555 3850 722 3905 altum
749 3850 934 3915 deﬁxi,
957 3867 1076 3922 quae
1096 3853 1217 3908 data
1247 3862 1373 3907 sunt
1397 3870 1427 3907 a
1454 3860 1668 3922 pastore
1690 3869 1817 3918 uno,
1838 3850 2055 3908 Christo

478 3939 745 3995 videlicet.
794 3938 1000 4011 Caprea
1048 3942 1190 3996 enim
1244 3950 1391 3996 recte
1439 3940 1714 3996 Christum
1766 3941 2051 4013 signiﬁcat,

476 4032 603 4102 quia
651 4039 707 4087 et
756 4032 953 4088 intuitu
1005 4040 1062 4087 et
1103 4030 1388 4087 velocitate
1434 4032 1645 4087 caeteris
1690 4031 2056 4087 animantibus

477 4124 811 4195 praeminet,
838 4130 892 4178 et
919 4124 1176 4178 mundum
1202 4131 1285 4177 est
1307 4122 1506 4177 animal
1536 4120 1786 4193 ungulam
1813 4122 2058 4179 dividens

473 4225 527 4274 et
558 4219 857 4272 ruminans.
889 4217 1046 4272 Tales
1081 4217 1226 4271 enim
1255 4224 1380 4270 sunt
1422 4214 1660 4270 membra
1703 4212 1936 4282 Christi,
1965 4215 2057 4270 rlo-

475 4318 657 4365 ctores
683 4307 953 4370 videlicet,
981 4309 1175 4362 intuitu
1200 4307 1439 4362 scientia:
1460 4307 1720 4379 insignes,
1744 4315 1800 4362 et
1827 4322 1890 4361 ea
1910 4306 2058 4361 velo-

474 4399 642 4455 citate
688 4407 903 4453 terrena
931 4399 1274 4463 deserentes,
1321 4407 1483 4467 atque
1522 4399 1590 4453 ad
1632 4398 1872 4454 caelestia
1907 4398 2057 4455 festi-

477 4499 689 4545 nantes.
739 4489 993 4544 Dividens
1038 4489 1318 4561 ungulam,
1364 4490 1416 4543 id
1461 4498 1544 4544 est
1586 4490 1793 4545 habens
1836 4488 1962 4545 boni
2002 4497 2058 4546 et

478 4583 605 4638 mali
650 4583 1067 4647 discretionem;
1113 4593 1167 4638 et
1229 4584 1544 4650 ruminans,
1589 4586 1693 4641 hoc
1737 4586 2053 4642 esttscdula

476 4675 738 4730 memoria
767 4684 1033 4746 pmoepta
1070 4675 1165 4730 Dei
1192 4677 1480 4731 meditans.

554 4788 573 4819 ι
606 4767 815 4823 Collum
858 4777 1007 4821 tuum
1052 4768 1192 4823 sicut
1232 4768 1396 4824 turris
1440 4769 1696 4825 eburnea.
1729 4789 1749 4822 ι
1797 4769 2055 4827 Doctores

477 4860 682 4923 sancti,
713 4859 805 4928 qui
840 4858 1194 4931 designantur
1229 4874 1326 4930 per
1351 4861 1535 4925 ubera,
1568 4860 1683 4929 ipsi.
1704 4861 2055 4932 designantur

477 4958 534 5004 et
570 4962 668 5020 per
688 4948 904 5003 cellam.
922 4947 1067 5004 Nam
1101 4965 1196 5020 per
1225 4949 1454 5004 arterias
1477 4950 1601 5005 colli
1631 4966 1732 5005 vox
1757 4951 2049 5022 egreditur,

476 5047 531 5095 et
558 5038 681 5094 colli
715 5039 1014 5094 ministerio
1053 5040 1265 5095 czeteris
1303 5040 1558 5095 membris
1585 5041 1770 5096 vitalia
1798 5041 2052 5097 alimenta

477 5129 1001 5185 ministrantur’.‘Sic
1033 5131 1204 5185 sancti
1234 5130 1482 5187 doctores
1508 5141 1563 5187 et
1601 5131 1764 5187 verba
1796 5132 1922 5188 vita:
1963 5148 2055 5203 ρο·

475 5219 618 5290 pulis
648 5219 976 5274 annuutiant
996 5261 1009 5286 ,
1036 5230 1090 5276 et
1117 5219 1374 5276 alimento
1399 5222 1656 5277 doctrinae
1689 5223 1927 5278 cmlestis
1962 5240 2057 5279 cos

477 5312 738 5367 nutriunt.
768 5311 973 5368 Collum
1008 5327 1138 5383 ergo
1172 5312 1424 5368 Ecclesia:
1454 5314 1590 5369 turri
1621 5315 1871 5368 eburnea:
1904 5330 2054 5369 com-

476 5417 716 5480 paratur,
749 5408 875 5478 quia
907 5409 1080 5464 sancti
1124 5409 1372 5463 doctores
1421 5407 1659 5478 ejusdem
1706 5409 1959 5465 Ecclesiae
2002 5421 2058 5467 et

477 5497 930 5568 pulchritudinem
960 5508 1014 5554 et
1066 5498 1229 5555 robur
1265 5507 1541 5569 praestant.
1592 5498 2051 5558 Pulchritudiuem

477 5588 716 5658 quidem,
746 5607 866 5660 quae
895 5606 991 5662 per
1017 5593 1306 5649 candorem
1338 5594 1520 5649 eboris
1552 5594 1885 5666 designatur,
1909 5605 2058 5653 caste

477 5696 529 5737 et
586 5685 798 5739 sincere
845 5685 1095 5739 vivendo.
1157 5684 1340 5740 Robur
1388 5700 1516 5739 vero
1569 5695 1862 5757 praastant,
1912 5689 2055 5758 quod

478 5773 813 5844 signiﬁcatur
840 5790 938 5846 per
967 5775 1158 5830 turrim
1179 5816 1193 5840 ,
1234 5778 1449 5847 quando
1477 5777 1722 5834 eamdem
1759 5777 2054 5836 Ecclesiam

477 5876 669 5923 contra
710 5868 1035 5923 t'ntationes
1063 5868 1255 5924 diaboli
1283 5870 1366 5926 vel
1409 5870 1637 5942 impetus
1678 5872 2053 5930 haereticorum

2152 2026 2290 2080 roris
2320 2041 2378 2081 se
2412 2027 2815 2097 constringunt,
2852 2028 2978 2096 quia
3007 2036 3154 2082 caste
3190 2036 3243 2081 et
3278 2029 3458 2083 sobrie
3486 2032 3747 2087 viventes

2151 2116 2204 2170 in
2235 2117 2338 2171 hoc
2366 2116 2594 2181 Steculo,
2625 2126 2681 2171 et
2718 2132 2815 2187 pro
2847 2118 2961 2173 suis
2987 2120 3256 2174 erratibus
3277 2120 3507 2187 deﬂent,
3542 2134 3746 2192 quate~

2150 2223 2252 2262 nus
2278 2208 2331 2262 in
2363 2209 2613 2278 praesenti
2640 2208 2905 2279 lugentes,
2933 2210 3000 2265 ad
3027 2227 3153 2266 vera
3181 2221 3494 2282 aeternaque
3524 2216 3747 2285 possint

2148 2300 2431 2370 pervenire
2453 2300 2663 2369 gaudia.
2682 2300 2738 2354 In
2760 2311 2912 2370 porta
2937 2309 3114 2357 autem
3137 2302 3383 2358 Hesebon
3406 2305 3489 2359 lue
3510 2306 3746 2376 piscina:

2149 2403 2270 2446 esse
2296 2389 2567 2454 dicuntur,
2596 2390 2722 2460 quia
2761 2391 2937 2446 nullus
2971 2392 3267 2447 Ecclesium
3313 2395 3521 2465 ingredi
3565 2380 3741 2460 valet,

2150 2480 2252 2534 nisi
2290 2480 2441 2549 prius
2469 2495 2608 2550 aqua
2656 2480 2994 2551 baptismatis
3022 2482 3306 2549 abluatur,
3332 2492 3385 2539 et
3428 2485 3534 2540 nisi
3586 2487 3745 2541 fonte

2149 2572 2401 2628 salutaris
2439 2572 2697 2628 doctrina:
2748 2581 2982 2643 potetur.
3026 2574 3140 2630 [loc
3183 2575 3347 2630 etiam
3391 2576 3742 2647 signiﬁcabat

2150 2663 2360 2719 labrum
2408 2678 2650 2730 aeneum,
2694 2666 2835 2735 quod
2879 2665 3131 2722 Salomon
3177 2667 3233 2722 in
3282 2668 3494 2738 porticu
3548 2670 3739 2741 templi

2149 2760 2440 2823 posuerat,
2471 2761 2531 2808 ut
2557 2755 2868 2810 sacerdotes
2897 2755 3189 2826 ingressuri
3223 2757 3477 2827 templum
3497 2799 3513 2821 ,
3544 2768 3601 2813 et
3644 2758 3742 2813 ho-

2151 2841 2288 2897 stias
2324 2842 2674 2910 immolaturi,
2703 2844 2776 2899 ibi
2804 2860 3027 2915 corpora
3054 2847 3352 2901 abluerent.

2229 2951 2249 2984 l
2278 2932 2452 2989 Nasus
2495 2942 2619 2990 tuus
2664 2935 2808 2991 sicut
2852 2937 3019 2992 turris
3063 2937 3293 3005 Libani,
3337 2953 3456 3009 qua:
3508 2941 3739 3011 respicit

2153 3033 2341 3081 contra
2387 3024 2727 3081 Damascum.
2763 3044 2782 3078 ι
2830 3026 2965 3095 Quia
3019 3042 3153 3083 naso
3205 3029 3405 3084 fetores
3448 3037 3507 3084 et
3557 3030 3738 3088 bonos

2153 3118 2349 3174 odores
2376 3118 2751 3180 discernimus,
2777 3129 2922 3174 recte
2951 3136 3048 3191 per
3070 3136 3258 3176 nasum
3285 3121 3542 3178 Ecclesia:
3568 3123 3734 3178 iidem

2156 3209 2328 3265 sancti
2373 3210 2624 3266 doctores
2675 3211 3066 3283 intelliguntur.
3120 3213 3230 3283 lpsi‘
3273 3215 3414 3270 enim
3460 3218 3738 3286 sagaciter

2154 3304 2469 3360 discernere
2486 3314 2755 3360 noverunt
2777 3306 2919 3362 inter
2940 3308 3282 3379 fragilitatem
3306 3310 3586 3366 catholica:
3606 3312 3733 3366 ﬁdei

2154 3396 2450 3450 doctrinam
2496 3407 2553 3452 et
2594 3397 2867 3454 letiferum
2912 3400 3152 3456 haeretici
3191 3403 3433 3473 corporis
3474 3402 3734 3458 fetorem.

2154 3491 2288 3547 Nam
2320 3501 2375 3547 et
2404 3494 2456 3548 in
2487 3494 2686 3550 divinis
2713 3497 3160 3564 charismatibns,
3189 3516 3310 3569 qua:
3342 3515 3440 3570 per
3466 3500 3734 3571 Spiritum

2155 3592 2401 3638 sanctum
2416 3585 2828 3651 distribuuntur,
2859 3588 3088 3642 dicitur:
3119 3589 3221 3643 Alii
3248 3591 3408 3645 datur
3431 3606 3533 3661 per
3561 3591 3737 3662 Spiri-

2156 3682 2267 3729 tum
2306 3676 2559 3731 discretio
2588 3677 2892 3747 spirituum.
2933 3678 3103 3735 Nasus
3142 3697 3270 3752 ergo
3305 3681 3559 3745 Ecclesia:
3596 3686 3734 3739 turri

2154 3769 2344 3824 Libani
2370 3782 2736 3840 comparatur,
2764 3773 2889 3842 quia
2914 3775 3086 3840 sancti
3109 3775 3359 3832 doctores
3379 3784 3434 3830 et
3461 3791 3736 3831 summum

2155 3860 2328 3916 locum
2358 3862 2409 3916 in
2443 3861 2680 3917 Ecclesia
2710 3871 2928 3929 tenent,
2954 3880 3018 3919 ac
3041 3864 3207 3920 veluti
3234 3865 3287 3920 in
3316 3865 3523 3921 Libano
3551 3877 3735 3923 monte

2155 3953 2488 4017 consistunt,
2527 3962 2581 4009 et
2618 3953 2914 4010 defendunt
2955 3955 3252 4012 Ecclesiam
3296 3973 3326 4011 a
3370 3960 3731 4029 malignorum

2156 4044 2441 4114 spirituum
2472 4045 2797 4101 incursibus.
2828 4045 2952 4102 "rec
2983 4047 3150 4103 turris
3185 4059 3374 4103 contra
3406 4048 3729 4106 Damascum

2155 4153 2276 4193 esse
2303 4138 2518 4193 dicitur.
2548 4140 2841 4195 Damascus
2868 4141 3180 4209 metropolis
3210 4141 3401 4197 civitas
3424 4150 3509 4197 est
3538 4142 3730 4214 Syriae.

2156 4245 2276 4299 quae
2302 4230 2573 4300 quondam
2600 4239 2787 4285 contra
2821 4231 2955 4286 ﬁlios
2983 4230 3169 4297 Israel,
3195 4241 3377 4303 utpote
3405 4234 3732 4288 fortissimos

2157 4333 2211 4377 et
2236 4322 2633 4377 crudelissimos
2665 4338 2819 4392 reges
2855 4324 3083 4387 habens,
3113 4325 3428 4383 dimicabat.
3463 4325 3743 4396 luterpre-o

2158 4419 2303 4466 tatur
2346 4420 2525 4467 autem
2574 4412 2899 4479 Damascus,
2946 4414 3223 4482 sanguinis
3261 4423 3451 4484 potu‘s,
3495 4415 3579 4468 vel
3612 4431 3730 4469 san—

2157 4504 2335 4575 guinis
2364 4504 2570 4559 oculus.
2607 4504 2809 4559 Ferunt
2839 4475 2913 4559 ibi
2939 4475 3073 4559 Abel
3100 4475 3466 4568 interfecttﬁa,
3506 4506 3731 4576 ideoque

2160 4594 2426 4667 signiﬁcat
2452 4604 2747 4666 potestates
2773 4594 2932 4665 hujus
2960 4596 3163 4661 saeculi,
3190 4610 3308 4664 qua:
3335 4597 3616 4667 sanguinis
3639 4613 3733 4667 po-

2163 4696 2273 4740 tum
2300 4687 2516 4748 sitiunt,
2546 4687 2673 4757 quia
2698 4686 3062 4756 voluptatibus
3085 4696 3140 4740 et
3174 4685 3446 4741 illecebris
3476 4687 3655 4742 carnis
3679 4697 3733 4742 et

2160 4777 2437 4848 sanguinis
2473 4775 2827 4831 delectantur.
2862 4770 3139 4847 Signiﬁcat
3168 4776 3332 4830 etiam
3371 4777 3549 4832 aerias
3586 4786 3735 4848 pote-

2159 4876 2360 4933 states,
2390 4882 2509 4936 qtue
2551 4866 2852 4920 animarum
2884 4874 3192 4920 nostrarum
3229 4881 3482 4921 cruorem
3525 4868 3733 4922 sitiunt.

2157 4956 2360 5013 Contra
2399 4957 2717 5011 Damascum
2758 4969 2886 5027 ergo
2930 4964 3014 5011 est
3056 4956 3172 5010 hcce
3210 4956 3405 5020 turris,
3448 4958 3578 5027 quia
3623 4958 3735 5012 haec

2158 5046 2399 5103 Ecclesia
2426 5061 2641 5116 semper
2672 5046 2885 5102 diabolo
2912 5055 2967 5101 et
2991 5045 3249 5101 membris
3273 5046 3440 5115 illius,
3472 5049 3735 5120 adjutorio

2156 5137 2353 5192 Christi
2385 5136 2610 5203 munita,
2639 5137 2861 5192 resistit.
2916 5176 2947 5206 ,

2232 5246 2251 5279 ‹
2281 5227 2453 5297 Caput
2479 5236 2630 5283 tuum
2656 5236 2717 5282 ut
2747 5228 3045 5284 Carmelus.
3077 5248 3096 5282 ι
3125 5227 3298 5300 Caput
3324 5244 3457 5302 ergo
3485 5230 3737 5286 Ecclesia:

2157 5319 2527 5390 principalitas
2556 5319 2753 5375 mentis
2783 5318 3018 5374 ﬁdelium
3051 5318 3406 5390 intelligitur:
3444 5336 3569 5374 nam
3600 5321 3737 5375 sicut

2157 5408 2332 5477 capite
2374 5407 2612 5463 membra
2651 5416 2912 5481 reguntur
2944 5416 3171 5474 caetera,
3211 5409 3288 5463 ita
3323 5420 3503 5464 mente
3532 5410 3735 5479 cogita-

2157 5500 2334 5555 tiones
2360 5500 2737 5571 disponuntur.
2769 5500 2913 5555 Bene
2938 5509 3119 5556 autem
3144 5509 3306 5571 caput
3333 5501 3589 5557 Ecclesia:
3609 5502 3739 5557 Car-

2158 5593 2299 5650 melo
2344 5602 2710 5664 comparatur.
2758 5593 3041 5649 Carmelus
3088 5593 3267 5659 enim,
3306 5593 3397 5663 qui
3430 5602 3485 5647 et
3527 5593 3741 5650 Carmel

2156 5686 2370 5751 dicitur,
2400 5686 2788 5758 interpretatur
2818 5685 3054 5757 cognitio
3085 5685 3166 5740 vel
3201 5684 3425 5740 scientia
3458 5685 3740 5740 circumci-

2157 5780 2342 5836 sionis.
2391 5778 2532 5852 Ergo
2581 5786 2747 5850 caput
2791 5780 3045 5834 Ecclesia:
3088 5777 3338 5834 Carmelo
3385 5778 3739 5845 assimilatur,

2159 5872 2286 5943 quia
2331 5872 2480 5928 novit
2529 5872 2995 5929 circumcisionem
3051 5871 3340 5941 aliquando
3385 5870 3742 5941 corporaliter
