3950 6434
216 391 318 461 sis

1165 412 1561 470 ENARRATIO
1600 413 1665 468 IN
1703 414 1996 471 CANTICA
2029 417 2492 477 CANTICORL‘M.

3341 428 3447 483 546

215 517 565 583 celebratam,
597 535 736 575 nunc
766 535 824 576 se
852 521 1204 592 spiritualiter
1237 525 1523 579 observare
1557 526 1769 590 debere,
1800 533 1848 591 Α
1881 529 1982 581 rito
2013 529 2100 581 illa
2129 546 2246 598 qua:
2285 535 2406 588 talis
2435 543 2537 598 est,
2578 550 2775 604 sponso
2805 553 2900 592 suo
2934 535 3149 592 Christo
3186 538 3444 596 charissi-

208 608 355 676 juxta
379 611 518 678 quod
548 610 812 681 Propheta
835 615 965 668 dicit
991 633 1002 668 :
1027 634 1043 664 ι
1073 616 1526 671 Circumcidimini
1553 617 1776 673 Domino

213 699 264 752 in
307 686 557 754 cordibus
605 704 815 758 vestris.
857 724 875 755 ι
936 704 1084 760 Hauc
1123 709 1441 761 sententiam
1491 709 1774 762 circumci-

211 794 371 848 sionis
397 810 500 848 non
524 795 826 850 habuerunt
849 796 1037 862 Judaei,
1063 799 1285 868 ideoque
1312 801 1776 868 reprehenduntur

209 899 236 936 a
283 883 438 936 beato
486 881 762 952 Stephano
813 894 1204 957 protomartyre
1253 888 1464 943 dicente
1514 907 1525 942 :
1581 907 1599 940 ι
1630 891 1771 944 Dura

207 975 415 1027 cervice
436 985 489 1028 et
519 975 909 1032 incircumcisis
935 978 1185 1034 cordibus
1209 987 1264 1033 et
1291 980 1532 1044 auribus,
1560 995 1772 1050 semper

208 1061 427 1130 Spiritui
460 1073 646 1117 sancto
683 1066 972 1120 restitistis.
1003 1086 1021 1118 ι
1057 1069 1110 1120 In
1147 1068 1284 1124 libro
1318 1085 1528 1139 quoque
1567 1071 1769 1138 Regum

206 1151 398 1222 legitur
423 1155 564 1222 quod
591 1154 735 1210 Elias
762 1156 812 1209 in
845 1166 1078 1210 montem
1106 1157 1336 1213 Carmeli
1366 1161 1687 1222 ascenderit,
1718 1170 1772 1215 et

205 1244 272 1296 ibi
301 1249 507 1298 orando
544 1246 747 1300 aridam
779 1257 974 1302 terram
1004 1250 1308 1305 caelestibus
1351 1253 1542 1322 pluviis
1582 1254 1770 1320 irriga-

203 1333 350 1393 verit,
372 1342 492 1402 post
515 1334 725 1404 longam
746 1337 905 1389 trium
929 1353 1188 1392 annorum
1207 1349 1260 1393 et
1274 1340 1436 1394 semis
1451 1342 1764 1396 siccitatem.

200 1422 561 1488 Quaabistoria
579 1425 850 1494 pulchram
877 1427 1080 1482 redolet
1102 1429 1430 1501 allegoriam.
1453 1433 1764 1500 Nam‘Elias,

199 1513 285 1580 qui
338 1513 724 1583 interpretatur
770 1517 908 1572 Deus
954 1534 1106 1574 meus
1150 1519 1441 1586 Dominus,
1495 1522 1764 1577 Christum

199 1603 480 1672 significat.
519 1605 618 1671 Qui
656 1621 777 1660 cum
809 1608 878 1662 sit
911 1609 1049 1663 Deus
1076 1618 1128 1664 et
1169 1611 1422 1666 Dominus
1445 1613 1684 1667 omnium
1713 1623 1767 1668 et

197 1691 358 1745 totius
387 1703 672 1756 creaturze,
702 1697 1004 1765 specialiter
1028 1714 1176 1763 suus,
1205 1700 1256 1753 id
1280 1712 1360 1755 est
1388 1703 1651 1770 proprius,
1681 1712 1763 1758 est

197 1783 336 1839 Deus
358 1794 414 1840 et
451 1785 711 1842 Dominus
739 1789 1010 1844 Ecclesiae.
1042 1789 1138 1845 Hic
1164 1792 1217 1846 in
1245 1791 1547 1848 Carmelum
1575 1811 1762 1851 ascen-

1878 633 1962 670 ma
1997 635 2117 672 esse.
2148 621 2364 674 dicitttr.

1952 728 1969 760 ι
2003 708 2219 764 Statura
2238 721 2324 764 tua
2341 715 2636 768 assinilata
2655 727 2732 770 est
2751 719 2959 786 palmae.
2986 739 3003 770 ι
3025 719 3240 773 Statura
3261 719 3440 774 Eccle-

1875 800 1968 853 sia:
1991 809 2074 852 est
2111 799 2343 868 perfecta
2377 803 2492 872 ejus
2521 807 2802 860 rectitudo.
2837 807 3018 878 Neque
3041 811 3182 862 enim
3219 811 3284 863 ad
3311 811 3438 864 vitia

1874 889 2204 952 incurvatur,
2242 893 2333 945 sed
2365 901 2505 945 recta
2557 903 2608 947 et
2663 895 2952 951 immobilis
2996 901 3252 966 persistit.
3291 900 3440 955 Unde

1872 978 2156 1034 Psalmista
2189 983 2613 1050 exspectantium
2641 999 2772 1038 voce
2803 986 3043 1040 dicebat:
3083 1009 3099 1039 ‹
3124 990 3437 1045 lncurvatus

1873 1084 1989 1122 sum
2017 1077 2069 1123 et
2107 1069 2418 1123 humiliatus
2469 1087 2868 1141 usquequaque.
2908 1093 2926 1125 ›
2958 1075 3024 1128 Ει
3047 1079 3302 1145 propheta
3339 1080 3438 1134 sub

1871 1160 2049 1227 specie
2079 1159 2408 1213 llierus;-.lem
2449 1161 2692 1228 peccauti
2721 1162 2916 1216 "animm
2961 1165 3024 1217 de
3049 1166 3294 1235 malignis
3325 1169 3436 1236 spi-

1871 1247 2062 1301 ritibus
2103 1248 2233 1302 dicit
2261 1265 2273 1301 :
2301 1267 2320 1298 ‹
2357 1249 2492 1315 Quia
2535 1250 2952 1306 humiliaverunt
2980 1262 3051 1315 te,
3095 1264 3150 1307 et
3188 1257 3437 1310 dixerunt

1869 1337 2061 1390 animae
2110 1345 2233 1402 tum,
2279 1339 2566 1393 lucurvare
2613 1349 2670 1394 ut
2707 1349 3064 1395 transeamus.
3099 1363 3115 1393 ι
3151 1344 3220 1396 At
3249 1355 3434 1400 contra

1869 1435 2054 1480 sancta
2101 1427 2337 1482 Ecclesia
2368 1438 2513 1483 recta
2568 1441 2694 1494 stat,
2743 1446 2841 1486 nec
2886 1448 3120 1500 unquam
3165 1434 3436 1490 incurvari

1866 1518 2153 1580 consentit,
2194 1519 2419 1574 audiens
2452 1519 2519 1574 ab
2553 1521 2845 1588 Apostolo:
2883 1541 2900 1572 ‹
2933 1520 3180 1592 Vigilate,
3209 1534 3348 1579 state
3382 1526 3434 1580 in

1867 1607 1990 1670 ﬁde,
2021 1607 2254 1661 viriliter
2278 1609 2418 1679 agite
2451 1617 2504 1662 et
2534 1609 2932 1674 coufortamini,
2959 1623 3013 1665 et
3041 1614 3218 1666 omnia
3257 1624 3433 1668 vestra

1866 1699 2196 1753 incharitate
2226 1700 2372 1754 ﬁant.
2411 1721 2429 1753 ι
2456 1702 2520 1755 Ει
2540 1703 2797 1757 Dominus
2824 1705 2946 1758 ﬁliis
2974 1706 3135 1760 Israel
3159 1707 3429 1775 loquitur:

1869 1809 1886 1842 ‹
1922 1791 2032 1860 Ego
2070 1808 2187 1844 sum
2220 1792 2476 1846 Dominus
2510 1792 2650 1848 Deus
2685 1804 2882 1859 vester,
2921 1798 3008 1864 qui
3039 1799 3209 1867 eripui
3247 1815 3338 1853 vos
3366 1800 3435 1855 de

194 1877 298 1940 dit,
329 1879 544 1946 quando
572 1895 668 1949 per
704 1882 929 1950 gratiam
967 1898 1116 1936 suam
1147 1894 1352 1938 mentes
1382 1885 1612 1939 ﬁdelium
1642 1903 1757 1942 suo-

1865 1879 2136 1949 ergastulo
2177 1879 2581 1950 Egyptiorum,
2608 1892 2667 1934 ut
2698 1884 3018 1938 incederetis
3055 1897 3217 1940 recte.
3265 1908 3282 1938 ι
3316 1888 3434 1942 Sta-

195 1984 310 2021 rum
340 1971 675 2036 conscendit,
705 1980 758 2024 et
784 1987 881 2040 per
904 1987 997 2025 eos
1035 1975 1206 2027 arenti
1235 1977 1432 2029 mundo
1466 1978 1758 2044 gratiarum

195 2074 410 2112 suarum
442 2060 643 2128 pluvias
681 2061 884 2115 tribuit.
920 2062 1087 2117 Recte
1133 2078 1262 2135 ergo
1305 2068 1384 2136 (ut
1421 2068 1620 2122 dictum
1656 2070 1759 2141 est)

193 2157 354 2216 caput
399 2148 646 2204 Ecclesiae
695 2150 944 2207 Carmelo
995 2155 1162 2208 monti
1210 2167 1584 2226 comparatur,
1635 2161 1758 2229 quia

191 2253 340 2292 mens
396 2250 702 2295 sanctorum
761 2246 1173 2300 conversatione
1233 2248 1476 2304 sublimis
1530 2260 1652 2314 est,
1706 2259 1762 2306 et

185 2327 403 2384 Christo
439 2331 494 2385 iu
533 2347 590 2386 se
629 2347 910 2388 ascensum
948 2336 1152 2404 praebet
1185 2352 1283 2407 per
1317 2338 1616 2408 profectum
1646 2341 1756 2396 vir-

186 2429 378 2474 tutum.
518 2441 528 2450 ·
1043 2485 1048 2488 _

253 2533 271 2564 ι
313 2514 379 2567 Et
408 2529 575 2571 comae
603 2517 795 2586 capitis
824 2519 899 2572 tui
928 2527 985 2572 nt
1013 2535 1245 2590 purpura
1271 2521 1414 2592 regis
1451 2523 1632 2578 vincta
1665 2540 1755 2580 ea.

180 2607 412 2662 nalibus.
449 2629 469 2660 ι
516 2607 572 2663 Si
622 2626 716 2680 per
765 2620 924 2680 caput
972 2611 1226 2668 Ecclesia:
1276 2630 1426 2669 mens
1469 2615 1754 2685 accipitur,

177 2715 271 2768 per
294 2715 485 2756 comas
521 2702 716 2771 capitis,
751 2704 1104 2774 cogitationes
1141 2705 1337 2760 mentis
1376 2705 1630 2761 debemus
1660 2721 1754 2762 ac-

175 2791 384 2860 cipere,
415 2808 535 2862 qua:
563 2794 775 2848 assidue
803 2795 868 2848 de
900 2795 986 2848 illa
1016 2796 1299 2865 prodeunt.
1326 2795 1632 2866 Purpureus
1668 2813 1755 2852 ve-

175 2900 233 2938 ro
259 2884 435 2948 color,
481 2885 570 2954 qui
607 2885 881 2954 sanguinis
928 2887 1088 2941 habet
1133 2887 1389 2955 speciem,
1441 2888 1753 2957 mysterium

175 2974 473 3028 Dominica:
514 2975 779 3043 passionis
830 2974 1112 3046 significat.
1153 2975 1311 3029 Juxta
1355 2977 1584 3029 litteram
1614 2977 1756 3044 quod

174 3065 334 3129 dicit,
376 3083 394 3115 ε
435 3080 669 3135 purpura
701 3067 842 3136 regis
890 3066 1065 3120 vincta
1102 3065 1395 3129 canalibus,
1429 3085 1446 3117 ›
1491 3067 1758 3135 signiﬁcat

172 3154 490 3223 lanamjam
529 3171 798 3226 purpureo
849 3158 1031 3212 colore
1068 3158 1368 3212 confectam
1413 3166 1468 3212 et
1527 3158 1752 3212 necdum

1865 1979 1981 2023 tura
2022 1987 2150 2040 ergo
2179 1971 2432 2025 Ecclesia:
2465 1971 2656 2040 palmae
2681 1973 3030 2039 assimilatur,
3079 1992 3198 2044 qua:
3242 1976 3294 2029 in
3319 1993 3434 2031 om-

1862 2061 2020 2114 nibus
2051 2075 2168 2120 una:
2194 2062 2298 2130 agit
2323 2077 2535 2129 semper
2561 2061 2612 2114 in
2637 2065 2893 2116 memoria
2924 2080 3211 2134 supernam
3235 2067 3434 2140 retinet

1863 2153 2374 2207 remunerationem.
2418 2153 2599 2208 Palma
2638 2155 2780 2208 enim
2815 2155 3088 2211 victricem
3127 2170 3283 2214 ornat
3317 2176 3432 2215 ma-

1861 2260 2011 2309 num,
2043 2252 2095 2298 et
2127 2245 2246 2299 ideo
2286 2245 2552 2315 signiﬁcat
2588 2247 2866 2315 priemium
2910 2247 3037 2302 illud
3075 2250 3216 2318 quod
3259 2252 3431 2306 victo-

1858 2337 2009 2392 ribus
2049 2338 2252 2392 sanctis
2283 2339 2334 2392 in
2371 2340 2680 2393 caelestibus
2707 2348 2788 2393 est
2815 2340 3066 2394 dandum.
3101 2361 3119 2392 ι
3156 2344 3220 2396 Et
3266 2345 3429 2398 ubera

1858 2438 1948 2482 tua
1974 2429 2164 2482 botris.
2200 2449 2218 2480 ι
2246 2428 2422 2484 Ubera
2450 2429 2702 2484 Ecclesiae
2729 2430 2810 2500 (ut
2828 2433 3074 2500 superius
3101 2433 3298 2487 dictum
3323 2434 3429 2505 est)

1856 2530 1982 2577 sunt
2024 2523 2272 2577 doctores
2311 2529 2504 2586 sancti,
2547 2524 2636 2592 qui
2678 2523 2815 2578 lacte
2860 2524 3119 2594 simplicis
3169 2527 3431 2582 doctrina:

1858 2621 2202 2682 regeneratos
2251 2613 2302 2665 in
2350 2611 2564 2667 Christo
2619 2613 2882 2666 nutriunt.
2940 2612 3046 2667 Sed
3096 2614 3211 2667 haec
3261 2615 3429 2668 ubera

1857 2701 2026 2756 botris
2055 2701 2445 2766 assiinilantur,
2472 2701 2688 2770 quando
2715 2702 2873 2755 iidem
2905 2701 3154 2756 doctores
3176 2702 3430 2773 perfectis

1855 2791 2174 2860 perfectiora
2243 2792 2598 2855 denuntiant,
2653 2793 2793 2846 sicut
2858 2790 3144 2861 Apostolus
3206 2793 3428 2862 loquens

1857 2882 2305 2949 simplicioribus,
2355 2882 2610 2935 dicebat:
2667 2901 2682 2931 ι
2715 2880 2828 2934 Non
2878 2882 3024 2950 potui
3081 2883 3234 2936 vobis
3286 2883 3428 2953 loqui

1859 2982 2111 3039 tanquam
2163 2972 2570 3039 spiritualibus,
2619 2971 2709 3024 sed
2763 2980 3014 3040 tanquam
3069 2973 3418 3039 carnalibus;

1858 3069 2114 3130 tanquam
2153 3062 2392 3131 parvulis
2431 3062 2482 3114 iu
2513 3061 2728 3115 Christo
2768 3060 2847 3113 lac
2883 3070 3061 3128 potum
3099 3062 3250 3116 vobis
3281 3063 3426 3128 dedi,

1860 3168 1963 3207 non
1995 3167 2193 3206 escam.
2233 3173 2251 3204 ι
2300 3153 2435 3206 Ecce
2462 3152 2626 3206 ubera
2672 3135 2826 3204 lactis
2855 3151 3031 3220 plena.
3074 3151 3202 3218 Quae
3257 3152 3423 3206 ubera

173 3249 223 3303 in
254 3248 351 3302 ﬁla
393 3248 697 3312 deductam,
735 3250 828 3302 sed
858 3250 1034 3305 adhuc
1073 3252 1125 3304 in
1173 3251 1448 3305 canalibus
1489 3251 1748 3306 constitu-
1781 3253 1823 3314 C
1858 3247 1908 3300 in
1941 3247 2122 3300 botros
2152 3253 2275 3300 sunt
2323 3260 2496 3309 versa,
2541 3259 2661 3297 cum
2693 3243 2928 3297 diceret:
2968 3261 2985 3293 ‹
3025 3241 3134 3296 Nos
3169 3244 3428 3313 praedica-

170 3349 309 3404 tam,
357 3354 493 3408 quas
541 3339 713 3394 Grieci
755 3340 909 3396 εὰτια
935 3350 1147 3404 vocant,
1191 3343 1242 3395 in
1288 3343 1482 3412 quibus
1537 3343 1754 3411 sanguis

171 3429 584 3499 conchyliorum
614 3429 749 3484 solet
771 3431 1023 3494 defluere,
1061 3440 1114 3484 et
1139 3431 1314 3485 lanam
1344 3432 1396 3485 in
1425 3447 1751 3501 purpureum

170 3529 394 3575 vertere
437 3521 692 3575 colorem.
723 3521 945 3593 Mystice
986 3523 1202 3577 canales
1239 3525 1355 3577 ista:
1397 3524 1752 3578 humilitatem

171 3619 490 3666 sanctorum
521 3612 848 3680 signiﬁcant,
881 3615 932 3666 in
985 3615 1178 3682 quibus
1219 3616 1404 3669 azterni
1436 3617 1577 3684 regis
1624 3633 1750 3686 pur-

170 3719 311 3772 pura
361 3705 601 3772 tingitur,
647 3721 768 3760 cum
820 3707 989 3761 sancti
1029 3708 1231 3777 quique
1275 3709 1630 3764 humilitatem
1670 3710 1753 3766 sui

170 3793 556 3863 Redemptoris
591 3797 867 3858 imitando,
922 3799 1226 3866 passiomun
1273 3798 1412 3852 illius
1451 3798 1754 3854 conformes

171 3885 299 3939 fieri
335 3894 605 3955 satagunt,
635 3897 901 3955 quatenus
929 3889 980 3940 in
1008 3903 1258 3957 purpurae
1283 3889 1596 3959 dignitatem
1628 3906 1752 3943 ver-

171 3983 400 4037 tantur;
436 3977 489 4029 id
513 3986 615 4038 est,
641 3977 947 4032 laborantes
974 3995 1070 4048 pro
1089 3978 1321 4041 Christo,
1349 3990 1656 4035 mereantur
1671 3997 1756 4035 re-

168 4079 352 4136 gnare
379 4080 503 4118 cum
527 4065 760 4119 Christo.
797 4065 985 4120 Vincta
1011 4077 1187 4121 autem
1232 4069 1344 4123 lizec
1372 4085 1604 4138 purpura
1635 4087 1756 4127 esse

169 4156 403 4220 dicitur,
432 4155 556 4224 quia
602 4166 910 4211 sanctorum
940 4159 1230 4226 priecordia
1260 4158 1365 4213 fixa
1409 4168 1533 4214 sunt
1561 4170 1615 4215 et
1641 4171 1753 4216 sta-

167 4246 333 4300 bilita
371 4246 423 4299 in
457 4247 648 4301 timore
689 4255 744 4301 et
777 4263 958 4303 amore
984 4247 1360 4318 Redemptoris
1390 4251 1492 4318 sui,
1525 4267 1624 4308 nec
1653 4269 1753 4307 un-

167 4351 343 4409 quam
373 4353 402 4390 a
432 4337 707 4392 charitate
735 4340 850 4409 ejus
881 4341 1122 4408 separari
1147 4349 1388 4410 possunt.

254 4447 275 4479 ι
314 4429 485 4495 Quam
518 4429 740 4499 mlcbra
777 4446 836 4484 es
874 4439 928 4485 et
955 4447 1116 4502 quam
1154 4433 1367 4497 decora,
1413 4434 1754 4501 charissima,

170 4524 228 4578 in
261 4521 492 4576 deliciis.
524 4543 542 4574 ι
587 4523 758 4589 Quam
808 4523 1029 4593 pulchra
1069 4539 1148 4589 es,
1195 4524 1398 4578 scilicet
1447 4525 1500 4578 in
1550 4525 1672 4590 ﬁde,
1701 4536 1753 4580 et

1858 3353 1977 3392 mus
2001 3337 2270 3392 Christum
2297 3334 2388 3390 Dei
2413 3336 2664 3388 virtutem
2688 3341 2741 3386 et
2787 3333 2878 3386 Dei
2905 3332 3242 3402 sapientiam,
3270 3340 3322 3386 et
3352 3332 3429 3385 lo-

1855 3430 2071 3498 quimur
2096 3427 2413 3498 sapientiam
2437 3427 2580 3480 inter
2599 3425 2888 3496 perfectos.
2922 3446 2940 3478 ι

1929 3541 1947 3572 ε
1989 3521 2128 3586 Dixi,
2167 3521 2456 3576 ascendam
2506 3520 2559 3574 in
2598 3519 2851 3590 palmam,
2891 3518 3290 3590 apprehendam
3320 3517 3428 3572 frn-

1853 3620 1974 3668 ctus
1999 3611 2132 3681 ejus.
2169 3631 2189 3664 ›
2233 3610 2300 3666 Ut
2337 3611 2712 3666 ostenderetur
2752 3612 2930 3665 oumis
2973 3611 3085 3666 hac
3111 3610 3426 3665 excellentia

1853 3713 1910 3759 et
1932 3702 2248 3771 magnitudo
2269 3702 2532 3757 donorum
2549 3703 2800 3758 Ecclesia:
2829 3703 2895 3756 de
2923 3702 3017 3758 Dei
3035 3704 3204 3773 gratia
3220 3702 3425 3767 venire,

1855 3795 2212 3849 introducitur
2266 3795 2404 3849 idem
2445 3809 2672 3864 sponsus
2701 3794 2886 3848 dicens
2925 3813 2938 3848 :
2971 3811 2988 3844 ι
3028 3793 3327 3848 Ascendam
3372 3793 3425 3847 in

1853 3887 2105 3956 palmam.
2141 3905 2160 3938 ι
2196 3884 2357 3952 Quasi
2389 3887 2627 3940 diceret:
2654 3885 2780 3939 Inde
2819 3885 2988 3938 habes
3016 3885 3183 3938 ubera
3227 3883 3292 3937 ad
3329 3898 3430 3937 nu-

1856 3979 2096 4032 triendos
2127 3977 2400 4046 parvulos,
2442 3977 2582 4030 unde
2625 3977 2792 4031 habes
2837 3978 3042 4039 botros,
3080 3977 3274 4045 quibus
3306 3991 3427 4044 per-

1856 4069 2168 4124 fectioribus
2220 4068 2596 4138 perfectiorem
2635 4069 2888 4137 propincs
2938 4065 3264 4129 doctrinam,
3300 4066 3424 4134 quia

1855 4175 1954 4231 ego
1982 4174 2096 4213 mea
2112 4159 2280 4228 gratia
2300 4157 2420 4211 inte
2435 4157 2666 4222 ascendi,
2684 4165 2739 4211 et
2768 4157 2906 4210 hanc
2925 4156 3016 4209 tibi
3039 4153 3425 4223 perfectionem

1855 4249 2120 4306 concessi.
2177 4268 2194 4300 ‹
2223 4249 2520 4302 Ascendam
2551 4247 2766 4319 (inquit)
2808 4248 2858 4301 in
2900 4248 3152 4316 palmam.
3195 4265 3211 4296 ι
3245 4245 3425 4300 Palma

1855 4341 2148 4398 Ecclesiam
2171 4340 2454 4411 significat,
2478 4340 2559 4393 vel
2591 4340 2752 4394 etiam
2779 4340 3013 4392 animam
3062 4337 3430 4408 cujuscunque

1858 4433 2047 4494 fldelis,
2091 4431 2180 4501 qui
2232 4446 2439 4484 memor
2465 4439 2546 4484 est
2595 4431 2805 4485 Domini
2846 4430 2939 4483 Dei
2992 4428 3071 4484 sui
3119 4429 3207 4498 qui
3254 4429 3422 4482 dicit:

1858 4522 2143 4585 Conﬁdite,
2192 4537 2292 4591 ego
2321 4522 2420 4575 viri
2465 4521 2740 4574 mundum.
2770 4521 2886 4590 Ipsa
2927 4536 3139 4590 quoque
3186 4521 3426 4574 omnium

172 4618 377 4670 decora
408 4616 459 4668 in
499 4615 832 4683 operatione,
867 4615 1186 4670 charissima
1234 4616 1287 4670 in
1319 4616 1541 4671 deliciis.
1578 4616 1750 4688 Supra
1783 4594 1828 4653 υ
1855 4597 2174 4668 γίῑίοτωηῖξι
2197 4613 2494 4682 iniquitatis
2516 4614 2712 4666 victrix
2739 4627 2857 4666 esse
2873 4611 3228 4666 studet.Bene
3247 4620 3424 4666 autem

170 4707 384 4760 dictum
416 4714 499 4759 est
533 4705 599 4759 de
628 4705 865 4760 Ecclesia
892 4723 904 4758 :
944 4725 961 4757 ι
992 4706 1222 4760 Pulchra
1245 4715 1302 4760 ut
1327 4707 1471 4773 luna,
1501 4709 1668 4764 electa
1696 4719 1754 4766 ut

170 4798 278 4860 sol,
336 4797 588 4852 terribilis
635 4806 694 4851 ut
750 4806 1050 4851 castrorum
1111 4799 1258 4852 acies
1294 4799 1574 4866 ordinata;
1611 4821 1628 4852 ›
1663 4801 1752 4855 hic

169 4907 310 4948 vero
359 4891 573 4954 dicitur,
612 4911 632 4944 ι
667 4889 894 4946 Pulchra
944 4899 1000 4946 et
1047 4891 1273 4954 decora,
1326 4893 1644 4948 charissima
1696 4893 1750 4947 in

170 4982 420 5047 deliciis;
457 5003 476 5034 ι
518 4998 637 5052 qua:
672 4981 824 5050 quasi
859 4983 1126 5036 contraria
1163 4996 1282 5037 esse
1315 4983 1582 5038 videntur.
1616 4982 1748 5038 Nam

170 5073 486 5128 ordinatam
528 5089 647 5128 esse
675 5072 820 5126 velut
870 5081 1172 5127 castrorum
1223 5073 1416 5138 aciem,
1457 5083 1510 5127 et
1551 5089 1669 5128 esse
1699 5075 1752 5128 in

173 5165 412 5228 deliciis,
443 5172 725 5235 repugnat,
756 5163 879 5233 quia
904 5159 1105 5218 dellbiie
1134 5163 1500 5218 fortitudinem
1523 5164 1751 5218 militum

174 5259 360 5313 solent
387 5271 669 5311 enervare.
704 5254 808 5310 Sed
831 5263 1012 5310 sancta
1043 5254 1281 5309 Ecclesia
1309 5262 1594 5324 utrumque
1624 5257 1751 5325 agit.

174 5349 442 5405 Ordinata
481 5356 564 5402 est
597 5347 742 5402 velut
771 5357 1070 5401 castrorum
1095 5346 1257 5410 acies,
1290 5345 1416 5414 quia
1451 5345 1755 5401 inﬁdelibus

177 5440 455 5506 haereticis
499 5439 720 5504 resistit,
767 5449 820 5492 et
865 5438 1126 5509 malignos
1155 5437 1374 5506 spiritus
1416 5452 1512 5491 sua
1558 5437 1757 5491 sancti-

177 5543 296 5588 tate
325 5541 379 5586 et
409 5532 738 5602 perfectione
771 5541 958 5586 terret.
994 5531 1048 5585 In
1079 5530 1286 5585 deliciis
1309 5531 1471 5584 etiam
1499 5539 1604 5594 est,
1630 5531 1754 5600 quia

177 5622 506 5678 suavitatem
529 5637 779 5692 supernas
799 5621 1098 5675 dulcedinis
1120 5620 1334 5674 assidue
1357 5619 1535 5689 palato
1561 5619 1756 5675 mentis

179 5717 456 5784 degustat,
509 5720 561 5767 et
589 5713 730 5766 inter
767 5727 1048 5782 prcssuras
1077 5709 1236 5780 hujus
1267 5710 1445 5766 saeculi
1489 5710 1608 5765 illas
1636 5711 1754 5764 adi-

181 5809 318 5881 pisci
359 5807 628 5862 desiderat
657 5815 707 5859 et
747 5806 998 5861 continue
1039 5802 1150 5858 illis
1185 5803 1391 5860 satiari.
1448 5802 1599 5858 Unde
1645 5818 1754 5857 me-

1853 4706 1906 4759 in
1937 4705 2168 4774 palmam
2199 4704 2285 4758 hic
2315 4704 2622 4758 ascendisse
2677 4704 2893 4766 dicitur,
2933 4719 3054 4757 cum
3096 4702 3341 4771 superius
3371 4702 3427 4755 in

1852 4799 2068 4852 hortum
2116 4796 2458 4852 descendisse
2507 4797 2732 4866 legatur.
2786 4796 2931 4850 Dixit
2975 4785 3118 4851 enim
3149 4795 3424 4850 Ecclesia:

1859 4907 1877 4940 ι
1908 4889 2143 4943 Dilectus
2176 4904 2325 4942 meus
2370 4887 2645 4942 descendit
2692 4889 2743 4942 in
2770 4889 2983 4942 hortum
3014 4901 3189 4940 suum.
3227 4904 3245 4937 ι
3285 4885 3426 4938 Idem

1853 4987 1936 5032 est
1974 4979 2164 5032 hortus
2211 4979 2353 5048 quod
2399 4988 2452 5033 et
2495 4978 2694 5047 palma,
2752 4978 2998 5032 videlicet
3048 4993 3152 5030 una
3209 4977 3427 5030 eadem-

1853 5084 1958 5140 que
2006 5069 2264 5123 Ecclesia.
2297 5067 2401 5124 Sed
2449 5071 2504 5123 in
2552 5085 2670 5124 eam
2715 5070 2974 5124 Dominus
3021 5067 3320 5130 descendit,
3375 5074 3430 5120 et

1855 5159 1921 5212 ad
1949 5173 2067 5212 eam
2091 5159 2349 5212 ascendit.
2385 5159 2669 5213 Descendit
2692 5160 2746 5212 in
2773 5173 2912 5221 eam,
2940 5157 3149 5226 copiam
3173 5169 3285 5208 suae
3309 5169 3429 5224 gra-

1855 5249 1943 5305 tize
1972 5249 2045 5302 illi
2080 5251 2145 5302 de
2185 5249 2494 5304 coelestibus
2531 5250 2829 5315 mittendo;
2868 5248 3110 5303 ascendit
3146 5245 3212 5300 ad
3258 5244 3428 5309 illam,

1855 5341 1995 5396 dona
2026 5356 2123 5395 sua
2156 5341 2208 5394 in
2241 5355 2304 5394 ea
2343 5340 2802 5405 incrementando,
2841 5353 3068 5406 eamque
3106 5334 3427 5406 quibusdam

1856 5432 2186 5503 profectibus
2236 5432 2398 5486 veluti
2431 5433 2751 5501 quibusdam
2786 5431 3040 5502 gradibus
3092 5428 3157 5482 ad
3202 5425 3430 5482 celsiora

1855 5524 2204 5579 sublevando.
2247 5523 2353 5578 Sed
2374 5533 2429 5578 et
2458 5525 2558 5577 hoc
2587 5524 2653 5575 de,
2681 5531 2871 5576 natura
2898 5520 3091 5590 palma:
3127 5525 3212 5574 est
3261 5517 3425 5571 scien-

1855 5616 2002 5681 dum,
2033 5616 2174 5685 quod
2227 5617 2281 5670 in
2337 5615 2683 5670 inferioribus
2740 5628 2930 5681 aspera
2958 5618 3059 5674 est,
3094 5610 3145 5663 in
3189 5606 3429 5676 superio-

1855 5710 1954 5764 bus
1999 5708 2359 5780 pulcherrima
2407 5709 2602 5764 decore
2648 5707 2898 5761 foliorum
2943 5715 2997 5760 et
3031 5701 3430 5776 pulchritudine

1859 5801 2145 5855 fructuum.
2196 5801 2282 5855 Sic
2343 5807 2395 5854 et
2452 5806 2636 5853 sancta
2696 5795 2933 5852 Ecclesia
2984 5795 3036 5850 in
3083 5789 3430 5847 inferioribus
