3950 6440
500 381 603 439 347

966 375 1318 438 llAYMONlS
1356 374 1836 432 llALBERSTAT.
1874 374 2081 431 EPISC.

2187 377 2280 433 PP.
2318 377 2520 433 PARS.
2559 379 2601 432 1.
2653 408 2704 418 -
2736 377 3094 433 COMMENT.
3127 377 3299 434 BIBL.

3649 380 3779 439 -ω

501 496 845 569 asperitatem
873 494 1119 549 laborum”
1146 499 1201 547 et
1227 489 1536 561 passionum
1556 490 1784 545 sustinet
1808 505 1907 561 pro
1931 489 2056 544 Chrt
2073 521 2087 531 -
2112 494 2159 555 Α
2189 507 2352 560 quam
2381 491 2449 547 ad
2471 500 2655 561 potum
2683 492 2937 562 pertinet.
2960 492 3094 548 Nam
3109 493 3284 549 sancti
3309 493 3564 551 doctores
3583 495 3776 553 vinum

500 597 621 644 sto:
655 587 708 642 in
733 584 1102 657 superioribus
1122 598 1275 647 vero,
1296 582 1400 636 hoc
1421 590 1504 637 est
1520 582 1574 636 in
1604 581 1936 647 etelestibus,
1963 582 2083 652 pul-

504 678 861 734 chritudinem
883 684 938 730 et
961 675 1283 730 suavitatem
1299 680 1577 742 exspectat
1595 673 1959 742 prtemiorum.
1982 672 2082 727 Po-

503 780 609 826 test
635 778 687 823 et
714 783 811 837 per
840 764 1073 837 palmam
1105 766 1270 819 arbor
1295 763 1589 819 Dominicm
1620 763 1800 818 crucis
1829 763 2081 834 exprimi,

502 863 558 917 in
580 877 739 931 quam
771 858 1103 929 Redemptor
1137 866 1323 913 noster
1353 872 1452 927 pro
1483 856 1702 911 humani
1750 856 1963 928 generis
1993 873 2081 912 re-

502 954 806 1023 demptione
830 952 1096 1016 ascendit,
1120 961 1175 1006 et
1206 951 1260 1005 in
1288 966 1390 1019 qua
1423 950 1634 1004 hostem
1672 949 1893 1003 humani
1921 963 2085 1020 gene-

498 1045 578 1099 ris
630 1045 925 1115 superavit.
961 1045 1048 1099 Ait
1076 1059 1243 1114 ergo:
1299 1062 1318 1094 ι
1356 1043 1500 1108 Dixi,
1544 1041 1833 1097 ascendam
1863 1042 1917 1095 in
1965 1040 2085 1112 pal-

497 1149 642 1189 mam
668 1151 684 1200 ;
725 1154 743 1186 »
782 1136 833 1189 id
856 1145 958 1200 est,
989 1150 1088 1205 per
1116 1150 1264 1190 meos
1292 1135 1583 1205 pmpbetas
1605 1133 1814 1188 locutus
1857 1148 1999 1198 sum,
2030 1140 2087 1188 et

498 1228 723 1299 promisi
762 1242 847 1283 me
892 1227 957 1282 ad
992 1226 1297 1298 passionem
1344 1235 1652 1289 venturum,
1692 1233 1745 1279 et
1781 1238 1955 1278 meam
1987 1221 2085 1277 Ee-

501 1318 722 1375 clesiam
760 1317 1188 1387 redempturnm.
1222 1337 1241 1368 ‹
1274 1314 1687 1387 Apprehendam
1724 1314 1941 1385 (inquit)
1973 1312 2085 1368 l‘ru-

503 1421 626 1468 ctus
672 1409 826 1481 ejus;
868 1431 886 1464 ι
918 1409 969 1465 id
1001 1419 1087 1464 est
1112 1407 1318 1464 fructus
1364 1409 1631 1463 bonorum
1670 1422 1896 1477 operum
1927 1415 1982 1460 et
2009 1404 2087 1458 la-

464 1490 715 1567 borum,
771 1502 965 1571 quibus
998 1499 1238 1556 Ecclesia
1268 1498 1496 1554 desudat
1539 1496 1966 1561 remunerando;
2002 1493 2086 1548 vel

501 1596 667 1652 etiam
704 1594 996 1650 secundum
1049 1608 1228 1648 meum
1277 1607 1517 1657 sensum,
1562 1605 1669 1661 quo
1709 1605 1808 1661 per
1850 1588 2086 1659 palmam

502 1700 636 1743 crux
685 1687 1018 1758 intelligitur.
1053 1706 1072 1737 ι
1105 1685 1519 1757 Apprehendam
1562 1683 1791 1747 fructus,
1824 1702 1842 1734 ι
1894 1680 1948 1736 id
1979 1688 2086 1745 est,

506 1777 728 1861 impleto
763 1777 1036 1847 triumpho
1072 1775 1364 1846 passionis,
1401 1773 1616 1829 veniam
1649 1772 1715 1828 ad
1748 1772 1975 1851 gloriam
1999 1785 2087 1825 re-

2186 579 2463 650 spirituale
2515 581 2830 647 ruminant,
2872 582 3091 651 quando
3138 593 3406 655 praecepta
3456 585 3776 657 evangeliea

2184 671 2471 743 diligenter
2524 672 2839 741 exquirunt,
2880 681 2935 728 et
2978 674 3171 729 crebra
3222 675 3577 734 meditatione
3631 678 3779 735 inve-

2187 766 2387 837 stigarit
2411 762 2573 835 atque
2604 766 2836 821 invicem
2858 766 3166 823 conferunt.
3662 764 3671 769 ’

2260 856 2422 928 ‹.Εεο
2467 857 2662 912 dilecto
2707 873 2857 925 meo,
2908 869 2960 914 et
3001 859 3069 914 ad
3115 874 3204 914 me
3246 863 3532 918 conversio
3574 861 3724 930 eius.
3753 884 3772 919 ι

2190 967 2211 1000 ‹
2245 948 2358 1019 Ego
2389 946 2584 1023 dilecto
2614 965 2756 1014 meo,
2790 969 2808 1002 ι
2828 936 3099 1005 subaudis
3124 951 3444 1021 obsequium
3465 951 3709 1023 iustitiae
3731 964 3777 1010 et

2187 1018 2773 1111 devotionis‘impendo
2800 1062 2812 1096 :
2852 1042 2950 1108 illi,
2987 1052 3043 1098 et
3072 1059 3178 1099 non
3208 1018 3364 1100 alteri
3395 1018 3557 1102 tidem
3581 1054 3647 1102 et
3673 1062 3777 1103 ser—

2184 1133 2409 1187 vitutem
2435 1148 2611 1187 meam
2635 1133 2913 1202 promitto.
2944 1152 2962 1184 ι
2985 1132 3052 1189 Et
3077 1134 3142 1188 ad
3168 1150 3255 1190 me
3276 1137 3567 1194 conversio
3588 1139 3736 1208 ejus,
3754 1160 3770 1192 ι

2184 1232 2245 1277 ut
2286 1238 2373 1279 me
2414 1223 2468 1277 in
2515 1223 2770 1293 praesenti
2806 1223 2951 1279 inter
2979 1223 3196 1281 labores
3230 1234 3285 1282 et
3314 1242 3590 1285 :erumnas
3617 1230 3778 1299 hujus

2186 1316 2309 1370 vitae
2348 1324 2581 1381 tueatur,
2631 1325 2687 1371 et
2726 1316 2781 1371 in
2825 1317 3008 1374 futuro
3047 1319 3114 1374 ad
3160 1320 3353 1390 gauiia
3382 1322 3506 1378 vita:
3538 1322 3781 1380 cadestis

2186 1405 2424 1461 inducat.
2477 1403 2661 1461 Potest
2700 1406 2863 1461 etiam
2908 1407 3024 1465 hac
3062 1424 3183 1465 esse
3220 1425 3325 1466 vox
3364 1410 3675 1484 Synagogaz
3718 1429 3776 1468 ex

2184 1511 2416 1567 persona
2446 1505 2757 1552 sanctorum
2781 1494 3033 1563 Patrum,
3076 1499 3366 1555 adventum
3397 1501 3602 1557 Christi
3633 1501 3777 1558 desi-

2188 1587 2511 1642 derantium.
2540 1587 2617 1643 Ac
2644 1589 2688 1643 si
2720 1589 2923 1645 diceret
2966 1607 2978 1643 :
3026 1580 3153 1647 Seio
3181 1592 3401 1664 (inquit)
3431 1592 3588 1648 illum
3614 1594 3776 1664 spiri-

2186 1680 2317 1736 tuali
2359 1682 2645 1752 praesentia
2692 1683 2827 1738 mihi
2872 1698 3088 1754 semper
3128 1684 3355 1749 adesse,
3404 1692 3465 1741 et
3512 1685 3637 1741 ideo
3684 1701 3779 1757 ego

2189 1771 2386 1827 dilecto
2434 1787 2557 1827 meo
2588 1760 2754 1828 ὀιηηί
2802 1773 3088 1831 devotione
3137 1773 3390 1829 famulari
3436 1775 3637 1846 cupio,
3688 1776 3780 1830 sed

503 1867 875 1931 surrectionis,
911 1874 965 1921 et
993 1865 1253 1935 apostolis
1275 1865 1410 1919 meis
1442 1862 1746 1934 spiritualia
1776 1863 1917 1935 dona
1948 1875 2080 1916 eon-
2114 1867 2158 1927 Β
2191 1861 2403 1918 tandem
2440 1881 2459 1913 ι
2489 1862 2556 1917 ad
2593 1879 2680 1919 me
2709 1865 2991 1922 conversio
3019 1864 3156 1935 ejus,
3191 1885 3211 1918 ι
3245 1867 3372 1936 quia
3401 1876 3531 1937 opto
3568 1875 3628 1922 ut
3666 1875 3780 1921 tan-

502 1954 709 2010 cedam.
746 1974 767 2006 σ
803 1956 868 2009 Et
895 1964 1055 2010 erunt
1104 1956 1268 2009 ubera
1317 1962 1407 2008 tua
1450 1953 1591 2008 sicut
1623 1953 1763 2007 botri
1814 1951 2007 2005 viuere.
2053 1970 2073 2003 ι

503 2044 617 2101 Hoc
667 2047 915 2117 superius
963 2045 1078 2116 jam
1109 2044 1412 2114 expositum
1442 2051 1525 2098 est
1557 2061 1570 2096 :
1615 2058 1739 2097 nam
1778 2042 1942 2097 ubera
1983 2040 2080 2096 Ec-

500 2136 681 2194 clesia:
703 2137 953 2192 doctores
981 2143 1125 2199 sunt,
1154 2149 1276 2188 cum
1303 2132 1556 2203 parvulos
1578 2130 1807 2203 simplici
1834 2131 2079 2186 doctrina

504 2229 779 2295 nutriunt;
826 2228 920 2283 sed
961 2225 1104 2281 botri
1154 2226 1324 2282 vineae
1361 2224 1699 2292 eﬁiciuntur,
1746 2239 1869 2279 cum
1906 2222 2082 2293 perfe-

502 2324 768 2381 ctioribus
790 2322 1038 2378 sublimia
1081 2337 1311 2395 quaeque
1351 2319 1695 2376 annuntiant.
1728 2316 1864 2371 Nam
1891 2316 2083 2371 beatus

500 2415 701 2471 Paulus
729 2430 836 2471 uno
874 2417 1170 2485 eodemque
1202 2423 1444 2484 tempore
1488 2412 1656 2467 ubera
1687 2417 1742 2465 et
1771 2410 1959 2464 botros
1984 2408 2083 2462 ha-

500 2505 636 2570 buit,
672 2506 884 2578 quando
921 2506 987 2562 de
1032 2504 1249 2561 Christo
1292 2504 1522 2574 loquens
1577 2501 1755 2559 dixit:
1795 2520 1813 2552 ‹
1838 2499 2081 2568 Quorum

500 2606 703 2671 patres,
746 2607 802 2654 et
829 2613 895 2653 ex
923 2595 1119 2667 quibus
1147 2594 1417 2652 Christus.
1455 2615 1473 2648 ι
1507 2594 1648 2650 Ecce
1680 2592 1867 2658 ubera,
1905 2592 1959 2647 id
1989 2600 2079 2648 est

505 2694 735 2765 simplex
779 2694 846 2751 de
889 2693 1106 2750 Christo
1155 2690 1487 2762 prtedicatio.
1522 2689 1629 2745 Sed
1670 2688 1787 2745 base
1823 2688 1989 2745 ubera
2025 2689 2082 2743 in

501 2784 886 2841 suavissimum
932 2790 988 2838 et
1021 2781 1374 2837 fortissimum
1408 2780 1592 2835 vinum
1641 2794 1904 2836 conversa
1933 2786 2080 2845 sunt,

502 2887 627 2930 cum
666 2873 969 2944 subjunxit:
1004 2871 1107 2939 Qui
1136 2880 1220 2926 est
1258 2871 1401 2927 Deus
1422 2870 1747 2928 benedictus
1776 2870 1829 2925 in
1856 2862 2074 2925 saecula.

628 2961 703 3017 Et
751 2962 884 3017 odor
909 2961 1021 3016 oris
1065 2960 1142 3014 tui
1184 2961 1323 3016 sicut
1350 2958 1633 3015 malorum.
1680 2957 1879 3014 Guttur
1926 2965 2081 3011 tuum

505 3052 647 3111 sicut
683 3042 864 3108 vinum
911 3053 1197 3124 optimum.
1235 3072 1254 3105 ι
1299 3050 1373 3108 Os
1425 3062 1480 3107 et
1510 3052 1645 3107 odor
1675 3051 1953 3116 Ecclesiae,
1999 3057 2083 3106 est

503 3157 742 3213 praesens
769 3142 884 3212 ejus
912 3136 1253 3213 praedicatio,
1296 3157 1416 3212 qua:
1459 3139 1602 3195 fama
1652 3141 1735 3198 vel
1782 3142 1984 3211 scripto
2010 3141 2082 3196 ad

2184 1957 2327 2020 dem,
2344 1956 2481 2011 sicut
2504 1957 2772 2025 promisit,
2796 1958 2847 2013 iu
2875 1973 2993 2014 mea
3016 1959 3313 2016 substantia
3336 1960 3471 2015 mihi
3497 1969 3775 2031 appareat.

2181 2045 2318 2101 Nam
2338 2046 2544 2102 dixerat
2569 2062 2731 2116 supra
2744 2063 3008 2118 sponsus:
3031 2051 3367 2107 «Ascendam
3389 2052 3445 2106 in
3470 2051 3715 2122 palmam
3730 2067 3770 2115 ;i

2184 2137 2237 2191 id
2264 2145 2390 2203 est,
2432 2139 2754 2209 promiserat
2786 2155 2843 2194 se
2887 2138 2944 2196 in
2990 2155 3158 2197 carne
3197 2153 3488 2198 venturum
3516 2184 3532 2207 ,
3583 2154 3639 2196 et
3684 2158 3774 2213 pro

2182 2228 2420 2284 humano
2471 2245 2668 2300 genere
2714 2246 3045 2299 passurum,
3097 2241 3155 2288 et
3202 2233 3327 2289 inde
3376 2234 3771 2305 gratulabunda

2184 2316 2429 2384 dicebat,
2462 2337 2480 2369 ι
2510 2318 2623 2389 Ego
2661 2319 2860 2375 dilecto
2899 2336 3041 2384 meo,
3079 2330 3135 2376 et
3164 2323 3230 2377 ad
3268 2337 3355 2377 me
3392 2322 3457 2376 ﬁt
3490 2324 3770 2379 conversio

2182 2408 2330 2479 ejus;
2369 2428 2389 2461 ι
2447 2408 2499 2463 id
2550 2421 2669 2475 est,
2718 2411 2884 2466 credo
2927 2411 3075 2466 illum
3125 2412 3767 2477 hominem‘venturum,

2180 2509 2237 2556 et
2274 2500 2329 2555 in
2363 2515 2483 2555 mea
2518 2501 2820 2557 substantia
2860 2502 3137 2559 hominem
3174 2502 3378 2559 mundo
3415 2503 3769 2561 manifestan-

2182 2592 2332 2648 dum.

2259 2705 2277 2737 ‹
2310 2686 2479 2751 Veni,
2522 2685 2715 2741 dilecte
2756 2686 2865 2753 mi,
2910 2686 3254 2758 egrediamnr
3279 2685 3332 2741 in
3362 2700 3589 2757 agrum,
3628 2700 3768 2742 eom-

2182 2793 2458 2834 moremur
2508 2779 2563 2833 in
2611 2777 2772 2835 villis.
2806 2796 2825 2830 ι
2879 2776 3135 2848 Ejusdem
3177 2777 3478 2850 Synagogaa
3505 2793 3612 2832 vox
3654 2787 3762 2841 est.

2186 2889 2208 2924 ι
2235 2868 2393 2936 Veni,
2422 2870 2618 2928 dilecte
2647 2871 2741 2935 mi,
2774 2890 2794 2924 ι
2835 2870 2888 2927 id
2918 2879 2997 2926 est
3018 2912 3035 2937 ,
3074 2886 3274 2942 appare
3307 2886 3405 2940 per
3433 2880 3765 2941 assumptum

2182 2962 2477 3018 hominem.
2530 2961 2661 3017 Tale
2705 2971 2791 3018 est
2837 2972 2895 3018 et
2942 2963 3071 3019 illud
3119 2963 3465 3027 Psalmistze,
3514 2980 3539 3016 ι
3587 2964 3764 3019 Excita

2179 3054 2472 3125 potentiam
2501 3061 2647 3108 tuam
2674 3060 2729 3108 et
2750 3054 2906 3120 veni;
2948 3073 2966 3106 ι
2999 3062 3055 3108 et
3081 3053 3256 3119 Isaiae,
3280 3073 3299 3106 ι
3320 3053 3546 3110 Utinam
3572 3056 3764 3110 dirum-

2180 3158 2340 3216 peres
2363 3144 2549 3211 ctelos,
2586 3136 2651 3201 et.
2671 3145 2904 3203 venires.
2933 3165 2952 3199 ι
2997 3164 3015 3198 ι
3039 3145 3393 3217 Egrediamur
3421 3146 3477 3202 in
3506 3162 3717 3219 agrum.
3740 3167 3760 3199 ι

505 3237 757 3293 absentes
801 3237 919 3306 ejus
960 3235 1223 3306 pervenit.
1259 3235 1458 3290 Guttur
1500 3248 1632 3289 vero
1682 3240 1770 3289 est
1820 3247 1922 3288 vox
1965 3233 2081 3301 ipsa
2110 3242 2156 3304 ο
2184 3235 2350 3307 Ager,
2399 3236 2631 3293 mundus
2681 3236 2785 3291 iste
2831 3242 2934 3291 est.
2990 3254 3009 3287 ι
3041 3236 3401 3308 Egrediamnr
3447 3237 3671 3306 (inquit)
3716 3238 3761 3293 in

504 3316 896 3400 prtedicatoris,
932 3342 1051 3396 qua:
1097 3326 1151 3381 in
1190 3326 1444 3396 praesenti
1477 3326 1715 3381 auditur.
1764 3325 1911 3381 Odor
1948 3338 2082 3396 ergo

503 3417 617 3473 oris
640 3416 891 3472 Ecclesia:
924 3416 1181 3472 odoribus
1220 3416 1481 3471 malorum
1532 3424 1901 3487 comparatur,
1951 3414 2081 3486 quia

503 3507 622 3576 ipsa
647 3505 787 3560 fama
817 3505 1210 3577 przedieationis
1244 3504 1400 3575 plena
1430 3513 1512 3560 est
1549 3504 1831 3561 suavitatis
1875 3513 1931 3559 et
1961 3520 2082 3576 gra-

506 3596 612 3652 tiae.
645 3596 841 3650 Guttur
867 3609 995 3651 vero
1028 3595 1155 3650 vino
1179 3595 1383 3666 optimo
1412 3596 1764 3662 assimilatur,
1797 3597 1923 3667 quia
1964 3596 2082 3665 ipsa

468 3694 471 3697 '
506 3700 612 3740 vox
638 3685 1044 3754 praedicandum
1091 3700 1340 3755 magnam
1376 3686 1430 3740 in
1461 3701 1519 3741 se
1557 3687 1813 3742 virtutem
1863 3687 2082 3742 audito-

504 3775 656 3832 ribus
685 3777 1023 3832 ostendebat.
1064 3776 1218 3845 Quod
1254 3792 1385 3834 vero
1426 3777 1688 3832 malorum
1718 3779 1851 3833 odor
1894 3778 1947 3833 in
1980 3792 2079 3833 no-

502 3867 671 3923 vitate
696 3866 809 3934 est,
837 3869 945 3923 vini
984 3884 1114 3925 vero
1156 3870 1209 3925 in
1243 3879 1535 3934 vetustate,
1578 3867 1847 3942 signiﬁcat
1889 3870 2083 3939 praedi-

514 3961 785 4017 cntionem
826 3960 1081 4019 Ecclesiae
1141 3971 1197 4019 et
1225 3963 1279 4018 in
1309 3965 1391 4019 sui
1438 3963 1700 4026 novitate,
1741 3970 1797 4017 et
1831 3962 1993 4017 etiam
2026 3961 2081 4016 in

510 4052 595 4109 sui
640 4052 973 4124 perfectione
1020 4070 1234 4111 omnem
1274 4055 1474 4112 habere
1519 4054 1840 4111 suavitatem
1879 4063 1935 4109 et
1959 4070 2083 4126 gra-

504 4143 656 4199 tiam.
692 4163 710 4195 ι
743 4143 972 4214 Dignum
1003 4143 1195 4199 dilecto
1222 4159 1341 4200 meo
1366 4145 1431 4201 ad
1458 4145 1778 4216 potandum,
1811 4144 2079 4214 labiisque

502 4242 560 4287 ct
588 4232 839 4287 dentibus
884 4231 1028 4286 illius
1066 4232 1464 4288 ruminandum.
1495 4252 1514 4285 ι
1546 4233 1664 4288 Vox
1694 4231 1948 4287 Ecclesiae
1975 4241 2078 4287 est.

504 4322 637 4390 Qua:
688 4323 912 4377 audiens
960 4338 1020 4378 se
1072 4322 1279 4379 laudari
1324 4341 1356 4381 a
1409 4339 1643 4395 sponso,
1684 4323 2081 4395 gratulabunda

507 4414 827 4486 respondet:
862 4433 880 4467 ι
917 4414 1142 4485 Dignum
1175 4414 1374 4471 dilecto
1425 4432 1548 4473 meo
1592 4416 1659 4470 ad
1700 4416 2015 4485 potandum.
2053 4434 2073 4467 ι

504 4514 585 4561 Ite
607 4502 653 4559 si
679 4503 914 4561 diceret:
949 4504 1188 4576 Sponsus
1216 4522 1367 4562 meus
1391 4515 1575 4578 guttur
1603 4520 1795 4573 meum.
1826 4505 1954 4560 vino
1984 4520 2082 4574 op-

2182 3341 2396 3397 agrum,
2417 3345 2437 3377 ι
2470 3324 2523 3379 id
2550 3333 2653 3389 est,
2678 3324 3031 3395 prmdicemus
3061 3324 3281 3381 mundo.
3317 3344 3337 3375 ι
3356 3324 3765 3382 Commoremur

2186 3415 2239 3470 in
2269 3414 2431 3480 villis,
2454 3433 2472 3466 ι
2508 3413 2613 3469 hoc
2643 3423 2747 3479 est,
2783 3414 2911 3483 ipsis
2938 3429 3155 3484 quoque
3182 3416 3408 3485 paganis
3436 3414 3600 3471 ﬁdem
3629 3424 3762 3470 tuam

2182 3507 2585 3563 annuntiemns.
2635 3505 2804 3561 Nemo
2842 3508 3015 3562 nescit
3050 3522 3289 3579 paganos
3331 3523 3365 3563 a
3393 3508 3521 3563 villa
3564 3508 3760 3573 dictos.

2183 3597 2308 3667 quia
2338 3598 2504 3670 πάγος
2534 3594 2743 3661 Graece,
2778 3595 2905 3650 villa
2934 3596 3131 3652 dicitur
3157 3596 3370 3652 Latine.
3419 3596 3551 3652 lude
3579 3597 3763 3669 pagani

2182 3688 2335 3755 dicti,
2379 3687 2506 3757 quia
2536 3684 2693 3757 longe
2725 3695 2852 3741 sunt
2879 3701 2909 3740 a
2938 3686 3157 3742 civitate
3185 3686 3302 3743 Dei.
3355 3685 3543 3742 Potest
3581 3696 3638 3741 et
3672 3701 3762 3741 vox

2183 3776 2620 3842 Ecclesim’esse,
2657 3793 2676 3827 ‹
2706 3773 2862 3839 Veni,
2893 3775 3088 3831 dilecte
3120 3776 3215 3831 mi.
3248 3795 3267 3828 ι
3316 3775 3394 3831 Ac
3432 3777 3482 3830 si
3523 3777 3762 3833 diceret:

2182 3866 2299 3923 3am
2346 3867 2606 3940 mysterio
2637 3868 2974 3924 ascensionis
3007 3877 3341 3937 assumptum
3383 3868 3666 3923 hominem
3702 3867 3763 3922 ad

2182 3960 2349 4018 oculos
2382 3960 2710 4025 sublevasti,
2749 3962 2842 4016 sed
2869 3962 3023 4028 veni,
3061 3961 3255 4017 divina:
3292 3960 3601 4029 majestatis
3638 3977 3758 4034 pra-

2181 4053 2355 4107 sentia
2381 4067 2466 4106 me
2486 4053 2682 4122 smpins
2705 4052 2990 4107 visitando.
3023 4072 3041 4104 ι
3068 4053 3421 4125 Egrediamur
3443 4053 3499 4109 in
3522 4070 3758 4127 agrum.»

2182 4141 2387 4198 Eodem
2424 4156 2585 4198 sensu
2614 4157 2720 4213 quo
2749 4152 2804 4197 ct
2833 4144 3112 4214 superius,
3153 4142 3522 4200 Pnedieemus
3552 4154 3662 4200 tua:
3690 4146 3761 4199 in-

2181 4234 2510 4290 carnationis
2541 4231 2699 4287 ﬁdem
2730 4235 2947 4290 mundo.
2981 4254 2998 4287 ο
3025 4234 3436 4292 Commoremur
3461 4235 3518 4291 in
3546 4236 3716 4301 villis;
3736 4255 3755 4289 ι

2183 4323 2235 4377 id
2261 4332 2366 4388 est,
2390 4324 2553 4379 etiam
2582 4325 2959 4396 ignorantibus
2988 4334 3038 4381 te
3063 4328 3289 4397 paganis
3317 4336 3462 4382 tuam
3494 4326 3657 4384 ﬁdem
3680 4344 3762 4383 an-

2182 4414 2512 4479 nuntiemus,
2554 4430 2653 4471 nec
2691 4416 2744 4471 in
2782 4417 3044 4483 transitu,
3092 4417 3186 4472 sed
3226 4431 3638 4499 commoremur
3664 4419 3761 4481 ibi.

2181 4504 2351 4561 donec
2378 4507 2495 4562 illos
2520 4523 2586 4563 ex
2614 4508 2838 4580 paganis
2866 4508 3181 4577 catholicos,
3207 4524 3275 4566 ex
3302 4509 3499 4565 alienis
3525 4511 3627 4567 tibi
3650 4527 3762 4583 pro-

507 4594 643 4649 timo
671 4596 1023 4667 campatavit,
1051 4606 1107 4652 et
1134 4596 1263 4652 illud
1289 4597 1472 4652 vinum
1514 4596 1731 4667 dignum
1778 4596 1862 4650 eSt
1886 4595 1954 4650 ad
1981 4610 2082 4664 po-
2114 4602 2159 4661 D
2186 4596 2334 4665 prius
2366 4595 2641 4653 l‘.:eiamus.

508 4684 729 4739 tandum
758 4685 874 4755 ipso
904 4686 1099 4741 diiecto
1129 4701 1269 4752 meo,
1296 4689 1401 4741 hoc
1438 4694 1523 4740 est
1575 4685 1888 4754 przcdicatio
1919 4699 2085 4740 evan-

507 4776 698 4849 gelica,
731 4793 893 4849 quam
928 4779 983 4833 in
1012 4793 1106 4833 ore
1144 4792 1266 4833 meo
1292 4777 1495 4847 posuit,
1533 4791 1629 4847 per
1668 4777 1862 4847 ipsum,
1886 4786 1941 4832 et
1974 4792 2082 4832 non

507 4885 604 4940 per
634 4863 798 4925 alium
840 4869 1148 4925 annuntiari
1195 4869 1356 4925 debet
1376 4869 1429 4923 in
1458 4870 1676 4925 mundo.
1720 4868 1903 4941 Neque
1937 4871 2081 4926 enim

505 4974 605 5031 per
631 4959 794 5015 alium
820 4960 1045 5015 decebat
1074 4958 1327 5029 mysteria
1354 4958 1503 5029 regni
1537 4959 1772 5015 caalestis
1798 4959 2081 5031 prtedicari

508 5053 562 5108 in
586 5053 806 5123 mundo,
850 5067 1013 5122 quam
1038 5067 1135 5121 per
1162 5051 1511 5108 mcdiatorem
1548 5054 1642 5109 Dei
1687 5062 1742 5111 et
1772 5056 2074 5113 hominum.

512 5162 530 5194 ι
557 5142 627 5197 Et
653 5141 810 5197 labiis
833 5140 1047 5213 (inquit)
1075 5150 1130 5195 et
1157 5140 1409 5198 dentibus
1439 5143 1579 5198 illius
1614 5144 2021 5200 ruminandum.
2055 5165 2073 5197 ι

509 5233 675 5289 Labia
704 5244 759 5289 et
793 5234 982 5288 dentes
1029 5232 1233 5303 sponsi,
1286 5241 1345 5288 ut
1392 5249 1553 5303 supra
1600 5235 1801 5291 dictum
1848 5245 1952 5301 est,
1989 5236 2084 5291 do-

509 5332 688 5381 ctores
707 5324 879 5380 sancti
913 5331 1059 5380 sunt.
1105 5323 1238 5379 Illud
1285 5340 1415 5396 ergo
1445 5326 1627 5379 vinum
1680 5325 1941 5395 optimum
1996 5343 2083 5381 ru-

510 5418 822 5474 minandum
845 5426 928 5473 est
968 5417 1125 5473 labiis
1158 5425 1213 5471 ct
1256 5417 1509 5473 dentibus
1554 5417 1758 5487 sponsi,
1792 5418 1917 5488 quia
1950 5434 2082 5488 pras-

510 5510 709 5565 dicatio
749 5510 1057 5581 evangelica
1091 5525 1120 5565 a
1149 5510 1461 5565 doctoribus
1507 5511 1781 5565 tractanda
1830 5520 1885 5565 et
1918 5527 2080 5583 expo-

509 5603 686 5657 nenda
732 5609 834 5658 est.
893 5601 1003 5657 Nec
1054 5600 1345 5655 absurdum
1382 5609 1485 5667 est,
1533 5603 1674 5671 quod
1715 5618 1836 5657 eum
1895 5602 2078 5659 vinum

507 5702 742 5762 potetur,
770 5702 953 5750 etnon
983 5692 1315 5775 ruminetur,
1351 5693 1439 5750 hic
1468 5702 1647 5755 tamen
1697 5695 1897 5752 dicitur
1924 5696 2081 5755 labiis

509 5795 565 5841 ct
622 5786 869 5843 dentibus
914 5785 1291 5842 ruminandnm
1319 5827 1333 5852 ,
1385 5788 1526 5858 quod
1569 5787 1739 5861 magis
1784 5789 1850 5845 ad
1899 5790 2078 5848 cibum

2225 4754 2229 4759 ι
2263 4708 2281 4738 ι
2312 4687 2464 4743 Mane
2504 4703 2789 4761 surgamus
2830 4689 2899 4744 ad
2933 4689 3139 4745 vincas.
3179 4709 3198 4743 ι
3252 4689 3410 4746 Mane
3435 4702 3667 4750 exortus
3689 4702 3762 4749 est

2185 4796 2338 4836 novae
2367 4782 2553 4852 gratiae
2573 4823 2586 4846 ,
2624 4782 2840 4852 quando
2869 4782 3148 4849 videlicet,
3179 4785 3593 4842 transeuntibus
3618 4795 3759 4842 tene-

2185 4872 2299 4927 bris
2320 4872 2666 4937 inﬁdelitatis,
2687 4873 3032 4945 Evangelium
3057 4875 3257 4930 mundo
3276 4876 3762 4945 cmpitpnedicari.

2190 4982 2207 5015 ι
2244 4964 2531 5019 Videamus
2559 4965 2605 5019 si
2632 4963 2809 5020 ﬁoruit
2836 4966 3010 5021 vinea.
3046 4986 3065 5018 ι
3119 4965 3233 5021 Hoc
3259 4974 3372 5033 est,
3414 4968 3763 5039 inspiciamus:

2186 5053 2516 5122 Ecclesium,
2561 5056 2607 5111 si
2640 5055 2752 5125 jam
2792 5057 2965 5126 prima
3007 5056 3128 5112 ﬁdei
3168 5059 3473 5113 rudimenta
3505 5062 3757 5133 suscepit.

2189 5169 2206 5200 ι
2244 5148 2298 5204 Si
2339 5147 2498 5206 ﬁores
2534 5151 2741 5206 fruetus
2779 5151 3104 5220 parturiunt.
3142 5177 3160 5200 ο
3208 5150 3564 5220 Inspiciamus
3601 5156 3761 5210 etiam

2183 5241 2228 5295 si
2255 5239 2415 5297 liores
2439 5243 2744 5310 parturiunt
2773 5240 3030 5308 fructum,
3060 5241 3111 5297 id
3134 5250 3237 5306 est,
3265 5242 3309 5297 si
3343 5241 3417 5297 illi
3443 5244 3540 5313 qui
3565 5242 3685 5313 jam
3710 5245 3760 5298 in

2182 5337 2454 5393 Christum
2486 5337 2861 5400 crediderunt,
2905 5336 3078 5393 idonei
3107 5345 3235 5392 sunt
3260 5338 3329 5391 ad
3356 5338 3497 5392 bene
3531 5353 3762 5408 operan-

2183 5427 2327 5482 dum.
2364 5427 2498 5482 Nam
2522 5426 2684 5483 liores
2712 5429 2909 5482 emittit
2938 5428 3197 5491 Ecclesia,
3224 5442 3348 5482 cum
3371 5428 3610 5496 primum
3638 5428 3764 5501 tide-

2181 5519 2260 5575 les
2288 5520 2353 5574 ad
2384 5520 2540 5575 ﬁdem
2564 5520 2802 5576 veniunt.
2836 5520 3025 5576 Flores
3044 5501 3173 5576 vero
3197 5519 3405 5575 fructus
3429 5520 3766 5589 parturiunt,

2181 5624 2304 5664 cum
2340 5608 2450 5677 jam
2491 5611 2608 5680 ipsa
2636 5610 2741 5664 ﬁde
2781 5616 2837 5666 et
2880 5610 3167 5665 dilectione
3199 5610 3335 5665 bene
3367 5619 3657 5679 operatur,
3700 5624 3766 5664 ne

2183 5698 2298 5767 ipsa
2325 5698 2455 5755 ﬁdes
2478 5700 2649 5755 otiosa
2678 5700 2766 5764 sit,
2792 5699 2875 5755 vel
2899 5707 3113 5755 mortua
3141 5699 3259 5755 sine
3287 5699 3580 5769 operibus;
3613 5712 3761 5761 nam,

2180 5798 2238 5847 ut
2270 5788 2501 5848 Iacobus
2528 5792 2689 5858 dicit,
2727 5811 2745 5844 ι
2776 5791 2912 5849 ﬁdes
2940 5790 3057 5851 sine
3083 5790 3338 5862 operibus
3365 5797 3580 5847 mortua
3613 5797 3719 5847 est.
3738 5805 3762 5841 ι
