3950 6434
162 405 266 463 519

1112 410 1509 469 εΝΑιιιιΑτιο
1542 411 1607 466 lN
1648 410 1942 469 omnes
1979 373 2451 474 camtcoauu.

3300 426 3412 482 550

167 534 185 568 ι
218 515 271 570 Si
304 514 602 570 floruerunt
638 516 779 571 mala
813 519 1028 588 punica.
1062 539 1081 571 ι
1131 520 1270 576 Mala
1300 524 1495 593 punica
1522 521 1603 594 (ut
1631 538 1724 578 sn-
1753 525 1802 586 Α
1828 531 1884 576 et
1926 533 2110 578 vetera
2151 523 2424 594 justorum
2474 546 2719 601 personae
2768 535 2992 607 intelligi
3021 576 3037 601 ,
3085 536 3176 607 qni
3224 537 3309 596 vel
3355 540 3409 597 in

161 622 253 678 pra
282 607 485 661 dictum
518 608 621 677 est)
645 608 1001 665 rubicundum
1030 611 1115 667 vel
1149 614 1499 683 sanguineum
1531 613 1733 669 habent
1835 613 2016 669 Veteri
2054 615 2138 671 vel
2182 618 2237 672 in
2272 618 2421 675 Novo
2451 621 2799 683 Testamento
2827 626 3064 683 fuerunt.
3114 629 3257 686 Dicit
3283 646 3411 702 ergo

158 698 445 761 corticem,
476 706 532 752 et
560 689 1015 770 ideo'significant
1042 706 1344 773 passionem
1369 705 1615 773 Domini,
1645 706 1732 761 vel
1826 705 2102 773 Ecclesia,
2134 707 2359 766 Servavi
2393 713 2488 768 tibi
2517 732 2654 772 nova
2682 727 2736 774 et
2763 729 2978 789 vetera,
3007 721 3061 778 id
3088 731 3201 787 est,
3233 722 3413 794 justos

158 790 518 847 membrorum
548 791 735 860 ipsius.
772 792 909 849 Dicit
936 809 1091 866 ergo,
1126 816 1144 848 ι
1178 795 1234 852 Si
1260 796 1560 854 floruerunt
1588 799 1730 854 mala

158 881 381 954 punica,
414 900 433 933 ι
485 882 586 938 hoc
624 896 740 948 est,
787 886 832 939 si
874 887 1046 942 sancti
1077 888 1169 958 qui
1204 889 1315 959 jam
1347 888 1450 944 fide
1480 900 1533 944 et
1563 906 1729 961 opere

157 971 374 1045 perfecti
414 982 573 1039 sunt,
618 974 794 1031 idonei
832 978 995 1037 etiam
1037 980 1147 1035 sint
1184 980 1385 1036 imitari
1420 984 1729 1054 passionem

155 1065 351 1120 Christi
379 1076 432 1121 et
460 1068 566 1137 pati
594 1083 691 1137 pro
720 1069 833 1124 illo.
862 1070 997 1126 Mala
1027 1075 1220 1144 punica
1251 1086 1405 1132 erant
1432 1077 1505 1132 illi
1532 1079 1729 1148 quibus

153 1156 439 1225 Apostolus
472 1157 724 1214 dicebat:
775 1180 795 1211 ι
829 1160 993 1219 Vobis
1037 1166 1218 1221 datum
1266 1177 1353 1222 est
1396 1184 1503 1223 non
1554 1171 1728 1225 solum

153 1263 329 1314 nosse,
349 1264 533 1304 verum
556 1251 719 1306 etiam
742 1261 799 1307 ut
822 1271 919 1325 pro
946 1256 1034 1311 illo
1061 1259 1358 1328 patiamini.
1383 1279 1402 1311 ›
1438 1280 1456 1312 ι
1485 1261 1560 1316 lbi
1587 1263 1728 1318 dabo

154 1341 243 1394 tibi
271 1341 438 1396 ubera
456 1358 608 1398 mea.
644 1364 663 1396 ι
704 1345 880 1402 Ubera
906 1348 1160 1406 Ecclesia:
1184 1351 1435 1408 doctores
1462 1364 1608 1416 sunt,
1633 1356 1726 1426 qui

152 1429 333 1485 lideles
367 1431 601 1501 primum
633 1434 699 1488 ad
731 1436 890 1495 fidem
920 1441 1192 1496 erudiunt.
1245 1442 1378 1498 Cum
1409 1442 1627 1518 (inquit)
1659 1445 1725 1501 ad

150 1518 332 1574 vineas
372 1521 693 1588 exierimus,
750 1525 822 1580 ibi
867 1527 1005 1583 dabo
1049 1530 1178 1596 tibi,
1227 1547 1260 1586 ο
1291 1546 1514 1604 Sponse,
1555 1537 1724 1591 ubera

150 1623 262 1664 mea
290 1650 306 1673 ,
366 1611 468 1666 hoc
509 1620 594 1666 est
645 1612 739 1668 tibi
796 1614 935 1672 filios
989 1621 1282 1690 generabo.
1335 1620 1487 1679 Unde
1532 1605 1724 1681 adhuc

149 1700 426 1756 abditur:

219 1811 237 1843 ι
269 1792 637 1867 Mandragorre
659 1797 926 1855 dederunt
943 1800 1163 1858 odorem
1187 1803 1240 1858 in
1261 1805 1432 1875 portis
1452 1806 1674 1862 nostris.
1698 1827 1718 1862 ι

1830 799 1921 867 qui
1963 800 2015 854 in
2046 799 2227 856 Veteri
2260 802 2607 863 Testamento
2632 823 3047 879 praecesserunt,
3070 814 3155 870 vel
3182 814 3237 869 id
3262 813 3413 871 Novo

1830 890 2101 946 subsecuti
2132 903 2279 959 sunt,
2313 895 2406 950 tibi
2435 900 2671 964 servavi,
2702 910 2762 954 ut
2797 917 2894 972 per
2923 912 2976 958 te
3005 903 3249 959 laborum
3281 919 3438 960 suo-'

1832 997 1950 1036 rum
1978 985 2199 1053 praemia
2232 987 2593 1058 perciperent.
2640 988 2829 1045 Nullus
2859 993 3000 1048 enim
3025 992 3296 1062 jnstornm
3325 1009 3412 1052 re-

1828 1090 1994 1145 gnum
2026 1079 2285 1135 cmlorum
2329 1082 2534 1137 intrare
2570 1083 2771 1148 valuit,
2822 1085 2928 1140 nisi
2974 1101 3070 1156 per
3097 1088 3407 1152 Christum;

1828 1166 1953 1235 quia
1980 1167 2093 1236 ipse
2120 1168 2330 1237 primus
2358 1172 2622 1241 ascendit,
2645 1181 2702 1229 et
2727 1174 3079 1245 sequentibus
3101 1177 3213 1233 suis
3239 1193 3410 1237 mem-

1826 1254 1941 1310 bris
1967 1256 2166 1312 ctelum
2192 1261 2422 1330 aperuit.

2396 1396 2628 1454 CAPUT
2668 1397 2799 1456 Vill.

1903 1539 1924 1573 ι
1954 1522 2085 1590 Quis
2113 1524 2245 1582 mihi
2275 1528 2365 1582 det
2396 1536 2449 1584 te
2476 1528 2698 1587 fratrem
2727 1548 2906 1590 meum
2933 1545 3212 1608 sugentem
3240 1539 3406 1596 ubera

1826 1615 2020 1670 matris
2045 1618 2225 1673 mere?
2251 1638 2269 1670 ι
2322 1620 2402 1675 Ex
2434 1622 2521 1677 his
2548 1623 2728 1681 verbis
2755 1624 3070 1699 intelligitur
3101 1637 3270 1686 totum
3303 1633 3408 1689 hoc

1826 1721 2047 1762 carmen
2091 1709 2331 1766 divinum
2372 1728 2494 1771 esse
2531 1724 2587 1771 et
2626 1716 2939 1787 spirituale,
2983 1730 3040 1776 et
3081 1722 3307 1780 nihilin
3348 1742 3408 1782 se

1826 1800 1971 1868 quod
2010 1797 2164 1868 juxta
2207 1801 2443 1859 litteram
2490 1805 2712 1878 intelligi
2757 1810 2960 1878 possit,
3005 1812 3224 1871 habere.
3277 1815 3430 1883 Quae

148 1883 499 1958 Mandragora
536 1889 703 1944 herba
730 1900 813 1947 est
839 1896 1164 1964 aromatica,
1198 1896 1350 1966 cujus
1387 1899 1540 1954 radix
1570 1900 1719 1956 simi-

1825 1888 1965 1943 euim
1993 1905 2229 1959 unquam
2258 1894 2488 1949 amatrix
2513 1897 2616 1953 hoc
2635 1898 2844 1967 optavit
2867 1910 2927 1955 ut
2952 1901 2999 1957 is
3023 1918 3183 1973 quem
3208 1905 3406 1979 diligit,

113 1993 117 2001 '
148 1980 427 2037 litudinem
457 1983 619 2038 habet
648 1984 869 2041 humani
901 1989 1165 2059 corporis.
1197 1990 1360 2045 Poma
1389 1992 1505 2062 ejus
1530 1994 1719 2064 optimi

151 2079 273 2125 sunt
299 2073 499 2138 odoris,
537 2074 591 2128 in
623 2076 1030 2134 similitudinem
1062 2082 1207 2151 pomi
1235 2080 1454 2138 Matiani
1482 2094 1531 2150 ο,
1576 2085 1721 2155 quod

147 2166 312 2220 nostri
342 2175 495 2221 terra:
525 2168 723 2223 malum
754 2179 969 2249 vocant.
1008 2173 1133 2229 Haec
1158 2175 1325 2230 herba
1356 2177 1520 2232 rebus
1546 2178 1718 2233 medi-

143 2257 403 2313 cinalibus
432 2260 709 2328 aptissima
737 2271 837 2318 est.
892 2263 1028 2319 Nam
1056 2263 1238 2321 ferunt
1264 2281 1359 2323 eos
1386 2269 1478 2339 qui
1509 2268 1717 2325 incom-

140 2350 299 2407 modo
325 2353 633 2424 vigiliarum
665 2354 946 2423 laborant,
989 2360 1185 2416 haustu
1217 2359 1376 2430 hujus
1408 2364 1551 2433 pomi
1582 2364 1721 2420 rele-

140 2443 272 2509 vari,
296 2452 350 2498 et
373 2460 534 2515 posse
555 2447 813 2503 dormire.
843 2450 978 2506 Item
1003 2451 1184 2509 ferunt
1208 2468 1302 2509 eos
1323 2456 1416 2525 qui
1441 2457 1511 2512 ob
1530 2472 1717 2512 curam

138 2535 354 2590 secandi
402 2530 560 2603 sunt,
615 2538 662 2594 si
709 2540 1032 2597 exteriorem
1074 2543 1234 2615 hujus
1279 2546 1424 2615 pomi
1458 2548 1717 2605 corticem

135 2624 405 2692 biberint,
452 2645 559 2684 non
604 2633 807 2687 sentire
847 2635 1143 2691 sectionem
1175 2636 1259 2692 vel
1301 2638 1640 2696 adustionem
1663 2641 1712 2695 δ.

134 2713 259 2782 Quae
287 2717 471 2772 omnia
501 2718 546 2774 si
573 2720 696 2790 quis
726 2723 953 2794 mystice
981 2724 1282 2796 disquirere
1310 2728 1568 2797 voluerit,
1608 2731 1719 2803 spi-

133 2811 359 2867 rituales
381 2827 572 2868 sensus
596 2822 651 2869 et
672 2814 928 2872 Ecclesia:
954 2821 1335 2877 convenientes
1357 2822 1432 2877 ibi
1457 2823 1713 2880 inveniet.

132 2902 270 2957 Dicit
303 2918 455 2974 ergo,
486 2923 505 2955 ι
530 2903 901 2978 Mandragorae
924 2908 1189 2965 dederunt
1220 2911 1442 2967 odorem
1468 2914 1718 2993 inportis

131 2993 356 3049 nostris.
387 3013 406 3045 ι
464 2993 643 3050 Portus
684 2994 940 3054 Ecclesia:
985 3009 1114 3056 sunt
1155 3002 1384 3071 apostoli
1430 3012 1487 3060 et
1529 3020 1718 3061 eorum

130 3101 508 3153 successores,
540 3089 668 3158 quia
701 3104 860 3146 nemo
887 3092 1163 3148 civitatem
1194 3095 1288 3150 Dei
1319 3094 1396 3169 (id
1422 3105 1507 3153 est
1533 3098 1719 3154 Eccle-

128 3179 289 3252 siam)
324 3178 523 3246 intrat,
566 3180 670 3235 nisi
696 3196 795 3251 per
821 3191 1039 3238 sanctos
1065 3183 1316 3263 doctores
1340 3202 1477 3257 aqua
1508 3188 1716 3260 baptis-

1819 1977 2076 2046 parvulus
2120 1980 2406 2051 eiliciatur,
2456 1991 2513 2039 et
2557 1987 2674 2057 ejus
2722 1987 2912 2057 frater,
2954 2002 3010 2048 et
3048 1993 3102 2047 in
3137 1977 3403 2053 infantem

1818 2082 2012 2124 versus
2038 2080 2197 2142 sugat
2221 2072 2387 2129 ubera
2417 2076 2610 2132 matris
2646 2079 2800 2133 suat?
2848 2080 2945 2136 Est
2969 2097 3099 2154 ergo
3126 2099 3230 2141 vox
3257 2085 3404 2142 illius

1819 2158 2108 2230 Ecclesiae,
2151 2178 2271 2235 quae
2309 2169 2600 2225 adventum
2639 2170 2838 2229 Christi
2881 2177 3196 2246 praecessit,
3232 2196 3403 2251 quam

1819 2251 2159 2326 Synagogam
2212 2256 2307 2329 (id
2355 2268 2436 2316 est
2483 2266 2992 2339 congregationem)
3046 2270 3398 2342 appellamus.

1823 2363 1842 2396 ι
1871 2343 2003 2412 Quis
2030 2347 2248 2419 (inquit)
2285 2351 2421 2406 mihi
2450 2353 2542 2409 det
2574 2364 2627 2410 te
2653 2356 2873 2413 fratrem
2902 2375 3082 2416 meum
3121 2375 3400 2436 sugentem

1818 2433 1986 2490 ubera
2012 2438 2204 2492 matris
2231 2442 2405 2496 meae?
2434 2461 2454 2495 ι
2487 2443 2555 2498 Ει
2580 2455 2658 2501 est
2689 2462 2900 2514 sensus,
2932 2449 3009 2505 Tu
3036 2453 3127 2522 qui
3157 2433 3314 2511 modo
3341 2471 3402 2511 es

1817 2525 1872 2580 in
1901 2526 2022 2581 sinu
2052 2526 2249 2596 Patris,
2281 2534 2404 2601 quis
2430 2534 2522 2590 det
2556 2544 2618 2591 ut
2652 2538 2815 2594 homo
2842 2538 3116 2610 eﬂiciaris,
3148 2554 3203 2600 et
3234 2548 3403 2616 partio

1818 2631 1944 2687 ceps
1970 2633 2034 2674 ac
2063 2635 2289 2679 consors
2314 2639 2450 2680 meae
2488 2637 2700 2684 naturae
2729 2633 3023 2701 exsistens,
3053 2636 3222 2694 frater
3249 2655 3403 2698 meus

1818 2708 2145 2778 appellcris?
2175 2711 2309 2768 Nam
2335 2716 2452 2786 ipse
2480 2714 2541 2773 se
2564 2718 2790 2777 fratrem
2815 2727 3181 2795 apostolorum
3206 2746 3402 2788 vocare

1816 2801 2066 2875 dignatus
2093 2811 2198 2872 est,
2230 2808 2416 2866 dicens
2444 2826 2544 2882 per
2569 2812 2910 2874 Psalmistam
2934 2837 2948 2874 :
2980 2839 2999 2872 ι
3028 2820 3273 2879 Narrabo
3302 2840 3401 2881 no-

1819 2908 1942 2948 men
1972 2902 2122 2951 tuum
2151 2896 2412 2956 fratribus
2441 2904 2596 2973 meis.
2632 2932 2650 2957 ι
2700 2908 2767 2962 Ει
2795 2919 2915 2978 post
2943 2917 3398 2975 resurrectionem

1819 2985 2165 3055 mulieribus,
2201 3009 2219 3041 ι
2247 2989 2348 3057 lte,
2378 2993 2581 3063 inquit,
2622 3000 2869 3054 nuntiate
2897 3002 3155 3061 fratribus
3189 3008 3343 3064 meis.
3378 3028 3398 3061 ν

1824 3095 1843 3132 ι
1879 3075 2174 3149 Sugentem
2215 3081 2380 3137 ubera
2419 3087 2612 3142 matris
2649 3103 2806 3157 meae,
2836 3110 2855 3142 ι
2900 3093 3106 3162 inquit,
3153 3099 3255 3153 hoc
3283 3108 3399 3166 est,

1822 3169 2134 3240 implentem
2158 3175 2339 3229 omnia
2378 3191 2499 3246 qua:
2532 3191 2742 3236 natura:
2781 3185 3027 3241 humana:
3051 3191 3401 3253 conveniunt.

126 3248 293 3326 matis
321 3280 671 3344 regeneratus
693 3248 750 3327 et
769 3272 919 3329 vitali
944 3274 1190 3331 doctrina
1208 3262 1509 3335 instructus
1531 3279 1713 3337 fuerit.

1825 3273 2043 3335 excepto
2082 3276 2326 3336 peccato.
2368 3267 2506 3325 Nam
2545 3283 2717 3328 mater
2739 3274 3038 3351 Synagoga:
3072 3281 3126 3336 in
3153 3283 3258 3338 hoc
3283 3284 3403 3342 loco

127 3363 200 3419 De
236 3366 331 3420 his
372 3366 544 3436 pertis
582 3365 869 3423 Psalmista
898 3368 1152 3426 dicebat:
1193 3390 1212 3422 ι
1249 3371 1431 3443 Diligit
1458 3374 1717 3431 Dominus

124 3467 318 3529 portas
349 3458 481 3515 Sion
514 3475 677 3532 super
708 3462 894 3517 omnia
924 3464 1272 3521 tabernacula
1300 3464 1485 3523 Jacob.
1516 3487 1536 3519 ι
1569 3467 1718 3523 Man-

124 3551 377 3622 dragora‘.
404 3559 584 3607 autem
627 3550 980 3626 fragrantiam
1011 3555 1269 3611 virtutum
1298 3557 1602 3629 designant.
1656 3558 1715 3613 ln

122 3644 302 3711 portis
332 3656 460 3713 ergo
489 3642 743 3698 Ecclesia:
772 3646 1143 3714 mandragorae
1170 3648 1393 3702 odorem
1420 3648 1714 3715 dederunt,

120 3733 346 3802 quando
374 3733 601 3805 apostoli
631 3734 735 3790 vel‘
754 3750 1099 3793 successores
1136 3752 1323 3793 eorum
1353 3737 1555 3794 famam
1586 3754 1714 3795 sua-

118 3827 366 3883 vissimte
394 3826 663 3898 opinionis
698 3836 755 3884 et
778 3831 999 3884 odorem
1033 3830 1289 3885 virtutum
1320 3829 1476 3901 longe
1502 3832 1718 3902 lateque

115 3928 465 3990 sparserunt.
489 3919 721 3989 Ideoque
747 3920 942 3976 invitat
961 3936 1218 3991 sponsum
1247 3936 1403 3977 suum
1432 3932 1491 3978 ut
1510 3924 1714 3987 veniat,

113 4011 257 4082 quia
288 4009 400 4079 jam
429 4023 625 4063 nomen
671 4008 789 4079 ejus
839 4008 997 4080 longe
1042 4011 1257 4087 lateque
1304 4026 1403 4080 per
1447 4013 1718 4083 apostolos

114 4100 517 4165 annuntiatur,
568 4108 624 4156 et
675 4101 810 4157 odor
856 4102 1255 4172 praedicationis
1306 4103 1508 4159 Christi
1561 4104 1718 4174 longe

110 4194 348 4262 lateque
376 4192 726 4264 dispergitur.
760 4211 779 4243 ι
814 4189 1005 4248 Omnia
1037 4207 1199 4264 poma
1230 4208 1370 4249 nova
1416 4203 1472 4248 et
1492 4203 1716 4259 .vetera,

113 4284 327 4341 dilecte
354 4283 453 4351 mi,
485 4283 694 4340 servavi
726 4284 844 4339 tibi.
879 4303 897 4335 ι
947 4282 1003 4340 Id
1039 4292 1152 4350 est,
1183 4293 1455 4356 praecepta
1479 4285 1563 4341 vel
1594 4302 1718 4355 pro-

113 4378 298 4433 missa
323 4373 536 4431 Veteris
581 4374 910 4431 Testamenti
957 4383 1014 4430 et
1056 4373 1190 4430 Novi
1240 4377 1452 4431 servavi
1502 4377 1630 4442 tibi,
1684 4394 1718 4433 ο

117 4472 326 4527 dilecte
346 4469 441 4524 mi.
480 4466 699 4524 Sciebat
728 4468 873 4524 enim
901 4469 1083 4524 omnia
1104 4483 1224 4539 quae
1250 4469 1304 4525 in
1322 4467 1503 4526 Veteri
1531 4470 1719 4526 Testa-

115 4570 315 4620 mento
343 4561 661 4617 annuntiata
692 4569 838 4629 sunt,
872 4576 978 4619 non
1008 4562 1113 4618 nisi
1151 4577 1251 4633 per
1276 4563 1550 4620 Christmn
1579 4574 1635 4620 et
1664 4565 1718 4622 in

117 4653 350 4710 Christo
383 4667 541 4724 posse
566 4650 848 4722 compleri.
900 4651 1134 4724 Ideoque
1168 4652 1418 4719 dicebat,
1451 4654 1571 4711 Tibi
1600 4671 1717 4712 ser-

116 4745 249 4802 vavi
282 4760 443 4816 poma
475 4760 615 4801 nova
648 4753 705 4800 et
732 4754 948 4812 vetera,
978 4746 1084 4803 hoc
1107 4755 1224 4814 est,
1266 4755 1319 4803 te
1349 4759 1629 4819 exspecto,
1660 4757 1720 4804 ut

117 4850 223 4906 per
249 4843 309 4889 te
335 4832 661 4904 impleantur
685 4835 740 4889 in
767 4833 917 4891 Novo
937 4835 1288 4892 Testamento
1315 4852 1436 4908 qua:
1464 4840 1718 4908 praedicta

118 4935 257 4982 sunt
284 4924 342 4980 in
363 4924 568 4981 Veteri.
602 4924 755 4981 Unde
778 4934 835 4981 et
864 4926 917 4981 in
947 4928 1198 4998 passione
1222 4942 1319 4983 sua
1339 4926 1453 4997 jam
1480 4929 1719 5000 pendens

118 5018 177 5073 in
204 5032 398 5082 cruce,
427 5031 549 5073 cum
577 5024 849 5087 gustasset
870 5027 1105 5084 acetum,
1132 5018 1298 5073 dixit:
1319 5038 1338 5070 ι
1364 5019 1719 5076 Consumma-

121 5120 242 5167 tum
268 5119 376 5167 est.
403 5131 423 5164 ι
447 5112 516 5168 Ει
536 5120 661 5183 post
684 5113 1139 5168 resurrectionem
1167 5113 1456 5184 apostolis:
1480 5113 1720 5172 Necesse

123 5211 210 5257 est
238 5201 459 5272 impleri
489 5202 672 5257 omnia
707 5217 827 5273 quas
858 5202 1060 5273 scripta
1096 5211 1224 5259 sunt
1260 5202 1315 5257 in
1351 5202 1470 5273 lege
1503 5213 1557 5260 et
1585 5221 1714 5277 pro-

120 5292 316 5364 pbetis
341 5301 398 5347 et
423 5293 646 5364 psalmis
671 5295 738 5349 de
762 5310 870 5350 me.
921 5294 1155 5350 Possunt
1179 5294 1344 5350 etiam
1383 5310 1543 5366 poma
1577 5313 1716 5354 nova

197 5417 226 5446 ι
253 5403 425 5458 Poma
457 5402 688 5459 Matiana
718 5403 905 5460 Roma:
935 5405 1169 5460 maximo
1204 5404 1257 5459 in
1293 5406 1499 5463 honore
1528 5407 1713 5475 fuisse,

124 5475 361 5550 advecta
389 5489 419 5529 e
443 5476 675 5550 quodam
706 5489 864 5550 pago,
895 5476 947 5530 in
976 5476 1197 5550 Alpibus
1225 5477 1331 5532 sito
1359 5492 1527 5550 prope
1550 5480 1719 5550 Aqui-

122 5545 294 5601 leiam
317 5584 332 5611 ,
382 5554 613 5601 testatur
646 5545 942 5618 Athenaeus
981 5545 1073 5600 lib.
1103 5562 1163 5600 ιιι
1184 5587 1199 5611 ,
1251 5545 1375 5618 cap.
1399 5545 1477 5603 'l.'
1501 5550 1568 5605 Et
1597 5545 1725 5607 hinc

124 5626 512 5671 memorantur
554 5616 830 5671 veteribus
879 5632 987 5671 non
1040 5619 1247 5684 semel,
1309 5616 1366 5673 ut
1417 5618 1726 5677 Columellas

126 5686 278 5761 libro
299 5702 353 5751 v,
383 5702 502 5761 cap.
534 5685 620 5761 ις),
654 5686 743 5750 l9,
781 5697 837 5742 et
874 5686 1111 5761 Macrob.
1141 5688 1236 5744 lib.
1265 5705 1328 5754 ιι,
1361 5706 1482 5761 cap.
1513 5692 1596 5756 l5,
1632 5692 1724 5749 ubi

128 5758 197 5811 de
223 5756 465 5834 diversis
487 5756 750 5834 malor_um
781 5759 1104 5834 et_pir_ornm
1139 5756 1595 5834 generibus—agit;
1628 5780 1722 5820 ea-

128 5845 238 5899 que
283 5846 315 5883 a
345 5829 475 5885 Caio
517 5829 598 5886 vel
637 5827 785 5884 Coeo
826 5827 992 5883 Malia
1031 5827 1226 5885 nomen
1279 5827 1726 5892 habere'indicat

1748 4605 1795 4664 Ι)

1819 3353 1934 3425 ipsa
1968 3348 2213 3412 humana
2258 3368 2451 3417 natura
2497 3362 2837 3437 intelligitur,
2883 3348 3097 3442 de‘qua
3138 3374 3254 3444 ipsa
3298 3376 3403 3449 Sy—

1818 3463 2026 3521 nagoga
2050 3460 2242 3507 exorta
2268 3462 2371 3509 est.
2407 3475 2426 3507 ι
2461 3448 2755 3530 Sugentem
2779 3461 2998 3535 (inquit)
3022 3465 3188 3522 ubera
3217 3448 3406 3525 matris

1818 3554 1950 3595 meae
1970 3560 2033 3617 ,ι
2087 3542 2141 3596 id
2188 3552 2310 3611 est,
2359 3548 2712 3605 sustinentem
2762 3555 2945 3609 omnia
2988 3571 3109 3627 quae
3154 3558 3405 3616 humana:

1817 3629 2096 3703 fragilitati
2132 3646 2466 3706 competunt.
2498 3660 2515 3692 ι
2542 3640 2627 3697 Ut‘
2652 3642 2924 3702 inveniam
2966 3656 3020 3704 te
3059 3648 3212 3708 foris.
3238 3671 3256 3705 ι
3291 3653 3405 3708 Hoc

1817 3734 1921 3791 est,
1962 3734 2023 3780 ut
2063 3727 2339 3786 hominem
2383 3731 2587 3790 factum
2633 3737 2685 3791 in
2726 3749 2915 3810 aperto
2956 3742 3190 3801 videam.
3238 3747 3407 3816 Quasi

1817 3816 1959 3871 enim
1994 3818 2142 3875 intus
2180 3832 2298 3877 erat
2335 3822 2497 3890 Deus,
2540 3842 2664 3882 cum
2700 3830 2813 3901 jam
2852 3832 2907 3887 in
2945 3835 3066 3890 sinu
3104 3839 3407 3908 majestatis

1819 3917 2058 3978 paternae
2102 3910 2336 3979 lateret,
2400 3917 2494 3972 sed
2540 3917 2673 3974 foris
2720 3922 2974 3980 inventus
3018 3937 3139 3993 est,
3189 3932 3408 3999 quando

1820 3999 1984 4053 homo
2028 3999 2209 4057 factus
2246 4003 2486 4060 sobolem
2524 4008 2683 4063 vilem
2722 4023 2781 4065 se
2819 4012 3129 4072 hominibus
3154 4021 3404 4089 praebuit,

1819 4096 1872 4142 et
1902 4088 2469 4159 incomprehensibilis
2490 4096 2660 4152 voluit
2681 4103 3087 4170 comprehendi.
3119 4125 3138 4158 ι
3176 4108 3242 4162 Et
3279 4088 3409 4165 deo?-

1822 4177 2003 4233 sculer
2044 4187 2116 4235 te.
2152 4200 2170 4233 ι
2218 4181 2287 4237 Ει
2327 4184 2612 4242 deosculer
2654 4198 2728 4254 te,
2751 4191 2946 4262 inquit,
2989 4195 3042 4250 id
3080 4205 3185 4264 est,
3228 4201 3405 4255 mani-

1822 4273 1962 4329 festa
2007 4284 2062 4330 te
2107 4276 2365 4347 aspiciam
2405 4280 2651 4350 visione,
2704 4301 2867 4356 quem
2907 4305 3055 4348 nunc
3098 4303 3307 4353 tantum
3350 4298 3406 4355 in

1824 4367 1947 4423 fidei
2006 4378 2163 4426 teneo
2216 4372 2442 4440 osculo,
2509 4379 2654 4448 quod
2712 4380 2870 4439 initio
2931 4383 3092 4456 hujus
3145 4390 3410 4450 carminis

1822 4458 2052 4528 optavit,
2099 4461 2324 4519 dicens:
2359 4483 2376 4517 ι
2408 4464 2699 4525 Osculetur
2737 4487 2827 4529 me
2866 4477 3050 4533 osculo
3089 4480 3204 4536 oris
3245 4483 3349 4550 sui,
3380 4504 3401 4539 ι

1822 4547 1876 4603 id
1915 4561 2020 4618 est,
2064 4566 2161 4621 per
2203 4556 2554 4627 semetipsum
2593 4558 2709 4630 jam
2750 4564 2935 4619 veniat
2971 4574 3030 4621 ut
3069 4570 3203 4625 mihi
3242 4547 3407 4645 appa-

1823 4649 1960 4695 reat.
2026 4642 2190 4709 Quasi
2233 4647 2379 4701 enim
2430 4664 2529 4719 per
2571 4653 2865 4723 prophetas
2910 4642 3406 4723 osculabaturiEc-

1821 4733 2040 4788 clesiam
2096 4735 2365 4803 dilectus,
2431 4755 2554 4797 cum
2616 4744 2907 4802 adventum
2964 4765 3123 4808 suum
3175 4767 3275 4824 per
3312 4771 3413 4813 eos

1821 4828 2245 4897 repromitteret.
2293 4829 2457 4900 Optat
2502 4847 2632 4904 ergo
2672 4843 2733 4889 ut
2768 4850 2865 4908 per
2904 4840 3141 4912 seipsum
3181 4846 3413 4904 veniens

1821 4917 1965 4973 illam
2010 4919 2307 4987 osculetur,
2358 4923 2461 4978 hoc
2502 4933 2587 4979 est
2619 4925 2674 4982 in
2714 4943 2881 4986 carne
2923 4947 3020 4987 sua
3057 4938 3410 5004 prmsentiam

1819 5010 2090 5067 exhibeat.
2127 5029 2145 5062 ι
2167 5011 2235 5066 Ει
2267 5013 2378 5084 jam
2412 5031 2497 5071 me
2521 5032 2681 5075 nemo
2704 5020 2986 5093 despiciat.
3009 5045 3028 5078 ι
3070 5025 3234 5093 Quasi
3260 5030 3411 5085 enim

1821 5103 2075 5174 despecta
2114 5114 2233 5161 erat
2275 5117 2401 5165 ante
2445 5110 2728 5184 Synagoga
2768 5131 2931 5186 quam
2968 5116 3218 5177 Christus
3255 5123 3410 5179 veni-

1825 5203 1927 5260 ret,
1954 5196 2078 5264 quia
2118 5197 2231 5266 jam
2273 5198 2535 5270 legalibus
2571 5204 3041 5264 observationibus
3078 5210 3280 5278 dedita,
3307 5214 3408 5270 sub

1824 5296 1954 5358 typo
1988 5296 2044 5343 et
2076 5287 2269 5359 figura,
2295 5301 2351 5348 et
2387 5311 2497 5349 non
2537 5296 2592 5351 in
2631 5297 2865 5355 veritate
2889 5300 3179 5357 adventum
3204 5302 3410 5363 Christi

1824 5407 2278 5493 Pliniusdibnxv,
2316 5429 2435 5486 cap.
2466 5415 2564 5493 li;
2605 5433 2766 5489 quem
2804 5436 2871 5476 ex
2910 5423 3146 5493 equestri
3180 5425 3405 5491 ordine,

1824 5478 2339 5552 Augustiamicum,
2371 5478 2426 5540 ét
2463 5478 2716 5546 arborum
2746 5478 3097 5548 serendarum
3124 5478 3408 5552 studiosis:

1825 5552 2023 5630 simum
2053 5550 2217 5630 fuisse
2246 5557 2410 5613 tradit
2435 5559 2527 5613 lib.
2553 5575 2649 5625 xu,
2678 5576 2800 5630 cap.
2826 5563 2882 5621 2.
2924 5564 3083 5620 Enn.

1898 5620 1927 5661 ιι
1954 5622 2148 5709 Εξριὶε
2176 5635 2354 5709 patet,
2394 5640 2452 5684 nt
2481 5620 2701 5709 tradunt
2727 5620 2891 5688 etiam
2919 5635 3010 5709 alii
3031 5675 3048 5702 ,
3080 5636 3193 5709 jam
3232 5637 3408 5709 medio

1826 5708 1942 5768 ωτι)
1972 5694 2257 5768 chirurgos
2306 5698 2358 5753 in
2408 5702 2723 5757 exsectione
2773 5694 3136 5764 membrorum
3165 5706 3250 5767 vel
3276 5694 3406 5764 cau-

1829 5765 2472 5845 terisatione'vulnerugn
2520 5773 2831 5845 somniferis
2877 5775 3183 5845 plantarum
3230 5780 3413 5836 succis

1828 5837 2117 5907 patientem
2149 5840 2328 5909 sopire
2355 5841 2561 5907 solitos,
2590 5843 2669 5900 sic
2697 5837 2896 5904 doloris
2924 5848 3172 5905 inscium.
3198 5850 3371 5908 .Emr.
