3950 6434
626 412 727 468 551

1121 408 1479 465 llAYMONS
1517 402 1994 463 ilALBERSTAT.
2036 397 2249 456 EPISC.
2289 398 2439 456 OPP.
2477 397 2657 455 PARS
2687 397 2725 452 ι.
2751 427 2821 439 -
2851 393 3201 453 COMMENT.
3243 392 3405 451 BIBL.
3692 400 3761 463 352

622 528 967 598 prtedicabat.
1009 527 1077 581 At
1106 537 1388 597 postquam
1420 525 1577 583 Iesus
1605 524 1873 595 apparuit,
1908 529 1964 575 et
1994 521 2193 574 adven-
2219 520 2268 578 Α
2297 515 2554 573 corticem
2597 515 2874 585 sanguinei
2915 513 3132 577 coloris,
3158 519 3213 568 et
3244 513 3362 568 ideo
3385 512 3461 585 (ut
3485 530 3603 587 saepe
3624 520 3760 576 dictum

624 632 709 675 tus
748 620 829 675 sui
866 620 1040 690 gratia
1064 619 1322 673 mundum
1344 617 1611 675 lustravit,
1635 616 1745 685 jam
1772 628 1931 667 nemo
1952 610 2195 680 despexit

619 734 764 781 eam,
815 717 1055 785 quinimo
1084 715 1343 771 terribilis
1369 724 1431 768 ut
1452 722 1756 768 castrorum
1783 710 1926 764 acies
1952 707 2196 799 hostibus

621 809 733 864 suis
770 807 906 867 fuit,
951 807 1077 876 quia
1121 822 1219 876 per
1262 807 1571 860 universum
1616 802 1874 856 mundum
1918 798 2193 853 Christum

622 897 950 968 prtedicavit,
993 904 1047 950 et
1088 898 1422 951 mundanum
1466 894 1750 963 imperium
1791 890 1890 943 sibi
1935 888 2193 943 subdidit.

623 988 749 1043 Nec.
777 989 976 1042 mirum
1017 988 1189 1041 videri
1232 988 1393 1042 debet
1434 987 1480 1041 si
1521 998 1665 1039 nunc
1704 980 1997 1036 Ecclesiam
2025 978 2196 1049 Syna-

616 1097 812 1152 gogam
852 1082 1102 1136 dicimus.
1151 1080 1265 1135 Una
1305 1088 1391 1135 est
1430 1080 1574 1133 enim
1617 1074 1857 1131 Ecclesia
1904 1073 1958 1126 in
2000 1085 2197 1142 praece-

621 1173 870 1230 dentibus
898 1181 953 1227 et
979 1174 1034 1227 in
1063 1169 1694 1242 sequentibusPatribus.

696 1288 714 1321 ι
744 1268 1157 1339 Apprchendam
1187 1280 1258 1329 te,
1284 1274 1337 1321 et
1363 1266 1552 1320 ducam
1591 1273 1644 1316 te
1676 1262 1729 1315 in
1764 1261 1980 1316 domum
2008 1257 2197 1312 matris

624 1376 778 1416 mete.
815 1379 832 1410 ι
879 1356 924 1413 Ο
955 1358 1169 1422 dilecte,
1206 1373 1302 1427 per
1334 1356 1492 1410 fidem
1533 1361 1587 1409 et
1620 1352 1938 1406 charitatem
1974 1349 2068 1404 tibi
2104 1348 2198 1402 ad-

622 1448 897 1513 bazrcndo,
935 1448 1124 1502 ducam
1167 1457 1219 1502 te
1255 1448 1308 1502 in
1349 1447 1563 1500 domum
1605 1442 1797 1497 matris
1832 1456 1982 1495 mete.
2027 1439 2199 1494 Mater

622 1535 899 1600 Ecclesize,
939 1537 1043 1592 hoc
1081 1537 1199 1590 loco
1221 1535 1456 1591 scelestis
1481 1532 1816 1589 Hierusalem
1856 1529 2197 1600 intelligitur,

622 1627 691 1681 de
735 1642 838 1695 qua
882 1625 1081 1681 Paulus
1124 1627 1294 1682 dicit:
1343 1625 1436 1680 Illa
1478 1636 1657 1680 autem
1699 1637 1819 1692 quae
1857 1636 2072 1677 sursum
2116 1628 2200 1674 est

631 1716 991 1784 Hierusalem,
1006 1718 1174 1775 libera
1195 1725 1297 1781 est,
1313 1733 1431 1786 quae
1453 1724 1722 1771 estmater
1742 1723 1943 1768 nostra.
1958 1731 1977 1764 ‹
1998 1713 2199 1766 Ducam

624 1814 677 1860 te
698 1806 915 1876 (inquit)
941 1807 993 1860 in
1020 1806 1237 1861 domum
1264 1806 1456 1860 matris
1481 1819 1633 1870 meae,
1654 1823 1672 1855 ι
1701 1803 1754 1857 id
1774 1812 1880 1867 est,
1902 1815 2201 1873 prosequar

2292 610 2396 675 est)
2423 607 2651 680 ﬁguram
2680 614 2827 661 tenet
2852 605 3142 660 Dominica:
3165 604 3443 673 passionis.
3485 606 3653 664 Mustus
3669 614 3761 667 enim

2294 699 2558 754 malorum
2601 706 2952 769 granatorum
2993 705 3076 750 est
3119 695 3332 749 dilectio
3375 707 3641 752 sanctorum
3673 718 3763 756 mar.

2296 799 2494 861 tyrum,
2533 790 2623 860 qui
2669 790 2937 843 intantnm
2981 780 3149 842 Deum
3185 788 3497 851 dilexerunt,
3534 799 3582 843 nt
3611 806 3684 859 pro
3709 794 3762 848 illo

2294 881 2432 935 mori
2468 897 2573 935 non
2608 881 2936 935 dubitarent.
2984 880 3051 934 Et
3087 881 3223 935 bene
3251 888 3474 933 mustum
3505 882 3761 945 dicituer

2296 971 2440 1024 aliud
2480 971 2758 1041 quodlibet
2803 970 3094 1040 poculum,
3142 971 3267 1039 quia
3306 982 3525 1023 mustum
3563 970 3761 1029 ferventis-

2295 1060 2490 1115 simum
2527 1071 2633 1126 est,
2667 1062 2741 1116 ita
2780 1069 2838 1114 ut
2874 1060 2926 1115 in
2965 1060 3133 1115 nimio
3173 1059 3382 1113 fervore
3411 1076 3598 1115 omnem
3624 1066 3761 1117 sontem

2296 1165 2361 1204 ex
2404 1166 2464 1205 se
2500 1158 2766 1219 excoquat
2805 1157 2861 1205 et
2900 1156 3111 1220 purget.
3160 1149 3320 1204 Dabit
3353 1165 3477 1218 ergo
3509 1149 3697 1205 Ecclesia
3714 1155 3763 1206 di-

2296 1240 2437 1295 lecto
2477 1251 2713 1299 mustum
2739 1250 3087 1313 granatorum
3114 1256 3358 1301 suorum,
3398 1240 3447 1294 id
3482 1250 3572 1305 est,
3601 1244 3764 1297 ostendet

2298 1330 2352 1383 in
2394 1330 2733 1400 passiouibus
2772 1340 3084 1385 sanctorum
3125 1339 3424 1401 martyrum
3458 1340 3627 1399 quanta
3654 1332 3763 1386 cluri-

2300 1427 2410 1474 tate
2443 1420 2689 1476 Christus
2722 1420 2992 1491 diligatur.

2375 1530 2393 1563 ι
2434 1510 2592 1566 Laeva
2633 1511 2751 1580 ejus
2793 1514 2894 1568 sub
2934 1514 3114 1584 capite
3159 1526 3313 1579 meo,
3372 1523 3428 1567 et
3464 1513 3652 1568 dextera
3679 1515 3763 1570 illius

2300 1600 2695 1674 amplanbitur
2740 1620 2845 1661 me.
2882 1625 2903 1658 ι
2972 1606 3077 1661 Ρει·
3124 1605 3314 1660 laevam
3366 1607 3456 1675 (ut
3501 1605 3656 1660 beatus
3684 1605 3764 1660 (ire

2300 1696 2484 1767 gorius
2527 1696 2680 1768 dicit)
2721 1698 2907 1752 omnia
2952 1712 3208 1770 prospera
3253 1697 3526 1769 praesentis
3555 1699 3653 1753 Viue
3684 1701 3766 1753 aut

2299 1792 2548 1863 piuntur;
2600 1806 2699 1863 per
2755 1792 3032 1847 dexteram
3071 1807 3202 1847 vero
3248 1790 3428 1846 futura
3468 1792 3603 1847 beata
3635 1792 3710 1846 vita
3737 1792 3766 1847 in

624 1906 678 1951 te
717 1906 1073 1953 revertentem
1109 1898 1161 1951 in
1195 1897 1415 1959 coelum,
1450 1903 1573 1965 post
1602 1903 1780 1950 actum
1808 1892 2199 1949 incarnationis
2226 1878 2272 1938 Β
2300 1882 2454 1937 αωιὶε
2499 1882 2781 1952 θεωρίων.
2840 1881 3053 1937 Laeva!!!
3095 1897 3227 1952 ergo
3269 1883 3452 1954 εροηεί
3492 1884 3681 1939 Εθοιθείθ
3709 1885 3768 1938 θυι)

626 1996 728 2040 tuae
764 1996 819 2041 et
859 1988 1130 2056 passionis
1173 1987 1510 2058 mysterium.
1560 1986 1759 2040 Ducam
1798 1994 1975 2039 autem
2014 1994 2087 2049 te,
2114 1985 2197 2039 in-

622 2076 759 2145 quit,
804 2093 900 2147 pro
938 2093 1003 2133 eo
1040 2077 1180 2148 quod
1220 2086 1321 2142 est,
1363 2077 1622 2132 deducam
1649 2084 1704 2131 et
1728 2091 2045 2146 prosequar,
2071 2076 2197 2145 quia

623 2169 1001 2223 ascendentem
1064 2168 1350 2222 Dominum
1410 2167 1464 2221 in
1524 2166 1690 2222 cmlos
1744 2165 1972 2235 apostoli
2028 2165 2200 2221 oculis

625 2259 980 2323 deduxerunt,
1024 2268 1079 2314 et
1118 2274 1397 2328 quousque
1438 2274 1562 2313 eum
1604 2259 1775 2313 nubes
1813 2258 2068 2327 suscepit,
2111 2258 2199 2328 pio

623 2359 842 2419 aspectu
900 2352 1171 2421 prosecuti
1220 2360 1345 2405 sunt
1362 2393 1382 2423 ,
1438 2351 1610 2406 donec
1658 2350 1833 2421 angeli
1883 2350 2200 2406 assistentes

622 2438 913 2495 dixerunt:
946 2458 966 2492 ι
998 2439 1109 2494 Viri
1155 2439 1383 2505 Galilaei,
1427 2440 1557 2510 quid
1594 2441 1751 2495 statis
1782 2440 2107 2510 aspicientes
2145 2440 2200 2495 in

620 2528 865 2584 omium?
914 2530 1014 2588 Hic
1054 2531 1214 2588 Jesus
1258 2533 1350 2602 qui
1397 2542 1708 2602 assumptus
1749 2540 1832 2587 est
1877 2547 1911 2589 a
1947 2534 2100 2587 vobis
2146 2532 2200 2587 in

620 2618 836 2682 coelum,
862 2620 942 2676 sic
963 2622 1142 2677 veniet
1177 2624 1632 2691 quemadmodum
1666 2623 1879 2677 vidistis
1913 2637 2036 2677 eum
2076 2638 2180 2677 eun

624 2720 734 2765 tem
770 2712 823 2766 in
859 2712 1078 2768 caelum.
1111 2734 1131 2767 ι
1188 2731 1208 2766 ι
1234 2713 1311 2768 ibi
1355 2730 1441 2768 me
1478 2714 1716 2769 docebis.
1751 2732 1770 2765 ι
1819 2713 1933 2769 Hoc
1954 2715 2020 2769 ad
2044 2729 2203 2784 supe-

626 2803 770 2859 riora
816 2803 1072 2870 refertnr,
1117 2807 1206 2860 ubi
1251 2806 1486 2860 dicitur:
1530 2806 1854 2861 «Inveniam
1898 2814 1952 2861 te
1990 2805 2141 2861 foris.
2175 2825 2195 2859 ι

621 2890 755 2947 Cum
780 2891 995 2963 (inquit)
1020 2902 1071 2948 te
1111 2891 1245 2948 foris
1287 2894 1567 2958 invenero,
1610 2893 1714 2950 hoc
1755 2902 1859 2955 est,
1903 2910 2026 2950 cum
2061 2896 2200 2951 tein

625 2992 901 3052 assumpta
948 2998 1112 3038 carne
1156 3000 1459 3055 aspexero,
1516 2985 1588 3040 ibi
1635 2985 1855 3041 docebis
1893 3001 2019 3051 me,
2071 2987 2200 3057 quia

623 3074 692 3128 ad
734 3075 915 3129 omnia
962 3092 1082 3147 quae
1131 3078 1467 3148 interrogare
1512 3077 1765 3143 voluero,
1826 3078 2196 3148 respondebis.

624 3162 759 3218 Nam
787 3181 925 3237 saepe
954 3168 1116 3221 etiam
1147 3168 1390 3223 volentes
1416 3167 1754 3238 interrogare
1790 3169 2062 3239 apostolos
2097 3170 2199 3226 Do-

2303 1975 2480 2045 capite
2536 1973 2698 2030 habet
2751 1983 2808 2030 et
2858 1975 3079 2031 dextera
3140 1974 3256 2044 ejus
3326 1976 3469 2031 illam
3516 1977 3767 2047 amplexatur,

2301 2067 2430 2137 quia
2464 2081 2796 2138 quaecunque
2845 2083 3101 2139 prospera
3150 2071 3436 2139 praesentis
3483 2072 3637 2126 sareuli
3674 2071 3765 2125 blan-

2301 2157 2544 2222 diuntur,
2567 2173 2665 2228 pro
2688 2157 2858 2214 nihilo
2881 2160 3125 2230 deputat,
3148 2169 3344 2216 cuncta
3371 2177 3486 2232 quae
3506 2163 3769 2232 temporalitet

2301 2248 2542 2303 arrident
2570 2248 2838 2319 despicit;
2880 2258 2937 2305 et
2969 2250 3095 2305 dum
3130 2251 3198 2306 ad
3233 2251 3403 2307 solam
3436 2268 3644 2322 superate
3668 2254 3768 2307 beati-

2302 2336 2503 2395 tudinis
2525 2339 2785 2397 visionem
2809 2342 3002 2409 tendit,
3031 2341 3180 2397 illam
3214 2342 3544 2401 solummodo
3570 2343 3768 2415 amplexari

2300 2431 2591 2487 desiderat.

2377 2540 2395 2572 ι
2426 2519 2630 2590 Adjuro
2661 2538 2779 2588 vos,
2804 2523 2926 2579 filiae
2950 2523 3308 2594 Hierusalem,
3355 2543 3421 2584 ne
3457 2518 3692 2590 suscitetis,
3718 2542 3768 2582 ne-

2302 2628 2407 2685 que
2447 2613 2963 2680 evigilareJaciatis
3008 2618 3261 2675 dilectam
3308 2621 3481 2677 donec
3519 2622 3615 2691 ipsa
3646 2620 3766 2673 veliti

2302 2702 2475 2765 Habet
2516 2704 2759 2761 Ecclesia
2794 2708 3061 2783 quosdam
3098 2710 3151 2764 in
3188 2727 3246 2767 se
3274 2712 3372 2781 qui
3399 2712 3631 2783 baptismo
3646 2711 3768 2766 Christi

2302 2802 2430 2848 sunt
2466 2796 2670 2861 renati,
2714 2806 2770 2851 et
2804 2782 3025 2853 nomine
3060 2799 3485 2857 Christianitatis
3507 2801 3768 2865 titulati,mo-

2303 2885 2452 2941 ribus
2499 2896 2676 2942 tamen
2719 2897 2776 2944 et
2815 2891 3231 2949 conversatione
3271 2894 3470 2948 saeculo
3504 2893 3713 2955 serviunt.
3739 2900 3770 2944 α

2302 2976 2599 3043 Ecclesiam
2652 2980 2970 3045 suavissima
3024 2984 3254 3053 sopitam
3308 2985 3490 3055 quiete
3536 2986 3769 3056 inquietant,

2306 3077 2469 3139 atque
2510 3071 2576 3125 ad
2620 3071 2968 3141 perferendos
3022 3075 3284 3131 tumultus
3327 3080 3557 3133 excitare
3598 3077 3767 3131 nitantur.

2307 3160 2372 3224 Hi
2413 3178 2541 3233 ergo
2580 3173 2799 3234 propter
2830 3166 3056 3236 gratiam
3093 3170 3474 3249 mysteriorum
3509 3171 3770 3237 Christi,quz

624 3253 803 3309 minus
841 3257 1222 3325 praeveniebat,
1260 3273 1462 3328 eosque
1504 3257 1828 3314 instruebat.
1853 3259 2039 3315 Potest
2058 3269 2112 3315 et
2131 3261 2199 3317 ad
2227 3246 2273 3309 (ἶ
2305 3264 2701 3326 perceperunt.
2744 3256 2866 3312 ﬁlia!
2906 3246 3243 3317 Hierusalem
3301 3265 3618 3334 appellantur
3647 3265 3684 3317 in
3713 3262 3769 3315 hoc

625 3344 767 3398 hunc
792 3344 966 3399 locum
987 3346 1162 3418 jungi,
1190 3349 1280 3402 ubi
1306 3350 1474 3404 dicit:
1510 3369 1528 3402 ι
1560 3351 1762 3406 Ducam
1803 3360 1856 3406 te
1891 3353 1947 3406 in
1982 3353 2199 3408 domum

624 3437 816 3513 matris
859 3454 1012 3504 mea),
1055 3440 1127 3494 ibi
1175 3456 1260 3496 me
1302 3438 1539 3498 doccbis.
1571 3464 1591 3495 ι
1639 3443 1773 3499 Cum
1807 3445 2023 3516 (inquit)
2060 3447 2200 3501 caelo

626 3537 877 3597 receptus
917 3528 1098 3593 fueris,
1129 3539 1186 3586 et
1223 3547 1311 3609 me
1343 3547 1557 3603 quoque
1592 3535 1647 3588 in
1683 3533 1877 3590 coelum
1914 3544 2089 3590 tecum
2118 3553 2202 3592 as-

624 3616 941 3686 sumpscris,
984 3618 1056 3673 ibi
1096 3634 1183 3674 me
1217 3621 1451 3686 docebis,
1486 3631 1541 3678 et
1580 3624 1633 3677 in
1669 3638 1884 3679 omnem
1920 3625 2199 3681 veritatem

627 3708 879 3775 induces,
922 3711 1064 3780 quod
1108 3711 1443 3782 impossibile
1483 3723 1568 3771 est
1604 3717 1809 3771 homini
1854 3717 1908 3771 iu
1959 3719 2199 3787 pra-siuti

624 3801 737 3855 vita
783 3817 940 3871 posse
984 3804 1282 3874 consequi;
1329 3805 1455 3862 hinc
1497 3814 1581 3862 est
1623 3808 1766 3879 quod
1810 3809 2069 3864 Dominus
2111 3826 2200 3865 re-

626 3896 894 3974 promittit
934 3896 1217 3966 apostolis,
1251 3897 1474 3954 dicens:
1506 3918 1525 3950 ι
1550 3897 1712 3954 Venit
1750 3901 1901 3965 hora,
1934 3916 2053 3955 cum
2087 3902 2199 3972 jam

626 4003 734 4043 non
771 3988 824 4042 in
856 3989 1156 4057 proverbiis
1187 3988 1377 4059 loquar
1407 3990 1579 4054 vobis,
1615 3990 1711 4046 sed
1744 3990 1918 4061 palam
1947 3991 2013 4045 de
2040 3990 2201 4049 Patre

623 4078 953 4133 annuntiaho
989 4080 1159 4134 vobis.
1192 4099 1210 4133 ι
1256 4081 1398 4152 Ergo
1432 4081 1505 4136 ibi
1540 4096 1627 4136 me
1661 4082 1898 4147 docebis,
1929 4082 1981 4137 id
2006 4091 2110 4149 est,
2148 4091 2199 4139 te

623 4178 678 4224 et
717 4168 926 4223 Patrem
967 4170 1096 4224 mihi
1139 4181 1323 4241 aperta
1365 4172 1574 4227 visione
1628 4172 1912 4238 revelabis,
1955 4173 2055 4228 hoc
2095 4182 2201 4240 est,

627 4260 963 4313 divinitatem
1012 4271 1156 4314 luam
1206 4262 1337 4315 mihi
1386 4260 1524 4316 facie
1570 4263 1637 4316 ad
1685 4261 1877 4317 faciem
1928 4264 2199 4320 ostendes.

635 4366 656 4399 ι
686 4347 753 4401 Ει
789 4349 927 4402 dabo
971 4348 1066 4403 tibi
1105 4351 1356 4420 poculum
1394 4367 1461 4407 ex
1500 4352 1626 4406 vino
1666 4354 1897 4409 condito.
1928 4373 1948 4406 ι
1997 4354 2100 4409 Per
2126 4355 2206 4410 vi-

629 4456 758 4493 num
816 4438 997 4494 fervor
1049 4441 1332 4498 charitatis
1391 4451 1446 4499 et
1504 4445 1808 4502 dilectionis
1868 4446 2203 4519 intelligitur.

628 4530 778 4584 Dabo
822 4531 1036 4603 (inquit)
1079 4532 1175 4587 tibi
1216 4534 1420 4600 vinum,
1462 4536 1566 4590 hoc
1590 4547 1694 4603 est,
1721 4539 2000 4593 ostendam
2043 4555 2202 4608 quam

627 4620 1022 4677 ferventissimo
1064 4625 1332 4681 charitate
1374 4636 1427 4682 te
1467 4627 1702 4699 diligam.
1772 4630 1837 4683 Et
1881 4631 1982 4685 hoc
2021 4631 2202 4687 vinum

627 4729 733 4767 non
758 4713 987 4784 simplex
1015 4717 1139 4782 erit,
1167 4718 1260 4773 sed
1301 4720 1596 4784 conditum,
1623 4722 1776 4789 bonis
1799 4721 2048 4778 videlicet
2072 4738 2202 4794 Ope-

630 4807 779 4862 ribus
819 4815 875 4861 ει
915 4809 1224 4865 virtutibus.
1285 4812 1418 4868 Nam
1464 4828 1620 4868 amor
1660 4815 1788 4880 Dei,
1833 4815 1973 4869 sicut
2013 4816 2204 4873 beatus

626 4897 920 4971 Gregorius
961 4900 1112 4965 dicit,
1138 4918 1410 4973 nunquam
1442 4916 1524 4959 est
1556 4905 1785 4971 otiosus,
1807 4915 2063 4975 operatur
2090 4922 2204 4962 ma-

620 5010 728 5064 gna
765 4994 810 5048 si
849 5003 950 5052 est.
994 4993 1052 5048 Si
1085 4996 1231 5051 enim
1274 4996 1486 5067 operari
1530 4997 1728 5064 renuit,
1771 5012 1924 5053 amor
1959 5014 2064 5052 non
2099 5007 2202 5053 est.

628 5086 823 5142 Vinum
852 5086 998 5142 cnim
1036 5088 1312 5143 conditum
1340 5097 1423 5144 est
1449 5089 1668 5145 dilectio
1708 5105 1832 5145 cum
1859 5090 2196 5160 operatione.

631 5176 782 5234 Unde
812 5187 868 5233 et
899 5178 1157 5233 Dominus
1179 5180 1232 5234 in
1258 5179 1587 5251 Evangelia:
1620 5199 1638 5232 ι
1669 5180 1727 5236 Si
1755 5183 1874 5250 quis
1896 5182 2069 5253 diligit
2092 5198 2198 5247 me,

625 5283 929 5323 sermonem
974 5284 1151 5325 meum
1196 5271 1454 5325 servabit.
1498 5291 1526 5332 ›
1591 5271 1850 5328 Probatio
1896 5272 2202 5330 dilectionis

626 5358 889 5414 exhibitio
928 5368 1012 5414 est
1047 5360 1250 5430 cperis.
1294 5380 1312 5411 ι
1344 5361 1413 5415 Ει
1450 5372 1685 5417 mustum
1709 5362 1972 5419 malorum
2005 5380 2202 5435 grana-

628 5460 804 5507 tornm
831 5467 1091 5509 meorum.
1126 5473 1143 5506 ι
1192 5454 1388 5511 Malum
1432 5467 1715 5527 granatum
1758 5458 1898 5514 idem
1939 5470 2022 5515 est
2058 5461 2202 5531 quod

625 5554 683 5600 et
716 5545 915 5600 malum
956 5546 1242 5602 Punicum.
1299 5548 1505 5603 Dicitur
1545 5558 1725 5605 autem
1767 5550 1963 5604 malum
2002 5566 2202 5618 grana-

627 5649 739 5693 tum
766 5678 781 5705 ,
829 5654 892 5694 co
940 5640 1082 5710 quod
1125 5640 1464 5697 multitudine
1502 5656 1794 5712 granorum
1844 5644 1916 5698 sit
1960 5642 2198 5715 plenum.

627 5727 824 5785 Malum
882 5729 1181 5796 Punicum,
1236 5749 1301 5787 eo
1357 5732 1499 5803 quod
1563 5734 1614 5789 in
1670 5734 1853 5791 Africa
1909 5724 2199 5806 plurimum

627 5822 882 5883 abundat.
927 5819 1127 5877 Punica
1152 5823 1293 5877 cnim
1335 5823 1449 5894 ipsa
1476 5834 1555 5880 cst
1576 5824 1777 5883 Africa.
1821 5825 1993 5883 liabet
2022 5836 2199 5884 autem

2302 3344 2440 3409 loco,
2482 3360 2603 3400 cum
2646 3354 2823 3411 tamen
2864 3350 3107 3406 moribus
3143 3354 3419 3407 contraria
3459 3361 3614 3424 agant.
3653 3352 3697 3405 Et
3720 3349 3772 3401 ad-

2294 3434 2443 3503 jurat
2473 3451 2567 3493 eos
2602 3453 2834 3507 sponsus
2869 3455 2935 3494 ne
2971 3441 3235 3497 suscitent
3265 3441 3353 3497 vel
3391 3443 3621 3515 evigilare
3651 3440 3773 3494 faciant

2301 3526 2583 3601 dilectam,
2628 3529 2731 3584 hoc
2764 3538 2882 3596 est,
2933 3547 3003 3587 ne
3040 3529 3188 3587 illam
3234 3533 3288 3587 in
3335 3550 3521 3591 somno
3553 3531 3774 3589 dulcissima

2302 3618 2500 3686 quietis
2547 3619 2818 3688 positam,
2874 3621 2976 3676 hoc
3021 3632 3146 3690 est,
3202 3623 3255 3678 in
3298 3624 3698 3699 contemplatione
3727 3618 3774 3699 sui

2301 3705 2609 3765 Conditoris
2650 3725 2746 3765 sua
2796 3710 3166 3781 inquietudine
3207 3716 3466 3781 excitent,
3489 3725 3540 3771 et
3571 3716 3627 3771 ad
3653 3709 3775 3768 sollici‘

2303 3799 2517 3855 tudines
2556 3812 2612 3855 et
2649 3817 2809 3857 curas
2844 3803 3025 3858 saeculi
3057 3804 3325 3877 evigilare
3353 3806 3662 3877 compellant.
3688 3801 3775 3854 «Do-

2304 3906 2403 3946 nec
2463 3890 2601 3963 ipsa
2629 3893 2793 3961 velit;
2831 3914 2850 3946 ι
2895 3896 2999 3951 hoc
3036 3905 3122 3952 est
3148 3938 3163 3963 ,
3231 3879 3407 3955 donec
3445 3907 3641 3969 peracto
3668 3891 3779 3950 ollicio

2303 3982 2497 4038 debita:
2553 3984 2871 4056 servitutis,
2927 4003 3031 4057 qua
3087 3989 3144 4042 in
3202 3988 3464 4058 psalmis,
3517 3989 3777 4062 hymnis,et

2304 4074 2552 4130 cantibus
2599 4076 2969 4145 spiritualihus
3012 4078 3124 4134 Deo
3168 4079 3482 4149 famulatur,
3525 4083 3775 4137 admoneam

2304 4165 2502 4221 iterum
2544 4180 2994 4239 curamorporeze
3036 4168 3346 4242 fragilitatis
3390 4174 3458 4229 ad
3500 4189 3635 4253 usum
3668 4164 3776 4226 seculi

2306 4258 2503 4314 redire.

2382 4381 2400 4411 ι
2430 4360 2560 4427 Qua:
2596 4369 2679 4416 est
2717 4361 2817 4421 ista
2851 4378 2972 4435 qua:
3008 4365 3250 4420 ascendit
3282 4366 3351 4423 de
3388 4367 3617 4430 deserto,
3648 4358 3780 4417 deliciis

2306 4450 2548 4516 affluens,
2582 4452 2764 4507 innixa
2795 4469 2956 4524 super
2982 4455 3238 4512 dilectum
3267 4474 3444 4513 meum
3464 4459 3487 4513 ἲ
3510 4479 3528 4511 ι
3559 4456 3654 4512 Vox
3676 4453 3780 4523 Syna-

2307 4559 2484 4615 εοεαε,
2517 4545 2837 4602 admirantis
2861 4546 3158 4603 Ecclesiam
3200 4549 3267 4604 de
3302 4551 3545 4620 gentibus
3576 4558 3780 4618 congrrsi-

2309 4643 2439 4689 tam.
2492 4633 2621 4703 Quae
2663 4644 2780 4701 est,
2827 4636 3032 4707 inquit,
3080 4638 3135 4693 id
3183 4648 3267 4693 est
3311 4642 3488 4710 qualis
3529 4649 3629 4704 est,
3663 4630 3781 4706 quanti

2304 4726 2519 4792 meriti,
2563 4742 2682 4796 quae
2724 4730 2971 4784 ascendit
3012 4732 3078 4785 de
3125 4731 3379 4788 deserto?
3428 4734 3663 4789 Derelicta
3693 4725 3781 4782 enim

2304 4818 2480 4873 fuerat
2518 4836 2548 4873 a
2586 4820 2694 4874 Deo
2728 4835 2825 4889 per
2852 4821 3212 4878 idololatriam
3247 4833 3302 4880 et
3336 4826 3576 4881 veritatis
3612 4824 3781 4894 ignem

2306 4907 2454 4962 tiam.
2484 4908 2823 4966 Ascendebat
2840 4926 2969 4981 ergo
2994 4912 3251 4968 virtutum
3274 4917 3529 4986 gradibus
3550 4916 3609 4970 de
3626 4914 3782 4967 deserto.

2305 4998 2410 5055 hoc
2435 5008 2518 5054 est
2556 4999 2623 5055 de
2650 5016 2838 5055 errore
2865 5002 3214 5071 inﬁdelitatis,
3244 5007 3299 5061 in
3324 5023 3431 5077 quo
3458 5006 3523 5061 ad
3550 4999 3782 5073 tempusdo
3848 5000 3849 5003 “

2306 5090 2496 5147 relicta
2524 5090 2717 5146 fuerat.
2757 5111 2776 5142 ι
2802 5091 3021 5148 Deliciis
3050 5093 3293 5163 affluens,
3325 5119 3345 5151 ι
3381 5098 3432 5153 id
3460 5108 3540 5154 est
3580 5092 3786 5151 virtutibus

2309 5181 2608 5236 abundans.
2644 5200 2663 5233 ι
2690 5181 2874 5238 lnnixa
2906 5184 3122 5257 (inquit)
3151 5202 3315 5258 super
3341 5188 3584 5243 dilectum
3614 5195 3783 5241 meum.’
3848 5168 3849 5179 ‘

2310 5274 2360 5328 id
2389 5282 2502 5339 est,
2542 5273 2866 5331 ﬁducialiter
2898 5292 3064 5347 agens
3099 5278 3151 5332 in
3180 5277 3419 5345 Christo,
3450 5289 3507 5336 et
3538 5292 3696 5335 omnes
3720 5271 3786 5323 tir-

2309 5372 2451 5421 tutes
2481 5380 2607 5420 suas
2644 5374 2699 5420 et
2730 5375 2921 5420 cuncta
2951 5368 3088 5423 bona
3122 5370 3190 5424 ad
3217 5368 3334 5438 ejus
3359 5372 3578 5441 gratiam
3603 5365 3785 5422 referens,

2308 5454 2516 5513 sciebat
2561 5472 2620 5512 se
2665 5456 2800 5511 nihil
2846 5458 2958 5513 suis
3002 5458 3209 5515 viribus
3257 5461 3381 5516 boni
3431 5460 3636 5532 implere
3670 5463 3788 5525 posse.

2307 5549 2535 5619 ideoque
2566 5564 2687 5603 cum
2719 5548 2979 5619 Apostolo
3010 5551 3231 5607 dicens:
3265 5572 3283 5603 ι
3313 5552 3494 5609 Gratia
3534 5552 3619 5607 Dei
3646 5561 3732 5602 sum
3758 5538 3788 5594 id

2305 5640 2448 5711 quod
2475 5656 2614 5694 sum.
2642 5658 2660 5692 ι
2695 5639 2761 5694 Ει
2780 5641 3073 5696 notandum
3094 5644 3236 5714 quod
3256 5643 3402 5709 dicit,
3432 5641 3789 5713 Superdilecwm

2306 5748 2504 5789 meum.
2563 5731 2698 5787 Nam
2749 5731 3031 5805 Synagoga
3083 5725 3252 5789 solani
3300 5734 3518 5806 putabat
3563 5750 3615 5789 se
3655 5728 3791 5785 habete

2305 5822 2666 5896 cognitionem
2719 5822 2855 5891 Dei,
2909 5825 3122 5882 caeteris
3171 5826 3415 5896 gentibus
3464 5827 3516 5883 in
3566 5814 3791 5898 ignoranti!
