3950 6454
173 457 276 515 555

1127 455 1525 511 ENARRATIO
1563 455 1627 508 ΙΝ
1666 454 1958 512 CANTICA
1997 456 2466 514 CANTICORUM.

3309 460 3414 516 .551

172 569 460 628 destitutis.
482 587 501 620 ι
521 568 690 624 Notus
711 569 876 635 enim,
901 589 918 621 ι
947 579 1004 624 ut
1025 569 1098 622 ait
1119 569 1423 633 Psalmista,
1448 588 1466 619 ι
1489 570 1543 623 in
1566 569 1748 624 Judaea
1775 576 1821 631 Α
1852 569 2057 624 inferiis
2105 571 2392 626 aemulatio.
2426 592 2443 622 ι
2491 571 2621 626 Nam
2669 574 2812 628 si.ut
2859 572 3098 630 infernus
3146 587 3239 628 eos
3281 588 3418 644 quos

175 669 334 730 Deus,
367 665 420 719 in
448 663 614 719 Israel
641 678 894 734 magnum
926 677 1121 718 nomen
1150 663 1286 732 ejus.
1320 680 1339 713 ι
1387 661 1493 716 Sed
1532 662 1606 715 ita
1645 662 1747 714 mi-

175 760 312 813 ranti
344 756 634 827 respondet
662 754 960 826 Synagoga:
983 755 1150 825 ipsius
1179 768 1409 823 sponsus
1437 762 1493 807 et
1520 753 1748 808 dilectus

173 849 312 920 quod
343 849 608 916 sequitur.

245 958 264 992 ι
301 938 411 994 Sub
432 939 627 992 arbore
649 936 792 990 malo
808 935 1068 991 suscitavi
1101 944 1172 992 te.
1206 955 1224 987 ι
1243 935 1506 990 Arborem
1521 933 1745 1001 malum,

172 1045 384 1086 erucem
413 1028 744 1083 Dominicam
793 1027 1052 1081 debemus
1099 1026 1369 1096 accipere,
1419 1025 1486 1080 de
1529 1041 1634 1095 qua
1661 1041 1749 1079 ar-

172 1125 299 1178 bore
338 1121 599 1176 suscitata
641 1128 724 1174 est
771 1118 1078 1189 Synagoga,
1123 1118 1250 1187 quia
1286 1118 1400 1187 ipsa
1430 1132 1461 1171 a
1490 1116 1750 1187 praevari-

172 1216 380 1270 catione
430 1212 707 1282 originalis
740 1211 951 1281 peccati
1005 1220 1060 1264 et
1090 1219 1357 1280 potestate
1404 1209 1606 1264 diaboli
1650 1222 1748 1278 per

172 1321 384 1360 crucem
416 1303 617 1358 Christi
661 1303 935 1370 redempta
965 1309 1069 1367 est,
1123 1302 1196 1356 ibi
1225 1301 1480 1356 suscitata
1518 1308 1600 1354 est
1627 1315 1748 1368 qua:

172 1397 406 1468 peccatis
455 1405 668 1451 mortua
697 1403 832 1450 erat.
867 1394 934 1448 Et
969 1395 1106 1448 bene
1149 1393 1397 1448 arborem
1444 1392 1570 1447 mali
1594 1391 1742 1447 dicit.

171 1487 322 1552 Nam,
378 1497 437 1542 ut
493 1503 656 1557 supra
687 1486 888 1541 dictum
921 1495 1024 1551 est,
1075 1485 1200 1540 huic
1239 1486 1420 1541 arbori
1469 1485 1744 1541 Christum

169 1581 522 1650 comparavit,
548 1579 731 1633 dicens
763 1595 776 1630 ε
808 1596 826 1629 ι
866 1577 1020 1632 Sicut
1035 1578 1233 1632 malum
1267 1578 1410 1633 inter
1432 1578 1575 1648 ligna
1592 1577 1747 1632 silva-

168 1687 308 1753 ;um,
339 1671 418 1726 sic
459 1669 692 1725 dilectus
721 1683 872 1722 meus
916 1668 1059 1722 inter
1080 1667 1239 1724 ﬁlios.
1278 1687 1297 1720 ι
1330 1686 1348 1719 ι
1385 1668 1460 1723 lbi
1489 1677 1744 1738 corrupta

169 1772 250 1816 est
270 1769 441 1816 mater
462 1768 572 1825 tua,
612 1758 686 1814 ibi
715 1758 912 1813 violata
938 1765 1022 1813 est
1049 1758 1282 1829 genitrix
1311 1765 1420 1812 tua.
1461 1776 1478 1809 ι
1519 1757 1744 1810 Matrem

171 1863 222 1908 et
266 1854 582 1924 genitricem
637 1850 956 1922 Synagogae,
994 1849 1256 1920 majorem
1303 1857 1358 1905 et
1405 1848 1747 1919 principalio—

1849 661 2015 716 semel
2060 663 2248 731 recipit
2300 678 2574 732 nunquam
2614 666 2870 729 restituit,
2926 666 3019 720 sed
3062 680 3273 736 semper
3327 683 3415 721 re-

1850 754 2004 818 tinet,
2048 755 2120 808 ita
2153 770 2312 809 verus
2338 754 2542 810 Christi
2571 773 2724 812 amor
2744 773 2903 827 quem
2937 761 3101 814 semel
3123 761 3418 831 acceperit.

1848 859 2120 914 nunquam
2149 844 2400 910 dimittit;
2425 847 2564 901 unde
2583 847 2866 914 Apostolus
2897 851 3026 905 dicit
3059 868 3072 904 :
3109 871 3124 902 ι
3161 852 3291 918 Quis
3315 866 3415 907 nos

1847 935 2118 1004 separabit
2169 950 2199 989 a
2247 936 2514 990 charitate
2562 937 2803 992 Christi?
2857 941 3173 996 tribulatio?
3208 957 3275 996 an
3319 957 3419 996 an-

1852 1029 2063 1100 gustia?
2097 1045 2166 1082 an
2210 1029 2551 1099 persecutio?
2578 1045 2645 1082 an
2695 1028 2868 1084 fames
2893 1032 2916 1083 ?
2941 1047 3010 1085 an
3057 1033 3306 1088 nuditas?
3349 1048 3417 1087 an

1845 1121 2179 1190 periculum?
2199 1137 2266 1174 an
2299 1121 2550 1189 gladius?
2578 1140 2596 1171 ι
2634 1121 2740 1174 Sed
2769 1130 2824 1174 et
2849 1121 3064 1175 dilectio
3088 1123 3286 1178 Christi
3313 1125 3415 1180 hoe

1845 1213 1964 1269 loco
2004 1223 2182 1283 potest
2212 1214 2400 1283 accipi,
2435 1212 2587 1281 cujus
2615 1212 2829 1267 dilectio
2857 1211 3011 1267 fortis
3053 1213 3152 1267 fuit
3175 1224 3414 1278 utmors,

1846 1307 1971 1377 quia
2004 1307 2058 1360 in
2087 1315 2296 1361 tantum
2320 1305 2507 1360 dilexit
2535 1321 2653 1370 nos,
2679 1314 2738 1357 ut
2777 1319 2874 1372 pro
2912 1305 3066 1358 nobis
3097 1305 3418 1359 immortalis

1845 1410 2074 1455 mortem
2103 1399 2418 1468 susciperet.
2464 1397 2606 1451 Dura
2645 1397 2746 1450 fuit
2793 1395 3063 1451 aemulatio
3090 1396 3207 1465 ejus
3234 1404 3293 1449 ut
3331 1397 3415 1450 in-

1845 1490 2011 1557 ferus,
2053 1491 2179 1559 quia
2223 1489 2427 1545 inferus
2462 1488 2907 1543 nescit-misereri
2945 1496 3036 1540 aut
3059 1503 3086 1541 a
3115 1487 3289 1556 poenis
3313 1487 3417 1540 mi-

1843 1598 2092 1638 serorum
2141 1583 2401 1652 mitigari,
2431 1582 2509 1636 sic
2538 1590 2592 1636 et
2629 1579 2826 1636 Christi
2861 1579 3077 1635 dilectio
3108 1595 3210 1633 non
3240 1579 3417 1650 potuit

1845 1689 1876 1728 a
1937 1673 2307 1728 misericordia
2355 1687 2608 1736 cessare,
2668 1680 2760 1724 aut
2811 1671 2931 1724 ullis
2985 1669 3421 1739 improbitatihus

1843 1774 2253 1832 persccutorum
2303 1761 2567 1815 removeri
2606 1761 2673 1814 ab
2703 1775 2887 1814 amore
2924 1759 3140 1813 humani
3181 1758 3416 1828 generis.

1843 1853 2071 1921 Quidam
2120 1852 2223 1907 hoc
2280 1853 2422 1922 quod
2461 1851 2676 1914 dicitur,
2729 1870 2746 1901 σ
2783 1851 2924 1904 Dura
2965 1860 3048 1906 est
3099 1861 3158 1904 ut
3213 1851 3419 1904 inferus

172 1960 284 1997 rem
309 1941 540 1997 Iudaica:
554 1941 726 2011 plebis
746 1949 952 2010 patrem
976 1940 1128 2004 dicit,
1151 1939 1338 2010 quales
1362 1949 1516 1995 erant
1538 1938 1743 1994 Scriba:
1775 1928 1818 1986 Β
1846 1945 2138 2011 aemulatio,
2174 1964 2192 1995 ι
2224 1945 2290 1999 ad
2321 1945 2661 2015 Synagogam
2712 1944 2928 2013 proprie
2987 1942 3248 2004 referunt,
3298 1957 3418 2010 quae

173 2044 227 2090 et
253 2035 528 2097 Pharisaei,
573 2034 663 2104 qui
705 2033 977 2088 Christum
1026 2031 1198 2087 Pilato
1241 2032 1602 2095 tradiderunt,
1647 2031 1740 2100 qui

176 2127 430 2197 reliquam
455 2127 663 2196 plebem
695 2132 952 2194 tanquam
991 2132 1164 2177 mater
1196 2130 1250 2177 et
1279 2123 1512 2192 genitrix
1551 2135 1742 2191 regere

171 2224 430 2278 debebant
460 2230 514 2275 et
561 2220 797 2283 erudire,
828 2229 883 2272 et
932 2217 1120 2287 quales
1163 2227 1322 2272 erant
1367 2215 1443 2270 illi
1483 2215 1574 2285 qui
1618 2230 1740 2269 sua-

167 2312 414 2367 dentibus
463 2311 571 2366 illis
627 2308 990 2380 principibus,
1050 2308 1291 2377 improbe
1325 2306 1736 2363 acclamabant:

172 2421 188 2451 σ
229 2401 519 2473 Crueilige,
547 2387 804 2470 cruciﬁge
837 2414 981 2454 eum.
1018 2418 1037 2450 ›
1073 2397 1197 2453 Haec
1217 2413 1346 2468 ergo
1377 2406 1547 2452 mater
1573 2397 1739 2467 Syna-

164 2507 312 2563 goga:
365 2494 465 2548 sub
519 2493 713 2546 arbore
767 2490 908 2544 malo
955 2497 1208 2558 corrupta
1267 2496 1350 2542 est
1396 2496 1452 2542 et
1505 2485 1736 2551 violata,

163 2585 377 2653 quando
423 2599 480 2638 se
528 2597 762 2651 suosque
806 2590 1052 2651 posteros
1092 2579 1298 2635 crudeli
1355 2578 1735 2634 inaledictione

162 2676 504 2741 constrinxit,
569 2675 800 2728 dicens:
855 2692 873 2723 ε
907 2671 1141 2742 Sanguis
1183 2672 1300 2742 ejus
1352 2686 1518 2741 super
1558 2686 1656 2725 nos
1683 2679 1738 2724 et

160 2782 323 2836 super
350 2766 488 2820 lilios
517 2775 768 2827 nostros;
808 2754 977 2817 i'nam
1004 2771 1059 2817 et
1080 2762 1168 2816 isti
1209 2762 1308 2816 sub
1331 2757 1493 2816 cruée
1531 2760 1732 2816 Christi

158 2868 340 2926 erant,
363 2859 489 2915 licet
517 2875 621 2914 non
670 2859 774 2912 ﬁde
818 2865 873 2910 et
921 2856 1222 2916 devotione,
1264 2864 1444 2910 tamen
1492 2855 1736 2910 crudeles

159 2952 410 3006 vindicta-
438 2949 539 3004 sibi
565 2959 620 3004 et
649 2950 762 3004 suis
789 2946 1028 3017 posteris
1060 2946 1469 3015 imprecatione.

228 3063 245 3096 ι
288 3043 436 3098 Pone
470 3058 557 3096 me
594 3050 655 3095 ut
709 3038 1044 3110 signaculum
1099 3051 1260 3108 super
1307 3052 1402 3092 cor
1454 3044 1624 3099 tuum,
1681 3043 1741 3090 ut

157 3133 497 3205 signaculum
528 3147 694 3202 super
740 3131 1017 3185 brachium
1057 3138 1226 3182 tuum.
1260 3147 1278 3179 ι
1307 3126 1442 3193 Quia
1474 3125 1736 3197 (inquit)

155 3227 252 3281 sub
282 3226 479 3279 arbore
525 3223 665 3277 nian
712 3221 970 3276 suscitavi
1011 3228 1092 3285 te,"
1131 3219 1234 3273 hoc
1287 3227 1393 3282 est,
1444 3217 1571 3286 quia
1617 3230 1738 3286 pas-

1843 2049 2031 2110 gentes
2051 2038 2422 2099 aemulabatur,
2451 2045 2503 2090 et
2527 2037 2800 2090 invidebat
2826 2036 2981 2090 saluti
3004 2051 3210 2090 eorum.
3240 2035 3417 2090 Monet

1843 2146 1971 2200 ergo
2000 2130 2248 2186 Christus
2289 2130 2392 2183 hoc
2438 2127 2643 2191 dicens,
2688 2136 2748 2180 ut
2784 2127 2852 2181 ab
2900 2127 3099 2180 invidia
3133 2134 3326 2192 cesset,
3361 2135 3418 2181 et

1843 2220 1998 2274 saluti
2030 2220 2284 2274 Ecclesia:
2321 2218 2677 2287 eongaudeat.
2714 2236 2732 2268 ι
2771 2217 3072 2286 Lampades
3111 2216 3250 2284 ejus,
3281 2217 3416 2271 lam-

1842 2311 2008 2380 pades
2056 2311 2194 2379 ignis
2239 2318 2400 2380 atque
2421 2310 2777 2362 ﬂammarum.
2812 2326 2832 2359 ι
2878 2307 2936 2362 1d
2962 2316 3063 2372 est,
3111 2307 3416 2361 dilectionis

1843 2401 2117 2470 lampades
2167 2409 2292 2455 sunt
2336 2399 2612 2470 lampades
2655 2399 2795 2470 ignis
2847 2410 3010 2469 atque
3056 2401 3412 2454 ﬂammarum.

1841 2491 2142 2562 Lampados
2196 2491 2501 2546 dilectionis
2555 2491 2852 2561 praecordia
2907 2504 3034 2546 sunt
3077 2503 3411 2554 sanctorum,

1842 2584 1896 2639 in
1931 2582 2127 2655 quibus
2156 2583 2322 2638 veluti
2369 2583 2421 2637 in
2447 2583 2591 2638 vasis
2629 2583 2844 2638 dilectio
2883 2583 3107 2637 habitat.
3162 2581 3254 2636 llre
3286 2597 3416 2653 ergo

1841 2672 2134 2744 lampades,
2158 2673 2432 2744 lampades
2453 2674 2668 2742 quidem
2695 2685 2822 2728 sunt
2846 2673 3003 2744 ignis,
3021 2674 3146 2743 quia
3171 2673 3223 2727 in
3247 2672 3410 2726 corde

1840 2765 2030 2820 ardent
2080 2781 2178 2834 per
2225 2780 2512 2830 amorem;
2555 2765 2826 2836 lampades
2874 2781 3004 2820 vero
3054 2763 3411 2829 ﬂammarum,

1841 2858 1968 2928 quia
1996 2857 2235 2912 exterius
2257 2857 2439 2911 lucent
2476 2871 2572 2926 per
2608 2857 3001 2926 operationem.

1919 2965 1937 2997 ι
1971 2946 2136 3014 Aqua:
2175 2947 2354 3000 multm
2388 2960 2493 3000 non
2537 2955 2790 3015 poterunt
2843 2945 3192 3015 exstinguere
3224 2947 3408 3001 chari-

1843 3048 2032 3102 tatem,
2063 3052 2164 3091 nec
2199 3036 2418 3092 ﬂumina
2467 3036 2696 3092 obruent
2743 3037 2909 3091 illam.
2949 3057 2967 3090 ι
3007 3038 3174 3107 Aqua:
3220 3049 3275 3094 et
3307 3038 3408 3094 ﬂu-

1842 3129 1986 3182 mina
2029 3137 2156 3182 sunt
2198 3127 2446 3182 violenta:
2483 3136 2889 3197 perseeutorum
2917 3129 3103 3192 mimo,
3133 3129 3218 3183 vel
3246 3132 3412 3184 etiam

1842 3216 2682 3286 blandimenta,quibus-sanctos
2707 3216 3020 3270 acharitate
3049 3215 3413 3286 Deiseparare
3454 3249 3464 3268 ι.

154 3317 311 3370 sione
335 3329 452 3368 mea
478 3314 529 3367 in
553 3327 713 3367 cruce
741 3319 792 3365 te
819 3309 1040 3374 redemi,
1060 3323 1196 3379 pone
1225 3323 1310 3362 me
1332 3306 1738 3378 utsignaculum
1767 3297 1811 3358 C
1843 3311 2106 3366 nituntur.
2138 3309 2213 3364 De
2243 3307 2441 3378 quibus
2487 3306 2745 3362 Dominus
2775 3307 2828 3361 in
2859 3306 3146 3375 Evangelia
3169 3307 3318 3373 dicit,
3347 3309 3414 3363 de

154 3422 322 3477 super
343 3422 438 3461 cor
463 3414 630 3468 tuum,
663 3404 764 3459 hoc
787 3411 891 3467 est,
925 3403 1120 3457 habeto
1164 3416 1250 3456 me
1278 3414 1491 3471 semper
1538 3401 1592 3455 in
1623 3414 1737 3454 me-

154 3499 352 3562 moria,
383 3505 436 3552 et
466 3512 531 3552 ne
557 3495 894 3550 obliviscaris
929 3495 1056 3558 mei,
1090 3501 1291 3563 quanta
1315 3507 1413 3563 pro
1441 3501 1532 3546 tua
1562 3489 1737 3546 salute

153 3583 494 3661 pertulerini.
527 3587 672 3641 Pone
713 3603 798 3641 me
837 3586 1055 3656 (inquit)
1090 3595 1150 3640 ut
1199 3585 1532 3656 signaculum
1575 3598 1737 3653 super

155 3697 251 3738 cor
290 3690 439 3736 tuum
468 3695 564 3750 per
591 3679 768 3741 ﬁdem,
798 3693 938 3748 pone
984 3692 1069 3732 me
1092 3685 1150 3731 ut
1191 3676 1524 3746 signaculum
1575 3688 1737 3746 super

154 3791 250 3830 cor
272 3783 422 3828 tuum
443 3788 540 3843 per
561 3773 776 3843 dignam
799 3770 1186 3841 operationem.
1216 3767 1347 3822 Nam
1370 3775 1426 3822 et
1448 3782 1548 3822 nos
1570 3783 1734 3838 quan-

154 3868 224 3921 do
247 3865 450 3934 aliquid
481 3866 533 3918 in
563 3863 820 3918 memoria
861 3863 1060 3915 habere
1103 3861 1366 3925 volumus,
1396 3859 1734 3930 signaculum

153 3959 326 4027 digito
361 3956 447 4010 vel
491 3943 717 4010 brachio
746 3955 1019 4021 imponere
1043 3953 1297 4017 solemus,
1338 3963 1399 4006 ut
1427 3953 1520 4006 illo
1549 3952 1735 4006 admo-

152 4050 280 4110 niti,
322 4048 466 4101 illius
505 4047 582 4100 rei
631 4045 783 4114 cujus
832 4060 1016 4098 curam
1063 4045 1324 4098 habemus
1365 4045 1731 4100 recordemur.

153 4141 225 4194 Et
255 4153 354 4192 nos
382 4145 439 4190 ut
465 4137 803 4207 signaculum
843 4151 1005 4204 super
1033 4151 1130 4189 cor
1175 4144 1230 4188 et
1259 4136 1538 4189 brachium
1580 4134 1738 4189 Chri-

151 4239 302 4287 stum
332 4244 532 4300 ponere
572 4228 850 4291 debemus,
907 4235 964 4280 ut
1007 4224 1124 4294 ejus
1165 4227 1480 4281 memoriam
1523 4240 1737 4294 semper

151 4322 474 4386 habeamus,
496 4330 551 4375 et
573 4328 792 4374 utrecte
810 4319 862 4372 in
888 4317 1036 4372 illum
1059 4317 1363 4384 credentes,
1389 4317 1547 4372 [idem
1564 4318 1734 4387 ipsam

153 4414 313 4469 bonis
351 4413 603 4483 operibus
633 4426 978 4466 exornemus.
1010 4411 1161 4478 Quod
1208 4411 1251 4465 si
1275 4411 1586 4476 fecerimus,
1621 4411 1735 4480 ipse

150 4523 370 4578 quoque
396 4523 494 4562 nos
520 4506 666 4562 velut
699 4505 1037 4576 signaculum
1066 4515 1324 4570 assumet,
1372 4513 1428 4559 et
1454 4505 1625 4558 nostri
1651 4519 1735 4558 re-

150 4604 486 4670 cbrdabitur,
531 4603 685 4674 juxta
742 4602 885 4672 quod
920 4599 1219 4654 Zorobabel
1266 4600 1387 4654 duci
1418 4599 1614 4654 Iudaea:
1643 4613 1731 4654 re-

154 4696 460 4767 promittit:
497 4714 515 4746 ς
551 4695 618 4748 Et
660 4708 857 4763 ponam
890 4702 939 4748 te
985 4694 1124 4748 sicut
1151 4692 1483 4763 signaculum
1516 4693 1570 4745 in
1596 4706 1726 4746 con-

152 4797 338 4859 spectu
367 4802 506 4841 meo.
545 4807 564 4838 ›
602 4784 734 4840 Nam
774 4785 821 4840 si
859 4800 956 4840 nos
989 4784 1374 4840 beneﬁciorum
1417 4781 1536 4852 ejus
1577 4783 1729 4838 obliti

154 4881 432 4947 fuerimus,
483 4895 584 4934 nec
613 4879 662 4933 ei
694 4879 885 4949 dignas
911 4879 1207 4948 gratiarum
1249 4878 1488 4932 actiones
1536 4876 1731 4932 retule-

154 4974 363 5038 rimus,
416 4973 530 5041 ipse
567 4986 780 5041 quoque
829 4969 1000 5024 nostri
1047 4956 1430 5044 obliviscetur,
1477 4968 1618 5022 sicut
1665 4969 1732 5023 de

155 5065 320 5135 impio
342 5078 468 5134 rege
486 5061 743 5117 Jechonia
770 5061 878 5116 lilio
900 5059 1144 5115 Joachim
1173 5059 1401 5127 dicitur:
1437 5057 1541 5112 c-Si
1567 5058 1731 5112 fuerit

133 5155 382 5210 annulus
420 5156 610 5210 dexter
655 5154 710 5208 in
739 5169 900 5208 manu
941 5167 1083 5216 mea,
1121 5151 1243 5204 inde
1264 5149 1492 5204 evellam
1518 5165 1664 5204 eum.
1701 5169 1721 5203 ι

136 5267 176 5335 ι(
209 5247 346 5315 Quia
373 5246 529 5303 fortis
548 5253 633 5302 est
665 5253 726 5300 ut
759 5258 906 5300 mors
960 5241 1199 5305 dilectio,
1239 5241 1373 5295 dura
1405 5248 1466 5294 ut
1521 5240 1728 5294 inferus

153 5340 442 5395 :cmulatio.
479 5358 496 5391 i
559 5338 784 5394 Dilectio
837 5335 1041 5392 Christi
1092 5333 1248 5388 fortis
1308 5342 1393 5387 est
1445 5342 1506 5385 ut
1556 5347 1725 5387 mors.

154 5434 308 5487 Sicut
334 5433 478 5487 enim
504 5446 650 5486 mors
673 5431 910 5483 animam
941 5442 972 5482 a
1003 5439 1230 5494 corpore
1254 5432 1490 5494 separat,
1518 5432 1574 5478 et
1612 5422 1726 5492 jam

152 5524 282 5579 nihil
333 5524 714 5594 concupiscere
744 5563 758 5586 ,
795 5519 928 5575 nihil
982 5520 1034 5572 in
1074 5517 1326 5588 przesenti
1367 5517 1474 5570 vita
1518 5515 1723 5570 homini

152 5615 274 5670 licet
299 5615 527 5683 ambire,
577 5613 651 5668 ita
694 5610 910 5669 dilectio
936 5608 1140 5665 Christi
1177 5621 1337 5676 quem
1379 5619 1506 5658 vere
1533 5618 1726 5674 perva-

151 5707 301 5771 serit,
333 5715 502 5761 totunt
530 5706 656 5760 huic
679 5703 876 5760 saeculo
916 5699 1232 5763 mortiﬁcat,
1261 5708 1314 5753 et
1340 5696 1494 5767 quasi
1544 5697 1724 5750 insen-

151 5797 356 5853 sibilem
380 5799 579 5861 reddit,
607 5797 888 5866 solumque
910 5812 1008 5866 pro
1037 5793 1250 5852 Christo
1273 5791 1481 5860 vivens,
1523 5787 1722 5841 mundo

152 5900 386 5949 mortuus
411 5901 513 5948 est.
547 5890 691 5945 Idem
735 5903 927 5945 sensus
961 5900 1038 5944 est
1071 5905 1190 5945 cum
1221 5890 1350 5944 dicit
1383 5907 1394 5942 :
1433 5910 1445 5938 ε
1486 5889 1627 5942 Dura
1661 5892 1719 5942 ut

1837 3401 1956 3455 viro
2008 3400 2101 3470 qui
2140 3387 2428 3456 aediﬁcavit
2481 3397 2697 3453 domum
2751 3413 2903 3452 suam
2949 3412 3109 3467 supra
3160 3407 3409 3468 petram:

1843 3511 1862 3545 ί
1905 3489 2434 3556 Veneruntﬂumina,
2461 3489 2727 3546 ﬂaverunt
2749 3490 2916 3556 venti,
2935 3490 3337 3561 etimpegerunt
3356 3491 3411 3546 in

1839 3587 2058 3642 domum
2086 3586 2328 3652 illam,et
2355 3600 2461 3640 non
2490 3585 2684 3641 cecidit
2709 3602 2722 3638 :
2749 3583 2966 3639 fundata
2991 3585 3136 3640 enim
3158 3594 3276 3639 erat
3315 3599 3410 3640 su-

1834 3691 1931 3748 pra
1950 3687 2206 3747 pertram.
2220 3697 2238 3729 i
2263 3696 2281 3729 ς
2305 3676 2472 3748 Aquae
2487 3691 2616 3749 ergo
2629 3678 2808 3734 multa:
2823 3693 2928 3733 non
2944 3685 3193 3748 poterunt
3208 3677 3413 3732 exstin-

1835 3785 1999 3842 guere
2014 3771 2358 3834 charitatem,
2370 3789 2388 3823 ι
2399 3771 2523 3839 quia
2540 3770 2681 3824 nulla
2696 3771 2989 3834 tribulatio,
3007 3769 3148 3824 nulla
3163 3770 3411 3840 angustia

1836 3872 2054 3918 sanctos
2081 3878 2111 3917 a
2134 3863 2400 3918 charitate
2434 3863 2529 3917 Dei
2543 3876 2800 3932 separare
2823 3862 3044 3917 valebit.
3071 3880 3089 3912 ‹
3128 3861 3185 3915 Si
3202 3861 3411 3916 dederit

1836 3955 1998 4008 homo
2012 3968 2226 4009 omnem
2253 3953 2612 4008 substantiam
2627 3952 2820 4006 domus
2838 3967 2949 4006 suae
2979 3966 3076 4021 pro
3097 3950 3404 4013 dilectione,

1836 4048 1988 4116 quasi
2013 4046 2148 4101 nihil
2174 4045 2589 4116 despicieteam.
2635 4063 2654 4094 ι
2686 4041 2785 4098 Hie
2822 4042 3122 4097 versiculus
3153 4055 3257 4095 non
3288 4049 3412 4110 eget

1835 4139 2192 4208 expositione.
2229 4135 2364 4190 Nam
2403 4135 2602 4190 nullius
2647 4134 2832 4190 mundi
2881 4133 3220 4194 substantiae,
3248 4132 3408 4186 nullm

1835 4245 1966 4300 opes
1991 4227 2397 4298 comparatione
2420 4225 2724 4281 dilectionis
2749 4225 2951 4296 aliquid
2985 4231 3130 4280 sunt.
3160 4222 3412 4292 Legimus

1834 4321 2050 4391 quidem
2071 4328 2286 4374 sanctos
2311 4334 2409 4374 sua
2434 4318 2700 4374 dimisisse
2720 4333 2818 4388 pro
2845 4331 3030 4372 amore
3054 4317 3277 4380 Christi,
3311 4316 3406 4370 sed

1837 4423 2012 4467 tamen
2045 4410 2179 4465 nihil
2221 4411 2323 4465 sibi
2370 4411 2689 4465 videbantur
2725 4411 2996 4465 dimittere
3045 4410 3096 4464 in
3128 4423 3411 4477 compara-

1835 4505 1979 4559 tione
2010 4503 2292 4558 charitatis
2319 4501 2543 4569 Christi,
2583 4518 2742 4573 quem
2774 4503 3044 4559 amabant.
3084 4502 3233 4558 Unde
3261 4503 3408 4569 Apo-

1836 4596 2006 4652 stolus
2032 4611 2152 4651 cum
2182 4611 2289 4649 non
2340 4595 2512 4650 solum
2568 4604 2840 4649 terrenam
2895 4593 3274 4658 substantiam,
3313 4591 3410 4646 sed

1834 4698 1888 4744 et
1928 4697 2182 4758 paternas
2217 4686 2535 4741 traditiones
2576 4686 2875 4740 dimitteret
2909 4700 3019 4754 ,pro
3047 4684 3294 4748 Christo,
3324 4681 3407 4737 di-

1833 4779 2024 4834 cebat:
2062 4794 2082 4829 ι
2125 4775 2251 4831 Hzec
2280 4775 2462 4830 omnia
2512 4775 2805 4830 contemno
2827 4785 2884 4830 et
2907 4777 3141 4829 arbitror
3167 4784 3225 4827 ut
3263 4783 3406 4828 ster-

1833 4884 1974 4932 cora,
2015 4877 2072 4922 ut
2101 4867 2380 4922 Christum
2416 4865 2772 4932 lucrifaciain,
2806 4883 2826 4917 ι
2859 4866 2911 4920 id
2937 4875 3039 4930 est,
3073 4875 3132 4919 ut
3165 4879 3407 4919 amorem

1832 4961 1975 5015 illius
2002 4960 2302 5029 acquirain.

1908 5072 1926 5104 ο
1959 5052 2126 5106 Soror
2152 5061 2336 5107 nostra
2390 5067 2556 5121 parva
2613 5059 2718 5116 est,
2769 5061 2826 5106 et
2862 5053 3024 5105 ubera
3079 5066 3187 5105 non
3221 5051 3406 5107 habet.

1833 5146 1971 5214 Quid
2023 5144 2284 5200 faciemus
2333 5147 2506 5200 sorori
2543 5153 2739 5199 nostra:
2779 5145 2831 5198 in
2883 5144 2968 5198 die
3019 5144 3236 5212 quando
3271 5143 3408 5196 allo-

1831 5237 2044 5307 quenda
2093 5237 2259 5292 est?»
2299 5236 2415 5292 Vox
2463 5237 2644 5293 dilecti
2684 5237 3024 5308 Synagogam
3082 5235 3408 5304 alloquentis

1831 5345 1929 5400 pro
1958 5328 2197 5385 Ecclesia
2255 5329 2518 5399 gentium.
2554 5346 2572 5379 ι
2607 5328 2776 5383 Soror
2825 5337 3032 5390 nostra,
3075 5344 3094 5376 ι
3134 5325 3330 5394 inquit,
3355 5324 3409 5379 id

1831 5427 1915 5477 est
1958 5421 2197 5492 gentium
2236 5418 2502 5483 Ecclesia,
2537 5438 2555 5470 ε
2591 5435 2753 5490 parva
2805 5427 2908 5484 est,
2959 5427 3013 5473 et
3075 5417 3242 5472 ubera
3297 5429 3405 5470 non

1831 5513 2026 5577 habet;
2061 5533 2079 5565 ι
2135 5520 2192 5566 et
2230 5526 2427 5581 magna
2477 5511 2787 5580 dignatione
2837 5507 3243 5565 communicato
3283 5523 3405 5562 cum

1830 5607 2110 5677 Synagoga
2146 5606 2365 5661 nomine
2422 5604 2574 5669 dicit,
2634 5621 2652 5654 ι
2707 5603 2875 5658 Soror
2926 5611 3154 5657 nostra:
3209 5622 3228 5655 ι
3280 5601 3405 5671 quia

1827 5699 1969 5755 enim
1996 5713 2061 5752 ex
2085 5697 2282 5752 Judaeis
2301 5709 2518 5751 carnem
2545 5693 2855 5764 assumpsit,
2889 5693 3008 5748 ideo
3033 5700 3095 5746 sd
3123 5693 3276 5764 quasi
3301 5693 3407 5762 Sy-

1806 5804 2046 5861 .nagoga:
2062 5795 2434 5858 contemperat
2457 5795 2512 5841 et
2541 5795 2805 5856 exaequat.
2842 5805 2859 5836 ε
2883 5785 3055 5840 Parva
3080 5796 3166 5844 est
3188 5785 3406 5856 (inquit)

1823 5898 1978 5944 soror
2014 5890 2216 5944 ίωεὶῖα.
2255 5901 2273 5942 i
2310 5879 2464 5942 Ξτριιι
2501 5877 2726 5950 alicujus
2763 5879 2998 5934 hominis
3035 5883 3172 5939 nitas
3199 5875 3404 5936 descri-
