3950 6476
500 469 606 527 855

974 466 1324 525 HAYMONIS
1360 463 1836 522 HALBE‘BSTAT.
1875 464 2085 519 EPlSC.
2124 462 2272 519 OPP.
2313 461 2494 519 PARS
2531 462 2571 517 1.
2610 492 2679 505 -ο
2708 461 3066 521 COMMENT.
3112 462 3285 519 BlBl..

3667 466 3779 525 336

500 582 672 648 bitur,
704 582 783 637 sic
813 588 868 637 et
902 588 1034 635 retas
1071 576 1693 642 describiturEcclesitc.
1722 577 1894 633 Parva
1921 578 2066 633 enim
2095 588 2145 644 Α
2171 592 2324 641 sum,
2364 577 2489 646 quia
2535 577 2602 631 de
2646 575 2784 632 vivis
2827 583 2884 643 et
2925 576 3113 631 electis
3176 576 3444 647 lapidibus
3494 579 3631 651 (hoc
3688 592 3780 637 est

502 679 623 729 erat
664 671 902 727 Ecclesia
942 671 1120 725 adhuc
1157 671 1223 726 de
1264 670 1516 740 gentibus
1576 678 1927 743 congregata,
1971 671 2073 725 sub

500 763 638 834 ipsis
666 760 876 817 Domini
922 773 977 815 et
1017 760 1388 831 apostolorum
1453 761 1805 831 temporibus,
1855 761 1982 831 quia
2020 770 2077 816 et

505 855 764 926 parvitate
787 853 1119 908 credentium
1142 868 1308 924 parva
1330 854 1654 919 exsrstebat;
1679 862 1734 908 et
1758 854 1921 907 ubera
1950 867 2077 907 nec-

500 950 626 1005 dum
672 948 925 1012 habebat,
976 948 1029 1004 id
1073 958 1156 1004 est
1196 964 1534 1019 nequaquam
1580 949 1921 1020 prmdicando
1963 949 2075 1017 spi-

501 1041 722 1098 rituales
744 1042 856 1097 Deo
894 1041 1033 1097 filios
1056 1057 1321 1111 generare
1345 1042 1573 1109 valebat.
1603 1042 1743 1097 Dicit
1767 1057 1896 1112 ergo
1918 1042 2075 1111 quasi

499 1130 782 1187 consilium
814 1130 1109 1203 Synagogze
1142 1132 1443 1200 requirens,
1481 1152 1499 1182 ‹
1529 1131 1665 1199 Quid
1705 1132 1965 1187 faciemus
1990 1145 2077 1185 so-

502 1223 612 1278 rori
640 1232 839 1278 nostrae
867 1224 919 1277 in
939 1224 1025 1279 die
1044 1224 1260 1292 quando
1281 1222 1599 1291 alloquenda
1621 1224 1739 1277 est?
1772 1242 1790 1275 ι
1808 1222 2077 1281 Allocutio

502 1312 758 1369 Ecclesia:
782 1321 865 1368 est
885 1313 967 1367 vel
982 1328 1103 1367 cum
1120 1311 1441 1366 intrinsecus
1469 1311 1679 1366 occulta
1704 1312 2073 1381 inspiratione,

505 1404 586 1460 vel
608 1405 845 1460 exterius
868 1413 1053 1474 aperta
1080 1403 1461 1473 praedicatione
1495 1402 1749 1457 admonet
1779 1402 1920 1457 Deus
1957 1404 2076 1458 ani-

500 1510 643 1550 mam
671 1494 928 1564 cujusque
957 1494 1151 1548 fidelis.
1192 1493 1261 1548 Et
1309 1501 1394 1547 est
1441 1507 1676 1548 sensus:
1719 1491 1944 1560 Quando
1981 1507 2079 1562 per

499 1584 772 1655 apostolos
800 1598 949 1638 uicos
985 1583 1230 1651 alloquar
1261 1581 1562 1637 Ecclesiam
1594 1582 1660 1638 de
1687 1583 1936 1651 gentibus
1956 1596 2082 1637 con-

499 1683 814 1746 gregatam,
855 1674 982 1744 quid
1040 1673 1338 1727 faciemus?
1365 1673 1638 1741 quomodo
1688 1671 1762 1727 illi
1812 1682 2078 1742 praecepta

499 1765 740 1823 caelestia
759 1764 1193 1821 committemus?
1219 1763 1409 1819 Utrum
1431 1763 1680 1819 videlicet
1697 1763 1916 1817 minima
1942 1778 2081 1834 qua:-

497 1869 605 1925 quc
650 1863 917 1925 praecepta
960 1853 1034 1907 illi
1076 1854 1500 1917 committemus,
1541 1869 1608 1906 an
1649 1867 1755 1921 quo
1782 1850 1956 1919 major
2001 1850 2079 1905 ef-

2175 667 2398 739 sanctis)
2411 667 2674 723 aedificata
2702 682 2856 734 sum;
2888 687 2909 719 ί
2938 680 2994 722 et
3018 670 3183 724 ubera
3204 684 3322 724 mea
3345 672 3484 727 sicut
3514 673 3719 738 turris,
3750 694 3769 726 ι

2173 760 2299 830 quia
2333 758 2465 814 tales
2505 759 2648 815 intra
2675 775 2763 815 mc
2789 759 3061 825 contineo,
3100 761 3193 830 qui
3220 760 3337 817 vice
3364 762 3602 819 uberum
3628 764 3776 820 alios

2175 855 2384 909 nutrire
2428 862 2654 923 possunt
2693 853 2959 922 spirituali
3007 854 3273 919 doctrina,
3325 863 3381 909 et
3417 856 3545 912 vice
3595 858 3775 913 turris

2174 954 2400 1016 possunt
2445 944 2580 1000 alios
2625 942 2915 999 defendere
2966 951 3024 998 et
3073 945 3307 1009 munire,
3357 947 3567 1016 quique
3626 946 3777 1003 sicut

2177 1042 2354 1090 turres
2401 1035 2455 1090 in
2508 1049 2665 1090 muro
2711 1034 2973 1098 eminent,
3027 1035 3107 1089 sic
3150 1036 3344 1089 merito
3396 1036 3677 1091 doctrinm
3715 1046 3772 1092 et

2177 1122 2601 1180 conversationis
2646 1123 2788 1178 inter
2837 1122 3074 1191 reliquos
3120 1122 3361 1177 membra
3386 1140 3509 1179 mea
3538 1124 3772 1194 prtecel-

2177 1214 2312 1269 lunt.
2352 1212 2464 1268 Hoc
2490 1221 2670 1267 autem
2717 1227 2824 1266 non
2867 1212 3002 1265 meis
3030 1212 3258 1277 meritis,
3302 1229 3478 1283 neque
3503 1214 3773 1269 libertate

2177 1306 2279 1361 mei
2316 1305 2526 1360 arbitrii
2570 1306 2764 1369 habeo,
2814 1304 2909 1359 sed
2951 1304 3093 1359 dono
3125 1311 3179 1358 et
3205 1305 3376 1374 gratia
3410 1304 3609 1373 sponsi
3637 1305 3766 1358 mei.

2182 1418 2203 1450 ι
2249 1398 2329 1454 Ex
2372 1414 2479 1468 quo
2525 1397 2665 1452 facta
2706 1412 2822 1452 sum
2858 1412 3047 1452 coram
3081 1412 3146 1451 co
3173 1397 3327 1466 quasi
3363 1412 3565 1466 pacein
3607 1410 3768 1467 repe-

2178 1491 2343 1546 riens.
2384 1511 2402 1545 i
2436 1492 2492 1546 Id
2530 1500 2632 1557 est,
2656 1507 2721 1545 ex
2748 1506 2856 1560 quo
2887 1490 2976 1545 ille
3010 1491 3326 1560 sanguinem
3360 1506 3520 1545 suum
3552 1506 3656 1560 pro
3682 1506 3770 1545 me

2181 1584 2333 1649 fudit,
2366 1592 2421 1637 et
2450 1582 2849 1653 repropitiaudo
2873 1581 3005 1637 mihi
3046 1581 3211 1636 Deum
3240 1580 3479 1645 Patrem,
3509 1580 3772 1636 dissolvit

2179 1675 2492 1730 inimicitias
2540 1689 2659 1743 qua:
2709 1682 2865 1727 erant
2914 1673 3057 1727 inter
3107 1672 3275 1727 Deum
3329 1682 3385 1727 et
3440 1673 3775 1751 hominem.

2177 1765 2418 1834 mihique
2466 1763 2705 1820 cmlestia
2756 1762 3077 1833 pacificavit.
3134 1763 3213 1818 Ex
3264 1779 3373 1833 quo
3436 1780 3577 1835 ergo
3629 1765 3771 1819 hanc

2178 1873 2364 1928 pacem
2407 1857 2603 1929 reperi,
2660 1871 2849 1911 murus
2894 1870 3014 1911 esse
3062 1864 3117 1910 et
3151 1856 3318 1911 ubera
3364 1856 3486 1912 vice
3523 1855 3768 1911 turrium

499 1945 736 2010 liciatur,
769 1945 1096 2017 perfectiora
1149 1944 1223 1997 illi
1251 1955 1584 1998 secretorum
1621 1942 1922 1999 caelesxium
1962 1959 2078 2014 my—
2106 1946 2152 2005 Β
2181 1950 2374 2006 merui.

497 2036 661 2093 stcria
693 2038 1011 2093 trademus?
1045 2035 1179 2090 Nam
1231 2036 1375 2091 Deus
1412 2036 1757 2104 omnipotens
1782 2050 1884 2104 pro
1928 2049 2078 2090 men-

497 2143 625 2183 sura
660 2136 715 2182 et
753 2128 1056 2200 capacitate
1110 2126 1311 2183 mentis
1363 2128 1613 2182 humana:
1662 2136 1924 2197 temperat
1957 2143 2079 2183 ver-

499 2220 626 2275 bum
667 2220 1089 2291 praedicationis,
1133 2219 1486 2275 considerans
1512 2220 1655 2275 vires
1698 2230 1754 2275 et
1809 2223 2080 2290 capacita-

502 2321 610 2367 tem
636 2312 919 2368 anditoris.
963 2312 1069 2367 Sed
1097 2311 1383 2383 Synagoga
1418 2320 1649 2379 tacente,
1680 2313 1797 2384 ipse
1843 2328 2078 2384 sponsus

504 2416 604 2472 pro
631 2418 694 2458 ea
724 2403 1004 2473 respondit
1032 2421 1047 2456 :

584 2511 605 2545 ‹
650 2492 706 2549 Si
734 2510 922 2549 murus
947 2505 1052 2559 est,
1078 2492 1409 2551 zedillcemus
1433 2509 1597 2565 super
1621 2509 1744 2549 eum
1777 2509 2080 2565 propugna-

507 2583 630 2641 cula
681 2593 979 2655 a‘gentca;
1029 2585 1075 2639 si
1119 2586 1315 2641 ostium
1360 2593 1461 2650 est,
1509 2586 1914 2655 compingamus
1951 2586 2081 2642 illud

503 2675 699 2731 tabulis
728 2676 984 2732 cedriuis.
1022 2696 1041 2729 ι
1094 2674 1151 2730 Si
1195 2676 1413 2749 (inquit)
1454 2690 1610 2731 soror
1640 2685 1823 2730 nostra
1851 2685 1936 2731 est
1966 2692 2082 2730 mu-

505 2782 618 2832 rus,
650 2767 978 2823 aedificemus
1019 2781 1182 2837 super
1217 2782 1343 2843 epm
1379 2765 1776 2837 propugnacula
1805 2775 2079 2835 argentea.

502 2860 585 2916 Ac
613 2860 658 2914 si
684 2859 868 2914 dicat:
903 2858 1036 2915 Cum
1080 2859 1345 2929 coeperint
1380 2858 1607 2930 apostoli
1648 2859 1752 2913 mei
1788 2858 2083 2928 praedicare

500 2951 756 3008 Ecclesiae
797 2951 864 3007 de
910 2951 1161 3023 gentibus
1205 2959 1564 3023 congregatae,
1622 2951 1669 3006 si
1706 2950 1843 3006 tales
1881 2950 2084 3005 fuerint

498 3042 773 3098 auditores
817 3042 913 3113 qui
958 3042 1153 3097 merito
1190 3040 1539 3113 perfectionis
1591 3056 1781 3097 murus
1823 3041 2080 3112 appellari

496 3133 727 3203 possint,
755 3134 883 3189 dum
915 3132 1166 3189 videlicet
1199 3133 1285 3191 vel
1322 3134 1557 3200 naturali
1599 3133 1816 3205 ingenio
1847 3133 2079 3204 praediti,

498 3224 995 3298 vel.philosopbica
1026 3226 1330 3283 eruditione
1367 3237 1710 3299 praestantes,
1744 3227 1901 3296 quasi
1944 3226 2082 3282 alios

496 3322 786 3378 defendere
813 3330 870 3376 et
910 3322 1120 3378 munire
1154 3321 1366 3391 possint
1397 3322 1514 3377 vice
1548 3322 1714 3386 muri,
1749 3319 2080 3375 :ediﬁcemus
2106 3299 2153 3362 α

496 3428 658 3483 super
692 3414 839 3467 hunc
868 3411 1027 3466 talem
1055 3428 1267 3466 murum
1297 3396 1698 3482 propugnacula
1721 3418 1996 3480 argentea,
2021 3409 2077 3463 id

496 3513 602 3568 est,
632 3504 894 3559 addamus
923 3503 1027 3559 illis
1059 3503 1275 3572 eloquia
1302 3504 1603 3558 divinarum
1645 3503 2074 3574 Scripturarum.

497 3592 661 3658 Nam,
694 3604 754 3647 ut
784 3593 1073 3648 Psalmista
1100 3593 1232 3648 dicit
1260 3611 1275 3647 :
1309 3612 1328 3645 ι
1364 3594 1584 3664 Eloquia
1610 3594 1823 3650 Domini
1863 3595 2075 3665 eloquia

500 3693 676 3748 casta,
715 3692 995 3755 argentum
1041 3684 1165 3755 igne
1210 3686 1594 3740 examinatum.
1633 3706 1653 3737 ι
1689 3685 1747 3741 Si
1784 3701 1912 3741 vero
1946 3688 2080 3743 tales

501 3773 706 3831 fuerint
745 3775 1021 3831 auditores
1046 3776 1136 3844 qui
1166 3790 1506 3845 nequaquam
1537 3777 1783 3832 hostibus
1823 3777 2078 3833 resistere

499 3867 727 3938 possint,
775 3881 877 3922 nec
927 3868 1029 3922 tela
1079 3876 1269 3924 contra
1317 3868 1589 3925 venientia
1637 3869 1930 3940 repellere,
1983 3872 2077 3926 sed

498 3959 700 4016 fuerint
732 3960 814 4017 vel
845 3961 1043 4015 ostium
1073 3969 1132 4016 ut
1160 3960 1423 4032 simplicia
1454 3963 1837 4018 annuntiantes
1869 3964 2080 4033 possiet

498 4049 709 4121 aliquos
750 4050 804 4105 in
850 4050 1088 4106 Ecclesia
1134 4060 1190 4106 et
1240 4052 1306 4107 ad
1354 4051 1514 4106 ﬁdem
1563 4053 1851 4119 adducere,
1891 4053 2080 4124 quales

498 4152 623 4198 sunt
656 4145 969 4199 sacerdotes
1002 4143 1230 4199 minoris
1267 4143 1490 4215 gradus,
1532 4144 1625 4214 qui
1666 4143 1993 4215 baptizando
2021 4145 2076 4199 in

499 4234 760 4297 Ecclesia,
805 4241 860 4287 et
905 4233 1103 4288 divinis
1132 4234 1406 4304 mysteriis
1443 4234 1706 4289 initiando
1744 4235 1992 4290 homines
2023 4234 2077 4288 in

500 4323 796 4378 Ecclesiam
846 4322 1217 4386 introducunt,
1275 4324 1682 4394 compingamus
1722 4324 1848 4379 illud
1880 4325 2078 4380 ostium

501 4413 698 4468 tabulis
731 4412 1009 4477 cedrinis;
1062 4413 1114 4466 id
1160 4420 1260 4477 est,
1311 4428 1673 4483 proponamus
1728 4416 1809 4469 eis
1833 4416 2078 4486 exempla

500 4502 920 4574 praecedentium
964 4512 1199 4573 patrum,
1251 4506 1362 4573 qui,
1395 4506 1559 4561 veluti
1600 4507 1769 4570 cedri,
1824 4507 2078 4578 imputri—

502 4596 629 4651 bilia
660 4597 909 4652 videlicet
955 4598 1118 4669 ligna,
1173 4600 1226 4655 id
1273 4610 1356 4656 est
1394 4602 1861 4657 immarcescibilia
1913 4618 2074 4672 Opera

2253 2059 2272 2092 ι
2320 2039 2487 2094 Vinea
2533 2037 2635 2094 fuit
2682 2037 2927 2108 pacifica,
2974 2057 2993 2090 ι
3038 2038 3093 2092 id
3135 2045 3218 2093 est
3248 2037 3446 2093 dilecto
3494 2053 3652 2105 meo,
3678 2041 3769 2108 qui

2177 2141 2262 2188 est
2303 2146 2466 2186 verus
2504 2129 2785 2202 pacificus,
2836 2130 2959 2200 quia
2999 2144 3096 2201 per
3137 2145 3260 2185 eum
3303 2132 3600 2201 pacificata
3645 2141 3769 2187 sunt

2177 2222 2356 2299 omnia
2388 2236 2506 2291 quae
2533 2229 2660 2277 sunt
2699 2221 2754 2275 in
2802 2221 2953 2276 caelis
2989 2229 3045 2276 et
3082 2220 3135 2274 in
3181 2229 3345 2277 terra.
3389 2222 3573 2284 Unde,
3640 2234 3693 2278 et
3735 2240 3765 2277 ι

2178 2314 2443 2384 Propheta
2458 2310 2619 2368 Pater
2640 2310 2805 2366 futuri
2834 2311 3038 2375 saeculi,
3068 2313 3317 2381 princeps
3345 2312 3499 2382 pacis
3519 2313 3769 2382 appella-

2181 2415 2287 2471 tur,
2316 2405 2368 2458 in
2410 2401 2563 2472 cujus
2599 2402 2713 2456 veri
2751 2401 2960 2472 pacifici
3007 2410 3132 2473 typo
3173 2401 3429 2459 Salomon
3472 2402 3765 2473 paciﬁcus,

2180 2504 2372 2550 auctor
2418 2493 2578 2563 hujus
2625 2492 2879 2548 carminis
2925 2494 3217 2562 praecessit.
3278 2492 3411 2549 Huic
3469 2509 3614 2564 ergo
3664 2494 3765 2550 fuit

2181 2585 2356 2647 vinea,
2389 2583 2441 2638 id
2471 2590 2557 2638 est
2578 2590 2765 2637 sancta
2799 2581 3057 2636 Ecclesia.
3093 2601 3111 2634 ι
3143 2582 3200 2638 ln
3222 2598 3285 2639 ea
3307 2600 3426 2655 qua:
3458 2586 3636 2641 habet
3666 2602 3766 2655 po-

2181 2677 2355 2748 pulos.
2389 2696 2406 2727 ι
2438 2674 2553 2729 lloc
2599 2673 2730 2729 dicit
2766 2681 2827 2728 ut
2864 2689 2922 2729 se
2961 2674 3026 2729 de
3058 2674 3297 2730 Ecclesia
3332 2677 3612 2747 gentium,
3659 2691 3762 2731 non

2184 2773 2250 2828 de
2295 2769 2600 2841 Synagoga,
2653 2770 2966 2825 ostenderet
3016 2785 3230 2826 canere.
3280 2771 3414 2825 Nam
3466 2770 3759 2843 Synagnga

2182 2865 2344 2920 unius
2372 2863 2548 2934 gentis
2572 2861 2673 2917 fuit
2711 2872 2940 2917 tantum.
2974 2862 3209 2918 Ecclesia
3231 2879 3363 2918 vero
3384 2864 3553 2919 habet
3596 2881 3765 2936 popu-

2184 2955 2286 3020 los,
2318 2954 2444 3023 quia
2484 2967 2673 3008 omnes
2715 2959 2903 3023 gentes
2941 2952 3084 3007 intra
3129 2953 3547 3021 capacissimum
3606 2970 3763 3010 suum

2182 3046 2446 3119 gremium
2494 3044 2638 3115 capit
2680 3052 2736 3099 et
2786 3043 2999 3112 recipit.
3048 3061 3067 3094 ‹
3119 3042 3363 3098 Tradidit
3409 3058 3536 3098 eam
3582 3054 3764 3100 custo-

2183 3138 2360 3193 dibus.
2396 3156 2415 3189 ›
2451 3135 2718 3191 Custodes
2747 3135 2907 3205 hujus
2941 3135 3112 3189 vinea:
3137 3134 3211 3206 (id
3234 3142 3320 3189 est
3339 3143 3545 3190 sancta:
3575 3135 3767 3192 Eccle-

2183 3229 2297 3300 sia?)
2329 3236 2459 3283 sunt
2500 3227 2811 3296 propheta,
2857 3227 3084 3296 apostoli
3124 3227 3613 3296 apostolorumque
3644 3244 3766 3284 sac-

2182 3332 2447 3375 cessores.
2479 3316 2606 3372 Sive
2630 3317 2793 3372 etiam
2821 3317 3073 3373 custodes
3097 3318 3256 3388 hujus
3282 3318 3463 3373 saeculi
3502 3328 3641 3374 sunt
3664 3335 3762 3374 an.

2180 3411 2362 3478 gelicaa
2404 3409 2648 3471 virtutes.
2693 3424 2813 3479 quae
2856 3410 2924 3465 ab
2966 3410 3268 3466 incursibus
3316 3413 3766 3468 tentatiouumet

2180 3500 2482 3555 damonum
2529 3499 2830 3554 Ecclesiam
2871 3500 3197 3555 custodiunt.
3255 3519 3274 3553 r
3324 3502 3422 3557 Vir
3460 3503 3627 3558 affert
3666 3520 3765 3575 pro

2180 3588 2355 3645 fructu
2389 3586 2506 3657 eius
2551 3588 2698 3643 mille
2735 3597 3041 3659 argenteos.
3082 3609 3100 3642 ι
3137 3588 3314 3655 Viros,
3347 3591 3518 3648 fortes
3544 3594 3683 3649 dicit
3708 3605 3763 3651 et

2179 3680 2466 3751 perfectos,
2514 3696 2639 3735 nam
2690 3681 2776 3735 vir
2813 3696 2844 3734 a
2891 3681 3091 3737 virtute
3126 3682 3341 3738 dicitur.
3384 3683 3628 3741 Fructus
3661 3688 3765 3743 Ec-

2178 3773 2356 3828 clesia:
2399 3782 2482 3827 cst
2523 3772 2757 3827 cmlestis
2798 3762 2939 3827 vita!
2961 3777 3342 3839 remuneratio,
3372 3793 3472 3847 pro
3500 3794 3607 3848 qua
3634 3795 3762 3835 san-

2178 3876 2266 3920 cta
2302 3864 2539 3920 Ecclesia
2580 3866 2634 3918 in
2676 3865 2924 3935 praesenti
2952 3864 3200 3920 laborare
3243 3882 3350 3921 non
3386 3880 3587 3925 cessat.
3616 3868 3760 3924 Mille

2179 3970 2357 4013 autem
2389 3958 2650 4029 argentei,
2690 3973 2825 4027 quos
2862 3973 2961 4027 pro
2993 3957 3169 4014 fructu
3215 3961 3299 4014 vir
3337 3962 3516 4028 all’ert,
3549 3964 3758 4033 signiﬁ-

2177 4055 2303 4101 cant
2344 4047 2525 4100 omnia
2574 4062 2694 4117 quae
2736 4047 2792 4101 in
2842 4047 2944 4102 hoc
2979 4048 3179 4103 mundo
3218 4050 3479 4118 possideri
3506 4062 3752 4120 possunt.

2179 4138 2511 4194 Millcnarius
2554 4139 2697 4193 enim
2741 4154 2999 4194 numerus
3037 4155 3138 4210 pro
3184 4157 3395 4195 summa
3422 4142 3757 4212 perfectione

2178 4241 2233 4287 et
2275 4230 2607 4301 plenitudine
2649 4230 2886 4299 ponitur.
2928 4229 3027 4284 Vir
3072 4245 3200 4300 ergo
3245 4247 3343 4301 pro
3378 4230 3560 4286 fructu
3596 4232 3755 4302 hujus

2179 4322 2348 4378 vineae
2382 4320 2528 4376 mille
2555 4330 2839 4392 argenteos
2876 4319 3053 4387 affert,
3086 4322 3210 4391 quia
3248 4323 3423 4378 sancti
3445 4324 3630 4378 omnia
3661 4341 3755 4380 sua

2180 4415 2510 4484 relinquunt,
2540 4423 2597 4469 et
2620 4414 2944 4485 pauperibus
2969 4424 3215 4485 erogant,
3243 4424 3303 4471 ut
3340 4414 3577 4472 fructum
3599 4416 3758 4486 hujus

2180 4506 2350 4583 vineae
2372 4505 2498 4576 (hoc
2525 4513 2629 4568 est,
2656 4520 2943 4575 supernam
2974 4506 3300 4577 mercedem)
3328 4518 3753 4575 consequantur.

2180 4596 2308 4653 Tale
2354 4605 2436 4651 est
2479 4596 2607 4652 illud
2659 4595 2802 4664 quod
2834 4594 3091 4650 Dominus
3137 4596 3190 4650 in
3235 4596 3531 4668 Evangelio
3577 4597 3752 4652 dicit:

504 4686 721 4749 habent,
760 4699 816 4741 et
845 4666 1016 4743 veluti
1057 4690 1249 4745 tabula:
1279 4692 1519 4746 scientiae
1547 4701 1602 4747 et
1642 4691 1927 4748 charitatis
1949 4666 2074 4747 lati—
2105 4666 2152 4724 D
2182 4711 2201 4742 ι
2248 4689 2436 4745 Simile
2464 4698 2549 4745 est
2578 4703 2800 4760 regnum
2841 4688 3102 4744 caelorum
3147 4666 3411 4745 thesauro
3440 4690 3758 4745 abscondito

504 4777 684 4832 tudine
709 4775 887 4833 diﬂ'usi
935 4788 1080 4833 sunt.
1112 4778 1361 4836 Latitudo
1385 4782 1531 4836 enim
1563 4780 1867 4835 tabularum
1895 4781 2078 4837 latitu-

499 4865 683 4923 dinem
718 4870 899 4925 cordis
958 4869 1041 4926 vel
1084 4871 1324 4927 scicutiae
1369 4873 1657 4944 significat,
1691 4871 1902 4929 dicente
1930 4872 2077 4928 Psal-

501 4961 660 5016 mista
693 4979 706 5014 :
743 4979 762 5013 ι
815 4960 968 5016 Viam
1016 4964 1391 5019 mandatorum
1437 4973 1649 5018 tuorum
1687 4966 1921 5029 cucurri,
1954 4980 2076 5019 cum

502 5050 764 5107 dilatares
787 5065 882 5107 cor
910 5067 1110 5108 meum.
1149 5073 1168 5107 ι
1201 5053 1296 5109 His
1329 5069 1457 5124 ergo
1488 5055 1721 5110 cedrinis
1750 5054 1964 5119 tabulis,
2000 5054 2077 5125 (id

500 5152 584 5198 cst
611 5152 925 5200 sanctorum
953 5144 1238 5216 exemplis)
1259 5146 1669 5216 compingamus
1697 5146 1825 5201 illud
1852 5147 2074 5211 ostium,

503 5243 562 5289 ut
607 5234 858 5291 videlicet
907 5235 1120 5291 illorum
1164 5236 1420 5293 imitanda
1464 5237 1709 5306 exempla
1747 5237 1866 5292 aliis
1891 5236 2080 5292 Eccle-

500 5324 637 5380 siam
673 5325 977 5382 introeundi
1002 5325 1167 5381 veluti
1197 5328 1392 5381 ostium
1416 5326 1639 5396 januam
1667 5328 1931 5398 aperiant.

578 5435 597 5468 ι
643 5416 756 5490 Ego
794 5434 999 5484 murus,
1050 5427 1106 5473 et
1149 5420 1317 5474 ubera
1354 5434 1472 5474 mea
1516 5421 1656 5477 sicut
1688 5421 1870 5475 turris.
1905 5439 1925 5471 ι
1962 5420 2077 5476 Vox

503 5506 778 5563 Ecclesia.
809 5508 941 5578 Qua:
971 5524 1096 5565 cum
1133 5510 1373 5565 audisset
1409 5525 1507 5579 pro
1537 5526 1632 5564 sua
1674 5510 1847 5565 salute
1876 5525 2075 5565 consu-

504 5598 701 5655 lentem
730 5600 986 5657 dilectum
1032 5617 1213 5667 suum,
1246 5601 1358 5673 ipsa
1390 5601 1508 5656 lzeta
1556 5602 1833 5671 respondit
1862 5620 1875 5657 :
1910 5622 1929 5655 ι
1963 5603 2077 5674 Ego
2124 5616 2135 5629 '

504 5707 623 5747 sum
664 5710 868 5760 murus,
918 5703 974 5751 et
1015 5696 1179 5751 ubera
1212 5709 1331 5750 mea
1376 5695 1515 5750 sicut
1554 5695 1735 5749 turris.
1781 5716 1799 5747 ι
1834 5694 1947 5766 Ego
1975 5697 2081 5767 (in-

501 5782 640 5853 quit)
666 5800 873 5851 murns,
900 5800 1000 5857 ego
1024 5800 1184 5858 supra
1211 5786 1423 5842 firmam
1458 5792 1665 5856 petram
1695 5784 1912 5843 fundata
1935 5803 2075 5853 sum,

501 5885 559 5934 ct
603 5876 809 5949 glutine
858 5878 1052 5935 divina:
1104 5880 1388 5937 charitatis
1435 5880 1681 5939 solidata.
1728 5879 1852 5936 Sive
1894 5895 2081 5936 murus

2180 4781 2232 4835 in
2263 4795 2416 4851 agro,
2445 4795 2604 4850 quem
2642 4779 2731 4849 qui
2772 4779 2980 4835 invenit
3014 4780 3197 4847 homo,
3225 4782 3533 4847 abscondit,
3564 4792 3621 4837 et
3649 4797 3759 4852 pra

2179 4873 2374 4944 gaudio
2414 4871 2556 4927 illius
2581 4872 2750 4937 vadit,
2798 4879 2854 4926 et
2891 4873 3074 4928 vendit
3112 4873 3292 4929 omnia
3323 4889 3445 4945 qua:
3490 4875 3681 4939 habet,
3706 4882 3759 4931 et

2180 4964 2311 5018 emit
2341 4977 2529 5032 agrum
2574 4961 2742 5016 illum.
2784 4982 2803 5013 ι

2256 5072 2275 5104 ί
2320 5053 2488 5108 Vinea
2534 5067 2653 5107 mea
2706 5068 2891 5109 coram
2947 5069 3033 5110 me
3077 5063 3179 5109 est.
3217 5074 3235 5107 ι
3271 5056 3386 5111 Vox
3425 5057 3630 5128 sponsi.
3679 5056 3756 5112 'l'u

2178 5146 2393 5216 (inquit)
2439 5146 2574 5201 dicis
2615 5146 2740 5216 quia
2790 5146 3002 5201 vineam
3046 5163 3221 5202 meam
3269 5149 3464 5203 tradidi
3511 5150 3756 5203 custodi~

2176 5241 2297 5303 bus,
2340 5246 2518 5293 tamen
2568 5239 2721 5292 vinea
2760 5253 2975 5308 semper
3004 5253 3188 5294 coram
3219 5255 3307 5294 me
3326 5248 3428 5303 est,
3465 5238 3592 5308 quia
3627 5237 3759 5293 licet

2176 5343 2297 5384 eam
2319 5327 2633 5383 custodibus
2653 5328 2788 5384 meis
2810 5328 3196 5392 commiserim,
3215 5343 3315 5398 ego
3341 5340 3521 5383 tamen
3545 5343 3762 5398 semper

2178 5435 2363 5476 curam
2409 5420 2552 5476 illius
2596 5419 2790 5484 habeo,
2825 5436 2925 5476 nec
2970 5437 3069 5492 pro
3111 5422 3200 5476 illa
3248 5437 3462 5492 semper
3495 5420 3761 5476 sollicitus

2177 5527 2296 5567 esse
2327 5512 2550 5578 desisto,
2575 5512 2668 5568 sed
2704 5528 2822 5568 sum
2847 5529 2971 5567 cum
3001 5513 3091 5568 illa
3127 5529 3300 5584 usque
3320 5515 3388 5569 ad
3414 5528 3762 5569 consumma-

2179 5604 2379 5659 tionem
2411 5604 2613 5660 sazculi.
2647 5623 2665 5654 ι
2702 5602 2846 5660 Mille
2873 5605 2948 5660 tui
2972 5605 3207 5675 pacifici,
3239 5614 3296 5659 et
3320 5604 3534 5661 ducenti
3560 5604 3643 5659 his
3666 5604 3762 5673 qui

2179 5697 2490 5754 custodiunt
2546 5697 2758 5753 fructus
2791 5698 2926 5766 ejus.
2955 5718 2974 5752 ι
3014 5698 3169 5754 Mille.
3185 5697 3282 5761 tui,
3324 5696 3644 5752 subauditur
3674 5710 3766 5748 ar-

2181 5791 2381 5862 gentei,
2424 5806 2560 5863 quos
2592 5807 2692 5862 pro
2736 5792 2905 5848 vinea:
2947 5792 3143 5848 dedisti
3189 5791 3386 5855 fructu,
3426 5778 3638 5862 pacifici
3665 5789 3764 5842 tibi

2184 5890 2328 5938 sunt.
2378 5880 2544 5948 Quasi
2593 5882 2795 5939 diceret
2845 5902 2856 5937 :
2903 5883 2949 5939 Ο
2996 5884 3172 5940 anima
3212 5881 3406 5949 ﬁdelis,
3453 5880 3562 5937 noli
3601 5879 3766 5937 dubia
