3950 6482
156 459 248 518 557

1104 462 1492 519 ENARBATIO
1532 461 1595 516 IN
1631 461 1925 517 CANTICA
1965 461 2429 520 CANTICORUM.

3285 465 3390 520 558

155 588 262 631 esse
289 587 387 644 pro
425 580 626 628 aeterna
665 573 934 639 mercede,
985 590 1080 643 pro
1124 591 1229 645 qua
1268 577 1449 630 omnia
1494 587 1584 629 tua
1625 575 1717 630 de-
1742 579 1793 636 Α
1818 575 2003 628 audiat
2024 589 2211 628 vocem
2238 574 2372 643 ejus,
2405 577 2492 630 illa
2518 592 2648 633 vero
2678 579 2925 634 hortatur
2951 590 3206 646 sponsum
3231 591 3388 631 suum

154 667 290 729 disti,
331 666 456 736 quia
483 665 628 720 mille
675 665 917 734 argentei
964 664 1174 734 paciﬁci
1216 674 1341 719 sunt
1371 665 1490 729 tibi,
1527 665 1580 720 id
1609 673 1714 731 est,

155 767 326 813 manet
353 765 404 811 te
434 765 585 811 certa
627 755 714 810 illa
744 757 1126 819 remuneratio,
1153 766 1208 812 et
1234 773 1420 812 verum
1449 757 1573 812 inde
1600 755 1714 812 fru—

154 857 289 904 ctum
318 856 676 903 consecutura
707 863 784 902 es.
817 847 884 901 Et
907 847 1145 913 ducenti,
1176 848 1428 903 subaudis
1453 849 1715 919 argentei,

150 938 353 1012 paciﬁci
394 946 520 992 sunt
559 938 642 992 his
671 938 762 1008 qui
794 938 1102 992 custodiunt
1131 938 1337 993 fructus
1367 954 1533 994 meos.
1568 938 1722 993 Sicut

153 1046 243 1102 per
287 1030 646 1084 millenarium
696 1030 974 1100 plenitudo
1015 1030 1380 1099 perfectionis,
1425 1031 1504 1086 sic
1535 1040 1589 1086 et
1624 1046 1721 1100 per

157 1121 518 1176 centenarium
561 1135 770 1175 summa
806 1119 1062 1189 perfectio
1085 1119 1419 1189 designatur,
1445 1122 1566 1192 quia
1595 1128 1722 1177 cen-

159 1211 393 1266 tenarius
417 1211 484 1264 de
523 1208 656 1264 laeva
700 1209 752 1262 in
781 1210 1056 1264 dexteram
1105 1209 1446 1266 transfertur.
1495 1210 1718 1266 Ducenti

158 1317 281 1371 ergo
307 1301 568 1371 argentei,
587 1300 675 1369 qui
704 1308 786 1354 est
810 1299 1109 1369 duplicatus
1131 1301 1496 1367 centenarius,
1517 1300 1721 1371 signifi-

156 1400 276 1447 cant
302 1406 395 1446 eos
427 1391 518 1460 qui
551 1391 793 1446 doctrina
836 1401 889 1446 et
933 1401 1120 1447 sancta
1158 1395 1468 1462 operatione
1497 1394 1719 1464 perfecti

152 1489 308 1548 sunt,
353 1481 446 1551 qui
483 1479 632 1550 juste
671 1493 725 1537 et
766 1483 852 1552 pie
899 1483 1128 1538 vivendo
1173 1486 1489 1554 semetipsos
1537 1495 1722 1542 custo-

151 1573 320 1638 diunt,
370 1582 425 1626 et
473 1573 635 1627 etiam
679 1574 1019 1642 praedicando
1067 1575 1200 1630 alios
1242 1585 1582 1632 convertunt.
1627 1578 1721 1633 llis

151 1678 276 1735 ergo
325 1663 521 1717 talibus
570 1663 786 1718 ducenti
833 1666 1072 1735 argentei
1124 1676 1250 1722 sunt
1295 1669 1542 1738 pacifici,
1593 1672 1720 1741 quia

149 1753 414 1822 duplicata
446 1753 498 1806 in
533 1753 688 1808 caelis
726 1754 806 1808 eis
835 1766 1015 1809 manet
1041 1759 1422 1814 remuneratio.
1453 1758 1527 1815 De
1551 1761 1721 1829 quali-

149 1843 248 1898 bus
295 1856 392 1911 per
438 1843 716 1897 Danielem
769 1843 1006 1899 dicitur:
1043 1864 1062 1898 ε
1107 1847 1171 1900 Et
1212 1849 1300 1917 qui
1356 1850 1422 1904 ad
1453 1849 1720 1919 justitiam

1817 674 1876 720 ut
1910 664 2096 735 fugiat.
2150 663 2256 720 Sed
2303 681 2496 737 magna
2540 677 2625 722 est
2679 668 2921 740 mysterii
2980 665 3385 735 consequentia.

1817 753 1953 809 Nam
1993 755 2116 824 quia
2149 754 2396 825 superius
2442 757 2699 825 prtedicta
2755 757 2930 812 fuerat
2956 755 3156 812 Christi
3192 757 3390 810 nativi-

1821 856 1925 913 tas,
1952 862 2074 901 cum
2109 846 2244 900 dixit
2271 863 2284 898 :
2320 864 2338 897 ι
2369 845 2501 912 Quis
2535 847 2625 901 det
2647 856 2696 901 te
2727 847 2948 902 fratrem
2981 863 3160 902 meum
3189 861 3387 918 sugen-

1819 946 1925 992 tem
1957 938 2143 992 ubera.
2181 956 2200 988 ›
2231 936 2492 991 Praedicta
2521 937 2664 990 enim
2697 937 2873 991 fuerat
2909 937 3026 1004 ejus
3062 937 3264 1007 passio,
3301 936 3391 990 ubi

1819 1029 2019 1084 dictum
2047 1039 2168 1082 est:
2198 1047 2215 1077 ι
2247 1027 2359 1081 Sub
2388 1029 2584 1082 arbore
2625 1028 2765 1081 malo
2805 1027 3057 1081 suscitavi
3091 1036 3160 1089 te,
3197 1047 3214 1079 ι
3247 1041 3391 1080 nunc

1819 1125 2210 1187 consequenter
2259 1117 2504 1170 hortatur
2545 1130 2800 1186 sponsum
2857 1127 2916 1170 ut
2945 1115 3143 1184 fugiat,
3175 1115 3279 1169 hoc
3306 1124 3392 1169 est

1819 1210 2156 1264 velocissime
2196 1225 2294 1278 per
2337 1208 2712 1264 ascensionem
2740 1207 2806 1262 ad
2840 1206 3054 1261 Patrem
3083 1207 3285 1262 redeat.
3327 1207 3394 1261 Et

1821 1311 1904 1356 est
1932 1315 2124 1354 sensus
2156 1317 2170 1354 :
2202 1298 2366 1352 Jubes
2389 1313 2473 1352 me
2519 1298 2846 1367 praedicare?
2873 1297 2954 1351 vis
2994 1312 3179 1351 vocem
3220 1312 3394 1353 meam

1821 1391 2042 1446 audire?
2090 1390 2238 1461 fuge,
2281 1389 2476 1444 dilecte
2507 1390 2599 1454 mi,
2654 1389 2705 1444 id
2752 1400 2852 1453 est,
2894 1388 3109 1458 impleto
3150 1389 3395 1443 incarna-

1823 1483 1984 1538 tionis
2021 1492 2124 1537 tuae
2167 1490 2222 1537 et
2266 1481 2534 1551 passionis
2568 1481 2846 1550 mysterio,
2877 1486 3151 1535 revertere
3179 1481 3246 1534 ad
3281 1493 3395 1534 coe-

1820 1575 1952 1640 lum,
1981 1584 2038 1629 ut
2066 1590 2172 1629 non
2211 1573 2322 1643 jam
2354 1583 2404 1628 te
2440 1574 2581 1628 sicut
2620 1574 2912 1636 hominem,
2951 1572 3044 1627 sed
3068 1572 3208 1625 sicut
3231 1571 3398 1624 Deum

1821 1680 1983 1734 super
2016 1665 2196 1719 omnia
2239 1663 2479 1734 cogitare
2523 1662 2797 1731 incipiam.
2835 1661 2986 1714 Tunc
3031 1661 3174 1714 enim
3212 1659 3400 1714 audies

1820 1773 2007 1812 vocem
2026 1772 2218 1822 meam,
2252 1757 2375 1826 quia
2408 1765 2531 1810 tunc
2556 1766 2605 1809 te
2631 1754 2851 1809 liberius
2874 1753 3020 1808 omni
3045 1754 3244 1807 mumlo
3265 1767 3402 1822 pra!-

1822 1849 2034 1904 dicabo.
2074 1848 2140 1902 Et
2178 1849 2280 1902 hoc
2324 1855 2407 1901 est
2449 1847 2591 1916 quod
2633 1845 2889 1898 Dominus
2921 1844 2974 1897 in
3007 1843 3298 1914 Evangelio
3321 1842 3402 1898 di-

145 1932 400 1986 erudiunt
425 1933 640 1996 multos,
672 1933 953 2003 fulgebunt
987 1939 1138 2006 quasi
1164 1939 1332 1994 stellae
1356 1940 1406 1993 in
1430 1951 1718 2010 perpetuas
1749 1931 1795 1989 Β
1823 1943 1898 1997 cit
1928 1958 1942 1996 :
1977 1961 1996 1994 ‹
2036 1941 2148 2012 Ego
2191 1940 2477 1994 veritatem
2521 1939 2640 1992 dico
2673 1937 2844 2000 vobis,
2889 1936 3103 2006 expedit
3144 1935 3298 1990 vobis
3342 1942 3404 1989 ut

149 2023 495 2078 :eternitates.
535 2044 553 2076 ι
591 2024 700 2080 llos
741 2026 886 2080 enim
918 2027 1207 2097 Apostolus
1253 2030 1536 2100 dupliciter
1566 2030 1721 2104 jubet

153 2114 428 2179 honorari,
463 2114 645 2172 dicens
682 2135 696 2170 :
751 2136 769 2168 ι
818 2117 1124 2190 Presbyteri
1162 2122 1252 2190 qui
1285 2122 1338 2176 in
1380 2124 1534 2178 nobis
1573 2133 1718 2191 sunt,

147 2201 346 2272 duplici
381 2203 589 2282 honore
633 2206 778 2277 digni
824 2207 1146 2276 habeantur,
1190 2212 1423 2268 maxime
1465 2215 1558 2284 qui
1586 2231 1724 2285 prte-

145 2299 272 2345 sunt
306 2292 474 2357 vobis,
499 2303 555 2348 et
579 2294 832 2350 laborant
861 2299 916 2352 in
946 2299 1132 2354 verbo.
1167 2320 1186 2352 ι
1597 2296 1603 2302 ’

222 2401 242 2434 ‹
292 2381 423 2450 Quae
463 2385 696 2445 habitas.
724 2387 780 2441 in
822 2388 1018 2452 hortis,
1065 2391 1223 2447 amici
1270 2394 1594 2462 auscultant,
1637 2395 1724 2454 fac

146 2488 230 2528 me
254 2474 445 2529 audire
471 2491 657 2532 vocem
693 2486 860 2533 tuam.
910 2500 928 2532 ι
961 2479 1077 2536 Vox
1101 2482 1282 2538 dilecti
1318 2500 1569 2555 sponsam
1594 2487 1724 2542 allo-

147 2565 362 2633 quentis
394 2583 408 2619 :
441 2565 485 2622 0
508 2567 770 2635 Ecclesia,
807 2587 927 2641 quae
962 2573 1175 2629 habitas
1206 2576 1260 2630 in
1290 2577 1483 2644 hortis,
1529 2579 1581 2634 id
1618 2587 1722 2647 est,

142 2668 260 2722 quae
288 2655 600 2712 excolendis
632 2659 886 2715 virtutum
917 2666 1248 2734 germinibus
1272 2667 1498 2724 insistis.
1527 2670 1724 2727 Hortus

141 2745 344 2800 etenim
370 2746 484 2816 ipsa
515 2749 756 2805 Ecclesia
786 2762 887 2820 est,
917 2769 1079 2824 quam
1111 2757 1193 2827 (ut
1234 2760 1480 2829 superius
1521 2761 1723 2818 dictum

139 2835 241 2907 cst)
275 2839 476 2892 crebro
521 2855 580 2896 se
628 2843 895 2912 promittit
938 2846 1193 2902 invisere.
1235 2850 1476 2906 Ecclesia
1513 2868 1643 2926 ergo
1669 2855 1724 2911 in

87 2937 98 2949 ‘
140 2929 319 2985 hortis
347 2929 575 2998 habitat,
606 2935 733 3004 quia
776 2936 1043 3006 plantaria
1088 2940 1348 2997 virtutum
1379 2945 1594 2999 assidue
1619 2963 1722 3001 nu-

139 3021 252 3085 trit,
297 3037 408 3076 nec
445 3026 758 3080 transitorie
801 3029 1071 3084 modicum
1118 3046 1420 3100 recessura,
1454 3035 1526 3090 ibi
1572 3046 1727 3109 tugu-

137 3111 274 3165 rium
313 3113 490 3182 ponit,
531 3116 624 3169 sed
653 3115 759 3170 fixa
795 3119 1028 3174 statione
1050 3120 1280 3178 habitat.
1321 3141 1340 3174 ι
1369 3123 1478 3178 Fac
1506 3139 1612 3190 me,
1644 3127 1727 3181 in-

140 3205 287 3272 quit,
341 3207 530 3263 audire
559 3223 744 3264 vocem
777 3220 942 3277 tuam,
990 3231 1008 3265 ι
1051 3213 1106 3268 id
1138 3223 1241 3280 est,
1271 3217 1501 3287 praedica
1529 3219 1725 3288 quibus

1821 2050 1922 2104 ego
1955 2033 2168 2087 vadam.
2222 2050 2240 2083 ι
2297 2029 2623 2100 Erpediehat
2667 2029 2811 2082 enim
2861 2026 3118 2097 apostolis
3156 2035 3211 2080 et
3254 2025 3402 2080 omni

1820 2122 2077 2178 Ecclesia:
2116 2130 2175 2176 ut
2201 2119 2448 2176 Christus
2493 2118 2712 2183 rediret,
2758 2125 2813 2172 et
2849 2117 3190 2188 praesentiam
3215 2129 3404 2185 corpo-

1822 2213 1991 2268 ralem
2017 2211 2344 2275 absentaret,
2371 2211 2496 2280 quia
2521 2209 2646 2263 dum
2672 2207 2726 2260 in
2752 2221 2978 2276 corpore
2998 2219 3237 2275 przesens
3257 2213 3402 2270 erat,

1822 2319 1928 2358 non
1959 2311 2210 2373 poterant
2233 2317 2356 2356 eum
2384 2301 2576 2371 spiritu
2605 2299 2766 2354 aliter
2790 2312 2991 2357 amare,
3021 2311 3124 2350 non
3149 2303 3402 2367 poterant

1821 2407 1944 2447 eum
1975 2406 2134 2461 quem
2177 2391 2450 2446 hominem
2489 2391 2800 2453 cernebant,
2838 2396 2900 2442 ut
2947 2386 3117 2440 Deum
3158 2385 3434 2449 invisihir

1823 2485 1929 2540 lem
1975 2493 2029 2538 et
2067 2484 2268 2553 ubique
2308 2491 2632 2552 praesentem
2689 2483 2950 2552 cogitare.
3002 2479 3073 2533 At
3122 2487 3408 2548 postquam

1823 2577 1938 2648 ipse
1963 2578 2133 2633 caelos
2158 2577 2423 2641 ascendit,
2445 2575 2609 2644 ctepit
2629 2589 2752 2629 eum
2787 2572 3026 2627 Ecclesia
3056 2569 3410 2641 spiritualiter

1825 2669 2068 2740 diligere,
2111 2675 2166 2722 et
2211 2668 2290 2722 sic
2324 2668 2437 2737 jam
2479 2668 2650 2721 Deum
2703 2665 2944 2736 Cogitare
2991 2672 3043 2717 et
3083 2661 3405 2731 praedicare.

1825 2760 1894 2814 Et
1925 2760 2027 2814 hoc
2061 2769 2146 2814 est
2175 2759 2317 2829 quod
2343 2757 2632 2828 Apostolus
2661 2756 2792 2812 dicit
2821 2772 2834 2808 :
2869 2773 2887 2806 ι
2925 2753 2992 2808 Et
3015 2753 3058 2808 si
3085 2767 3410 2808 noveramus

1824 2851 2100 2907 Christum
2135 2851 2428 2905 secundum
2461 2863 2700 2911 carnem,
2730 2847 2824 2903 sed
2847 2860 2993 2900 nunc
3017 2843 3135 2913 jam
3172 2858 3280 2898 non
3309 2857 3409 2897 no-

1824 2945 2019 2998 vimus.
2057 2960 2076 2994 ›
2122 2941 2280 3012 Ergo,
2317 2941 2508 2996 dilecte
2537 2940 2632 3005 mi,
2671 2939 2716 2993 si
2759 2940 2840 2993 vis
2874 2938 2946 2992 ita
2974 2951 3060 2991 me
3107 2944 3158 2989 te
3201 2933 3402 3004 praedi-

1827 3049 1974 3100 care,
2006 3033 2131 3104 fuge
2161 3033 2235 3103 (id
2271 3042 2355 3089 est
2393 3032 2607 3104 recede)
2645 3033 2712 3086 ad
2744 3031 3003 3093 coelestia,
3042 3037 3098 3083 et
3136 3028 3229 3098 qui
3260 3026 3409 3084 fuisti

1828 3124 2336 3196 comprehensibilis
2379 3139 2476 3192 per
2513 3123 2927 3185 humanitatem,
2962 3119 3174 3173 efﬁcere
3211 3119 3415 3173 incom-

1827 3215 2205 3286 prehensibilis
2250 3230 2348 3286 per
2396 3215 2760 3278 divinitatem,
2808 3218 3178 3265 verumtamen
3221 3223 3287 3261 ne
3327 3221 3415 3262 me

135 3297 284 3355 vales
346 3299 695 3372 Evangelium
721 3343 736 3368 ,
782 3315 1051 3374 przecepta
1106 3322 1240 3363 mea:
1294 3306 1429 3380 legis
1470 3309 1630 3364 simul
1670 3296 1796 3366 etC
1828 3309 1883 3364 in
1913 3307 2165 3379 pnesenti
2199 3307 2316 3363 sine
2349 3315 2438 3362 tua
2467 3305 2773 3360 visitatione
2794 3303 3038 3367 deseras,
3061 3300 3156 3356 sed
3186 3299 3414 3370 dignare

130 3391 475 3459 promissum
524 3392 820 3449 caelestium
869 3397 1214 3467 praemiorum
1270 3401 1552 3456 annuntia.
1615 3401 1730 3458 Hoc

131 3480 284 3535 enim
341 3480 471 3535 mihi
510 3479 809 3551 jucundum
835 3495 890 3541 et
919 3487 1238 3545 delectabile
1271 3498 1374 3557 est,
1406 3499 1468 3546 ut
1510 3493 1727 3547 audiam

129 3586 338 3628 vocem
384 3583 555 3636 tuam,
605 3576 708 3631 hoc
745 3586 830 3632 est
871 3586 934 3633 ut
961 3580 1177 3636 audiam
1228 3590 1284 3637 te
1333 3585 1499 3640 verba
1541 3585 1730 3642 salutis

130 3672 366 3718 aeterna:
409 3667 842 3722 annuntiantem.
897 3667 1004 3724 Sed
1052 3687 1072 3720 ‹
1131 3673 1291 3729 amici
1326 3675 1656 3744 auscultant,
1704 3696 1724 3728 ι

131 3752 190 3809 id
221 3762 336 3820 est,
389 3755 617 3826 angelici
665 3759 886 3828 Spiritus
928 3777 1119 3819 vocem
1177 3772 1327 3818 tuam
1373 3765 1561 3821 audire
1585 3767 1732 3823 dele-

130 3855 331 3913 ctant,
363 3862 498 3917 quos
525 3849 622 3904 tibi
647 3852 850 3906 amicos
879 3851 983 3908 feci
1014 3856 1275 3912 effusione
1297 3858 1574 3925 sanguinis
1598 3859 1729 3927 mei,

124 3952 396 4008 quosque
446 3937 720 4005 adjutores
764 3950 818 3996 et
862 3951 1196 4012 protectores
1240 3956 1428 4002 contra
1470 3949 1734 4019 malignos

122 4033 380 4104 spiritus
406 4031 634 4087 institui.
684 4034 810 4090 Sive
841 4039 1021 4104 amici,
1054 4041 1106 4095 id
1131 4051 1236 4106 est,
1257 4042 1528 4112 justorum
1568 4045 1730 4113 spiri-

123 4133 226 4177 tus
261 4121 596 4186 auscultant,
628 4141 764 4194 quos
804 4128 870 4182 de
899 4139 990 4184 tuo
1019 4139 1162 4184 cmtu
1189 4133 1257 4186 ad
1287 4149 1372 4189 me
1405 4135 1458 4188 in
1490 4135 1734 4190 coelestia

119 4213 449 4282 assumpsi.
481 4214 584 4284 lpsi
611 4217 754 4272 enim
778 4218 844 4273 de
871 4227 960 4273 tua
1003 4223 1383 4291 praedicatione
1421 4233 1477 4281 et
1506 4228 1734 4281 fratrum

120 4305 328 4362 salute
347 4306 712 4376 congaudent.
743 4307 1054 4379 Respondet
1082 4311 1366 4367 confestim
1399 4314 1514 4384 ipsa
1535 4329 1735 4385 sponsa

118 4400 356 4456 dilecto
387 4413 484 4453 suo
513 4419 525 4451 :

211 4513 232 4546 ε
284 4491 462 4564 Fuge,
497 4493 691 4549 dilecte
731 4496 822 4560 mi,
875 4505 929 4552 et
973 4498 1275 4554 assimilare
1303 4516 1512 4572 capreae
1543 4503 1710 4558 liinnu

118 4588 306 4657 inque
361 4600 645 4673 cervorum
701 4603 862 4659 super
892 4600 1105 4647 montes
1153 4603 1474 4650 aromatum.
1529 4615 1548 4647 ι
1602 4595 1736 4650 Mira

1831 3417 1918 3458 me
1969 3401 2158 3458 crebra
2208 3409 2300 3457 tua
2349 3399 2658 3456 visitatione
2705 3397 3020 3467 requirere,
3070 3393 3309 3461 mihique
3364 3399 3419 3446 te

1832 3494 2026 3563 saepius
2056 3493 2340 3548 videndum
2372 3491 2632 3564 praebere.
2685 3490 2754 3545 Et
2802 3489 2905 3544 hoc
2939 3495 3023 3542 est
3049 3484 3193 3555 quod
3234 3483 3364 3538 dicit
3397 3497 3412 3536 :

1839 3606 1858 3638 ‹
1905 3585 2109 3641 Similis
2141 3595 2258 3641 esto
2302 3599 2511 3656 capreae
2560 3583 2892 3652 hinnuloque
2941 3593 3226 3636 cervorum
3257 3590 3422 3645 super

1835 3689 2048 3734 montes
2081 3688 2406 3734 aromatum.
2431 3699 2450 3732 ι
2482 3678 2633 3733 Sicut
2661 3676 2877 3750 (inquit)
2908 3687 3116 3744 capreae
3135 3681 3190 3726 et
3212 3670 3420 3726 hinnuli

1833 3785 2116 3825 cervorum
2155 3771 2417 3826 indomita
2456 3769 2708 3824 animalia
2755 3771 3049 3823 humanum
3081 3763 3415 3819 consortium

1833 3863 2127 3935 refugiunt,
2160 3873 2216 3919 et
2257 3873 2434 3918 tamen
2466 3863 2710 3918 crebrius
2743 3862 2795 3916 in
2837 3859 3112 3915 montibus
3140 3857 3417 3918 videntur,

1835 3956 1914 4011 sic
1957 3965 2012 4010 et
2055 3965 2112 4011 tu
2144 3965 2264 4025 post
2297 3965 2443 4009 tuam
2489 3955 2886 4017 ascensionem,
2934 3952 3060 4008 licet
3113 3946 3420 4010 invisibilis,

1835 4048 2060 4118 dignare
2108 4048 2239 4101 mihi
2283 4058 2461 4102 tamen
2505 4047 2702 4117 saepius
2730 4046 2870 4101 dono
2899 4053 3002 4098 tuae
3044 4042 3230 4114 gratia:
3259 4054 3424 4110 appa-

1837 4153 1980 4204 rere,
2024 4149 2078 4192 et
2106 4139 2211 4194 hoc
2254 4153 2417 4208 super
2445 4147 2655 4192 montes
2694 4146 3020 4191 aromatum.
3065 4133 3272 4187 Montes
3302 4144 3423 4184 aro-

1837 4239 2044 4285 matum
2077 4229 2252 4284 sancti
2295 4230 2388 4285 Dei
2432 4239 2576 4294 sunt,
2607 4227 2922 4284 excellentia
2963 4234 3164 4280 sancta:
3199 4235 3424 4278 convero
3505 4241 3508 4244 ν

1838 4321 2066 4377 sationis
2090 4321 2231 4377 coelo
2277 4321 2532 4392 proximi,
2579 4330 2635 4376 et
2675 4321 2840 4375 odore
2870 4333 2934 4373 ac
2986 4316 3130 4371 fama
3161 4315 3421 4375 virtutum

1840 4414 2000 4485 longe
2048 4414 2260 4484 lateque
2315 4415 2640 4487 fragrantes.
2698 4413 2835 4468 Hinc
2887 4409 3177 4479 Apostolus
3235 4406 3304 4460 de
3361 4417 3420 4457 se

1840 4507 2030 4575 suique
2059 4506 2324 4561 similibus
2353 4506 2486 4562 dicit
2510 4523 2523 4560 :
2548 4525 2565 4557 ι
2590 4505 2784 4559 Nostra
2821 4498 3159 4556 conversatio
3185 4496 3239 4551 in
3261 4491 3418 4548 caelis

1841 4607 1946 4653 est.
1997 4616 2016 4648 ι
2070 4597 2137 4652 Ει
2181 4597 2308 4652 alibi
2347 4616 2361 4652 :
2412 4617 2430 4648 ι
2467 4595 2672 4653 Christi
2713 4596 2888 4651 bonus
2937 4591 3072 4647 odor
3129 4597 3316 4644 sumus
3368 4583 3426 4638 in

120 4679 452 4749 responsio.
485 4679 748 4736 lnvitatur
780 4682 846 4738 ad
873 4684 1293 4753 praedicandum,
1326 4696 1381 4741 et
1407 4700 1467 4743 ut
1502 4703 1736 4759 sponsus
1768 4674 1818 4734 D
1843 4691 1988 4746 omni
2019 4691 2157 4745 loco.
2199 4708 2218 4742 ›
