3950 6458
507 434 614 488 ὖϋῦ

1008 432 1362 488 IIAYMONIS
1401 426 1878 485 llALBERSTAT.
1916 426 2130 481 EPiSC.
2172 427 2322 482 OPP.
2364 428 2543 482 PARS
2576 427 2616 481 l.
2653 457 2721 468 —-
2760 427 3111 483 COMMENT.
3155 428 3325 483 BlBL.

3664 432 3777 486 3b!»

504 551 708 608 idcirco
754 551 1002 607 dicuntur
1047 547 1386 617 supermissm
1428 545 1510 601 vel
1549 545 1775 607 additte,
1820 557 1885 598 eo
1936 543 2081 613 quod
2111 548 2156 604 Α
2186 542 2313 611 qui,
2373 541 2480 597 Deo
2526 543 2867 613 praecipiente
2914 551 3075 612 atque
3119 541 3364 609 volente,
3406 558 3503 614 per
3547 541 3770 613 Moysgn

504 658 668 714 super
688 639 855 698 Vetus
886 640 1289 695 Testamentum
1314 647 1367 691 et
1391 634 1956 708 gratiam'Evangelii,
1988 636 2078 691 ubi
2180 635 2380 689 missus
2415 644 2521 699 est,
2540 634 2738 704 aliique
2781 634 3183 703 quamplurimi,
3222 636 3315 705 qui
3355 635 3623 692 electione
3664 652 3768 706 po-

504 734 742 802 perlecta
771 732 915 787 salus
940 729 1210 795 consistit,
1240 729 1310 783 ab
1337 729 1582 798 apostolo
1612 729 1721 782 sint
1752 728 1930 783 missae
1954 735 2075 781 cre-

498 823 777 887 dentibus,
830 821 898 876 ad
956 817 1250 877 rcsecanda
1298 817 1581 887 praesentia
1625 824 1787 887 atque
1844 818 2074 873 orientia

444 970 454 976 η
487 913 631 968 .‘vitia
664 930 677 966 :
703 921 761 968 et
784 920 845 967 ut
876 910 923 966 si
955 910 1077 980 quis
1117 918 1489 978 transgressus
1516 905 1676 961 fuerit
1704 906 2075 977 Evangelium,

487 1004 592 1061 .hic
618 1001 857 1060 inveniat
882 1002 1205 1057 medicinam
1230 999 1421 1055 salutis
1445 1016 1458 1051 :
1491 1007 1757 1067 quatenus
1785 999 2077 1053 vindictam

479 1094 774 1168 Evangelii
815 1095 987 1166 possit
1030 1091 1297 1163 ell‘ugere,
1343 1092 1588 1146 redditur
1624 1090 1700 1145 illi
1738 1105 1834 1160 per
1863 1091 2076 1161 dignam

472 1188 899 1258 :poenitentiam.
933 1185 1073 1240 Sunt
1101 1183 1443 1252 supermisso:
1473 1198 1577 1236 non
1615 1181 1890 1252 dignitatis
1913 1198 2074 1237 causa

498 1279 641 1353 quod
682 1277 1133 1349 supercxcellant,
1166 1276 1260 1330 sed
1309 1275 1376 1329 ad
1420 1274 1828 1342 completionem
1867 1274 2075 1328 illorum

356 1385 372 1396 '
470 1381 685 1442 postea
712 1371 947 1440 scriptae.
977 1366 1216 1438 Epistula
1257 1373 1434 1419 autem
1483 1365 1584 1419 ista
1615 1380 1719 1419 non
1752 1364 1900 1418 illum
1926 1366 2076 1420 ordi-

497 1478 620 1519 nem
661 1460 893 1517 tenet'in
923 1471 1153 1528 corpore
1192 1455 1552 1525 Epistolarum
1591 1469 1700 1523 quo
1728 1454 1928 1524 scripta
1970 1463 2072 1519 est,

494 1554 591 1609 Sed
616 1567 778 1608 causa
809 1549 1085 1621 dignitatis
1108 1547 1474 1602 Romanorum
1499 1586 1512 1611 ,
1550 1545 1640 1615 qui
1670 1553 1793 1600 tunc
1820 1547 2075 1616 temporis

492 1644 761 1700 miiversis
799 1641 1046 1712 gentibus
1097 1636 1451 1707 imperabant,
1481 1635 1772 1706 primatum
1821 1636 2069 1691 obtinuit.

495 1736 608 1791 Hoc
646 1743 825 1790 autem
862 1734 1061 1789 factum
1101 1740 1183 1786 est
1213 1746 1318 1785 non
1363 1730 1430 1784 ab
1457 1729 1739 1798 Apostolo,
1773 1728 1864 1784 sed
1897 1728 2074 1798 potius

492 1830 564 1883 ab
606 1825 697 1882 illo
729 1825 820 1896 qui
859 1837 1045 1880 omnes
1083 1822 1201 1893 ejus
1240 1819 1508 1892 Epistolas
1551 1820 1651 1874 sub
1695 1833 1803 1872 uno
1844 1832 1953 1872 cor.
1976 1832 2073 1872 ore

2177 726 2287 796 puli
2316 740 2414 796 pro
2440 726 2565 779 vitae
2586 724 2796 781 meritis
2823 725 2932 780 Deo
2958 725 3171 781 volente
3198 725 3355 781 electi
3386 735 3531 781 sunt.
3566 726 3769 782 Volun-

2178 820 2264 867 tas
2300 813 2442 867 enim
2484 813 2662 883 populi
2710 805 3029 884 plerumque
3056 815 3309 871 voluntas
3355 815 3450 870 Dei
3485 825 3591 873 est.
3631 816 3772 872 Ter-

2182 904 2335 969 tium,
2364 904 2506 974 quod
2550 904 2618 959 ah
2664 905 2884 960 homine
2929 915 3013 961 est
3054 908 3453 974 tantummodo,
3482 916 3537 965 et
3578 924 3691 966 non
3736 926 3766 965 a

2180 996 2318 1059 Deo,
2364 1012 2484 1052 cum
2540 996 2724 1053 favore
2784 998 3063 1053 hominum
3127 1000 3322 1071 aliquis
3371 1003 3611 1074 eligitur,
3652 1022 3766 1059 non

2178 1099 2276 1154 pro
2299 1084 2437 1139 bona
2477 1087 2906 1153 conversatione,
2931 1102 3108 1160 neque
3146 1103 3309 1145 causa
3335 1093 3636 1165 religionis,
3664 1096 3767 1150 sed

2177 1174 2474 1231 nobilitatis
2520 1177 2812 1246 parentelze
2839 1193 2855 1232 :
2886 1193 2982 1235 seu
3029 1195 3152 1234 cum
3190 1182 3313 1253 quis
3350 1186 3527 1255 pretio
3569 1185 3767 1242 subro-

2177 1275 2335 1337 gatur
2358 1268 2411 1321 in
2443 1270 2762 1324 sarcerdotii
2789 1270 3101 1343 dignitatem
3131 1290 3144 1327 :
3178 1274 3244 1329 de
3268 1290 3500 1345 quorum
3531 1292 3767 1334 numero

2177 1356 2309 1411 dicit
2342 1358 2431 1412 uni
2482 1358 2670 1415 beatus
2692 1360 3010 1418 Ambrosius
3039 1364 3325 1436 episcopus
3348 1385 3363 1420 :
3387 1366 3501 1423 Nisi
3536 1377 3764 1424 centum

2177 1445 2376 1502 solidos
2401 1447 2669 1516 dedisses,
2695 1451 2852 1506 hodie
2872 1452 3159 1523 episcopus
3187 1471 3299 1512 non
3321 1472 3492 1513 esses.
3516 1458 3597 1515 De
3624 1461 3766 1515 isto-

2178 1552 2297 1590 rum
2341 1539 2505 1593 eliam
2556 1556 2778 1597 numero
2806 1552 2964 1599 erant
3001 1545 3075 1599 illi
3112 1548 3178 1602 de
3209 1548 3407 1617 quibus
3453 1549 3657 1605 dicitur
3706 1553 3766 1604 in

2175 1627 2312 1682 libro
2354 1628 2559 1700 Regum
2614 1630 2666 1702 (I
2712 1631 2839 1703 Reg.
2882 1634 3016 1707 xu),
3068 1637 3162 1706 qui
3219 1640 3553 1708 temporibus
3606 1638 3765 1695 εἰει-οι

2174 1723 2334 1778 boam
2377 1724 2670 1793 implebant
2712 1741 2904 1783 manus
2943 1743 3068 1785 suas
3108 1738 3164 1784 et
3207 1729 3411 1786 ﬁebant
3445 1736 3767 1789 sacerdotes

2176 1812 2459 1867 idolorum.
2504 1815 2577 1869 De
2624 1816 2744 1870 istis
2788 1832 2917 1888 ergo
2961 1819 3156 1874 talibus
3193 1820 3325 1877 dicit
3364 1822 3631 1879 Dominus
3661 1840 3767 1894 per

490 1917 699 1974 curavit
737 1914 1007 1986 colligere.
1046 1911 1348 1967 Notandum
1378 1916 1556 1962 autem
1585 1907 1728 1977 quod
1755 1906 1896 1961 sicut
1926 1905 2071 1978 Moy—
2105 1896 2144 1954 Β
2172 1907 2489 1978 prophetam
2516 1928 2531 1964 ς
2557 1909 2670 1981 Ipsi
2700 1922 3062 1981 rtgnaverunt,
3089 1913 3180 1969 sed
3203 1930 3314 1968 non
3342 1929 3411 1969 ex
3437 1932 3520 1971 me
3544 1932 3566 1970 :
3604 1918 3762 1985 prin-

489 2020 578 2062 ses
601 2005 871 2078 legislator
906 2000 1204 2059 Israelitico
1228 1998 1423 2071 populo
1451 2014 1481 2052 a
1511 1999 1792 2053 Pharaone
1841 1996 2070 2051 liberato

490 2099 675 2153 decem
728 2105 995 2166 praecepta
1059 2093 1191 2163 legis
1246 2090 1469 2146 tradidit
1516 2089 1714 2162 (Exod.
1765 2086 1941 2158 nix),
1992 2089 2066 2142 ita

490 2187 761 2258 apostolus
783 2186 986 2241 Paulus
1016 2182 1368 2241 credentibus
1392 2181 1445 2236 in
1468 2180 1762 2246 Christum,
1796 2186 1852 2233 et
1877 2195 1905 2232 a
1929 2177 2068 2233 Phae-

486 2293 654 2336 raoue
716 2276 944 2349 spiritali
994 2274 1201 2339 erutis,
1260 2273 1447 2328 decem
1497 2268 1768 2342 Epistolas
1827 2269 2062 2339 scripsit.

487 2366 622 2427 Nam
659 2376 899 2442 quatuor
948 2364 1182 2439 reliquas
1233 2363 1300 2419 ad
1350 2362 1644 2433 discipulos
1707 2360 1882 2427 misit,
1934 2361 2069 2417 duas

487 2458 736 2515 videlicet
780 2457 1096 2522 Timotheo,
1136 2468 1298 2508 uuam
1346 2452 1496 2518 Tito,
1545 2465 1707 2506 unam
1746 2449 2063 2505 Philemoni.

484 2548 669 2603 Pauli.
714 2546 934 2612 Paulus,
968 2553 1027 2599 ut
1061 2544 1419 2614 Hieronymus
1447 2540 1595 2605 dicit,
1629 2554 1661 2592 a
1690 2538 1865 2608 primo
1899 2538 2070 2608 spolio

488 2651 629 2720 quod
675 2657 873 2705 sancta:
922 2645 1177 2702 Ecclesiae
1231 2641 1487 2705 contulit,
1530 2657 1560 2695 a
1604 2639 1773 2694 Paulo
1819 2637 2073 2694 videlicet

486 2739 676 2810 Sergio
718 2734 1068 2807 proconsule,
1117 2748 1276 2805 quem
1317 2732 1456 2802 apud
1506 2729 1745 2803 Cyprum
1800 2728 2071 2784 convertit

489 2833 628 2903 (Act.
655 2838 800 2902 XIII),
832 2832 934 2885 hoc
979 2840 1175 2883 nomen
1210 2827 1313 2881 sibi
1344 2824 1631 2895 imposuit;
1664 2831 1725 2877 ut
1763 2823 1905 2877 sicut
1933 2821 2067 2875 Par-

490 2925 694 2991 thicus,
740 2924 830 2995 qui
871 2920 1103 2977 Parthos
1145 2917 1435 2990 superavit,
1467 2924 1522 2972 et
1564 2913 1943 2981 Germanicus,
1977 2906 2068 2983 qui

486 3018 828 3075 Germaniam
862 3014 1010 3082 vicit,
1061 3012 1290 3083 quilibet
1331 3009 1440 3065 dux
1488 3008 1852 3065 Romanorum
1895 3006 2070 3063 dictus

478 3119 587 3176 est,
614 3110 693 3166 sic
731 3109 799 3163 ab
824 3122 892 3162 eo
919 3104 1166 3176 principe
1197 3116 1358 3173 quem
1396 3100 1549 3171 prius
1577 3097 1855 3169 superavit
1876 3098 1949 3152 sit
1977 3113 2070 3168 ap-

486 3201 712 3275 pellatus
740 3197 959 3254 Paulus.
991 3196 1189 3251 Beatus
1230 3208 1361 3249 vero
1404 3191 1739 3264 Augustinus
1772 3191 1908 3247 dicit
1951 3207 2064 3244 m-

2171 2001 2309 2070 cipes
2343 2003 2671 2069 exstiterunt,
2701 2012 2748 2057 et
2777 2020 2881 2058 non
2903 2006 3117 2076 cognovi
3138 2006 3283 2078 (Ose.
3315 2008 3455 2080 vm).
3484 2008 3762 2076 Quartum

2170 2106 2381 2160 quoque
2421 2107 2589 2165 genus
2627 2102 2711 2147 est
2756 2094 3143 2165 apostolorum,
3174 2101 3319 2167 quod
3349 2113 3526 2171 neque
3555 2116 3589 2155 a
3618 2100 3759 2163 Deo,

2170 2189 2346 2251 neque
2393 2196 2490 2253 per
2536 2182 2811 2239 hominem
2860 2185 2966 2251 sit,
2993 2184 3085 2241 sed
3135 2201 3166 2240 a
3213 2189 3507 2259 semetipso
3539 2198 3760 2244 tantum

2171 2280 2403 2337 constat,
2434 2281 2494 2328 ut
2534 2281 2659 2329 sunt
2704 2276 3181 2348 pseudopropheta:
3210 2286 3263 2332 et
3288 2280 3759 2351 pseudoapostoli,

2168 2362 2457 2421 dicentes:
2495 2365 2619 2422 l-lazc
2668 2366 2798 2422 dicit
2836 2367 3125 2435 Dominus,
3171 2385 3294 2425 cum
3335 2369 3603 2427 Dominus
3652 2389 3758 2426 non

2170 2456 2379 2512 miserit
2407 2472 2521 2514 eos.
2560 2457 2850 2515 Sciendum
2878 2469 2961 2515 est
2989 2468 3168 2514 autem
3216 2463 3359 2515 inter
3400 2463 3500 2517 hos
3537 2477 3757 2526 omnes,

2168 2546 2430 2615 quosdam
2468 2556 2632 2603 tanta:
2673 2548 2954 2620 dignitatis
2986 2563 3138 2614 esse.
3174 2559 3234 2605 ut
3278 2560 3332 2605 et
3374 2552 3668 2622 apostolus
3708 2562 3758 2607 et

2170 2637 2462 2708 prophetia:
2478 2637 2839 2692 sublimentur
2855 2639 3077 2706 honore,
3105 2648 3163 2695 ut
3184 2639 3286 2696 fuit
3305 2639 3535 2710 Moyses,
3560 2641 3758 2705 Isaias,

2167 2725 2404 2785 Joannes
2436 2744 2649 2799 quoque
2678 2730 2942 2799 Baptista,
2970 2730 3038 2786 de
3072 2746 3183 2801 quo
3213 2731 3414 2788 dicitur
3438 2753 3454 2789 :
3479 2733 3627 2789 Ecce
3667 2753 3759 2808 ego

2170 2820 2317 2873 mitto
2348 2819 2589 2891 angelum
2623 2834 2794 2875 meum
2829 2832 2949 2877 ante
2974 2822 3163 2893 facient
3194 2833 3370 2891 tuam,
3406 2826 3501 2896 qui
3544 2843 3759 2897 purpu-

2172 2909 2307 2963 rabit
2336 2908 2471 2963 ciant
2494 2918 2638 2965 tuam
2668 2921 2788 2965 ante
2811 2921 2857 2966 te
2884 2911 3076 2983 (Marc.
3108 2913 3167 2985 l),
3204 2928 3270 2969 ex
3308 2915 3504 2985 quibus
3532 2913 3760 2971 fuerunt

2170 2990 2225 3054 et
2270 2998 2533 3071 apostoli,
2580 3001 2673 3072 qui
2711 3005 2935 3074 praemia
2965 3003 3257 3060 electorum
3283 3014 3337 3060 et
3368 3015 3648 3063 tormenta
3683 3024 3760 3063 re-

2172 3095 2463 3164 proborum
2517 3097 2631 3151 suis
2681 3096 3016 3153 auditoribus
3062 3098 3457 3168 prtedixerunt,
3516 3100 3760 3169 quodam

2173 3186 2377 3241 honore
2420 3188 2716 3256 prophetia».
2759 3189 3016 3261 insigniti.
3053 3190 3135 3244 Ad
3161 3191 3442 3247 Romanos.
3477 3192 3762 3249 Romanos

488 3255 659 3345 ilicem
700 3286 1048 3359 interpretari
1096 3284 1345 3350 Paulum,
1376 3282 1432 3339 id
1464 3255 1551 3339 est
1593 3280 1873 3336 humilem.
1922 3278 2069 3335 Unde
2097 3255 2141 3317 (ἶ
2176 3255 2982 3353 appellatllicAposlolus,-qui
3019 3298 3083 3338 ex
3108 3282 3307 3340 Judazis
3348 3286 3607 3357 gentibus
3644 3304 3761 3343 crc-

488 3396 600 3453 tpse
626 3380 795 3436 dicit:
834 3379 946 3450 Ego
992 3393 1111 3433 sum
1154 3376 1404 3429 minimus
1430 3373 1674 3429 omnium
1714 3371 2069 3443 apostolorum

489 3470 538 3542 (ι
570 3469 691 3525 Cor.
715 3468 826 3534 xv).
852 3468 1059 3523 Dicitur
1081 3474 1136 3521 et
1163 3462 1543 3535 apotyspaulys
1574 3461 1697 3534 [ἀπὸ
1723 3469 1816 3523 τῆς
1841 3458 2064 3531 ausim]

490 3561 784 3617 secundum
813 3558 1099 3629 quosdam,
1138 3555 1192 3610 id
1231 3562 1316 3609 est
1344 3569 1375 3608 a
1404 3552 1708 3608 cessatione
1738 3552 2070 3623 persecutio-

490 3655 574 3710 nis
603 3671 617 3708 :
645 3652 733 3709 vel
774 3658 944 3717 certe,
968 3657 1029 3704 ut
1074 3646 1293 3718 quidam
1340 3645 1557 3708 dicunt,
1586 3643 1856 3699 binomius
1905 3643 2070 3698 fuisse

483 3749 824 3821 intelligitur,
868 3755 927 3801 ut
971 3744 1186 3816 plurimi
1220 3741 1565 3797 inveniuntur
1591 3737 1797 3795 duobus
1835 3736 2068 3791 nomini~

484 3845 588 3899 bus
635 3839 827 3904 vocati,
867 3838 1006 3894 sicut
1047 3834 1207 3893 Ozias
1253 3834 1346 3904 qui
1397 3838 1452 3887 et
1498 3831 1723 3886 Azarias
1779 3830 1832 3884 in
1892 3827 2069 3883 Veteri

490 3934 865 3995 Testamento;
913 3929 967 3983 in
1012 3925 1161 3982 Novo
1205 3939 1333 3979 vero
1360 3922 1661 3985 Matth-atus,
1697 3920 1789 3990 qui
1827 3926 1884 3975 et
1918 3918 2066 3973 Levi.

492 4022 641 4078 Unde
684 4020 738 4075 in
780 4018 1006 4074 Actibus
1054 4014 1421 4087 apostolorum
1464 4011 1697 4083 legitur:
1732 4008 1946 4075 Saulus,
1976 4009 2070 4091 qui

488 4122 543 4169 et
570 4111 767 4166 Paulus
798 4106 1166 4163 invalescebat
1198 4112 1254 4160 et
1290 4099 1654 4159 confundebat
1697 4097 1934 4155 Iudaeos.
1977 4096 2072 4152 Vel

489 4204 651 4257 etiam
690 4192 841 4255 more
884 4192 1227 4259 sanctarum,
1278 4191 1824 4248 communicationem
1870 4189 2073 4244 meruit

486 4289 752 4353 «nominis,
801 4294 861 4340 ut
906 4284 1181 4339 Abraham
1231 4291 1287 4337 et
1330 4280 1529 4346 Jacob,
1569 4289 1624 4337 et
1667 4280 1854 4336 Simon
1892 4281 1985 4352 qui
2016 4288 2071 4335 et

493 4383 685 4437 Petrus
733 4386 960 4432 vocatus
1010 4383 1096 4430 est
1140 4390 1170 4428 a
1205 4373 1464 4439 Domino,
1510 4382 1572 4427 ut
1614 4374 1707 4445 qui
1755 4382 2072 4444 persecutor

490 4480 713 4526 vocatus
741 4478 825 4524 est
852 4466 1067 4533 Saulus,
1097 4466 1150 4520 id
1175 4473 1258 4520 est
1283 4463 1579 4531 infernalis,
1604 4473 1726 4536 post
1749 4463 2072 4535 prtedicator

494 4560 713 4617 allectus
759 4561 1030 4615 diceretur
1061 4557 1297 4622 Paulus,
1346 4556 1401 4611 id
1458 4564 1541 4611 est
1599 4555 1818 4610 humilis
1867 4553 2066 4608 Christi

495 4653 787 4722 discipulus
812 4650 1067 4720 Apostoli.
1096 4647 1376 4719 A,.ostolus
1409 4646 1612 4713 Graece,
1652 4646 1842 4701 Latine
1870 4645 2070 4699 dicitur

495 4750 702 4802 missus.
732 4747 797 4801 Et
839 4747 939 4801 iste
967 4740 1170 4801 audivit
1210 4761 1241 4800 a
1274 4744 1500 4800 Domino
1530 4760 1545 4795 :
1571 4743 1752 4813 Longe
1782 4742 1986 4796 mittam
2019 4751 2070 4796 te

496 4839 561 4892 ad
582 4846 765 4908 gentes
787 4837 923 4908 (Act.
943 4836 1096 4907 un).
1115 4835 1492 4905 Apostolorum
1520 4844 1700 4889 autem
1728 4848 1925 4905 genera
1947 4842 2072 4889 sunt

495 4941 745 5003 quatuor.
782 4930 1019 4985 Primum
1044 4939 1126 4984 est
1149 4930 1292 4999 quod
1324 4942 1424 4982 nec
1448 4927 1516 4981 ab
1542 4927 1849 4982 hominibus
1874 4927 1935 4981 lit
1973 4943 2071 4981 nec

496 5042 591 5097 per
634 5026 925 5087 hominem,
955 5025 1048 5079 sed
1095 5039 1123 5076 a
1168 5023 1278 5077 Deo
1315 5021 1705 5084 tantummodo,
1739 5021 1807 5075 de
1841 5034 2069 5091 quorum

499 5131 722 5173 numero
768 5116 986 5170 fuerunt
1027 5114 1268 5184 Moyses,
1334 5111 1499 5167 Isaias
1545 5112 1741 5182 aliique
1792 5110 2042 5182 quamplu

501 5209 620 5263 rimi
668 5208 1087 5279 prophetarum,
1121 5203 1400 5258 duodecim
1447 5216 1659 5272 quoque
1700 5201 1950 5273 apostoli,
1978 5201 2070 5270 qui

499 5300 745 5369 quamvis
772 5298 839 5352 ab
868 5295 1084 5351 homine
1110 5292 1326 5349 Christo
1348 5303 1529 5349 essent
1556 5293 1728 5357 missi,
1753 5301 1931 5346 tamen
1957 5292 2072 5361 ipse

502 5398 664 5449 homo
706 5400 824 5447 erat
870 5399 924 5446 et
966 5403 1128 5444 verus
1147 5388 1304 5443 Deus.
1340 5385 1508 5457 Moysi
1551 5400 1680 5456 ergo
1710 5385 1909 5439 dictum
1947 5392 2069 5440 est:

506 5486 709 5539 Mittunt
741 5494 789 5537 te
820 5476 888 5536 ad
912 5478 1245 5534 Pharaonem
1274 5476 1468 5546 (Exod.
1499 5475 1605 5543 ιιι).
1641 5472 1790 5527 Isaia:
1817 5488 2028 5543 quoque
2054 5490 2070 5526 :

501 5576 667 5641 Quem
696 5573 937 5628 mittam?
960 5572 1147 5641 etquis
1175 5569 1265 5623 ibit
1293 5567 1481 5621 nobis?
1507 5566 1572 5619 Et
1612 5563 1700 5618 ille
1730 5581 1742 5616 :
1775 5563 1908 5617 Ecce
1955 5580 2071 5633 ego,

501 5668 646 5722 mitte
694 5674 813 5730 me,
865 5675 920 5719 et
965 5662 1266 5716 Dominus:
1306 5657 1451 5712 Vade
1500 5657 1570 5711 ad
1618 5654 1864 5725 populum
1912 5657 2071 5710 istum

504 5757 637 5826 (Ian.
670 5758 762 5828 vi).
817 5753 1121 5810 Secundum
1162 5750 1377 5821 quidem
1422 5750 1563 5818 quod
1608 5763 1636 5801 a
1678 5746 1787 5802 Deo
1823 5754 1934 5814 est,
1978 5746 2073 5802 sed

504 5864 600 5918 per
630 5846 901 5904 hominem
937 5863 947 5899 :
981 5844 1048 5899 de
1086 5859 1310 5914 quorum
1356 5856 1582 5898 numero
1633 5842 1839 5896 exstitit
1880 5838 2075 5905 Iosue,

2098 4606 2147 4665 D

2173 3369 2359 3424 dentes
2385 3371 2437 3424 iu
2467 3372 2711 3440 partibus
2744 3373 2911 3430 Italia).
2954 3374 3290 3432 habitabant.
3322 3377 3762 3448 lnterpretantur

2172 3469 2350 3516 autem
2380 3461 2608 3517 Rontani
2636 3462 2880 3518 sublimes
2917 3464 3031 3521 sive
3064 3474 3321 3533 tonantes,
3344 3467 3471 3537 quia
3499 3466 3595 3521 illo
3626 3477 3764 3522 tem-

2172 3566 2299 3620 pore
2325 3568 2430 3620 quo
2454 3552 2742 3622 Apostolus
2767 3555 2906 3610 hanc
2926 3552 3221 3624 Epistolam
3247 3556 3330 3612 eis
3350 3556 3519 3622 misit,
3541 3558 3763 3613 cunctis

2172 3644 2420 3716 gentibus
2455 3645 2918 3714 principabantur.
2950 3646 3181 3718 Ideoque
3220 3648 3563 3705 sublimiores
3600 3661 3764 3705 erant

2170 3734 2421 3790 omnibus
2479 3736 2722 3805 populis,
2763 3745 2820 3792 et
2862 3737 3178 3794 intonabant
3231 3749 3498 3812 praecepta
3535 3741 3760 3811 publica

2171 3833 2224 3879 et
2263 3825 2507 3895 privata,
2550 3842 2844 3900 eorumque
2890 3828 3031 3885 fama
3078 3833 3132 3886 in
3179 3833 3420 3888 omnium
3470 3833 3761 3890 hominum

2174 3917 2461 3972 resonabat
2484 3933 2599 3974 ore.

2584 4040 2587 4041 ί
2687 4056 2914 4122 CAPUT
2953 4059 3241 4123 PRIMUM.

2244 4191 2449 4253 Paulus
2491 4213 2670 4252 servus
2716 4192 2850 4251 Jesu
2899 4195 3115 4252 Christi.
3164 4192 3237 4253 De
3264 4200 3480 4255 nondne
3509 4201 3754 4272 Apostoli

2166 4290 2278 4359 jam
2315 4290 2564 4358 superius
2591 4289 2790 4344 dictum
2818 4297 2901 4345 est
2930 4306 2943 4343 :
2975 4291 3068 4346 sed
3111 4292 3457 4360 quterendum
3494 4301 3580 4348 est
3628 4311 3752 4351 cum

2172 4380 2432 4440 Dominus
2475 4384 2619 4438 dicat
2659 4400 2673 4436 :
2717 4380 2836 4437 iam
2884 4398 2989 4438 non
3035 4382 3210 4443 dicam
3255 4393 3353 4441 vos
3401 4400 3613 4453 servos,
3660 4391 3753 4444 sed

2172 4473 2379 4529 amicos
2406 4486 2554 4529 meos
2580 4473 2763 4545 (Joan.
2797 4474 2907 4545 xv),
2939 4489 3107 4545 quare
3126 4475 3418 4545 Apostolus
3445 4490 3506 4533 se
3531 4493 3752 4534 servum

2173 4561 2418 4632 appellet.
2451 4563 2532 4616 Ad
2576 4563 2720 4633 quod
2758 4563 3043 4618 dicendum
3066 4562 3174 4619 duo
3198 4577 3397 4636 genera
3422 4580 3544 4622 esse
3578 4569 3755 4622 servi-

2175 4654 2303 4708 tutis
2333 4672 2346 4707 :
2375 4669 2540 4708 unum
2586 4652 2837 4709 videlicet
2867 4654 3098 4721 timoris,
3126 4655 3355 4713 alterum
3391 4658 3615 4714 amoris.
3663 4661 3757 4716 Est

2171 4748 2388 4816 quidem
2423 4747 2654 4801 servitus
2679 4748 2910 4812 timoris,
2946 4762 3051 4817 qua
3073 4749 3228 4804 timet
3260 4755 3453 4807 servus
3473 4752 3755 4807 dominum

2175 4853 2356 4897 suum.
2388 4838 2586 4892 timens
2623 4837 2693 4892 ab
2727 4852 2790 4892 eo
2817 4837 3074 4905 ﬂagellari
3096 4840 3141 4895 si
3170 4854 3269 4910 per
3293 4842 3473 4898 omnia
3503 4844 3624 4915 ejus
3659 4862 3754 4899 vo-

2174 4928 2364 4982 luntati
2409 4943 2513 4983 non
2561 4930 2844 4984 obedierit.
2876 4929 2942 4985 Et
2971 4939 3052 4986 est
3096 4934 3331 4990 servitus
3372 4936 3574 4992 amoris
3624 4937 3759 4992 lilia-

2176 5022 2462 5091 tionisque,
2496 5036 2601 5090 qua
2642 5023 2809 5076 servit
2852 5022 3025 5077 bonus
3055 5022 3198 5079 ﬁlius
3224 5024 3387 5094 patri,
3410 5027 3612 5083 timens
3641 5031 3759 5100 ejus

2179 5110 2472 5176 offensam,
2518 5124 2627 5180 quo
2670 5112 2878 5168 scilicet
2922 5125 3118 5182 genere
3167 5116 3445 5170 servitutis
3485 5130 3653 5172 vocat
3703 5134 3759 5173 se

2178 5201 2465 5271 Apostolus
2494 5216 2707 5257 servum
2748 5201 2873 5258 .iesu
2914 5198 3136 5260 Christi.
3168 5206 3245 5262 De
3280 5216 3387 5276 qua
3418 5216 3472 5263 et
3500 5209 3621 5279 ipse
3660 5211 3741 5265 Do

2182 5294 2357 5347 minus
2384 5292 2459 5347 ait
2487 5308 2501 5347 :
2528 5290 2658 5347 Cum
2701 5293 2928 5362 feceritis
2972 5296 3151 5350 omnia
3180 5312 3297 5367 qua:
3336 5309 3594 5370 prmtepta
3636 5313 3760 5355 sunt

2180 5382 2343 5446 vobis,
2374 5383 2549 5448 dicite,
2574 5380 2718 5436 Servi
2747 5383 2954 5437 inutiles
2973 5400 3153 5441 sumus
3176 5386 3324 5457 (Luc.
3354 5389 3509 5460 xvn).
3537 5388 3654 5446 Hoc
3680 5402 3761 5447 est

2181 5488 2290 5527 non
2335 5488 2527 5528 servus
2572 5474 2777 5529 timoris
2803 5482 2859 5528 et
2889 5487 3083 5543 pinnae,
3119 5476 3213 5531 sed
3242 5486 3432 5534 servos
3465 5483 3677 5536 amoris
3708 5492 3764 5536 et

2181 5564 2488 5629 ﬁliationis,
2524 5580 2665 5636 quo,
2710 5568 2775 5621 ad
2824 5567 2996 5623 instar
3033 5567 3167 5635 lilii,
3207 5583 3313 5624 non
3345 5570 3458 5625 vult
3485 5570 3763 5628 oﬁ'endere

2180 5655 2454 5711 Christum
2480 5657 2627 5711 Jesu.
2654 5657 2766 5711 Hoc
2792 5672 2985 5712 nomen
3014 5668 3095 5714 est
3120 5660 3190 5714 ab
3213 5660 3405 5729 angelo
3434 5662 3761 5716 humanitati

2172 5747 2513 5818 impositum,
2546 5750 2759 5804 dicente
2781 5751 2845 5804 ad
2868 5751 3093 5805 Mariam
3125 5767 3140 5805 :
3176 5750 3394 5807 Vocabis
3431 5768 3620 5807 nomen
3646 5756 3763 5823 ejus

2183 5840 2362 5896 Iesum
2393 5840 2543 5911 (Luc.
2577 5858 2621 5906 ις
2659 5841 2885 5907 Ιδιι.ιοιι;
2920 5841 3107 5898 Matth.
3137 5844 3369 5914 t).Jesus
3390 5844 3536 5899 enim
3567 5846 3765 5900 latino

3556 6447 3936 6458 jﬁ-ﬁ—T
