3950 6456
216 450 337 509 ’365¹

897 449 1261 511 EXPOSITIO
1293 452 1358 507 IN
1397 450 1547 508 EPP.
1587 448 1645 506 S.
1687 450 1909 507 PAULI.
1947 481 2017 491 --
2054 450 2124 505 IN
2163 451 2379 508 EPIST.
2417 452 2515 508 AD
2551 451 2719 509 ηοω.

3368 456 3484 513 366

216 567 430 641 eloquio
474 568 705 623 salvator
758 566 842 623 vel
884 568 1135 625 salutaris
1182 567 1586 636 interpretatur.
1633 563 1800 633 Cujus
1829 572 1873 626 Α
1903 563 2221 629 electorum,
2261 565 2661 624 damnationem
2704 568 3076 639 reproborum.
3106 569 3191 625 Ad
3225 570 3330 627 ista
3370 580 3487 633 om.

218 661 452 718 nominis
473 660 850 733 etymologiam
875 674 1151 731 exponens
1193 660 1434 732 angelus,
1465 659 1601 714 dixit
1628 673 1644 713 :
1674 657 1795 728 Ipse

217 755 353 809 enim
393 750 594 807 salvum
624 751 779 821 faciet
807 750 1053 821 populum
1091 764 1245 805 suum
1271 770 1303 806 a
1336 752 1561 819 peccatis
1590 763 1793 805 eorum.

217 843 273 900 Si
316 856 448 899 vero
489 850 686 897 nomen
736 828 1031 919 divinitatis
1071 832 1213 896 illius
1252 840 1517 910 requiris,
1559 840 1795 896 Verbum

216 934 393 990 Patris
416 936 664 989 vocatur.
702 928 970 997 Christus,
1010 928 1220 999 Graece,
1244 932 1436 988 Latine
1473 934 1674 990 dicitur
1699 948 1797 989 una

216 1041 350 1095 ctus,
376 1029 638 1084 Hebraice
658 1027 873 1083 messias
899 1043 916 1080 :
945 1026 1208 1096 siquidem
1234 1036 1427 1083 unctus
1446 1035 1529 1084 est
1550 1028 1666 1100 ipse
1686 1039 1796 1083 non

213 1120 331 1174 oleo
355 1108 573 1184 visibili,
606 1117 700 1173 sed
730 1108 849 1172 oleo
878 1116 1156 1183 invisibili,
1187 1117 1520 1188 plenitudine
1545 1102 1798 1173 videlicet

215 1212 454 1283 Spiritus
496 1195 691 1266 sancti.
739 1209 812 1264 De
853 1224 959 1279 qna
995 1208 1251 1264 unctione
1300 1210 1431 1264 dicit
1465 1193 1794 1265 Psalmista:

217 1304 379 1361 Unxit
420 1313 470 1359 te
512 1290 685 1369 Deus,
724 1304 862 1362 Deus
895 1315 1018 1357 tuus
1054 1302 1165 1357 oleo
1193 1294 1392 1357 la’titia:
1421 1301 1593 1373 (Psal.
1626 1300 1795 1371 itm);

212 1398 345 1453 Aliis
375 1385 476 1453 fuit
506 1397 636 1452 olim
666 1395 989 1463 adjectivum
1032 1395 1139 1451 hoe
1171 1410 1392 1460 nomen,
1425 1395 1797 1449 sacerdotibus

210 1482 478 1553 videlicet,
508 1488 725 1564 regibus
752 1494 806 1542 et
834 1486 1257 1567 proplletis,sed
1300 1484 1425 1540 Iesu
1469 1481 1671 1539 factum
1715 1480 1798 1539 est

210 1579 488 1649 proprium
520 1593 536 1631 :
586 1575 810 1633 Vocatus
831 1575 1118 1648 apostolus.
1144 1576 1240 1632 Est
1266 1577 1479 1632 voeatio
1504 1576 1793 1648 generalis;

208 1672 276 1725 de
302 1676 410 1741 qua
439 1670 679 1726 dicitur:
713 1656 867 1724 Multi
913 1678 1033 1724 sunt
1079 1670 1271 1731 uocati,
1300 1670 1454 1750 pauci
1493 1670 1611 1722 uero
1649 1666 1797 1750 electi

215 1761 432 1831 (Matth.
463 1761 574 1832 xx);
613 1759 679 1814 Et
704 1769 788 1815 est
816 1758 1094 1832 specialis,
1134 1758 1201 1814 de
1239 1774 1345 1829 qua
1375 1741 1519 1813 idem
1553 1758 1631 1812 an
1654 1741 1800 1826 Apo-

209 1853 380 1909 stolus
408 1850 639 1921 quodam
680 1846 799 1907 loco
830 1854 843 1905 ξ
874 1851 1018 1917 Quos
1045 1852 1262 1916 vacavit,
1292 1851 1386 1905 hos
1416 1859 1464 1905 et
1484 1849 1798 1921 iustiﬁcam

1884 653 1987 708 .nia
2022 654 2365 723 praedicanda
2399 666 2710 728 segregatus
2735 668 2820 715 est
2849 659 3156 731 Apostolus.
3181 658 3481 733 Sequitur:

1970 743 2127 811 Quod
2179 754 2303 800 ante
2338 749 2650 816 promiserat
2690 752 2784 820 per
2828 754 3105 825 prophetas
3140 770 3284 812 ms.
3328 753 3485 813 Stetit

1901 838 2151 906 promisit
2178 836 2321 893 Deus
2350 830 2513 893 Pater
2542 844 2641 910 per
2665 824 2958 912 prophetas
2983 824 3183 905 Filium
3221 860 3381 904 etaim
3412 848 3483 904 ad

1901 926 2128 982 salutem
2155 928 2376 983 humani
2407 930 2621 998 generis
2648 930 2703 986 in
2726 934 2985 991 mundum
3026 950 3148 992 esse
3170 932 3480 1000 venturum.

1898 1022 1979 1077 sic
2006 1022 2255 1093 promisit
2275 1030 2333 1079 et
2359 1033 2608 1081 sanetum
2623 1023 2994 1097 Evangeiiuiil‘;
3009 1028 3319 1087 Notandum

1899 1112 2028 1183 quia
2075 1128 2200 1170 cum
2241 1112 2466 1172 dixisset
2502 1131 2596 1186 per
2632 1116 2941 1188 prophetas;
2970 1119 3152 1175 statim
3198 1116 3487 1181 sdbinhdit

1897 1218 2023 1260 suos
2045 1222 2064 1271 ;
2086 1208 2363 1276 prophetae
2388 1207 2531 1265 enim
2578 1207 2775 1264 numen
2814 1223 3103 1266 commune
3125 1217 3228 1277 est,
3258 1219 3323 1270 et
3341 1196 3485 1271 acet-‘-

1901 1298 2048 1366 pitur
2077 1297 2365 1369 aliquando
2388 1313 2488 1369 pro
2512 1299 2677 1363 bene,
2708 1299 2998 1370 aliquando
3029 1304 3129 1371 pro
3154 1303 3318 1360 malo.
3344 1305 3482 1364 Nam

1898 1390 2040 1445 sicut
2076 1384 2296 1445 fuerunt
2327 1391 2378 1445 in
2406 1389 2587 1447 Veteri
2629 1389 2975 1449 Testame‘nﬂt
3019 1392 3296 1466 propheta
3327 1397 3483 1463 boni;

1898 1480 1991 1550 qui
2030 1472 2234 1549 Spiritu
2267 1489 2459 1536 sancto
2499 1478 2667 1535 afﬂati
2713 1479 2883 1537 multa
2925 1468 3316 1557 mysteria’sibl
3340 1484 3484 1544 (iii-

1898 1569 2045 1626 nitus
2065 1578 2282 1627 ostensa
2305 1573 2691 1642 priedixerunt,
2722 1574 2797 1631 ita
2818 1573 3118 1633 fueruntet
3149 1559 3271 1634 falsi
3296 1578 3490 1635 dicen-

1901 1668 1981 1717 tes
2008 1680 2021 1716 :
2049 1662 2173 1720 Haec
2195 1662 2328 1720 dicit
2364 1665 2642 1731 Dominus,
2671 1681 2795 1722 cum
2825 1668 3084 1726 Dominae
3120 1685 3231 1726 non
3270 1651 3485 1727 miserit

1865 1828 1871 1834 _
1897 1753 2014 1809 eos.
2038 1751 2193 1811 Unde
2213 1762 2268 1810 et
2287 1770 2387 1827 per
2625 1750 2860 1814 dicitur:
2885 1756 2958 1813 Et
2975 1758 3225 1831 propheta
3253 1750 3485 1839 loquens

1899 1844 2227 1901 mendacium
2249 1844 2359 1917 ipse
2377 1855 2454 1902 est
2472 1835 2643 1901 cauda
2665 1846 2801 1920 (Isa.
2820 1847 2919 1920 lx);
2936 1847 3053 1906 Non
3074 1856 3203 1923 ergo
3225 1848 3324 1931 iter
3350 1835 3485 1910 isto-

211 1946 394 2019 (Rom.
434 1945 578 2017 'vnl),
627 1945 922 2000 secundum
975 1956 1137 2014 quam
1193 1952 1418 1999 vocatus
1469 1936 1555 1999 est
1598 1934 1803 1997 Paulus
1834 1939 1877 1997 ll
1903 1944 2027 1993 rum
2051 1938 2145 1995 ora
2164 1939 2416 2010 premisit
2434 1937 2804 2024 Evangelium',
2827 1940 2922 1997 sed
2942 1942 3124 2024 potius
3147 1946 3245 2014 per
3267 1943 3482 2024 illorum

213 2039 505 2111 apostolus,
535 2039 589 2094 id
627 2036 711 2093 est
757 2039 967 2092 ntissus.
1012 2037 1317 2093 Notandum
1367 2037 1548 2091 autem
1595 2035 1800 2092 idcirco

162 2150 165 2155 ·
219 2142 411 2186 nomen
462 2114 794 2201 apostolatus
842 2130 910 2186 ab
956 2128 1215 2200 Apostolo
1269 2113 1323 2183 in
1378 2125 1630 2184 omnibus
1680 2140 1802 2182 esse

213 2222 445 2293 positum
482 2218 759 2291 Epistolis,
788 2228 851 2276 ut
896 2204 1119 2292 majoris
1157 2202 1383 2275 honoris
1431 2226 1487 2273 et
1525 2214 1803 2287 dignitatis

209 2323 392 2370 essent
419 2296 535 2384 eius
566 2302 825 2385 Epistolas
866 2313 1006 2383 apud
1048 2306 1347 2367 auditores.
1379 2302 1717 2382 Segregatus,
1746 2307 1800 2365 id

203 2420 290 2464 est
314 2396 521 2465 electus
548 2410 615 2465 ad
650 2391 1000 2480 Evangelium
1028 2404 1455 2477 prcedicandum.
1485 2391 1582 2460 Vel
1613 2404 1801 2474 Segree

202 2514 383 2573 gatus,
416 2488 469 2557 id
510 2510 593 2557 est
631 2517 660 2557 a
701 2511 863 2573 grege
895 2503 1199 2572 separatus,
1233 2514 1263 2554 a
1303 2494 1515 2555 caeteris
1548 2487 1800 2553 videlicet

156 2611 161 2616 ’
200 2582 508 2666 discipulis,
533 2596 642 2649 non
668 2601 848 2649 mente
877 2594 970 2649 sed
994 2596 1245 2663 corpore,
1271 2591 1397 2662 quia
1427 2606 1523 2645 cor
1551 2604 1717 2645 unum
1743 2598 1801 2647 et

198 2688 440 2743 animam
472 2703 631 2741 unam
663 2676 901 2741 habebat
926 2699 1049 2740 cum
1080 2684 1314 2739 caeteris.
1356 2682 1682 2761 Segregatus
1712 2671 1800 2736 est

195 2794 434 2851 corpore
462 2764 530 2833 ab
559 2778 698 2843 aliis,
732 2770 938 2848 Spiritu
970 2783 1161 2833 saneto
1186 2768 1536 2846 praecipiente
1564 2792 1577 2828 :
1607 2754 1796 2844 Segre-

192 2883 321 2946 gate
345 2856 473 2927 milli
515 2870 817 2926 Barnabam
855 2880 905 2925 et
933 2856 1169 2924 Paulum
1206 2868 1343 2939 (Aet.
1367 2866 1512 2934 xtll),
1540 2875 1596 2924 et
1632 2866 1798 2923 desti'

193 2973 362 3020 natus
410 2961 494 3020 est
534 2963 789 3034 gentibus
824 2962 998 3017 mnos
1043 2962 1194 3017 orbis
1242 2962 1587 3032 prmdicator.
1628 2959 1795 3016 Verbi

190 3059 419 3129 gratia:
456 3050 607 3113 Sicut
646 3058 810 3112 homo
849 3054 1091 3111 extendit
1134 3055 1418 3111 brachium
1462 3054 1527 3109 ad
1569 3068 1798 3124 operan-

188 3150 371 3215 dum,
419 3157 476 3205 et
520 3155 699 3203 tamen
751 3163 858 3203 non
918 3147 1120 3202 idcirco
1165 3144 1480 3215 praeciditur
1516 3159 1546 3200 a
1584 3144 1796 3215 reliquo

186 3257 451 3314 corpore,
480 3242 553 3296 ita
584 3240 785 3296 Paulus
814 3238 1091 3309 apostolus
1122 3238 1423 3294 destinatus
1457 3246 1541 3293 est
1567 3236 1783 3308 quidem

1903 2042 2039 2100 quos
2064 2029 2181 2100 ipse
2219 2031 2274 2088 in
2301 2022 2530 2087 veritate
2572 2010 2739 2087 misit.
2771 2010 2925 2088 Unde
2943 2010 3059 2102 per
3077 2010 3373 2091 leiémiam
3400 2035 3485 2091 di:-

1902 2123 1977 2179 eit
2002 2140 2016 2178 :
2044 2122 2353 2194 Disponam,
2379 2123 2648 2193 inquiens;
2672 2106 2854 2179 domui
2880 2123 3044 2181 lsrael
3063 2134 3122 2181 et
3140 2124 3323 2182 domiti
3340 2114 3482 2204 ludi

1904 2206 2309 2270 Testamentum
2337 2213 2545 2270 Novum
2569 2215 2704 2285 (Jer.
2725 2215 2901 2289 xm),
2931 2216 2984 2272 id
3006 2225 3091 2273 est
3110 2216 3484 2289 Evangeliitm.

1904 2303 1970 2361 Et
2018 2306 2214 2362 iterum
2241 2323 2255 2361 :
2283 2294 2517 2373 Fet‘iam,
2544 2305 2737 2378 inquit,
2768 2307 3047 2364 vobiscum
3091 2315 3307 2380 pactum
3336 2307 3481 2367 θεῶ-λ

1901 2401 2176 2472 piternum
2202 2398 2419 2475 (μω).
2458 2401 2743 2458 Psalmista
2785 2404 3019 2475 qucque,
3052 2405 3142 2474 qui
3170 2400 3343 2477 legem
3374 2404 3487 2461 Me:

1902 2493 2107 2549 saicam
2151 2490 2407 2575 habebat,
2440 2496 2702 2551 eitbr'abat
2729 2494 2954 2552 dicens:
2989 2478 3183 2569 Legem
3204 2479 3486 2571 Evangelii

1898 2585 2168 2641 constitue
2191 2585 2327 2641 mihi
2355 2583 2529 2656 (Psal.
2554 2588 2764 2659 exiuit);
2790 2586 2858 2642 In
2881 2586 3171 2661 Scripturts
3194 2588 3390 2647 canuit
3418 2591 3485 2646 de

1898 2681 2042 2739 Filio
2081 2690 2197 2740 suo.
2242 2684 2380 2741 Sunt
2403 2668 2686 2758 scripturis
2716 2687 2826 2744 non
2851 2686 3073 2756 sancite,
3099 2680 3157 2745 ut
3190 2688 3315 2747 sunt
3341 2690 3486 2747 dicta

1897 2775 2341 2846 philosophorum
2366 2818 2383 2843 ,
2420 2776 2669 2851 [Platonis
2711 2793 2806 2836 seu
2856 2779 3198 2848 Aristotelis,
3241 2783 3484 2838 earminzi

1895 2876 2212 2939 poetarum,
2237 2866 2461 2925 Homeri
2506 2884 2602 2927 seu
2634 2871 2878 2944 Virgilii,
2923 2873 3265 2947 aliorumque
3299 2874 3486 2947 poetaé

1897 2972 2018 3011 rum
2068 2959 2370 3028 gentilium.
2402 2958 2697 3031 Scriptum
2742 2978 2872 3019 vero
2906 2973 3111 3022 sancta:
3148 2956 3488 3040 appellantur

1895 3046 1981 3101 lex
1998 3056 2053 3103 et
2071 3049 2347 3119 prophetae
2372 3058 2534 3121 atque
2554 3052 2907 3125 psalmi,quia
2932 3056 3275 3114 sanetlticant
3293 3060 3483 3117 obseré

1893 3140 2137 3195 rationes
2196 3156 2358 3210 snas,
2392 3142 2728 3213 prohibendo
2771 3142 2905 3200 vitia
2948 3152 3003 3202 et
3053 3151 3486 3209 comme'ndan‘dd

1892 3230 2141 3286 virtutes.
2165 3230 2296 3300 Qua:
2329 3232 2627 3305 Scripturae
2660 3242 2860 3290 sanctae
2894 3236 2981 3292 vel
3013 3236 3364 3309 Euangelium
3415 3244 3484 3298 de

184 3305 452 3411 gen-tibus
477 3333 543 3389 ad
569 3305 993 3404 praedicandum,
1018 3329 1110 3385 sed
1143 3338 1319 3384 tamen
1346 3332 1450 3384 non
1478 3305 1599 3385 ideo
1624 3341 1750 3399 sepa
1767 3338 1783 3369 λ
1812 3305 1857 3368 C
1902 3310 2042 3380 Filio
2070 3319 2268 3389 Patris,
2297 3324 2350 3380 id
2373 3332 2458 3381 εει
2474 3326 2543 3382 de
2563 3324 2782 3383 Christo
2801 3335 2947 3396 sunt,
2970 3330 3093 3401 quia
3118 3305 3267 3413 illum
3288 3333 3471 3389 annuit

185 3436 354 3484 ratus
378 3432 463 3482 est
486 3423 758 3509 a'creteris
794 3422 1052 3493 apostolis
1087 3424 1270 3475 mente
1306 3426 1362 3476 et
1395 3419 1683 3477 desiderio.
1716 3419 1785 3473 Et
1888 3413 2045 3471 tiant.
2104 3414 2256 3473 Multi
2289 3416 2507 3489 quidem
2549 3426 2677 3474 sunt
2712 3418 2807 3475 lilii
2848 3418 2944 3475 Dei
2986 3420 3283 3478 secundum
3324 3424 3468 3496 adop

183 3534 324 3574 cum
356 3504 549 3587 reliqui
589 3514 814 3585 apostoli
856 3513 1081 3584 singulis
1121 3514 1173 3568 in
1202 3506 1337 3568 locis
1377 3504 1782 3592 prmdicassent,

182 3619 242 3665 et
273 3607 488 3680 singula
543 3616 707 3677 regna
742 3604 1060 3667 tenuissent,
1093 3602 1245 3659 verbi
1278 3603 1448 3675 gratia
1499 3602 1788 3659 :Anllreas

184 3679 482 3765 Achaiam,
531 3679 766 3755 Thomas
801 3681 1047 3775 ‘lndiam,
1094 3687 1379 3755 Matthmus
1423 3690 1787 3765 Etlliopiam,

188 3786 287 3851 ille
321 3793 574 3849 omnibus
600 3791 853 3863 gentibus
889 3780 945 3845 et
970 3789 1223 3845 omnibus
1248 3785 1429 3858 regnis
1465 3781 1790 3863 prtedicator

186 3886 437 3952 exstitit;
466 3861 623 3940 unde
652 3866 766 3955 ipse
806 3882 939 3937 dicit
969 3899 982 3935 :
1012 3880 1116 3948 Qui
1148 3884 1392 3951 operatus
1428 3890 1501 3934 est
1534 3861 1689 3934 Petro
1736 3881 1792 3957 in

183 3976 549 4049 apostolatu’m
611 3968 1064 4035 cir'cumcisionis',
1120 3980 1369 4042 operatus
1426 3979 1503 4024 est
1561 3962 1612 4024 et
1665 3966 1792 4024 mihi

183 4048 336 4123 inter
374 4074 547 4136 gentes
569 4064 711 4133 (Gal.
743 4066 828 4133 ιι).
861 4062 1012 4129 Quod
1044 4063 1148 4119 tale
1189 4072 1273 4119 est
1298 4079 1361 4118 ac
1390 4048 1437 4119 si
1467 4060 1796 4139 aliislverbis

184 4161 405 4215 diceret
443 4159 455 4211 ἑ
495 4152 594 4224 Qui
642 4143 859 4210 Petrum
901 4155 1183 4211 constituit
1228 4156 1544 4224 magistrum
1585 4148 1796 4209 Iudaic-

184 4264 342 4315 rnm,
378 4264 463 4303 me
501 4248 717 4317 quoque
762 4245 1081 4317 magistrum
1113 4230 1280 4300 voluit
1314 4244 1593 4316 przeliCere
1619 4245 1797 4300 omni—

182 4344 299 4397 llus
324 4330 593 4410 gentibus.
627 4338 695 4393 In
727 4337 1072 4408 Evangelium
1106 4336 1221 4393 Dei.
1249 4324 1461 4393 Marcus
1499 4334 1649 4415 dicit,
1683 4334 1797 4390 Ini-

182 4433 331 4486 tium
375 4428 651 4499 Evangelii
697 4418 829 4483 Iesu
872 4419 1105 4507 Christi,
1148 4428 1249 4484 iste
1290 4427 1514 4484 econtra
1546 4422 1796 4497 Evange-

180 4516 330 4576 lium
363 4514 458 4576 Dei
502 4512 683 4575 Patris
721 4535 843 4576 esse
887 4510 1139 4575 afﬁrmat.
1169 4520 1346 4589 Quare
1382 4520 1441 4576 tit
1480 4520 1581 4576 iSta
1621 4520 1799 4575 dii-cr.

181 4612 368 4670 sitas?
395 4611 565 4680 Quia,
609 4621 670 4666 ut
706 4599 875 4665 Filius
915 4611 1013 4676 ait,
1043 4613 1227 4666 omnia
1274 4603 1457 4666 Patris
1504 4610 1601 4666 sua
1646 4618 1793 4677 sunt,

1888 3508 2109 3574 tionem,
2140 3509 2206 3565 de
2229 3509 2425 3580 quibus
2461 3507 2696 3567 Joannes
2727 3510 2897 3568 dicit:
2922 3512 3057 3581 Quia
3093 3523 3345 3587 quotquot
3387 3527 3490 3571 re-L'

1891 3612 2136 3671 ceperunt
2176 3616 2329 3670 eum,
2380 3601 2523 3658 dedit
2574 3604 2649 3659 eis
2694 3613 3001 3676 potestatem
3048 3608 3190 3677 ﬁlios
3232 3607 3332 3664 Dei
3368 3609 3487 3679 ﬁeri

1893 3692 2073 3765 (Joan.
2106 3693 2171 3766 t),
2201 3694 2296 3750 sed
2321 3711 2465 3752 unus
2492 3702 2576 3753 est
2609 3698 2863 3782 proprius
2890 3699 3263 3771 naturalisque
3300 3701 3488 3758 Domi-

1893 3803 1997 3843 nus
2025 3786 2184 3843 Jesns
2211 3788 2491 3855 Christus;
2536 3791 2603 3847 de
2629 3806 2737 3861 quo
2760 3789 2875 3861 ipse
2907 3790 3073 3848 Pater
3099 3811 3112 3846 :
3142 3793 3240 3850 llic
3277 3802 3381 3861 est,
3410 3792 3487 3849 ib:

1894 3878 2031 3948 quit;
2059 3876 2229 3935 Filius
2251 3894 2407 3936 meus
2436 3881 2791 3938 charissimus
2812 3880 3030 3954 (Matth.
3059 3886 3166 3956 lit).
3192 3885 3262 3945 Et
3289 3867 3359 3943 de
3378 3902 3487 3959 quo

1894 3968 2188 4051 Apostolus
2220 3989 2232 4025 :
2263 3972 2354 4043 nui
2382 3972 2554 4042 factus
2599 3982 2672 4029 est
2712 3972 2791 4040 ei,
2831 3973 3035 4045 inquit,
3081 3962 3135 4030 id
3175 3970 3261 4033 est
3306 3994 3336 4034 a
3375 3962 3488 4036 Deo

1894 4058 2057 4114 Patre
2090 4054 2289 4125 Filius,
2339 4077 2405 4116 ex-
2448 4061 2643 4116 semine
2689 4062 2863 4119 David
2915 4065 3201 4120 secundum
3249 4080 3484 4126 summa

1896 4149 2157 4205 Dominus
2184 4147 2341 4206 Jesus
2366 4150 2433 4206 ex
2461 4152 2673 4208 duabus
2698 4154 3035 4220 substantiis,
3063 4154 3248 4212 divina
3279 4158 3492 4217 scilicet

1896 4235 1954 4299 et
1999 4242 2266 4307 humana,-
2299 4243 2353 4299 id
2402 4252 2485 4299 est
2523 4242 2578 4299 in
2623 4245 2833 4302 unitate
2877 4258 3122 4318 personae
3165 4248 3483 4318 subsistens;

1896 4336 2060 4387 Verus
2090 4329 2232 4388 Dens
2258 4341 2338 4389 est
2365 4342 2419 4388 et
2441 4329 2601 4390 teras
2629 4335 2819 4401 homo;
2850 4322 3144 4394 secundum
3170 4340 3315 4412 quod
3338 4340 3485 4399 Deus

1898 4424 2140 4490 est,'nbn
2170 4434 2252 4480 est
2279 4424 2476 4493 factus;
2507 4426 2601 4483 sed
2636 4428 2866 4499 genitus;
2898 4429 3024 4499 quia
3062 4445 3172 4487 non
3208 4440 3295 4489 est
3320 4445 3486 4490 orca:

1900 4519 2051 4580 tura;
2084 4517 2380 4572 secundum
2431 4527 2611 4573 autem
2668 4522 2911 4586 earnem,
2940 4519 3116 4578 iactus
3159 4537 3229 4579 ex
3276 4522 3486 4585 semine

1901 4604 2103 4672 David,
2152 4609 2243 4679 qui
2292 4607 2395 4687 fuit
2440 4610 2508 4664 de
2554 4610 2694 4666 tribu
2725 4609 2881 4666 Juda.
2914 4612 2991 4668 De
3034 4612 3189 4693 cujus
3227 4616 3487 4689 progenie

179 4719 241 4763 ct
292 4721 390 4760 sua
436 4698 647 4769 Patris;
680 4700 908 4772 ideoque
955 4718 1120 4756 unum
1151 4701 1504 4774 Evangelium‘
1549 4699 1790 4756 co'mmn—
1824 4676 1874 4737 Ῑ)
1901 4699 2179 4755 descendit
2218 4684 2528 4756 beatissima
2558 4702 2712 4774 virgo
2753 4703 2938 4768 Maria,
2973 4719 3039 4761 ex
3278 4676 3486 4767 semine

181 4801 340 4854 niter
380 4793 678 4866 possident,
719 4793 772 4847 id
804 4803 887 4847 est
928 4793 1119 4869 bonum
1162 4794 1425 4846 nuntium.
1472 4792 1607 4847 Nam
1652 4791 1794 4846 sicut

182 4904 301 4943 una
328 4886 628 4942 substantia
657 4889 740 4939 est
770 4878 950 4937 Patris
973 4890 1029 4937 et
1067 4880 1212 4947 Filii,
1238 4898 1348 4937 una
1388 4891 1652 4952 potestas,
1683 4882 1789 4935 una

181 4980 393 5042 licitas,
450 4977 525 5031 itit
568 4990 733 5030 unum
780 4960 1130 5047 Evang’elium
1180 4981 1264 5028 est
1316 4974 1496 5028 Patris
1542 4983 1597 5027 et
1642 4968 1786 5027 Filii.

181 5069 338 5138 Quid
390 5082 521 5137 ergo
565 5074 649 5122 est
694 5050 1082 5135 Evangelinm?
1132 5065 1339 5119 Bonum
1395 5060 1678 5126 nuntium,
1732 5055 1793 5116 ut

182 5160 453 5216 diximus.
489 5157 556 5211 Et
590 5156 731 5226 quod
771 5161 855 5210 est
898 5155 1090 5210 melius
1128 5156 1375 5210 nuntium
1415 5156 1578 5225 quam
1610 5152 1789 5208 o'mni-

183 5259 476 5325 potentem
511 5251 676 5304 Deum
706 5245 1029 5303 Trinitatem
1062 5236 1262 5302 habere
1290 5247 1343 5301 in
1373 5246 1639 5329 personis.
1667 5244 1791 5299 nni—

184 5356 369 5401 tatem
401 5343 454 5396 in
487 5340 817 5407 substantia:
855 5339 1071 5394 Patrem
1101 5339 1421 5410 ingenitum,
1444 5335 1639 5391 Filium
1668 5335 1793 5389 uni-

180 5432 737 5508 genitum,Spiritnm
762 5440 1012 5487 sanctum
1037 5431 1421 5508 procedentem
1449 5428 1516 5483 ab
1538 5437 1790 5496 utroque,

180 5506 522 5584 annuntiare
578 5525 917 5580 nativitatem
972 5530 1188 5594 quoque
1243 5506 1445 5579 Christi
1495 5523 1787 5608 secundum

162 5616 537 5675 divinitatem
576 5625 702 5671 ante
739 5616 958 5679 saecula,
987 5614 1284 5671 secundum
1314 5599 1703 5669 humanitatem
1734 5599 1790 5669 in‘

186 5713 304 5770 line
357 5718 694 5778 temporum,
744 5707 1002 5763 miracula
1050 5708 1215 5769 illius,
1244 5707 1572 5778 passionem,-
1609 5716 1790 5762 resnr;

184 5802 519 5865 rectionem,
547 5799 917 5856 ascensionem
966 5799 1035 5853 ad
1081 5799 1277 5864 cretes,
1311 5800 1601 5853 adventum
1644 5798 1788 5854 illius

184 5893 259 5948 ad
306 5890 604 5961 judicium,
654 5890 1105 5946 resurrectionem
1155 5889 1504 5961 generalem,
1557 5889 1785 5961 gloriam

1898 4789 2129 4845 formata
2178 4800 2263 4847 est
2316 4807 2445 4848 caro
2493 4793 2793 4861 Dominica,
2823 4801 2989 4867 opere“
3032 4797 3269 4870 Spiritus
3309 4794 3484 4856 sancti

1900 4869 2157 4935 in'utero
2204 4881 2473 4952 virginali.
2530 4882 2680 4939 Unde
2732 4888 2866 4940 satis
2919 4869 3303 4945 convenienter
3353 4891 3488 4946 dicit

1899 4968 2206 5039 Apostolus,
2231 4972 2357 5041 quia
2382 4972 2553 5042 [actus
2575 4983 2648 5029 est
2679 4975 2788 5030 Deo
2815 4974 2964 5033 Patri
2998 4995 3065 5033 ea:
3094 4980 3288 5035 semine
3310 4975 3486 5036 David

1899 5063 2182 5117 secundum
2204 5080 2437 5131 carnem,
2459 5066 2551 5135 qui
2572 5072 2692 5123 erat
2712 5069 2971 5128 Dominus
2993 5083 3047 5127 et
3070 5081 3290 5131 creator
3307 5055 3483 5131 Βατία

1901 5152 2197 5210 secundum
2225 5156 2589 5213 divinitatem.-
3356 5222 3359 5227 ,

1968 5246 2073 5315 Qui
2100 5251 2503 5326 pra’destinatus
2528 5254 2623 5319 est,
2649 5253 2701 5307 id
2728 5245 2812 5310 est
2839 5236 3234 5325 [inordinatus
3259 5245 3318 5312 et
3344 5253 3484 5326 ἡ)ωὸ

1897 5337 2095 5403 linitus,
2132 5337 2305 5394 Filius
2328 5323 2432 5418 Dei
2470 5342 2524 5395 in
2555 5343 2776 5411 uirtute;
2810 5323 3130 5401 subauditur
3176 5323 3482 5403 divinitatis

1896 5438 1950 5484 et
1973 5428 2024 5482 in
2048 5429 2287 5498 potentia
2311 5428 2494 5496 Verbi.
2525 5445 2556 5486 a
2585 5446 2694 5503 quo
2722 5438 3033 5505 assumptus
3060 5442 3144 5490 est
3170 5434 3289 5504 ipse
3317 5435 3483 5493 beant

1898 5521 1952 5576 in
1993 5522 2199 5597 unitate
2231 5537 2495 5591 personae.
2529 5523 2781 5597 Origines
2817 5526 2950 5582 dicit
2987 5545 3001 5582 :
3033 5525 3136 5595 Qui

1896 5614 1979 5713 est
2004 5611 2172 5713 liilius
2196 5612 2293 5669 Dei
2311 5655 2325 5680 ,
2357 5615 2542 5675 dicens
2567 5617 2825 5705 destinari
2853 5619 3001 5676 illum
3045 5632 3205 5689 posse
3247 5620 3343 5713 Qui
3369 5631 3477 5687 est,-

1894 5706 2267 5778 praidestinari
2291 5708 2383 5780 ἐξυὶ
2413 5716 2520 5767 adn
2544 5709 2646 5766 est.
2670 5701 2740 5766 At
2761 5714 2892 5769 vero
2923 5715 3223 5770 seCuUdutt‘t’
3257 5701 3480 5773 Deﬂuat

1893 5800 2253 5871 Augustinum
2286 5788 2480 5858 melius
2509 5812 2593 5859 est
2620 5804 2904 5861 dicendum
2935 5822 2951 5861 :
2985 5805 3090 5873 Qui
3126 5788 3479 5878 prted'estina:

1894 5892 1978 5947 tus
2006 5894 2080 5947 est
2110 5890 2283 5947 Filius
2324 5891 2448 5958 Dei,
2472 5893 2619 5963 .quia
2665 5910 2770 5950 non
2815 5896 2885 5952 de
2911 5895 3092 5953 Verbo
3126 5897 3363 5970 loquitur
3388 5894 3480 5951 ιιῑε
