  <div class='ocr_page' id='page_1' title='image "/cluster/home/n/w/nwhite01/storage/ocr_20150623/117/hvd.32044015466899/189.png"; bbox 0 0 3950 6518; ppageno 0'>
   <div class='ocr_carea' id='block_1_1' title="bbox 495 459 599 515">
    <p class='ocr_par' dir='ltr' id='par_1_1' title="bbox 495 459 599 515">
     <span class='ocr_line' id='line_1_1' title="bbox 495 459 599 515; baseline -0.029 0"><span class='ocrx_word' id='word_1_1' title='bbox 495 459 599 515; x_wconf 65' lang='grc' dir='ltr'><strong>διε-ι</strong></span> 
     </span>
    </p>
   </div>
   <div class='ocr_carea' id='block_1_2' title="bbox 978 451 3296 517">
    <p class='ocr_par' dir='ltr' id='par_1_2' title="bbox 978 451 3296 517">
     <span class='ocr_line' id='line_1_2' title="bbox 978 451 3296 517; baseline 0 -2"><span class='ocrx_word' id='word_1_2' title='bbox 978 460 1336 517; x_wconf 71' lang='lat' dir='ltr'><strong>BAYMOMS</strong></span> <span class='ocrx_word' id='word_1_3' title='bbox 1372 452 1849 514; x_wconf 72' lang='lat' dir='ltr'><strong>HALBEBSTAT.</strong></span> <span class='ocrx_word' id='word_1_4' title='bbox 1889 451 2102 509; x_wconf 83' lang='lat' dir='ltr'><strong>EPISC.</strong></span> <span class='ocrx_word' id='word_1_5' title='bbox 2143 454 2292 511; x_wconf 81' lang='lat' dir='ltr'><strong>OPP.</strong></span> <span class='ocrx_word' id='word_1_6' title='bbox 2338 459 2516 516; x_wconf 80' lang='lat' dir='ltr'><strong>PARS</strong></span> <span class='ocrx_word' id='word_1_7' title='bbox 2552 460 2597 516; x_wconf 87' lang='grc' dir='ltr'><strong>ι.</strong></span> <span class='ocrx_word' id='word_1_8' title='bbox 2620 490 2690 503; x_wconf 89' lang='lat'><strong>--</strong></span> <span class='ocrx_word' id='word_1_9' title='bbox 2726 458 3083 516; x_wconf 72' lang='lat' dir='ltr'><strong>COMMENT.</strong></span> <span class='ocrx_word' id='word_1_10' title='bbox 3123 456 3296 516; x_wconf 79' lang='lat' dir='ltr'><strong>BIBL.</strong></span> 
     </span>
    </p>
   </div>
   <div class='ocr_carea' id='block_1_3' title="bbox 3655 463 3760 521">
    <p class='ocr_par' dir='ltr' id='par_1_3' title="bbox 3655 463 3760 521">
     <span class='ocr_line' id='line_1_3' title="bbox 3655 463 3760 521; baseline 0 0"><span class='ocrx_word' id='word_1_11' title='bbox 3655 463 3760 521; x_wconf 73' lang='lat'><strong>368</strong></span> 
     </span>
    </p>
   </div>
   <div class='ocr_carea' id='block_1_4' title="bbox 470 573 3761 651">
    <p class='ocr_par' dir='ltr' id='par_1_4' title="bbox 470 573 3761 651">
     <span class='ocr_line' id='line_1_4' title="bbox 470 573 3761 651; baseline 0.002 -20"><span class='ocrx_word' id='word_1_12' title='bbox 470 573 807 645; x_wconf 67' lang='lat' dir='ltr'><strong>-Apostolus,</strong></span> <span class='ocrx_word' id='word_1_13' title='bbox 837 574 931 632; x_wconf 87' lang='lat' dir='ltr'><strong>sed</strong></span> <span class='ocrx_word' id='word_1_14' title='bbox 974 574 1041 630; x_wconf 87' lang='lat' dir='ltr'><strong>de</strong></span> <span class='ocrx_word' id='word_1_15' title='bbox 1084 573 1320 639; x_wconf 84' lang='lat' dir='ltr'><strong>homine,</strong></span> <span class='ocrx_word' id='word_1_16' title='bbox 1351 574 1445 644; x_wconf 98' lang='lat' dir='ltr'><strong>qui</strong></span> <span class='ocrx_word' id='word_1_17' title='bbox 1484 587 1592 629; x_wconf 90' lang='lat' dir='ltr'><strong>non</strong></span> <span class='ocrx_word' id='word_1_18' title='bbox 1630 580 1749 628; x_wconf 86' lang='lat' dir='ltr'><strong>erat</strong></span> <span class='ocrx_word' id='word_1_19' title='bbox 1785 580 2075 642; x_wconf 86' lang='lat' dir='ltr'><strong>antequam</strong></span> <span class='ocrx_word' id='word_1_20' title='bbox 2100 573 2149 635; x_wconf 83' lang='lat' dir='ltr'><strong>A</strong></span> <span class='ocrx_word' id='word_1_21' title='bbox 2181 583 2266 629; x_wconf 87' lang='lat' dir='ltr'><strong>tur</strong></span> <span class='ocrx_word' id='word_1_22' title='bbox 2289 576 2415 645; x_wconf 88' lang='lat' dir='ltr'><strong>quia</strong></span> <span class='ocrx_word' id='word_1_23' title='bbox 2457 577 2599 634; x_wconf 93' lang='lat' dir='ltr'><strong>sicut</strong></span> <span class='ocrx_word' id='word_1_24' title='bbox 2635 593 2788 634; x_wconf 86' lang='lat' dir='ltr'><strong>suam</strong></span> <span class='ocrx_word' id='word_1_25' title='bbox 2829 581 3282 637; x_wconf 75' lang='lat' dir='ltr'><strong>resurrectionem</strong></span> <span class='ocrx_word' id='word_1_26' title='bbox 3317 590 3649 651; x_wconf 74' lang='lat' dir='ltr'><strong>procurant,</strong></span> <span class='ocrx_word' id='word_1_27' title='bbox 3686 583 3761 637; x_wconf 85' lang='lat' dir='ltr'><strong>ita</strong></span> 
     </span>
    </p>
   </div>
   <div class='ocr_carea' id='block_1_5' title="bbox 475 663 2073 734">
    <p class='ocr_par' dir='ltr' id='par_1_5' title="bbox 475 663 2073 734">
     <span class='ocr_line' id='line_1_5' title="bbox 475 663 2073 734; baseline -0.001 -15"><span class='ocrx_word' id='word_1_28' title='bbox 475 666 674 723; x_wconf 57' lang='lat' dir='ltr'><strong>laetus</strong></span> <span class='ocrx_word' id='word_1_29' title='bbox 714 674 877 725; x_wconf 84' lang='lat' dir='ltr'><strong>esset.</strong></span> <span class='ocrx_word' id='word_1_30' title='bbox 908 663 1226 720; x_wconf 83' lang='lat' dir='ltr'><strong>Humanitas</strong></span> <span class='ocrx_word' id='word_1_31' title='bbox 1254 664 1403 720; x_wconf 88' lang='lat' dir='ltr'><strong>enim</strong></span> <span class='ocrx_word' id='word_1_32' title='bbox 1440 678 1563 734; x_wconf 63' lang='lat' dir='ltr'><strong>qua;</strong></span> <span class='ocrx_word' id='word_1_33' title='bbox 1602 679 1712 719; x_wconf 89' lang='lat' dir='ltr'><strong>non</strong></span> <span class='ocrx_word' id='word_1_34' title='bbox 1744 670 1864 719; x_wconf 91' lang='lat' dir='ltr'><strong>erat</strong></span> <span class='ocrx_word' id='word_1_35' title='bbox 1891 671 2073 725; x_wconf 82' lang='lat' dir='ltr'><strong>antea,</strong></span> 
     </span>
    </p>
   </div>
   <div class='ocr_carea' id='block_1_6' title="bbox 470 752 2072 826">
    <p class='ocr_par' dir='ltr' id='par_1_6' title="bbox 470 752 2072 826">
     <span class='ocr_line' id='line_1_6' title="bbox 470 752 2072 826; baseline -0.001 -17"><span class='ocrx_word' id='word_1_36' title='bbox 470 755 1120 826; x_wconf 49' lang='lat' dir='ltr'><strong>:illa‘estxpraedestinata</strong></span> <span class='ocrx_word' id='word_1_37' title='bbox 1147 761 1203 808; x_wconf 92' lang='lat' dir='ltr'><strong>et</strong></span> <span class='ocrx_word' id='word_1_38' title='bbox 1229 752 1513 823; x_wconf 81' lang='lat' dir='ltr'><strong>praeﬁnita,</strong></span> <span class='ocrx_word' id='word_1_39' title='bbox 1545 754 1660 809; x_wconf 86' lang='lat' dir='ltr'><strong>sive</strong></span> <span class='ocrx_word' id='word_1_40' title='bbox 1693 753 2072 825; x_wconf 72' lang='lat' dir='ltr'><strong>praeordinata,</strong></span> 
     </span>
    </p>
   </div>
   <div class='ocr_carea' id='block_1_7' title="bbox 476 847 2073 919">
    <p class='ocr_par' dir='ltr' id='par_1_7' title="bbox 476 847 2073 919">
     <span class='ocr_line' id='line_1_7' title="bbox 476 847 2073 919; baseline -0.001 -13"><span class='ocrx_word' id='word_1_41' title='bbox 476 850 613 907; x_wconf 80' lang='lat' dir='ltr'><strong>sine</strong></span> <span class='ocrx_word' id='word_1_42' title='bbox 654 851 767 905; x_wconf 85' lang='lat' dir='ltr'><strong>suis</strong></span> <span class='ocrx_word' id='word_1_43' title='bbox 796 847 1037 916; x_wconf 9' lang='lat' dir='ltr'><strong>emeritis,</strong></span> <span class='ocrx_word' id='word_1_44' title='bbox 1068 856 1131 903; x_wconf 87' lang='lat' dir='ltr'><strong>ut</strong></span> <span class='ocrx_word' id='word_1_45' title='bbox 1160 847 1333 904; x_wconf 84' lang='lat' dir='ltr'><strong>Filius</strong></span> <span class='ocrx_word' id='word_1_46' title='bbox 1372 849 1466 904; x_wconf 93' lang='lat' dir='ltr'><strong>Dei</strong></span> <span class='ocrx_word' id='word_1_47' title='bbox 1508 858 1681 916; x_wconf 90' lang='lat' dir='ltr'><strong>esset,</strong></span> <span class='ocrx_word' id='word_1_48' title='bbox 1727 856 2003 919; x_wconf 85' lang='lat' dir='ltr'><strong>assumpta</strong></span> <span class='ocrx_word' id='word_1_49' title='bbox 2043 865 2073 905; x_wconf 89' lang='lat' dir='ltr'><strong>a</strong></span> 
     </span>
    </p>
   </div>
   <div class='ocr_carea' id='block_1_8' title="bbox 472 938 2076 1012">
    <p class='ocr_par' dir='ltr' id='par_1_8' title="bbox 472 938 2076 1012">
     <span class='ocr_line' id='line_1_8' title="bbox 472 938 2076 1012; baseline 0.001 -19"><span class='ocrx_word' id='word_1_50' title='bbox 472 938 672 997; x_wconf 79' lang='lat' dir='ltr'><strong>.Verbo</strong></span> <span class='ocrx_word' id='word_1_51' title='bbox 702 940 758 995; x_wconf 90' lang='lat' dir='ltr'><strong>in</strong></span> <span class='ocrx_word' id='word_1_52' title='bbox 800 940 1004 996; x_wconf 86' lang='lat' dir='ltr'><strong>virtute</strong></span> <span class='ocrx_word' id='word_1_53' title='bbox 1026 940 1350 1008; x_wconf 80' lang='lat' dir='ltr'><strong>divinitatis,</strong></span> <span class='ocrx_word' id='word_1_54' title='bbox 1380 950 1436 997; x_wconf 87' lang='lat' dir='ltr'><strong>et</strong></span> <span class='ocrx_word' id='word_1_55' title='bbox 1465 942 1517 996; x_wconf 90' lang='lat' dir='ltr'><strong>in</strong></span> <span class='ocrx_word' id='word_1_56' title='bbox 1558 941 1799 1012; x_wconf 87' lang='lat' dir='ltr'><strong>potentia</strong></span> <span class='ocrx_word' id='word_1_57' title='bbox 1823 940 1987 996; x_wconf 85' lang='lat' dir='ltr'><strong>Verbi</strong></span> <span class='ocrx_word' id='word_1_58' title='bbox 2020 948 2076 996; x_wconf 89' lang='lat' dir='ltr'><strong>et</strong></span> 
     </span>
    </p>
   </div>
   <div class='ocr_carea' id='block_1_9' title="bbox 492 1035 2075 1108">
    <p class='ocr_par' dir='ltr' id='par_1_9' title="bbox 492 1035 2075 1108">
     <span class='ocr_line' id='line_1_9' title="bbox 492 1035 2075 1108; baseline 0.001 -19"><span class='ocrx_word' id='word_1_59' title='bbox 492 1035 645 1091; x_wconf 81' lang='lat' dir='ltr'><strong>unita</strong></span> <span class='ocrx_word' id='word_1_60' title='bbox 693 1035 774 1090; x_wconf 89' lang='lat' dir='ltr'><strong>illi</strong></span> <span class='ocrx_word' id='word_1_61' title='bbox 823 1035 880 1091; x_wconf 84' lang='lat' dir='ltr'><strong>in</strong></span> <span class='ocrx_word' id='word_1_62' title='bbox 915 1036 1123 1091; x_wconf 85' lang='lat' dir='ltr'><strong>unitate</strong></span> <span class='ocrx_word' id='word_1_63' title='bbox 1163 1051 1441 1107; x_wconf 58' lang='lat' dir='ltr'><strong>personae»,</strong></span> <span class='ocrx_word' id='word_1_64' title='bbox 1489 1038 1775 1092; x_wconf 80' lang='lat' dir='ltr'><strong>secundum</strong></span> <span class='ocrx_word' id='word_1_65' title='bbox 1817 1037 2075 1108; x_wconf 77' lang='lat' dir='ltr'><strong>Spiritum</strong></span> 
     </span>
    </p>
   </div>
   <div class='ocr_carea' id='block_1_10' title="bbox 462 1126 2077 1199">
    <p class='ocr_par' dir='ltr' id='par_1_10' title="bbox 462 1126 2077 1199">
     <span class='ocr_line' id='line_1_10' title="bbox 462 1126 2077 1199; baseline 0.001 -18"><span class='ocrx_word' id='word_1_66' title='bbox 462 1126 950 1196; x_wconf 71' lang='lat' dir='ltr'><strong>.unctiﬁcationis.</strong></span> <span class='ocrx_word' id='word_1_67' title='bbox 1004 1127 1242 1199; x_wconf 76' lang='lat' dir='ltr'><strong>Spiritus</strong></span> <span class='ocrx_word' id='word_1_68' title='bbox 1283 1128 1725 1185; x_wconf 82' lang='lat' dir='ltr'><strong>sanctiﬁcationis</strong></span> <span class='ocrx_word' id='word_1_69' title='bbox 1777 1127 2077 1199; x_wconf 83' lang='lat' dir='ltr'><strong>appellatur</strong></span> 
     </span>
    </p>
   </div>
   <div class='ocr_carea' id='block_1_11' title="bbox 496 1215 2073 1290">
    <p class='ocr_par' dir='ltr' id='par_1_11' title="bbox 496 1215 2073 1290">
     <span class='ocr_line' id='line_1_11' title="bbox 496 1215 2073 1290; baseline -0.001 -18"><span class='ocrx_word' id='word_1_70' title='bbox 496 1217 601 1273; x_wconf 83' lang='lat' dir='ltr'><strong>hic:</strong></span> <span class='ocrx_word' id='word_1_71' title='bbox 617 1215 856 1289; x_wconf 88' lang='lat' dir='ltr'><strong>Spiritus</strong></span> <span class='ocrx_word' id='word_1_72' title='bbox 884 1226 1141 1285; x_wconf 86' lang='lat' dir='ltr'><strong>sanctus,</strong></span> <span class='ocrx_word' id='word_1_73' title='bbox 1175 1218 1299 1290; x_wconf 87' lang='lat' dir='ltr'><strong>quia</strong></span> <span class='ocrx_word' id='word_1_74' title='bbox 1330 1219 1675 1274; x_wconf 85' lang='lat' dir='ltr'><strong>sanctitatem</strong></span> <span class='ocrx_word' id='word_1_75' title='bbox 1712 1224 1937 1288; x_wconf 65' lang='lat' dir='ltr'><strong>praestat</strong></span> <span class='ocrx_word' id='word_1_76' title='bbox 1974 1233 2073 1271; x_wconf 85' lang='lat' dir='ltr'><strong>an-</strong></span> 
     </span>
    </p>
   </div>
   <div class='ocr_carea' id='block_1_12' title="bbox 469 1304 2073 1380">
    <p class='ocr_par' dir='ltr' id='par_1_12' title="bbox 469 1304 2073 1380">
     <span class='ocr_line' id='line_1_12' title="bbox 469 1304 2073 1380; baseline -0.001 -16"><span class='ocrx_word' id='word_1_77' title='bbox 469 1308 626 1379; x_wconf 50' lang='lat' dir='ltr'><strong>.gelis</strong></span> <span class='ocrx_word' id='word_1_78' title='bbox 647 1316 704 1364; x_wconf 91' lang='lat' dir='ltr'><strong>et</strong></span> <span class='ocrx_word' id='word_1_79' title='bbox 729 1310 1040 1366; x_wconf 87' lang='lat' dir='ltr'><strong>hominibus</strong></span> <span class='ocrx_word' id='word_1_80' title='bbox 1056 1309 1221 1379; x_wconf 77' lang='lat' dir='ltr'><strong>iustis</strong></span> <span class='ocrx_word' id='word_1_81' title='bbox 1266 1310 1358 1380; x_wconf 88' lang='lat' dir='ltr'><strong>qui</strong></span> <span class='ocrx_word' id='word_1_82' title='bbox 1375 1310 1551 1365; x_wconf 79' lang='lat' dir='ltr'><strong>etiam</strong></span> <span class='ocrx_word' id='word_1_83' title='bbox 1586 1304 1867 1376; x_wconf 73' lang='lat' dir='ltr'><strong>formavit,</strong></span> <span class='ocrx_word' id='word_1_84' title='bbox 1895 1307 2073 1364; x_wconf 82' lang='lat' dir='ltr'><strong>viviti-</strong></span> 
     </span>
    </p>
   </div>
   <div class='ocr_carea' id='block_1_13' title="bbox 470 1397 2072 1471">
    <p class='ocr_par' dir='ltr' id='par_1_13' title="bbox 470 1397 2072 1471">
     <span class='ocr_line' id='line_1_13' title="bbox 470 1397 2072 1471; baseline -0.002 -14"><span class='ocrx_word' id='word_1_85' title='bbox 470 1401 637 1457; x_wconf 51' lang='lat' dir='ltr'><strong>.eavit</strong></span> <span class='ocrx_word' id='word_1_86' title='bbox 656 1410 712 1458; x_wconf 89' lang='lat' dir='ltr'><strong>et</strong></span> <span class='ocrx_word' id='word_1_87' title='bbox 730 1397 1092 1457; x_wconf 76' lang='lat' dir='ltr'><strong>sanetiﬁctivit</strong></span> <span class='ocrx_word' id='word_1_88' title='bbox 1126 1402 1301 1471; x_wconf 91' lang='lat' dir='ltr'><strong>ipsum</strong></span> <span class='ocrx_word' id='word_1_89' title='bbox 1333 1401 1608 1456; x_wconf 77' lang='lat' dir='ltr'><strong>hominem</strong></span> <span class='ocrx_word' id='word_1_90' title='bbox 1635 1399 1690 1454; x_wconf 91' lang='lat' dir='ltr'><strong>in</strong></span> <span class='ocrx_word' id='word_1_91' title='bbox 1722 1406 1879 1455; x_wconf 85' lang='lat' dir='ltr'><strong>utero</strong></span> <span class='ocrx_word' id='word_1_92' title='bbox 1903 1398 2072 1468; x_wconf 84' lang='lat' dir='ltr'><strong>virgi—</strong></span> 
     </span>
    </p>
   </div>
   <div class='ocr_carea' id='block_1_14' title="bbox 468 1487 2075 1562">
    <p class='ocr_par' dir='ltr' id='par_1_14' title="bbox 468 1487 2075 1562">
     <span class='ocr_line' id='line_1_14' title="bbox 468 1487 2075 1562; baseline -0.002 -16"><span class='ocrx_word' id='word_1_93' title='bbox 468 1490 717 1555; x_wconf 73' lang='lat' dir='ltr'><strong>-&quot;nali,‘e‘x</strong></span> <span class='ocrx_word' id='word_1_94' title='bbox 738 1490 1189 1562; x_wconf 79' lang='lat' dir='ltr'><strong>seminevirginis</strong></span> <span class='ocrx_word' id='word_1_95' title='bbox 1204 1490 1327 1545; x_wconf 85' lang='lat' dir='ltr'><strong>sine</strong></span> <span class='ocrx_word' id='word_1_96' title='bbox 1346 1489 1555 1546; x_wconf 86' lang='lat' dir='ltr'><strong>semine</strong></span> <span class='ocrx_word' id='word_1_97' title='bbox 1576 1488 1697 1544; x_wconf 88' lang='lat' dir='ltr'><strong>viri.</strong></span> <span class='ocrx_word' id='word_1_98' title='bbox 1715 1487 2075 1547; x_wconf 87' lang='lat' dir='ltr'><strong>Consideran-</strong></span> 
     </span>
    </p>
   </div>
   <div class='ocr_carea' id='block_1_15' title="bbox 464 1579 2074 1652">
    <p class='ocr_par' dir='ltr' id='par_1_15' title="bbox 464 1579 2074 1652">
     <span class='ocr_line' id='line_1_15' title="bbox 464 1579 2074 1652; baseline -0.004 -14"><span class='ocrx_word' id='word_1_99' title='bbox 464 1582 621 1638; x_wconf 79' lang='lat' dir='ltr'><strong>dum</strong></span> <span class='ocrx_word' id='word_1_100' title='bbox 648 1590 732 1638; x_wconf 87' lang='lat' dir='ltr'><strong>est</strong></span> <span class='ocrx_word' id='word_1_101' title='bbox 755 1582 1090 1652; x_wconf 81' lang='lat' dir='ltr'><strong>autemquia</strong></span> <span class='ocrx_word' id='word_1_102' title='bbox 1120 1597 1226 1636; x_wconf 90' lang='lat' dir='ltr'><strong>non</strong></span> <span class='ocrx_word' id='word_1_103' title='bbox 1254 1579 1353 1635; x_wconf 80' lang='lat' dir='ltr'><strong>fuit</strong></span> <span class='ocrx_word' id='word_1_104' title='bbox 1381 1581 1429 1636; x_wconf 90' lang='lat' dir='ltr'><strong>ei</strong></span> <span class='ocrx_word' id='word_1_105' title='bbox 1452 1580 1694 1650; x_wconf 85' lang='lat' dir='ltr'><strong>Spiritus</strong></span> <span class='ocrx_word' id='word_1_106' title='bbox 1714 1586 1947 1634; x_wconf 79' lang='lat' dir='ltr'><strong>sanctus</strong></span> <span class='ocrx_word' id='word_1_107' title='bbox 1974 1592 2074 1649; x_wconf 91' lang='lat' dir='ltr'><strong>pro</strong></span> 
     </span>
    </p>
   </div>
   <div class='ocr_carea' id='block_1_16' title="bbox 462 1666 2070 1741">
    <p class='ocr_par' dir='ltr' id='par_1_16' title="bbox 462 1666 2070 1741">
     <span class='ocr_line' id='line_1_16' title="bbox 462 1666 2070 1741; baseline -0.005 -11"><span class='ocrx_word' id='word_1_108' title='bbox 462 1686 479 1721; x_wconf 68' lang='lat' dir='ltr'><strong>f-</strong></span> <span class='ocrx_word' id='word_1_109' title='bbox 490 1674 727 1739; x_wconf 80' lang='lat' dir='ltr'><strong>semine,</strong></span> <span class='ocrx_word' id='word_1_110' title='bbox 743 1687 845 1729; x_wconf 90' lang='lat' dir='ltr'><strong>nec</strong></span> <span class='ocrx_word' id='word_1_111' title='bbox 872 1672 1103 1729; x_wconf 89' lang='lat' dir='ltr'><strong>dicimus</strong></span> <span class='ocrx_word' id='word_1_112' title='bbox 1128 1671 1277 1726; x_wconf 89' lang='lat' dir='ltr'><strong>illum</strong></span> <span class='ocrx_word' id='word_1_113' title='bbox 1305 1679 1514 1741; x_wconf 90' lang='lat' dir='ltr'><strong>patrem</strong></span> <span class='ocrx_word' id='word_1_114' title='bbox 1536 1684 1657 1726; x_wconf 86' lang='lat' dir='ltr'><strong>esse</strong></span> <span class='ocrx_word' id='word_1_115' title='bbox 1695 1666 2070 1732; x_wconf 80' lang='lat' dir='ltr'><strong>humanitatis,</strong></span> 
     </span>
    </p>
   </div>
   <div class='ocr_carea' id='block_1_17' title="bbox 464 1761 2075 1834">
    <p class='ocr_par' dir='ltr' id='par_1_17' title="bbox 464 1761 2075 1834">
     <span class='ocr_line' id='line_1_17' title="bbox 464 1761 2075 1834; baseline -0.003 -15"><span class='ocrx_word' id='word_1_116' title='bbox 464 1780 559 1821; x_wconf 44' lang='lat' dir='ltr'><strong>wne</strong></span> <span class='ocrx_word' id='word_1_117' title='bbox 602 1763 855 1822; x_wconf 85' lang='lat' dir='ltr'><strong>dicantur</strong></span> <span class='ocrx_word' id='word_1_118' title='bbox 883 1776 1003 1822; x_wconf 89' lang='lat' dir='ltr'><strong>esse</strong></span> <span class='ocrx_word' id='word_1_119' title='bbox 1028 1764 1136 1820; x_wconf 85' lang='lat' dir='ltr'><strong>duo</strong></span> <span class='ocrx_word' id='word_1_120' title='bbox 1167 1772 1368 1834; x_wconf 84' lang='lat' dir='ltr'><strong>patres,</strong></span> <span class='ocrx_word' id='word_1_121' title='bbox 1396 1763 1540 1833; x_wconf 89' lang='lat' dir='ltr'><strong>quod</strong></span> <span class='ocrx_word' id='word_1_122' title='bbox 1567 1762 1789 1817; x_wconf 90' lang='lat' dir='ltr'><strong>omnino</strong></span> <span class='ocrx_word' id='word_1_123' title='bbox 1813 1761 1966 1817; x_wconf 85' lang='lat' dir='ltr'><strong>nefas</strong></span> <span class='ocrx_word' id='word_1_124' title='bbox 1989 1766 2075 1816; x_wconf 87' lang='lat' dir='ltr'><strong>est</strong></span> 
     </span>
    </p>
   </div>
   <div class='ocr_carea' id='block_1_18' title="bbox 466 1842 2077 1925">
    <p class='ocr_par' dir='ltr' id='par_1_18' title="bbox 466 1842 2077 1925">
     <span class='ocr_line' id='line_1_18' title="bbox 466 1842 2077 1925; baseline -0.002 -12"><span class='ocrx_word' id='word_1_125' title='bbox 466 1857 718 1915; x_wconf 58' lang='lat' dir='ltr'><strong>dicere:</strong></span> <span class='ocrx_word' id='word_1_126' title='bbox 748 1872 854 1915; x_wconf 87' lang='lat' dir='ltr'><strong>non</strong></span> <span class='ocrx_word' id='word_1_127' title='bbox 894 1856 1041 1912; x_wconf 89' lang='lat' dir='ltr'><strong>enim</strong></span> <span class='ocrx_word' id='word_1_128' title='bbox 1092 1869 1255 1912; x_wconf 88' lang='lat' dir='ltr'><strong>omne</strong></span> <span class='ocrx_word' id='word_1_129' title='bbox 1302 1842 1455 1925; x_wconf 38' lang='lat' dir='ltr'><strong>quod.</strong></span> <span class='ocrx_word' id='word_1_130' title='bbox 1497 1853 1739 1908; x_wconf 90' lang='lat' dir='ltr'><strong>nascitur</strong></span> <span class='ocrx_word' id='word_1_131' title='bbox 1784 1864 1858 1908; x_wconf 80' lang='lat' dir='ltr'><strong>ex</strong></span> <span class='ocrx_word' id='word_1_132' title='bbox 1913 1842 2077 1909; x_wconf 84' lang='lat' dir='ltr'><strong>nobis</strong></span> 
     </span>
    </p>
   </div>
   <div class='ocr_carea' id='block_1_19' title="bbox 2177 669 3761 743">
    <p class='ocr_par' dir='ltr' id='par_1_19' title="bbox 2177 669 3761 743">
     <span class='ocr_line' id='line_1_19' title="bbox 2177 669 3761 743; baseline 0.004 -21"><span class='ocrx_word' id='word_1_133' title='bbox 2177 682 2392 738; x_wconf 87' lang='lat' dir='ltr'><strong>quoque</strong></span> <span class='ocrx_word' id='word_1_134' title='bbox 2437 669 2731 726; x_wconf 89' lang='lat' dir='ltr'><strong>multorum</strong></span> <span class='ocrx_word' id='word_1_135' title='bbox 2777 679 3112 728; x_wconf 87' lang='lat' dir='ltr'><strong>mortuorum</strong></span> <span class='ocrx_word' id='word_1_136' title='bbox 3158 686 3387 743; x_wconf 84' lang='lat' dir='ltr'><strong>corpora</strong></span> <span class='ocrx_word' id='word_1_137' title='bbox 3434 681 3491 728; x_wconf 92' lang='lat' dir='ltr'><strong>et</strong></span> <span class='ocrx_word' id='word_1_138' title='bbox 3544 674 3761 729; x_wconf 84' lang='lat' dir='ltr'><strong>animas</strong></span> 
     </span>
    </p>
   </div>
   <div class='ocr_carea' id='block_1_20' title="bbox 2175 762 3763 835">
    <p class='ocr_par' dir='ltr' id='par_1_20' title="bbox 2175 762 3763 835">
     <span class='ocr_line' id='line_1_20' title="bbox 2175 762 3763 835; baseline 0.004 -20"><span class='ocrx_word' id='word_1_139' title='bbox 2175 762 2381 831; x_wconf 87' lang='lat' dir='ltr'><strong>pariter</strong></span> <span class='ocrx_word' id='word_1_140' title='bbox 2414 763 2761 818; x_wconf 87' lang='lat' dir='ltr'><strong>resuscitavit</strong></span> <span class='ocrx_word' id='word_1_141' title='bbox 2792 779 3001 831; x_wconf 87' lang='lat' dir='ltr'><strong>secum,</strong></span> <span class='ocrx_word' id='word_1_142' title='bbox 3032 773 3144 820; x_wconf 90' lang='lat' dir='ltr'><strong>tam</strong></span> <span class='ocrx_word' id='word_1_143' title='bbox 3188 764 3403 821; x_wconf 89' lang='lat' dir='ltr'><strong>illorum</strong></span> <span class='ocrx_word' id='word_1_144' title='bbox 3445 766 3512 822; x_wconf 89' lang='lat' dir='ltr'><strong>de</strong></span> <span class='ocrx_word' id='word_1_145' title='bbox 3558 766 3763 835; x_wconf 80' lang='lat' dir='ltr'><strong>quibus</strong></span> 
     </span>
    </p>
   </div>
   <div class='ocr_carea' id='block_1_21' title="bbox 2174 852 3760 928">
    <p class='ocr_par' dir='ltr' id='par_1_21' title="bbox 2174 852 3760 928">
     <span class='ocr_line' id='line_1_21' title="bbox 2174 852 3760 928; baseline 0.001 -22"><span class='ocrx_word' id='word_1_146' title='bbox 2174 852 2376 907; x_wconf 76' lang='lat' dir='ltr'><strong>dicitur</strong></span> <span class='ocrx_word' id='word_1_147' title='bbox 2408 870 2422 907; x_wconf 87' lang='lat'><strong>:</strong></span> <span class='ocrx_word' id='word_1_148' title='bbox 2458 852 2629 908; x_wconf 81' lang='lat' dir='ltr'><strong>Multa</strong></span> <span class='ocrx_word' id='word_1_149' title='bbox 2669 871 2889 925; x_wconf 83' lang='lat' dir='ltr'><strong>corpora</strong></span> <span class='ocrx_word' id='word_1_150' title='bbox 2935 865 3238 911; x_wconf 81' lang='lat' dir='ltr'><strong>sanctorum</strong></span> <span class='ocrx_word' id='word_1_151' title='bbox 3285 855 3377 928; x_wconf 87' lang='lat' dir='ltr'><strong>qui</strong></span> <span class='ocrx_word' id='word_1_152' title='bbox 3428 856 3760 912; x_wconf 67' lang='lat' dir='ltr'><strong>dormierunt</strong></span> 
     </span>
    </p>
   </div>
   <div class='ocr_carea' id='block_1_22' title="bbox 2173 944 3761 1017">
    <p class='ocr_par' dir='ltr' id='par_1_22' title="bbox 2173 944 3761 1017">
     <span class='ocr_line' id='line_1_22' title="bbox 2173 944 3761 1017; baseline 0.002 -21"><span class='ocrx_word' id='word_1_153' title='bbox 2173 952 2513 998; x_wconf 72' lang='lat' dir='ltr'><strong>surrexerunt</strong></span> <span class='ocrx_word' id='word_1_154' title='bbox 2557 944 2775 1016; x_wconf 83' lang='lat' dir='ltr'><strong>(Matth.</strong></span> <span class='ocrx_word' id='word_1_155' title='bbox 2818 947 3028 1017; x_wconf 78' lang='lat' dir='ltr'><strong>xxvn),</strong></span> <span class='ocrx_word' id='word_1_156' title='bbox 3078 960 3241 1016; x_wconf 84' lang='lat' dir='ltr'><strong>quam</strong></span> <span class='ocrx_word' id='word_1_157' title='bbox 3295 947 3464 1002; x_wconf 89' lang='lat' dir='ltr'><strong>etiam</strong></span> <span class='ocrx_word' id='word_1_158' title='bbox 3509 946 3761 1001; x_wconf 87' lang='lat' dir='ltr'><strong>omnium</strong></span> 
     </span>
    </p>
   </div>
   <div class='ocr_carea' id='block_1_23' title="bbox 2174 1034 3762 1110">
    <p class='ocr_par' dir='ltr' id='par_1_23' title="bbox 2174 1034 3762 1110">
     <span class='ocr_line' id='line_1_23' title="bbox 2174 1034 3762 1110; baseline 0.001 -20"><span class='ocrx_word' id='word_1_159' title='bbox 2174 1034 2490 1092; x_wconf 88' lang='lat' dir='ltr'><strong>electorum.</strong></span> <span class='ocrx_word' id='word_1_160' title='bbox 2519 1036 2599 1091; x_wconf 76' lang='lat' dir='ltr'><strong>Ex</strong></span> <span class='ocrx_word' id='word_1_161' title='bbox 2628 1052 2857 1106; x_wconf 90' lang='lat' dir='ltr'><strong>quorum</strong></span> <span class='ocrx_word' id='word_1_162' title='bbox 2900 1049 3029 1110; x_wconf 85' lang='lat' dir='ltr'><strong>ergo</strong></span> <span class='ocrx_word' id='word_1_163' title='bbox 3071 1039 3468 1095; x_wconf 87' lang='lat' dir='ltr'><strong>resurrectione</strong></span> <span class='ocrx_word' id='word_1_164' title='bbox 3512 1046 3762 1094; x_wconf 87' lang='lat' dir='ltr'><strong>mortuo-</strong></span> 
     </span>
    </p>
   </div>
   <div class='ocr_carea' id='block_1_24' title="bbox 2142 1110 3760 1195">
    <p class='ocr_par' dir='ltr' id='par_1_24' title="bbox 2142 1110 3760 1195">
     <span class='ocr_line' id='line_1_24' title="bbox 2142 1110 3760 1195; baseline 0.002 -17"><span class='ocrx_word' id='word_1_165' title='bbox 2142 1110 2295 1178; x_wconf 78' lang='grc' dir='ltr'><strong>’τιιιιι</strong></span> <span class='ocrx_word' id='word_1_166' title='bbox 2342 1125 2588 1195; x_wconf 84' lang='lat' dir='ltr'><strong>apparuit</strong></span> <span class='ocrx_word' id='word_1_167' title='bbox 2626 1125 2876 1182; x_wconf 82' lang='lat' dir='ltr'><strong>Christus</strong></span> <span class='ocrx_word' id='word_1_168' title='bbox 2915 1141 3077 1183; x_wconf 88' lang='lat' dir='ltr'><strong>verus</strong></span> <span class='ocrx_word' id='word_1_169' title='bbox 3104 1126 3275 1183; x_wconf 82' lang='lat' dir='ltr'><strong>Filius</strong></span> <span class='ocrx_word' id='word_1_170' title='bbox 3305 1128 3398 1183; x_wconf 85' lang='lat' dir='ltr'><strong>Dei</strong></span> <span class='ocrx_word' id='word_1_171' title='bbox 3425 1143 3591 1195; x_wconf 86' lang='lat' dir='ltr'><strong>esse,</strong></span> <span class='ocrx_word' id='word_1_172' title='bbox 3625 1126 3760 1182; x_wconf 70' lang='lat' dir='ltr'><strong>Iesu</strong></span> 
     </span>
    </p>
   </div>
   <div class='ocr_carea' id='block_1_25' title="bbox 2175 1223 3762 1296">
    <p class='ocr_par' dir='ltr' id='par_1_25' title="bbox 2175 1223 3762 1296">
     <span class='ocr_line' id='line_1_25' title="bbox 2175 1223 3762 1296; baseline 0.001 -17"><span class='ocrx_word' id='word_1_173' title='bbox 2175 1223 2394 1291; x_wconf 84' lang='lat' dir='ltr'><strong>Christi,</strong></span> <span class='ocrx_word' id='word_1_174' title='bbox 2425 1224 2479 1279; x_wconf 92' lang='lat' dir='ltr'><strong>id</strong></span> <span class='ocrx_word' id='word_1_175' title='bbox 2521 1234 2604 1279; x_wconf 89' lang='lat' dir='ltr'><strong>est</strong></span> <span class='ocrx_word' id='word_1_176' title='bbox 2639 1224 2853 1279; x_wconf 90' lang='lat' dir='ltr'><strong>illorum</strong></span> <span class='ocrx_word' id='word_1_177' title='bbox 2894 1224 2988 1295; x_wconf 80' lang='lat' dir='ltr'><strong>qui</strong></span> <span class='ocrx_word' id='word_1_178' title='bbox 3034 1225 3100 1280; x_wconf 85' lang='lat' dir='ltr'><strong>ad</strong></span> <span class='ocrx_word' id='word_1_179' title='bbox 3131 1241 3190 1282; x_wconf 89' lang='lat' dir='ltr'><strong>se</strong></span> <span class='ocrx_word' id='word_1_180' title='bbox 3223 1226 3588 1295; x_wconf 84' lang='lat' dir='ltr'><strong>pertinebant,</strong></span> <span class='ocrx_word' id='word_1_181' title='bbox 3619 1242 3762 1296; x_wconf 84' lang='lat' dir='ltr'><strong>quos</strong></span> 
     </span>
    </p>
   </div>
   <div class='ocr_carea' id='block_1_26' title="bbox 2175 1313 3762 1387">
    <p class='ocr_par' dir='ltr' id='par_1_26' title="bbox 2175 1313 3762 1387">
     <span class='ocr_line' id='line_1_26' title="bbox 2175 1313 3762 1387; baseline 0.002 -19"><span class='ocrx_word' id='word_1_182' title='bbox 2175 1313 2288 1383; x_wconf 87' lang='lat' dir='ltr'><strong>ipse</strong></span> <span class='ocrx_word' id='word_1_183' title='bbox 2318 1315 2606 1369; x_wconf 85' lang='lat' dir='ltr'><strong>resuscitat</strong></span> <span class='ocrx_word' id='word_1_184' title='bbox 2624 1314 2692 1368; x_wconf 90' lang='lat' dir='ltr'><strong>ad</strong></span> <span class='ocrx_word' id='word_1_185' title='bbox 2719 1316 2884 1369; x_wconf 84' lang='lat' dir='ltr'><strong>vitam</strong></span> <span class='ocrx_word' id='word_1_186' title='bbox 2907 1323 2963 1370; x_wconf 90' lang='lat' dir='ltr'><strong>et</strong></span> <span class='ocrx_word' id='word_1_187' title='bbox 2988 1314 3054 1370; x_wconf 91' lang='lat' dir='ltr'><strong>de</strong></span> <span class='ocrx_word' id='word_1_188' title='bbox 3073 1317 3270 1386; x_wconf 85' lang='lat' dir='ltr'><strong>quibus</strong></span> <span class='ocrx_word' id='word_1_189' title='bbox 3296 1316 3440 1371; x_wconf 88' lang='lat' dir='ltr'><strong>idem</strong></span> <span class='ocrx_word' id='word_1_190' title='bbox 3462 1316 3762 1387; x_wconf 81' lang='lat' dir='ltr'><strong>Apostolus</strong></span> 
     </span>
    </p>
   </div>
   <div class='ocr_carea' id='block_1_27' title="bbox 2173 1405 3760 1479">
    <p class='ocr_par' dir='ltr' id='par_1_27' title="bbox 2173 1405 3760 1479">
     <span class='ocr_line' id='line_1_27' title="bbox 2173 1405 3760 1479; baseline 0.001 -18"><span class='ocrx_word' id='word_1_191' title='bbox 2173 1405 2334 1470; x_wconf 87' lang='lat' dir='ltr'><strong>dicit,</strong></span> <span class='ocrx_word' id='word_1_192' title='bbox 2381 1414 2438 1459; x_wconf 87' lang='lat' dir='ltr'><strong>ut</strong></span> <span class='ocrx_word' id='word_1_193' title='bbox 2483 1407 2551 1460; x_wconf 84' lang='lat' dir='ltr'><strong>sit</strong></span> <span class='ocrx_word' id='word_1_194' title='bbox 2598 1406 2708 1476; x_wconf 86' lang='lat' dir='ltr'><strong>ipse</strong></span> <span class='ocrx_word' id='word_1_195' title='bbox 2749 1406 3120 1477; x_wconf 74' lang='lat' dir='ltr'><strong>primogenitae</strong></span> <span class='ocrx_word' id='word_1_196' title='bbox 3167 1409 3225 1462; x_wconf 84' lang='lat' dir='ltr'><strong>in</strong></span> <span class='ocrx_word' id='word_1_197' title='bbox 3269 1408 3449 1464; x_wconf 79' lang='lat' dir='ltr'><strong>multis</strong></span> <span class='ocrx_word' id='word_1_198' title='bbox 3495 1410 3760 1479; x_wconf 72' lang='lat' dir='ltr'><strong>fratribus</strong></span> 
     </span>
    </p>
   </div>
   <div class='ocr_carea' id='block_1_28' title="bbox 2174 1497 3761 1570">
    <p class='ocr_par' dir='ltr' id='par_1_28' title="bbox 2174 1497 3761 1570">
     <span class='ocr_line' id='line_1_28' title="bbox 2174 1497 3761 1570; baseline 0.001 -16"><span class='ocrx_word' id='word_1_199' title='bbox 2174 1498 2355 1570; x_wconf 84' lang='lat' dir='ltr'><strong>(Rom.</strong></span> <span class='ocrx_word' id='word_1_200' title='bbox 2378 1500 2518 1570; x_wconf 85' lang='lat' dir='ltr'><strong>vut).</strong></span> <span class='ocrx_word' id='word_1_201' title='bbox 2548 1497 2684 1553; x_wconf 88' lang='lat' dir='ltr'><strong>Nam</strong></span> <span class='ocrx_word' id='word_1_202' title='bbox 2713 1500 2780 1555; x_wconf 93' lang='lat' dir='ltr'><strong>de</strong></span> <span class='ocrx_word' id='word_1_203' title='bbox 2801 1501 3199 1556; x_wconf 85' lang='lat' dir='ltr'><strong>resurrectione</strong></span> <span class='ocrx_word' id='word_1_204' title='bbox 3227 1502 3586 1570; x_wconf 84' lang='lat' dir='ltr'><strong>reproborum</strong></span> <span class='ocrx_word' id='word_1_205' title='bbox 3620 1502 3761 1557; x_wconf 83' lang='lat' dir='ltr'><strong>nihil</strong></span> 
     </span>
    </p>
   </div>
   <div class='ocr_carea' id='block_1_29' title="bbox 2174 1588 3817 1663">
    <p class='ocr_par' dir='ltr' id='par_1_29' title="bbox 2174 1588 3817 1663">
     <span class='ocr_line' id='line_1_29' title="bbox 2174 1588 3817 1663; baseline 0 -18"><span class='ocrx_word' id='word_1_206' title='bbox 2174 1590 2264 1645; x_wconf 88' lang='lat' dir='ltr'><strong>hic</strong></span> <span class='ocrx_word' id='word_1_207' title='bbox 2306 1589 2524 1645; x_wconf 88' lang='lat' dir='ltr'><strong>dicitur.</strong></span> <span class='ocrx_word' id='word_1_208' title='bbox 2555 1589 2742 1646; x_wconf 76' lang='lat' dir='ltr'><strong>Potest</strong></span> <span class='ocrx_word' id='word_1_209' title='bbox 2787 1597 2843 1645; x_wconf 90' lang='lat' dir='ltr'><strong>et</strong></span> <span class='ocrx_word' id='word_1_210' title='bbox 2888 1590 2963 1645; x_wconf 86' lang='lat' dir='ltr'><strong>ita</strong></span> <span class='ocrx_word' id='word_1_211' title='bbox 2998 1588 3251 1663; x_wconf 84' lang='lat' dir='ltr'><strong>conjungi</strong></span> <span class='ocrx_word' id='word_1_212' title='bbox 3276 1606 3295 1644; x_wconf 75' lang='grc' dir='ltr'><strong>ι</strong></span> <span class='ocrx_word' id='word_1_213' title='bbox 3322 1590 3524 1647; x_wconf 82' lang='lat' dir='ltr'><strong>Paulus</strong></span> <span class='ocrx_word' id='word_1_214' title='bbox 3562 1606 3762 1647; x_wconf 83' lang='lat' dir='ltr'><strong>servus</strong></span> <span class='ocrx_word' id='word_1_215' title='bbox 3814 1628 3817 1629; x_wconf 49' lang='grc' dir='ltr'><em>ν</em></span> 
     </span>
    </p>
   </div>
   <div class='ocr_carea' id='block_1_30' title="bbox 2172 1681 3760 1751">
    <p class='ocr_par' dir='ltr' id='par_1_30' title="bbox 2172 1681 3760 1751">
     <span class='ocr_line' id='line_1_30' title="bbox 2172 1681 3760 1751; baseline 0.003 -17"><span class='ocrx_word' id='word_1_216' title='bbox 2172 1689 2397 1737; x_wconf 84' lang='lat' dir='ltr'><strong>vocatus</strong></span> <span class='ocrx_word' id='word_1_217' title='bbox 2437 1681 2713 1751; x_wconf 87' lang='lat' dir='ltr'><strong>apostolus</strong></span> <span class='ocrx_word' id='word_1_218' title='bbox 2737 1696 2803 1737; x_wconf 80' lang='lat' dir='ltr'><strong>ex</strong></span> <span class='ocrx_word' id='word_1_219' title='bbox 2829 1683 3232 1738; x_wconf 86' lang='lat' dir='ltr'><strong>resurrectione</strong></span> <span class='ocrx_word' id='word_1_220' title='bbox 3259 1691 3600 1740; x_wconf 88' lang='lat' dir='ltr'><strong>mortuorum</strong></span> <span class='ocrx_word' id='word_1_221' title='bbox 3625 1683 3760 1738; x_wconf 68' lang='lat' dir='ltr'><strong>Jesu</strong></span> 
     </span>
    </p>
   </div>
   <div class='ocr_carea' id='block_1_31' title="bbox 2169 1770 3760 1844">
    <p class='ocr_par' dir='ltr' id='par_1_31' title="bbox 2169 1770 3760 1844">
     <span class='ocr_line' id='line_1_31' title="bbox 2169 1770 3760 1844; baseline 0.001 -17"><span class='ocrx_word' id='word_1_222' title='bbox 2169 1770 2396 1827; x_wconf 82' lang='lat' dir='ltr'><strong>Christi.</strong></span> <span class='ocrx_word' id='word_1_223' title='bbox 2420 1771 2621 1828; x_wconf 80' lang='lat' dir='ltr'><strong>Omnes</strong></span> <span class='ocrx_word' id='word_1_224' title='bbox 2644 1771 2861 1841; x_wconf 85' lang='lat' dir='ltr'><strong>quidem</strong></span> <span class='ocrx_word' id='word_1_225' title='bbox 2885 1771 3112 1841; x_wconf 83' lang='lat' dir='ltr'><strong>apostoli</strong></span> <span class='ocrx_word' id='word_1_226' title='bbox 3134 1781 3261 1828; x_wconf 90' lang='lat' dir='ltr'><strong>ante</strong></span> <span class='ocrx_word' id='word_1_227' title='bbox 3285 1772 3499 1829; x_wconf 87' lang='lat' dir='ltr'><strong>Domini</strong></span> <span class='ocrx_word' id='word_1_228' title='bbox 3540 1773 3760 1844; x_wconf 83' lang='lat' dir='ltr'><strong>passio-</strong></span> 
     </span>
    </p>
   </div>
   <div class='ocr_carea' id='block_1_32' title="bbox 2170 1860 3758 1934">
    <p class='ocr_par' dir='ltr' id='par_1_32' title="bbox 2170 1860 3758 1934">
     <span class='ocr_line' id='line_1_32' title="bbox 2170 1860 3758 1934; baseline 0.002 -21"><span class='ocrx_word' id='word_1_229' title='bbox 2170 1870 2297 1915; x_wconf 87' lang='lat' dir='ltr'><strong>nem</strong></span> <span class='ocrx_word' id='word_1_230' title='bbox 2336 1868 2462 1916; x_wconf 89' lang='lat' dir='ltr'><strong>sunt</strong></span> <span class='ocrx_word' id='word_1_231' title='bbox 2497 1860 2676 1917; x_wconf 90' lang='lat' dir='ltr'><strong>vocati</strong></span> <span class='ocrx_word' id='word_1_232' title='bbox 2710 1861 2786 1917; x_wconf 81' lang='lat' dir='ltr'><strong>ab</strong></span> <span class='ocrx_word' id='word_1_233' title='bbox 2831 1861 2949 1931; x_wconf 88' lang='lat' dir='ltr'><strong>ipso</strong></span> <span class='ocrx_word' id='word_1_234' title='bbox 2973 1879 2988 1915; x_wconf 88' lang='lat'><strong>:</strong></span> <span class='ocrx_word' id='word_1_235' title='bbox 3011 1860 3221 1918; x_wconf 81' lang='lat' dir='ltr'><strong>Paulus</strong></span> <span class='ocrx_word' id='word_1_236' title='bbox 3247 1876 3380 1917; x_wconf 84' lang='lat' dir='ltr'><strong>vero</strong></span> <span class='ocrx_word' id='word_1_237' title='bbox 3405 1870 3533 1934; x_wconf 85' lang='lat' dir='ltr'><strong>post</strong></span> <span class='ocrx_word' id='word_1_238' title='bbox 3566 1877 3758 1919; x_wconf 87' lang='lat' dir='ltr'><strong>resur-</strong></span> 
     </span>
    </p>
   </div>
   <div class='ocr_carea' id='block_1_33' title="bbox 484 1937 2636 2022">
    <p class='ocr_par' dir='ltr' id='par_1_33' title="bbox 484 1937 2636 2022">
     <span class='ocr_line' id='line_1_33' title="bbox 484 1937 2636 2022; baseline -0.004 -19"><span class='ocrx_word' id='word_1_239' title='bbox 484 1948 675 2019; x_wconf 72' lang='lat' dir='ltr'><strong>trtiqu&#39;e</strong></span> <span class='ocrx_word' id='word_1_240' title='bbox 693 1948 836 2004; x_wconf 90' lang='lat' dir='ltr'><strong>ﬁlius</strong></span> <span class='ocrx_word' id='word_1_241' title='bbox 863 1955 1049 2004; x_wconf 84' lang='lat' dir='ltr'><strong>noster</strong></span> <span class='ocrx_word' id='word_1_242' title='bbox 1077 1954 1180 2002; x_wconf 90' lang='lat' dir='ltr'><strong>est.</strong></span> <span class='ocrx_word' id='word_1_243' title='bbox 1209 1944 1370 2001; x_wconf 78' lang='lat' dir='ltr'><strong>Verbi</strong></span> <span class='ocrx_word' id='word_1_244' title='bbox 1396 1943 1565 2015; x_wconf 84' lang='lat' dir='ltr'><strong>gratia</strong></span> <span class='ocrx_word' id='word_1_245' title='bbox 1596 1961 1611 1997; x_wconf 88' lang='lat'><strong>:</strong></span> <span class='ocrx_word' id='word_1_246' title='bbox 1642 1942 1869 2013; x_wconf 89' lang='lat' dir='ltr'><strong>capillus</strong></span> <span class='ocrx_word' id='word_1_247' title='bbox 1896 1943 2070 1999; x_wconf 85' lang='lat' dir='ltr'><strong>nasci-</strong></span> <span class='ocrx_word' id='word_1_248' title='bbox 2098 1937 2146 1997; x_wconf 90' lang='lat' dir='ltr'><strong>B</strong></span> <span class='ocrx_word' id='word_1_249' title='bbox 2172 1951 2470 2007; x_wconf 57' lang='lat' dir='ltr'><strong>rectionem</strong></span> <span class='ocrx_word' id='word_1_250' title='bbox 2497 1948 2636 2022; x_wconf 71' lang='lat' dir='ltr'><strong>ejus.</strong></span> 
     </span>
    </p>
   </div>
   <div class='ocr_carea' id='block_1_34' title="bbox 491 2034 2071 2110">
    <p class='ocr_par' dir='ltr' id='par_1_34' title="bbox 491 2034 2071 2110">
     <span class='ocr_line' id='line_1_34' title="bbox 491 2034 2071 2110; baseline -0.003 -15"><span class='ocrx_word' id='word_1_251' title='bbox 491 2044 581 2094; x_wconf 78' lang='lat' dir='ltr'><strong>tur‘</strong></span> <span class='ocrx_word' id='word_1_252' title='bbox 600 2038 975 2110; x_wconf 57' lang='lat' dir='ltr'><strong>decapite,&#39;et</strong></span> <span class='ocrx_word' id='word_1_253' title='bbox 1000 2046 1185 2094; x_wconf 88' lang='lat' dir='ltr'><strong>tamen</strong></span> <span class='ocrx_word' id='word_1_254' title='bbox 1224 2051 1330 2092; x_wconf 91' lang='lat' dir='ltr'><strong>non</strong></span> <span class='ocrx_word' id='word_1_255' title='bbox 1378 2035 1498 2091; x_wconf 88' lang='lat' dir='ltr'><strong>ideo</strong></span> <span class='ocrx_word' id='word_1_256' title='bbox 1535 2034 1676 2090; x_wconf 80' lang='lat' dir='ltr'><strong>[ilius</strong></span> <span class='ocrx_word' id='word_1_257' title='bbox 1705 2034 1898 2105; x_wconf 86' lang='lat' dir='ltr'><strong>capitis</strong></span> <span class='ocrx_word' id='word_1_258' title='bbox 1926 2042 2071 2090; x_wconf 88' lang='lat' dir='ltr'><strong>recte</strong></span> 
     </span>
    </p>
   </div>
   <div class='ocr_carea' id='block_1_35' title="bbox 482 2129 2069 2199">
    <p class='ocr_par' dir='ltr' id='par_1_35' title="bbox 482 2129 2069 2199">
     <span class='ocr_line' id='line_1_35' title="bbox 482 2129 2069 2199; baseline -0.003 -14"><span class='ocrx_word' id='word_1_259' title='bbox 482 2131 709 2186; x_wconf 79' lang='lat' dir='ltr'><strong>dicitur.</strong></span> <span class='ocrx_word' id='word_1_260' title='bbox 734 2129 977 2187; x_wconf 72' lang='lat' dir='ltr'><strong>Pediculi</strong></span> <span class='ocrx_word' id='word_1_261' title='bbox 1009 2145 1078 2186; x_wconf 83' lang='lat' dir='ltr'><strong>ex</strong></span> <span class='ocrx_word' id='word_1_262' title='bbox 1114 2129 1270 2185; x_wconf 87' lang='lat' dir='ltr'><strong>nobis</strong></span> <span class='ocrx_word' id='word_1_263' title='bbox 1303 2141 1517 2199; x_wconf 90' lang='lat' dir='ltr'><strong>quoque</strong></span> <span class='ocrx_word' id='word_1_264' title='bbox 1556 2134 1872 2193; x_wconf 88' lang='lat' dir='ltr'><strong>nascuntur,</strong></span> <span class='ocrx_word' id='word_1_265' title='bbox 1902 2136 1959 2181; x_wconf 91' lang='lat' dir='ltr'><strong>et</strong></span> <span class='ocrx_word' id='word_1_266' title='bbox 1985 2132 2069 2180; x_wconf 85' lang='lat' dir='ltr'><strong>ta-</strong></span> 
     </span>
    </p>
   </div>
   <div class='ocr_carea' id='block_1_36' title="bbox 464 2217 2070 2292">
    <p class='ocr_par' dir='ltr' id='par_1_36' title="bbox 464 2217 2070 2292">
     <span class='ocr_line' id='line_1_36' title="bbox 464 2217 2070 2292; baseline 0.001 -19"><span class='ocrx_word' id='word_1_267' title='bbox 464 2236 617 2278; x_wconf 81' lang='lat' dir='ltr'><strong>.men</strong></span> <span class='ocrx_word' id='word_1_268' title='bbox 654 2222 750 2278; x_wconf 81' lang='lat' dir='ltr'><strong>ﬁlii</strong></span> <span class='ocrx_word' id='word_1_269' title='bbox 772 2223 950 2277; x_wconf 85' lang='lat' dir='ltr'><strong>nostri</strong></span> <span class='ocrx_word' id='word_1_270' title='bbox 979 2236 1318 2292; x_wconf 86' lang='lat' dir='ltr'><strong>nequaquam</strong></span> <span class='ocrx_word' id='word_1_271' title='bbox 1349 2220 1618 2276; x_wconf 87' lang='lat' dir='ltr'><strong>dicuntur.</strong></span> <span class='ocrx_word' id='word_1_272' title='bbox 1647 2219 1724 2274; x_wconf 71' lang='grc' dir='ltr'><strong>ιω</strong></span> <span class='ocrx_word' id='word_1_273' title='bbox 1750 2233 1880 2288; x_wconf 85' lang='lat' dir='ltr'><strong>ergo</strong></span> <span class='ocrx_word' id='word_1_274' title='bbox 1901 2226 1958 2273; x_wconf 90' lang='lat' dir='ltr'><strong>et</strong></span> <span class='ocrx_word' id='word_1_275' title='bbox 1983 2217 2070 2274; x_wconf 90' lang='lat' dir='ltr'><strong>ille</strong></span> 
     </span>
    </p>
   </div>
   <div class='ocr_carea' id='block_1_37' title="bbox 490 2309 2066 2384">
    <p class='ocr_par' dir='ltr' id='par_1_37' title="bbox 490 2309 2066 2384">
     <span class='ocr_line' id='line_1_37' title="bbox 490 2309 2066 2384; baseline -0.004 -15"><span class='ocrx_word' id='word_1_276' title='bbox 490 2314 654 2370; x_wconf 88' lang='lat' dir='ltr'><strong>homo</strong></span> <span class='ocrx_word' id='word_1_277' title='bbox 696 2324 1006 2384; x_wconf 85' lang='lat' dir='ltr'><strong>assumptus</strong></span> <span class='ocrx_word' id='word_1_278' title='bbox 1057 2328 1089 2367; x_wconf 89' lang='lat' dir='ltr'><strong>a</strong></span> <span class='ocrx_word' id='word_1_279' title='bbox 1134 2310 1330 2377; x_wconf 78' lang='lat' dir='ltr'><strong>Verbo,</strong></span> <span class='ocrx_word' id='word_1_280' title='bbox 1374 2311 1440 2366; x_wconf 91' lang='lat' dir='ltr'><strong>de</strong></span> <span class='ocrx_word' id='word_1_281' title='bbox 1473 2309 1675 2381; x_wconf 85' lang='lat' dir='ltr'><strong>Spiritu</strong></span> <span class='ocrx_word' id='word_1_282' title='bbox 1714 2316 1902 2373; x_wconf 86' lang='lat' dir='ltr'><strong>sancto</strong></span> <span class='ocrx_word' id='word_1_283' title='bbox 1936 2323 2066 2363; x_wconf 89' lang='lat' dir='ltr'><strong>con-</strong></span> 
     </span>
    </p>
   </div>
   <div class='ocr_carea' id='block_1_38' title="bbox 455 2397 2103 2475">
    <p class='ocr_par' dir='ltr' id='par_1_38' title="bbox 455 2397 2103 2475">
     <span class='ocr_line' id='line_1_38' title="bbox 455 2397 2103 2475; baseline -0.003 -15"><span class='ocrx_word' id='word_1_284' title='bbox 455 2412 695 2475; x_wconf 82' lang='lat' dir='ltr'><strong>-ceptus,</strong></span> <span class='ocrx_word' id='word_1_285' title='bbox 720 2404 773 2459; x_wconf 89' lang='lat' dir='ltr'><strong>id</strong></span> <span class='ocrx_word' id='word_1_286' title='bbox 796 2412 882 2460; x_wconf 89' lang='lat' dir='ltr'><strong>est</strong></span> <span class='ocrx_word' id='word_1_287' title='bbox 901 2418 1067 2474; x_wconf 87' lang='lat' dir='ltr'><strong>opere</strong></span> <span class='ocrx_word' id='word_1_288' title='bbox 1090 2401 1328 2474; x_wconf 87' lang='lat' dir='ltr'><strong>Spiritus</strong></span> <span class='ocrx_word' id='word_1_289' title='bbox 1348 2401 1521 2458; x_wconf 86' lang='lat' dir='ltr'><strong>sancti</strong></span> <span class='ocrx_word' id='word_1_290' title='bbox 1544 2400 1812 2455; x_wconf 74' lang='lat' dir='ltr'><strong>formatus</strong></span> <span class='ocrx_word' id='word_1_291' title='bbox 1839 2406 1947 2466; x_wconf 79' lang='lat' dir='ltr'><strong>est,</strong></span> <span class='ocrx_word' id='word_1_292' title='bbox 1972 2397 2068 2455; x_wconf 87' lang='lat' dir='ltr'><strong>sed</strong></span> <span class='ocrx_word' id='word_1_293' title='bbox 2092 2456 2103 2467; x_wconf 35' lang='grc' dir='ltr'><strong><em>θ</em></strong></span> 
     </span>
    </p>
   </div>
   <div class='ocr_carea' id='block_1_39' title="bbox 488 2486 2069 2561">
    <p class='ocr_par' dir='ltr' id='par_1_39' title="bbox 488 2486 2069 2561">
     <span class='ocr_line' id='line_1_39' title="bbox 488 2486 2069 2561; baseline -0.006 -10"><span class='ocrx_word' id='word_1_294' title='bbox 488 2504 672 2553; x_wconf 87' lang='lat' dir='ltr'><strong>tamen</strong></span> <span class='ocrx_word' id='word_1_295' title='bbox 709 2508 816 2549; x_wconf 85' lang='lat' dir='ltr'><strong>non</strong></span> <span class='ocrx_word' id='word_1_296' title='bbox 854 2501 941 2549; x_wconf 91' lang='lat' dir='ltr'><strong>est</strong></span> <span class='ocrx_word' id='word_1_297' title='bbox 985 2492 1127 2549; x_wconf 83' lang='lat' dir='ltr'><strong>illius</strong></span> <span class='ocrx_word' id='word_1_298' title='bbox 1154 2490 1390 2561; x_wconf 87' lang='lat' dir='ltr'><strong>Spiritus</strong></span> <span class='ocrx_word' id='word_1_299' title='bbox 1414 2489 1606 2546; x_wconf 83' lang='lat' dir='ltr'><strong>sancti.</strong></span> <span class='ocrx_word' id='word_1_300' title='bbox 1635 2486 1908 2560; x_wconf 64' lang='lat' dir='ltr'><strong>iungatur</strong></span> <span class='ocrx_word' id='word_1_301' title='bbox 1939 2501 2069 2560; x_wconf 84' lang='lat' dir='ltr'><strong>ergo</strong></span> 
     </span>
    </p>
   </div>
   <div class='ocr_carea' id='block_1_40' title="bbox 454 2579 2069 2656">
    <p class='ocr_par' dir='ltr' id='par_1_40' title="bbox 454 2579 2069 2656">
     <span class='ocr_line' id='line_1_40' title="bbox 454 2579 2069 2656; baseline -0.005 -15"><span class='ocrx_word' id='word_1_302' title='bbox 454 2612 461 2621; x_wconf 88' lang='lat'><strong>-</strong></span> <span class='ocrx_word' id='word_1_303' title='bbox 488 2588 564 2642; x_wconf 87' lang='lat' dir='ltr'><strong>ita</strong></span> <span class='ocrx_word' id='word_1_304' title='bbox 588 2587 746 2642; x_wconf 84' lang='lat' dir='ltr'><strong>beato</strong></span> <span class='ocrx_word' id='word_1_305' title='bbox 774 2585 1074 2656; x_wconf 78' lang='lat' dir='ltr'><strong>Augustino</strong></span> <span class='ocrx_word' id='word_1_306' title='bbox 1117 2584 1364 2642; x_wconf 82' lang='lat' dir='ltr'><strong>docente.</strong></span> <span class='ocrx_word' id='word_1_307' title='bbox 1399 2581 1502 2649; x_wconf 85' lang='lat' dir='ltr'><strong>Qui</strong></span> <span class='ocrx_word' id='word_1_308' title='bbox 1542 2579 1959 2651; x_wconf 71' lang='lat' dir='ltr'><strong>prredestinatus</strong></span> <span class='ocrx_word' id='word_1_309' title='bbox 1984 2587 2069 2635; x_wconf 83' lang='lat' dir='ltr'><strong>est</strong></span> 
     </span>
    </p>
   </div>
   <div class='ocr_carea' id='block_1_41' title="bbox 488 2670 2067 2755">
    <p class='ocr_par' dir='ltr' id='par_1_41' title="bbox 488 2670 2067 2755">
     <span class='ocr_line' id='line_1_41' title="bbox 488 2670 2067 2755; baseline -0.006 -21"><span class='ocrx_word' id='word_1_310' title='bbox 488 2678 657 2734; x_wconf 83' lang='lat' dir='ltr'><strong>Filius</strong></span> <span class='ocrx_word' id='word_1_311' title='bbox 680 2678 773 2734; x_wconf 90' lang='lat' dir='ltr'><strong>Dei</strong></span> <span class='ocrx_word' id='word_1_312' title='bbox 807 2678 863 2733; x_wconf 89' lang='lat' dir='ltr'><strong>in</strong></span> <span class='ocrx_word' id='word_1_313' title='bbox 886 2678 1088 2732; x_wconf 82' lang='lat' dir='ltr'><strong>virtute</strong></span> <span class='ocrx_word' id='word_1_314' title='bbox 1116 2674 1412 2730; x_wconf 79' lang='lat' dir='ltr'><strong>divinitatis</strong></span> <span class='ocrx_word' id='word_1_315' title='bbox 1450 2672 1767 2755; x_wconf 76' lang='lat' dir='ltr'><strong>etpotentia</strong></span> <span class='ocrx_word' id='word_1_316' title='bbox 1795 2670 1974 2735; x_wconf 76' lang='lat' dir='ltr'><strong>Verbi,</strong></span> <span class='ocrx_word' id='word_1_317' title='bbox 2002 2687 2067 2726; x_wconf 80' lang='lat' dir='ltr'><strong>ea:</strong></span> 
     </span>
    </p>
   </div>
   <div class='ocr_carea' id='block_1_42' title="bbox 485 2762 2068 2837">
    <p class='ocr_par' dir='ltr' id='par_1_42' title="bbox 485 2762 2068 2837">
     <span class='ocr_line' id='line_1_42' title="bbox 485 2762 2068 2837; baseline -0.006 -11"><span class='ocrx_word' id='word_1_318' title='bbox 485 2771 861 2827; x_wconf 74' lang='lat' dir='ltr'><strong>resurrectione</strong></span> <span class='ocrx_word' id='word_1_319' title='bbox 905 2779 1255 2833; x_wconf 88' lang='lat' dir='ltr'><strong>mortuorum,</strong></span> <span class='ocrx_word' id='word_1_320' title='bbox 1291 2767 1501 2837; x_wconf 87' lang='lat' dir='ltr'><strong>primus</strong></span> <span class='ocrx_word' id='word_1_321' title='bbox 1543 2778 1825 2834; x_wconf 76' lang='lat' dir='ltr'><strong>resurgere</strong></span> <span class='ocrx_word' id='word_1_322' title='bbox 1876 2770 1930 2819; x_wconf 93' lang='lat' dir='ltr'><strong>et</strong></span> <span class='ocrx_word' id='word_1_323' title='bbox 1957 2762 2068 2833; x_wconf 88' lang='lat' dir='ltr'><strong>pri-</strong></span> 
     </span>
    </p>
   </div>
   <div class='ocr_carea' id='block_1_43' title="bbox 451 2838 2067 2930">
    <p class='ocr_par' dir='ltr' id='par_1_43' title="bbox 451 2838 2067 2930">
     <span class='ocr_line' id='line_1_43' title="bbox 451 2838 2067 2930; baseline -0.004 -14"><span class='ocrx_word' id='word_1_324' title='bbox 451 2878 604 2920; x_wconf 75' lang='lat' dir='ltr'><strong>.tuus</strong></span> <span class='ocrx_word' id='word_1_325' title='bbox 627 2862 794 2918; x_wconf 58' lang='lat' dir='ltr'><strong>caelos</strong></span> <span class='ocrx_word' id='word_1_326' title='bbox 817 2867 1120 2930; x_wconf 86' lang='lat' dir='ltr'><strong>penetrare.</strong></span> <span class='ocrx_word' id='word_1_327' title='bbox 1165 2857 1448 2912; x_wconf 83' lang='lat' dir='ltr'><strong>Destructo</strong></span> <span class='ocrx_word' id='word_1_328' title='bbox 1490 2838 1635 2910; x_wconf 84' lang='lat' dir='ltr'><strong>enim</strong></span> <span class='ocrx_word' id='word_1_329' title='bbox 1677 2853 1867 2910; x_wconf 88' lang='lat' dir='ltr'><strong>mortis</strong></span> <span class='ocrx_word' id='word_1_330' title='bbox 1896 2853 2067 2924; x_wconf 86' lang='lat' dir='ltr'><strong>impe-</strong></span> 
     </span>
    </p>
   </div>
   <div class='ocr_carea' id='block_1_44' title="bbox 448 2946 2065 3025">
    <p class='ocr_par' dir='ltr' id='par_1_44' title="bbox 448 2946 2065 3025">
     <span class='ocr_line' id='line_1_44' title="bbox 448 2946 2065 3025; baseline -0.004 -16"><span class='ocrx_word' id='word_1_331' title='bbox 448 2958 591 3023; x_wconf 71' lang='lat' dir='ltr'><strong>~rio‘,</strong></span> <span class='ocrx_word' id='word_1_332' title='bbox 621 2956 737 3025; x_wconf 88' lang='lat' dir='ltr'><strong>ipse</strong></span> <span class='ocrx_word' id='word_1_333' title='bbox 772 2947 979 3023; x_wconf 70' lang='lat' dir='ltr'><strong>prim&#39;us</strong></span> <span class='ocrx_word' id='word_1_334' title='bbox 1007 2951 1251 3007; x_wconf 90' lang='lat' dir='ltr'><strong>omnium</strong></span> <span class='ocrx_word' id='word_1_335' title='bbox 1280 2958 1615 3005; x_wconf 87' lang='lat' dir='ltr'><strong>mortuorum</strong></span> <span class='ocrx_word' id='word_1_336' title='bbox 1650 2946 1946 3004; x_wconf 89' lang='lat' dir='ltr'><strong>electorum</strong></span> <span class='ocrx_word' id='word_1_337' title='bbox 1986 2961 2065 3002; x_wconf 85' lang='lat' dir='ltr'><strong>re-</strong></span> 
     </span>
    </p>
   </div>
   <div class='ocr_carea' id='block_1_45' title="bbox 454 3037 2066 3116">
    <p class='ocr_par' dir='ltr' id='par_1_45' title="bbox 454 3037 2066 3116">
     <span class='ocr_line' id='line_1_45' title="bbox 454 3037 2066 3116; baseline -0.005 -13"><span class='ocrx_word' id='word_1_338' title='bbox 454 3047 739 3110; x_wconf 73' lang='lat' dir='ltr'><strong>.snrresit,</strong></span> <span class='ocrx_word' id='word_1_339' title='bbox 764 3045 920 3116; x_wconf 84' lang='lat' dir='ltr'><strong>juxta</strong></span> <span class='ocrx_word' id='word_1_340' title='bbox 957 3044 1099 3114; x_wconf 91' lang='lat' dir='ltr'><strong>quod</strong></span> <span class='ocrx_word' id='word_1_341' title='bbox 1126 3039 1365 3097; x_wconf 82' lang='lat' dir='ltr'><strong>Joannes</strong></span> <span class='ocrx_word' id='word_1_342' title='bbox 1405 3041 1471 3096; x_wconf 90' lang='lat' dir='ltr'><strong>de</strong></span> <span class='ocrx_word' id='word_1_343' title='bbox 1514 3040 1605 3096; x_wconf 92' lang='lat' dir='ltr'><strong>illo</strong></span> <span class='ocrx_word' id='word_1_344' title='bbox 1647 3039 1778 3096; x_wconf 90' lang='lat' dir='ltr'><strong>dicit</strong></span> <span class='ocrx_word' id='word_1_345' title='bbox 1808 3056 1822 3093; x_wconf 89' lang='lat'><strong>:</strong></span> <span class='ocrx_word' id='word_1_346' title='bbox 1853 3037 1954 3107; x_wconf 85' lang='lat' dir='ltr'><strong>Qui</strong></span> <span class='ocrx_word' id='word_1_347' title='bbox 1981 3047 2066 3095; x_wconf 85' lang='lat' dir='ltr'><strong>est</strong></span> 
     </span>
    </p>
   </div>
   <div class='ocr_carea' id='block_1_46' title="bbox 454 3132 2058 3209">
    <p class='ocr_par' dir='ltr' id='par_1_46' title="bbox 454 3132 2058 3209">
     <span class='ocr_line' id='line_1_46' title="bbox 454 3132 2058 3209; baseline -0.006 -15"><span class='ocrx_word' id='word_1_348' title='bbox 454 3138 876 3209; x_wconf 71' lang='lat' dir='ltr'><strong>primogenitus</strong></span> <span class='ocrx_word' id='word_1_349' title='bbox 901 3142 1260 3198; x_wconf 90' lang='lat' dir='ltr'><strong>mortuorum,</strong></span> <span class='ocrx_word' id='word_1_350' title='bbox 1283 3141 1338 3187; x_wconf 90' lang='lat' dir='ltr'><strong>et</strong></span> <span class='ocrx_word' id='word_1_351' title='bbox 1360 3132 1613 3203; x_wconf 83' lang='lat' dir='ltr'><strong>princeps</strong></span> <span class='ocrx_word' id='word_1_352' title='bbox 1660 3146 1847 3203; x_wconf 89' lang='lat' dir='ltr'><strong>regum</strong></span> <span class='ocrx_word' id='word_1_353' title='bbox 1885 3138 2058 3194; x_wconf 69' lang='lat' dir='ltr'><strong>terrae,</strong></span> 
     </span>
    </p>
   </div>
   <div class='ocr_carea' id='block_1_47' title="bbox 450 3222 2064 3301">
    <p class='ocr_par' dir='ltr' id='par_1_47' title="bbox 450 3222 2064 3301">
     <span class='ocr_line' id='line_1_47' title="bbox 450 3222 2064 3301; baseline -0.005 -18"><span class='ocrx_word' id='word_1_354' title='bbox 450 3239 538 3285; x_wconf 84' lang='lat' dir='ltr'><strong>.et</strong></span> <span class='ocrx_word' id='word_1_355' title='bbox 565 3228 819 3301; x_wconf 74' lang='lat' dir='ltr'><strong>primitite</strong></span> <span class='ocrx_word' id='word_1_356' title='bbox 842 3226 1227 3282; x_wconf 83' lang='lat' dir='ltr'><strong>dormientium</strong></span> <span class='ocrx_word' id='word_1_357' title='bbox 1258 3224 1506 3279; x_wconf 88' lang='lat' dir='ltr'><strong>Christus</strong></span> <span class='ocrx_word' id='word_1_358' title='bbox 1535 3224 1721 3297; x_wconf 80' lang='lat' dir='ltr'><strong>(Apoc.</strong></span> <span class='ocrx_word' id='word_1_359' title='bbox 1751 3222 1814 3295; x_wconf 80' lang='lat'><strong>1);</strong></span> <span class='ocrx_word' id='word_1_360' title='bbox 1844 3230 1898 3278; x_wconf 91' lang='lat' dir='ltr'><strong>et</strong></span> <span class='ocrx_word' id='word_1_361' title='bbox 1924 3222 2064 3276; x_wconf 87' lang='lat' dir='ltr'><strong>sicut</strong></span> 
     </span>
    </p>
   </div>
   <div class='ocr_carea' id='block_1_48' title="bbox 2247 2036 3760 2115">
    <p class='ocr_par' dir='ltr' id='par_1_48' title="bbox 2247 2036 3760 2115">
     <span class='ocr_line' id='line_1_48' title="bbox 2247 2036 3760 2115; baseline 0.003 -21"><span class='ocrx_word' id='word_1_362' title='bbox 2247 2036 2355 2095; x_wconf 85' lang='lat' dir='ltr'><strong>Per</strong></span> <span class='ocrx_word' id='word_1_363' title='bbox 2396 2057 2548 2112; x_wconf 82' lang='lat' dir='ltr'><strong>quem</strong></span> <span class='ocrx_word' id='word_1_364' title='bbox 2590 2040 2884 2111; x_wconf 80' lang='lat' dir='ltr'><strong>accepimus</strong></span> <span class='ocrx_word' id='word_1_365' title='bbox 2927 2041 3152 2112; x_wconf 81' lang='lat' dir='ltr'><strong>gratiam</strong></span> <span class='ocrx_word' id='word_1_366' title='bbox 3197 2050 3247 2098; x_wconf 78' lang='lat' dir='ltr'><strong>et</strong></span> <span class='ocrx_word' id='word_1_367' title='bbox 3290 2042 3647 2115; x_wconf 74' lang='lat' dir='ltr'><strong>apostoth</strong></span> <span class='ocrx_word' id='word_1_368' title='bbox 3690 2046 3760 2099; x_wconf 78' lang='lat' dir='ltr'><strong>od</strong></span> 
     </span>
    </p>
   </div>
   <div class='ocr_carea' id='block_1_49' title="bbox 2173 2130 3762 2206">
    <p class='ocr_par' dir='ltr' id='par_1_49' title="bbox 2173 2130 3762 2206">
     <span class='ocr_line' id='line_1_49' title="bbox 2173 2130 3762 2206; baseline 0.002 -20"><span class='ocrx_word' id='word_1_369' title='bbox 2173 2130 2521 2188; x_wconf 72' lang='lat' dir='ltr'><strong>obedientium</strong></span> <span class='ocrx_word' id='word_1_370' title='bbox 2568 2131 2694 2200; x_wconf 77' lang='lat' dir='ltr'><strong>ﬁdei</strong></span> <span class='ocrx_word' id='word_1_371' title='bbox 2740 2130 2797 2185; x_wconf 86' lang='lat' dir='ltr'><strong>in</strong></span> <span class='ocrx_word' id='word_1_372' title='bbox 2837 2131 3074 2187; x_wconf 85' lang='lat' dir='ltr'><strong>omnibus</strong></span> <span class='ocrx_word' id='word_1_373' title='bbox 3129 2133 3365 2204; x_wconf 75' lang='lat' dir='ltr'><strong>gentibus</strong></span> <span class='ocrx_word' id='word_1_374' title='bbox 3403 2150 3500 2206; x_wconf 84' lang='lat' dir='ltr'><strong>pro</strong></span> <span class='ocrx_word' id='word_1_375' title='bbox 3549 2136 3762 2189; x_wconf 74' lang='lat' dir='ltr'><strong>nomine</strong></span> 
     </span>
    </p>
   </div>
   <div class='ocr_carea' id='block_1_50' title="bbox 2171 2219 3759 2295">
    <p class='ocr_par' dir='ltr' id='par_1_50' title="bbox 2171 2219 3759 2295">
     <span class='ocr_line' id='line_1_50' title="bbox 2171 2219 3759 2295; baseline 0.002 -18"><span class='ocrx_word' id='word_1_376' title='bbox 2171 2222 2304 2293; x_wconf 85' lang='lat' dir='ltr'><strong>ejus.</strong></span> <span class='ocrx_word' id='word_1_377' title='bbox 2332 2219 2517 2277; x_wconf 84' lang='lat' dir='ltr'><strong>Gratia</strong></span> <span class='ocrx_word' id='word_1_378' title='bbox 2545 2220 2745 2277; x_wconf 90' lang='lat' dir='ltr'><strong>dicitur</strong></span> <span class='ocrx_word' id='word_1_379' title='bbox 2771 2222 2942 2291; x_wconf 79' lang='lat' dir='ltr'><strong>gratis</strong></span> <span class='ocrx_word' id='word_1_380' title='bbox 2971 2222 3118 2277; x_wconf 86' lang='lat' dir='ltr'><strong>data.</strong></span> <span class='ocrx_word' id='word_1_381' title='bbox 3146 2223 3214 2278; x_wconf 87' lang='lat' dir='ltr'><strong>Et</strong></span> <span class='ocrx_word' id='word_1_382' title='bbox 3249 2225 3482 2295; x_wconf 86' lang='lat' dir='ltr'><strong>gratiam</strong></span> <span class='ocrx_word' id='word_1_383' title='bbox 3524 2225 3617 2280; x_wconf 87' lang='lat' dir='ltr'><strong>hic</strong></span> <span class='ocrx_word' id='word_1_384' title='bbox 3664 2227 3759 2280; x_wconf 85' lang='lat' dir='ltr'><strong>de-</strong></span> 
     </span>
    </p>
   </div>
   <div class='ocr_carea' id='block_1_51' title="bbox 2170 2300 3758 2386">
    <p class='ocr_par' dir='ltr' id='par_1_51' title="bbox 2170 2300 3758 2386">
     <span class='ocr_line' id='line_1_51' title="bbox 2170 2300 3758 2386; baseline 0.001 -18"><span class='ocrx_word' id='word_1_385' title='bbox 2170 2311 2361 2370; x_wconf 88' lang='lat' dir='ltr'><strong>bemus</strong></span> <span class='ocrx_word' id='word_1_386' title='bbox 2388 2312 2691 2384; x_wconf 75' lang='lat' dir='ltr'><strong>intelligere</strong></span> <span class='ocrx_word' id='word_1_387' title='bbox 2723 2313 2881 2368; x_wconf 85' lang='lat' dir='ltr'><strong>ﬁdem</strong></span> <span class='ocrx_word' id='word_1_388' title='bbox 2911 2300 2970 2368; x_wconf 85' lang='lat' dir='ltr'><strong>et</strong></span> <span class='ocrx_word' id='word_1_389' title='bbox 3002 2314 3376 2371; x_wconf 85' lang='lat' dir='ltr'><strong>remissionem</strong></span> <span class='ocrx_word' id='word_1_390' title='bbox 3403 2324 3758 2386; x_wconf 85' lang='lat' dir='ltr'><strong>peccatorum</strong></span> 
     </span>
    </p>
   </div>
   <div class='ocr_carea' id='block_1_52' title="bbox 2171 2402 3759 2477">
    <p class='ocr_par' dir='ltr' id='par_1_52' title="bbox 2171 2402 3759 2477">
     <span class='ocr_line' id='line_1_52' title="bbox 2171 2402 3759 2477; baseline 0.001 -19"><span class='ocrx_word' id='word_1_391' title='bbox 2171 2402 2256 2458; x_wconf 86' lang='lat' dir='ltr'><strong>vel</strong></span> <span class='ocrx_word' id='word_1_392' title='bbox 2297 2403 2617 2474; x_wconf 86' lang='lat' dir='ltr'><strong>patientiam</strong></span> <span class='ocrx_word' id='word_1_393' title='bbox 2652 2403 2895 2459; x_wconf 90' lang='lat' dir='ltr'><strong>omnium</strong></span> <span class='ocrx_word' id='word_1_394' title='bbox 2932 2402 3203 2470; x_wconf 90' lang='lat' dir='ltr'><strong>laborum,</strong></span> <span class='ocrx_word' id='word_1_395' title='bbox 3231 2420 3337 2475; x_wconf 77' lang='lat' dir='ltr'><strong>pro</strong></span> <span class='ocrx_word' id='word_1_396' title='bbox 3362 2422 3471 2477; x_wconf 86' lang='lat' dir='ltr'><strong>qua</strong></span> <span class='ocrx_word' id='word_1_397' title='bbox 3505 2422 3759 2462; x_wconf 82' lang='lat' dir='ltr'><strong>remune-</strong></span> 
     </span>
    </p>
   </div>
   <div class='ocr_carea' id='block_1_53' title="bbox 2172 2494 3762 2566">
    <p class='ocr_par' dir='ltr' id='par_1_53' title="bbox 2172 2494 3762 2566">
     <span class='ocr_line' id='line_1_53' title="bbox 2172 2494 3762 2566; baseline 0.001 -17"><span class='ocrx_word' id='word_1_398' title='bbox 2172 2494 2415 2551; x_wconf 87' lang='lat' dir='ltr'><strong>rabimur</strong></span> <span class='ocrx_word' id='word_1_399' title='bbox 2456 2495 2511 2549; x_wconf 94' lang='lat' dir='ltr'><strong>in</strong></span> <span class='ocrx_word' id='word_1_400' title='bbox 2550 2494 2810 2560; x_wconf 78' lang='lat' dir='ltr'><strong>futurum,</strong></span> <span class='ocrx_word' id='word_1_401' title='bbox 2839 2509 2960 2564; x_wconf 67' lang='lat' dir='ltr'><strong>qua:</strong></span> <span class='ocrx_word' id='word_1_402' title='bbox 2990 2495 3173 2551; x_wconf 87' lang='lat' dir='ltr'><strong>omnia</strong></span> <span class='ocrx_word' id='word_1_403' title='bbox 3209 2496 3369 2552; x_wconf 88' lang='lat' dir='ltr'><strong>nullis</strong></span> <span class='ocrx_word' id='word_1_404' title='bbox 3402 2498 3762 2566; x_wconf 70' lang='lat' dir='ltr'><strong>praecedenti-</strong></span> 
     </span>
    </p>
   </div>
   <div class='ocr_carea' id='block_1_54' title="bbox 2170 2585 3757 2658">
    <p class='ocr_par' dir='ltr' id='par_1_54' title="bbox 2170 2585 3757 2658">
     <span class='ocr_line' id='line_1_54' title="bbox 2170 2585 3757 2658; baseline 0.002 -16"><span class='ocrx_word' id='word_1_405' title='bbox 2170 2585 2273 2642; x_wconf 89' lang='lat' dir='ltr'><strong>bus</strong></span> <span class='ocrx_word' id='word_1_406' title='bbox 2309 2586 2525 2642; x_wconf 87' lang='lat' dir='ltr'><strong>meritis</strong></span> <span class='ocrx_word' id='word_1_407' title='bbox 2544 2586 2716 2658; x_wconf 88' lang='lat' dir='ltr'><strong>gratis</strong></span> <span class='ocrx_word' id='word_1_408' title='bbox 2749 2587 2876 2642; x_wconf 82' lang='lat' dir='ltr'><strong>dala</strong></span> <span class='ocrx_word' id='word_1_409' title='bbox 2908 2596 3035 2644; x_wconf 88' lang='lat' dir='ltr'><strong>sunt</strong></span> <span class='ocrx_word' id='word_1_410' title='bbox 3063 2589 3270 2645; x_wconf 89' lang='lat' dir='ltr'><strong>cunctis</strong></span> <span class='ocrx_word' id='word_1_411' title='bbox 3294 2586 3583 2657; x_wconf 83' lang='lat' dir='ltr'><strong>ﬁdelibus,</strong></span> <span class='ocrx_word' id='word_1_412' title='bbox 3617 2591 3757 2647; x_wconf 89' lang='lat' dir='ltr'><strong>sicut</strong></span> 
     </span>
    </p>
   </div>
   <div class='ocr_carea' id='block_1_55' title="bbox 2171 2678 3757 2751">
    <p class='ocr_par' dir='ltr' id='par_1_55' title="bbox 2171 2678 3757 2751">
     <span class='ocr_line' id='line_1_55' title="bbox 2171 2678 3757 2751; baseline -0.002 -17"><span class='ocrx_word' id='word_1_413' title='bbox 2171 2678 2363 2735; x_wconf 87' lang='lat' dir='ltr'><strong>iisdem</strong></span> <span class='ocrx_word' id='word_1_414' title='bbox 2409 2679 2658 2750; x_wconf 84' lang='lat' dir='ltr'><strong>egregius</strong></span> <span class='ocrx_word' id='word_1_415' title='bbox 2682 2679 3010 2750; x_wconf 61' lang='lat' dir='ltr'><strong>praedicator</strong></span> <span class='ocrx_word' id='word_1_416' title='bbox 3044 2680 3175 2735; x_wconf 85' lang='lat' dir='ltr'><strong>dicit</strong></span> <span class='ocrx_word' id='word_1_417' title='bbox 3206 2697 3220 2733; x_wconf 91' lang='lat'><strong>:</strong></span> <span class='ocrx_word' id='word_1_418' title='bbox 3253 2679 3439 2735; x_wconf 83' lang='lat' dir='ltr'><strong>Gratia</strong></span> <span class='ocrx_word' id='word_1_419' title='bbox 3466 2681 3603 2736; x_wconf 79' lang='lat' dir='ltr'><strong>salvi</strong></span> <span class='ocrx_word' id='word_1_420' title='bbox 3632 2682 3757 2751; x_wconf 76' lang='lat' dir='ltr'><strong>[acti</strong></span> 
     </span>
    </p>
   </div>
   <div class='ocr_carea' id='block_1_56' title="bbox 2169 2769 3757 2842">
    <p class='ocr_par' dir='ltr' id='par_1_56' title="bbox 2169 2769 3757 2842">
     <span class='ocr_line' id='line_1_56' title="bbox 2169 2769 3757 2842; baseline -0.001 -16"><span class='ocrx_word' id='word_1_421' title='bbox 2169 2771 2291 2826; x_wconf 85' lang='lat' dir='ltr'><strong>estis</strong></span> <span class='ocrx_word' id='word_1_422' title='bbox 2319 2770 2539 2842; x_wconf 81' lang='lat' dir='ltr'><strong>(Ephes.</strong></span> <span class='ocrx_word' id='word_1_423' title='bbox 2564 2773 2648 2841; x_wconf 92' lang='grc' dir='ltr'><strong>ιι).</strong></span> <span class='ocrx_word' id='word_1_424' title='bbox 2691 2769 3038 2841; x_wconf 82' lang='lat' dir='ltr'><strong>Apostolatus</strong></span> <span class='ocrx_word' id='word_1_425' title='bbox 3066 2786 3195 2827; x_wconf 84' lang='lat' dir='ltr'><strong>vero</strong></span> <span class='ocrx_word' id='word_1_426' title='bbox 3224 2773 3446 2827; x_wconf 86' lang='lat' dir='ltr'><strong>nomine</strong></span> <span class='ocrx_word' id='word_1_427' title='bbox 3493 2773 3757 2828; x_wconf 84' lang='lat' dir='ltr'><strong>debemus</strong></span> 
     </span>
    </p>
   </div>
   <div class='ocr_carea' id='block_1_57' title="bbox 2171 2861 3754 2935">
    <p class='ocr_par' dir='ltr' id='par_1_57' title="bbox 2171 2861 3754 2935">
     <span class='ocr_line' id='line_1_57' title="bbox 2171 2861 3754 2935; baseline -0.001 -19"><span class='ocrx_word' id='word_1_428' title='bbox 2171 2861 2469 2935; x_wconf 90' lang='lat' dir='ltr'><strong>intelligere</strong></span> <span class='ocrx_word' id='word_1_429' title='bbox 2507 2861 2830 2933; x_wconf 85' lang='lat' dir='ltr'><strong>legationem</strong></span> <span class='ocrx_word' id='word_1_430' title='bbox 2872 2862 3294 2933; x_wconf 73' lang='lat' dir='ltr'><strong>prtedicationis,</strong></span> <span class='ocrx_word' id='word_1_431' title='bbox 3325 2879 3491 2935; x_wconf 86' lang='lat' dir='ltr'><strong>quam</strong></span> <span class='ocrx_word' id='word_1_432' title='bbox 3521 2864 3626 2935; x_wconf 90' lang='lat' dir='ltr'><strong>ipsi</strong></span> <span class='ocrx_word' id='word_1_433' title='bbox 3659 2865 3754 2917; x_wconf 84' lang='lat' dir='ltr'><strong>soli</strong></span> 
     </span>
    </p>
   </div>
   <div class='ocr_carea' id='block_1_58' title="bbox 2171 2945 3756 3025">
    <p class='ocr_par' dir='ltr' id='par_1_58' title="bbox 2171 2945 3756 3025">
     <span class='ocr_line' id='line_1_58' title="bbox 2171 2945 3756 3025; baseline -0.001 -18"><span class='ocrx_word' id='word_1_434' title='bbox 2171 2951 2396 3025; x_wconf 83' lang='lat' dir='ltr'><strong>apostoli</strong></span> <span class='ocrx_word' id='word_1_435' title='bbox 2421 2945 2717 3023; x_wconf 86' lang='lat' dir='ltr'><strong>eorumque</strong></span> <span class='ocrx_word' id='word_1_436' title='bbox 2744 2967 3004 3022; x_wconf 85' lang='lat' dir='ltr'><strong>sequaces</strong></span> <span class='ocrx_word' id='word_1_437' title='bbox 3029 2964 3355 3023; x_wconf 89' lang='lat' dir='ltr'><strong>acceperunt</strong></span> <span class='ocrx_word' id='word_1_438' title='bbox 3378 2953 3473 3023; x_wconf 89' lang='lat' dir='ltr'><strong>qui</strong></span> <span class='ocrx_word' id='word_1_439' title='bbox 3503 2954 3756 3009; x_wconf 79' lang='lat' dir='ltr'><strong>similiter</strong></span> 
     </span>
    </p>
   </div>
   <div class='ocr_carea' id='block_1_59' title="bbox 2169 3042 3755 3115">
    <p class='ocr_par' dir='ltr' id='par_1_59' title="bbox 2169 3042 3755 3115">
     <span class='ocr_line' id='line_1_59' title="bbox 2169 3042 3755 3115; baseline -0.002 -14"><span class='ocrx_word' id='word_1_440' title='bbox 2169 3053 2294 3115; x_wconf 90' lang='lat' dir='ltr'><strong>post</strong></span> <span class='ocrx_word' id='word_1_441' title='bbox 2337 3044 2457 3100; x_wconf 91' lang='lat' dir='ltr'><strong>illos</strong></span> <span class='ocrx_word' id='word_1_442' title='bbox 2504 3042 2742 3101; x_wconf 82' lang='lat' dir='ltr'><strong>cilicium</strong></span> <span class='ocrx_word' id='word_1_443' title='bbox 2787 3043 3191 3114; x_wconf 70' lang='lat' dir='ltr'><strong>praedicationis</strong></span> <span class='ocrx_word' id='word_1_444' title='bbox 3238 3052 3553 3100; x_wconf 90' lang='lat' dir='ltr'><strong>tenuerunt.</strong></span> <span class='ocrx_word' id='word_1_445' title='bbox 3590 3044 3660 3099; x_wconf 80' lang='lat' dir='ltr'><strong>Et</strong></span> <span class='ocrx_word' id='word_1_446' title='bbox 3694 3060 3755 3098; x_wconf 84' lang='lat' dir='ltr'><strong>ne</strong></span> 
     </span>
    </p>
   </div>
   <div class='ocr_carea' id='block_1_60' title="bbox 2168 3136 3753 3209">
    <p class='ocr_par' dir='ltr' id='par_1_60' title="bbox 2168 3136 3753 3209">
     <span class='ocr_line' id='line_1_60' title="bbox 2168 3136 3753 3209; baseline -0.002 -18"><span class='ocrx_word' id='word_1_447' title='bbox 2168 3138 2292 3209; x_wconf 86' lang='lat' dir='ltr'><strong>quis</strong></span> <span class='ocrx_word' id='word_1_448' title='bbox 2324 3144 2540 3207; x_wconf 90' lang='lat' dir='ltr'><strong>putaret</strong></span> <span class='ocrx_word' id='word_1_449' title='bbox 2567 3137 2711 3206; x_wconf 90' lang='lat' dir='ltr'><strong>quod</strong></span> <span class='ocrx_word' id='word_1_450' title='bbox 2740 3136 2794 3192; x_wconf 90' lang='lat' dir='ltr'><strong>in</strong></span> <span class='ocrx_word' id='word_1_451' title='bbox 2825 3152 2929 3191; x_wconf 90' lang='lat' dir='ltr'><strong>una</strong></span> <span class='ocrx_word' id='word_1_452' title='bbox 2958 3145 3117 3209; x_wconf 86' lang='lat' dir='ltr'><strong>gente</strong></span> <span class='ocrx_word' id='word_1_453' title='bbox 3144 3136 3521 3192; x_wconf 88' lang='lat' dir='ltr'><strong>tantummodo</strong></span> <span class='ocrx_word' id='word_1_454' title='bbox 3544 3137 3753 3191; x_wconf 78' lang='lat' dir='ltr'><strong>Israeli-</strong></span> 
     </span>
    </p>
   </div>
   <div class='ocr_carea' id='block_1_61' title="bbox 2171 3224 3752 3297">
    <p class='ocr_par' dir='ltr' id='par_1_61' title="bbox 2171 3224 3752 3297">
     <span class='ocr_line' id='line_1_61' title="bbox 2171 3224 3752 3297; baseline -0.003 -16"><span class='ocrx_word' id='word_1_455' title='bbox 2171 3228 2274 3282; x_wconf 85' lang='lat' dir='ltr'><strong>tica</strong></span> <span class='ocrx_word' id='word_1_456' title='bbox 2318 3226 2654 3297; x_wconf 88' lang='lat' dir='ltr'><strong>accepissent</strong></span> <span class='ocrx_word' id='word_1_457' title='bbox 2694 3224 3018 3297; x_wconf 78' lang='lat' dir='ltr'><strong>legationem</strong></span> <span class='ocrx_word' id='word_1_458' title='bbox 3070 3226 3485 3297; x_wconf 68' lang='lat' dir='ltr'><strong>praedicationis,</strong></span> <span class='ocrx_word' id='word_1_459' title='bbox 3521 3226 3659 3280; x_wconf 89' lang='lat' dir='ltr'><strong>dicit</strong></span> <span class='ocrx_word' id='word_1_460' title='bbox 3704 3226 3752 3278; x_wconf 89' lang='lat' dir='ltr'><strong>in</strong></span> 
     </span>
    </p>
   </div>
   <div class='ocr_carea' id='block_1_62' title="bbox 478 3306 3754 3394">
    <p class='ocr_par' dir='ltr' id='par_1_62' title="bbox 478 3306 3754 3394">
     <span class='ocr_line' id='line_1_62' title="bbox 478 3306 3754 3394; baseline -0.001 -23"><span class='ocrx_word' id='word_1_461' title='bbox 478 3323 688 3394; x_wconf 74' lang='lat' dir='ltr'><strong>primus</strong></span> <span class='ocrx_word' id='word_1_462' title='bbox 730 3319 1047 3383; x_wconf 78' lang='lat' dir='ltr'><strong>resurrexit,</strong></span> <span class='ocrx_word' id='word_1_463' title='bbox 1075 3317 1150 3372; x_wconf 89' lang='lat' dir='ltr'><strong>ita</strong></span> <span class='ocrx_word' id='word_1_464' title='bbox 1189 3324 1245 3370; x_wconf 92' lang='lat' dir='ltr'><strong>et</strong></span> <span class='ocrx_word' id='word_1_465' title='bbox 1294 3315 1502 3385; x_wconf 78' lang='lat' dir='ltr'><strong>primus</strong></span> <span class='ocrx_word' id='word_1_466' title='bbox 1541 3313 1708 3369; x_wconf 85' lang='lat' dir='ltr'><strong>caelos</strong></span> <span class='ocrx_word' id='word_1_467' title='bbox 1735 3311 2061 3382; x_wconf 79' lang='lat' dir='ltr'><strong>penetravit,</strong></span> <span class='ocrx_word' id='word_1_468' title='bbox 2091 3306 2135 3368; x_wconf 89' lang='lat' dir='ltr'><strong>C</strong></span> <span class='ocrx_word' id='word_1_469' title='bbox 2166 3318 2417 3373; x_wconf 82' lang='lat' dir='ltr'><strong>omnibus</strong></span> <span class='ocrx_word' id='word_1_470' title='bbox 2467 3318 2718 3390; x_wconf 77' lang='lat' dir='ltr'><strong>gentibus</strong></span> <span class='ocrx_word' id='word_1_471' title='bbox 2765 3317 2834 3372; x_wconf 89' lang='lat' dir='ltr'><strong>ad</strong></span> <span class='ocrx_word' id='word_1_472' title='bbox 2879 3317 3235 3372; x_wconf 83' lang='lat' dir='ltr'><strong>obediendum</strong></span> <span class='ocrx_word' id='word_1_473' title='bbox 3284 3310 3431 3380; x_wconf 82' lang='lat' dir='ltr'><strong>iidei,</strong></span> <span class='ocrx_word' id='word_1_474' title='bbox 3478 3317 3754 3386; x_wconf 64' lang='lat' dir='ltr'><strong>accepisse</strong></span> 
     </span>
    </p>
   </div>
   <div class='ocr_carea' id='block_1_63' title="bbox 483 3400 2063 3477">
    <p class='ocr_par' dir='ltr' id='par_1_63' title="bbox 483 3400 2063 3477">
     <span class='ocr_line' id='line_1_63' title="bbox 483 3400 2063 3477; baseline -0.009 -6"><span class='ocrx_word' id='word_1_475' title='bbox 483 3416 619 3471; x_wconf 89' lang='lat' dir='ltr'><strong>dans</strong></span> <span class='ocrx_word' id='word_1_476' title='bbox 645 3410 890 3468; x_wconf 89' lang='lat' dir='ltr'><strong>ﬁdelibus</strong></span> <span class='ocrx_word' id='word_1_477' title='bbox 919 3408 1031 3465; x_wconf 89' lang='lat' dir='ltr'><strong>suis</strong></span> <span class='ocrx_word' id='word_1_478' title='bbox 1066 3415 1191 3477; x_wconf 90' lang='lat' dir='ltr'><strong>post</strong></span> <span class='ocrx_word' id='word_1_479' title='bbox 1228 3420 1288 3460; x_wconf 91' lang='lat' dir='ltr'><strong>se</strong></span> <span class='ocrx_word' id='word_1_480' title='bbox 1324 3403 1529 3459; x_wconf 90' lang='lat' dir='ltr'><strong>aditum</strong></span> <span class='ocrx_word' id='word_1_481' title='bbox 1565 3401 1918 3474; x_wconf 87' lang='lat' dir='ltr'><strong>ingrediendi.</strong></span> <span class='ocrx_word' id='word_1_482' title='bbox 1949 3400 2063 3456; x_wconf 81' lang='lat' dir='ltr'><strong>Ali—</strong></span> 
     </span>
    </p>
   </div>
   <div class='ocr_carea' id='block_1_64' title="bbox 483 3486 2065 3569">
    <p class='ocr_par' dir='ltr' id='par_1_64' title="bbox 483 3486 2065 3569">
     <span class='ocr_line' id='line_1_64' title="bbox 483 3486 2065 3569; baseline -0.008 -10"><span class='ocrx_word' id='word_1_483' title='bbox 483 3516 588 3569; x_wconf 87' lang='lat' dir='ltr'><strong>ter,</strong></span> <span class='ocrx_word' id='word_1_484' title='bbox 618 3500 916 3565; x_wconf 85' lang='lat' dir='ltr'><strong>secundum</strong></span> <span class='ocrx_word' id='word_1_485' title='bbox 943 3498 1162 3554; x_wconf 87' lang='lat' dir='ltr'><strong>beatum</strong></span> <span class='ocrx_word' id='word_1_486' title='bbox 1206 3493 1575 3560; x_wconf 83' lang='lat' dir='ltr'><strong>Ambrosium,</strong></span> <span class='ocrx_word' id='word_1_487' title='bbox 1601 3492 1795 3548; x_wconf 90' lang='lat' dir='ltr'><strong>merito</strong></span> <span class='ocrx_word' id='word_1_488' title='bbox 1829 3486 1961 3548; x_wconf 75' lang='lat' dir='ltr'><strong>dicit</strong></span> <span class='ocrx_word' id='word_1_489' title='bbox 2003 3491 2065 3547; x_wconf 84' lang='lat' dir='ltr'><strong>il-</strong></span> 
     </span>
    </p>
   </div>
   <div class='ocr_carea' id='block_1_65' title="bbox 484 3584 2059 3663">
    <p class='ocr_par' dir='ltr' id='par_1_65' title="bbox 484 3584 2059 3663">
     <span class='ocr_line' id='line_1_65' title="bbox 484 3584 2059 3663; baseline -0.004 -15"><span class='ocrx_word' id='word_1_490' title='bbox 484 3589 1061 3663; x_wconf 31' lang='lat' dir='ltr'><strong>lum‘praedestinatum</strong></span> <span class='ocrx_word' id='word_1_491' title='bbox 1082 3601 1202 3642; x_wconf 86' lang='lat' dir='ltr'><strong>esse</strong></span> <span class='ocrx_word' id='word_1_492' title='bbox 1227 3584 1419 3641; x_wconf 84' lang='lat' dir='ltr'><strong>Filium</strong></span> <span class='ocrx_word' id='word_1_493' title='bbox 1444 3584 1623 3642; x_wconf 81' lang='lat' dir='ltr'><strong>Deiex</strong></span> <span class='ocrx_word' id='word_1_494' title='bbox 1647 3585 2059 3650; x_wconf 86' lang='lat' dir='ltr'><strong>resurrectione,</strong></span> 
     </span>
    </p>
   </div>
   <div class='ocr_carea' id='block_1_66' title="bbox 482 3679 2064 3757">
    <p class='ocr_par' dir='ltr' id='par_1_66' title="bbox 482 3679 2064 3757">
     <span class='ocr_line' id='line_1_66' title="bbox 482 3679 2064 3757; baseline -0.008 -13"><span class='ocrx_word' id='word_1_495' title='bbox 482 3688 601 3753; x_wconf 83' lang='lat' dir='ltr'><strong>sive</strong></span> <span class='ocrx_word' id='word_1_496' title='bbox 633 3693 762 3757; x_wconf 88' lang='lat' dir='ltr'><strong>post</strong></span> <span class='ocrx_word' id='word_1_497' title='bbox 809 3681 1299 3746; x_wconf 87' lang='lat' dir='ltr'><strong>resurrectionem,</strong></span> <span class='ocrx_word' id='word_1_498' title='bbox 1345 3679 1472 3750; x_wconf 88' lang='lat' dir='ltr'><strong>quia</strong></span> <span class='ocrx_word' id='word_1_499' title='bbox 1523 3686 1650 3734; x_wconf 89' lang='lat' dir='ltr'><strong>tunc</strong></span> <span class='ocrx_word' id='word_1_500' title='bbox 1690 3679 1866 3750; x_wconf 91' lang='lat' dir='ltr'><strong>patuit</strong></span> <span class='ocrx_word' id='word_1_501' title='bbox 1904 3693 2064 3734; x_wconf 86' lang='lat' dir='ltr'><strong>verus</strong></span> 
     </span>
    </p>
   </div>
   <div class='ocr_carea' id='block_1_67' title="bbox 480 3769 2063 3846">
    <p class='ocr_par' dir='ltr' id='par_1_67' title="bbox 480 3769 2063 3846">
     <span class='ocr_line' id='line_1_67' title="bbox 480 3769 2063 3846; baseline -0.008 -11"><span class='ocrx_word' id='word_1_502' title='bbox 480 3779 657 3835; x_wconf 74' lang='lat' dir='ltr'><strong>Filius</strong></span> <span class='ocrx_word' id='word_1_503' title='bbox 682 3776 774 3832; x_wconf 84' lang='lat' dir='ltr'><strong>Dei</strong></span> <span class='ocrx_word' id='word_1_504' title='bbox 802 3790 943 3841; x_wconf 77' lang='lat' dir='ltr'><strong>esse,</strong></span> <span class='ocrx_word' id='word_1_505' title='bbox 968 3771 1185 3846; x_wconf 81' lang='lat' dir='ltr'><strong>quando</strong></span> <span class='ocrx_word' id='word_1_506' title='bbox 1214 3772 1270 3827; x_wconf 89' lang='lat' dir='ltr'><strong>in</strong></span> <span class='ocrx_word' id='word_1_507' title='bbox 1302 3778 1473 3826; x_wconf 88' lang='lat' dir='ltr'><strong>morte</strong></span> <span class='ocrx_word' id='word_1_508' title='bbox 1518 3769 1660 3826; x_wconf 88' lang='lat' dir='ltr'><strong>illius</strong></span> <span class='ocrx_word' id='word_1_509' title='bbox 1693 3770 1864 3825; x_wconf 87' lang='lat' dir='ltr'><strong>multa</strong></span> <span class='ocrx_word' id='word_1_510' title='bbox 1900 3770 2063 3824; x_wconf 90' lang='lat' dir='ltr'><strong>mira-</strong></span> 
     </span>
    </p>
   </div>
   <div class='ocr_carea' id='block_1_68' title="bbox 446 3860 2061 3936">
    <p class='ocr_par' dir='ltr' id='par_1_68' title="bbox 446 3860 2061 3936">
     <span class='ocr_line' id='line_1_68' title="bbox 446 3860 2061 3936; baseline -0.007 -9"><span class='ocrx_word' id='word_1_511' title='bbox 446 3872 619 3929; x_wconf 65' lang='lat' dir='ltr'><strong>.cula&#39;</strong></span> <span class='ocrx_word' id='word_1_512' title='bbox 661 3870 959 3926; x_wconf 85' lang='lat' dir='ltr'><strong>accidentia</strong></span> <span class='ocrx_word' id='word_1_513' title='bbox 1029 3864 1408 3936; x_wconf 85' lang='lat' dir='ltr'><strong>compulerunt</strong></span> <span class='ocrx_word' id='word_1_514' title='bbox 1464 3863 1684 3921; x_wconf 76' lang='lat' dir='ltr'><strong>dicere:</strong></span> <span class='ocrx_word' id='word_1_515' title='bbox 1725 3861 1852 3918; x_wconf 83' lang='lat' dir='ltr'><strong>Vere</strong></span> <span class='ocrx_word' id='word_1_516' title='bbox 1886 3860 2061 3917; x_wconf 82' lang='lat' dir='ltr'><strong>Filius</strong></span> 
     </span>
    </p>
   </div>
   <div class='ocr_carea' id='block_1_69' title="bbox 444 3943 2062 4033">
    <p class='ocr_par' dir='ltr' id='par_1_69' title="bbox 444 3943 2062 4033">
     <span class='ocr_line' id='line_1_69' title="bbox 444 3943 2062 4033; baseline -0.007 -13"><span class='ocrx_word' id='word_1_517' title='bbox 444 3963 581 4021; x_wconf 28' lang='lat' dir='ltr'><strong>(Dei</strong></span> <span class='ocrx_word' id='word_1_518' title='bbox 620 3970 733 4017; x_wconf 85' lang='lat' dir='ltr'><strong>erat</strong></span> <span class='ocrx_word' id='word_1_519' title='bbox 776 3962 872 4015; x_wconf 90' lang='lat' dir='ltr'><strong>iste</strong></span> <span class='ocrx_word' id='word_1_520' title='bbox 916 3956 1147 4033; x_wconf 74' lang='lat' dir='ltr'><strong>(Matth.</strong></span> <span class='ocrx_word' id='word_1_521' title='bbox 1175 3943 1367 4025; x_wconf 72' lang='lat' dir='ltr'><strong>xxvii).</strong></span> <span class='ocrx_word' id='word_1_522' title='bbox 1424 3952 1703 4023; x_wconf 80' lang='lat' dir='ltr'><strong>Siquidem</strong></span> <span class='ocrx_word' id='word_1_523' title='bbox 1769 3961 2062 4024; x_wconf 83' lang='lat' dir='ltr'><strong>antequam</strong></span> 
     </span>
    </p>
   </div>
   <div class='ocr_carea' id='block_1_70' title="bbox 470 4050 2061 4134">
    <p class='ocr_par' dir='ltr' id='par_1_70' title="bbox 470 4050 2061 4134">
     <span class='ocr_line' id='line_1_70' title="bbox 470 4050 2061 4134; baseline -0.011 -14"><span class='ocrx_word' id='word_1_524' title='bbox 470 4060 904 4134; x_wconf 80' lang='lat' dir='ltr'><strong>suspenderetur</strong></span> <span class='ocrx_word' id='word_1_525' title='bbox 931 4057 987 4113; x_wconf 92' lang='lat' dir='ltr'><strong>in</strong></span> <span class='ocrx_word' id='word_1_526' title='bbox 1016 4055 1162 4127; x_wconf 85' lang='lat' dir='ltr'><strong>ligno</strong></span> <span class='ocrx_word' id='word_1_527' title='bbox 1191 4069 1289 4124; x_wconf 90' lang='lat' dir='ltr'><strong>pro</strong></span> <span class='ocrx_word' id='word_1_528' title='bbox 1311 4051 1483 4107; x_wconf 87' lang='lat' dir='ltr'><strong>salute</strong></span> <span class='ocrx_word' id='word_1_529' title='bbox 1511 4052 1724 4121; x_wconf 73' lang='lat' dir='ltr'><strong>generis</strong></span> <span class='ocrx_word' id='word_1_530' title='bbox 1757 4050 1976 4105; x_wconf 89' lang='lat' dir='ltr'><strong>humani</strong></span> <span class='ocrx_word' id='word_1_531' title='bbox 2008 4057 2061 4103; x_wconf 86' lang='lat' dir='ltr'><strong>et</strong></span> 
     </span>
    </p>
   </div>
   <div class='ocr_carea' id='block_1_71' title="bbox 434 4144 2062 4221">
    <p class='ocr_par' dir='ltr' id='par_1_71' title="bbox 434 4144 2062 4221">
     <span class='ocr_line' id='line_1_71' title="bbox 434 4144 2062 4221; baseline -0.009 -7"><span class='ocrx_word' id='word_1_532' title='bbox 434 4182 437 4185; x_wconf 56' lang='grc' dir='ltr'>λ</span> <span class='ocrx_word' id='word_1_533' title='bbox 476 4162 803 4221; x_wconf 83' lang='lat' dir='ltr'><strong>moreretur,</strong></span> <span class='ocrx_word' id='word_1_534' title='bbox 834 4152 1109 4221; x_wconf 88' lang='lat' dir='ltr'><strong>multaque</strong></span> <span class='ocrx_word' id='word_1_535' title='bbox 1158 4147 1419 4204; x_wconf 86' lang='lat' dir='ltr'><strong>miracula</strong></span> <span class='ocrx_word' id='word_1_536' title='bbox 1464 4147 1657 4202; x_wconf 83' lang='lat' dir='ltr'><strong>tierent</strong></span> <span class='ocrx_word' id='word_1_537' title='bbox 1710 4146 1765 4201; x_wconf 82' lang='lat' dir='ltr'><strong>in</strong></span> <span class='ocrx_word' id='word_1_538' title='bbox 1807 4144 2062 4216; x_wconf 86' lang='lat' dir='ltr'><strong>passione</strong></span> 
     </span>
    </p>
   </div>
   <div class='ocr_carea' id='block_1_72' title="bbox 478 4236 2063 4314">
    <p class='ocr_par' dir='ltr' id='par_1_72' title="bbox 478 4236 2063 4314">
     <span class='ocr_line' id='line_1_72' title="bbox 478 4236 2063 4314; baseline -0.016 -10"><span class='ocrx_word' id='word_1_539' title='bbox 478 4249 646 4312; x_wconf 82' lang='lat' dir='ltr'><strong>illius,</strong></span> <span class='ocrx_word' id='word_1_540' title='bbox 676 4259 797 4314; x_wconf 72' lang='lat' dir='ltr'><strong>quae</strong></span> <span class='ocrx_word' id='word_1_541' title='bbox 840 4240 1189 4311; x_wconf 73' lang='lat' dir='ltr'><strong>Evangelium</strong></span> <span class='ocrx_word' id='word_1_542' title='bbox 1221 4246 1437 4303; x_wconf 83' lang='lat' dir='ltr'><strong>narrat,</strong></span> <span class='ocrx_word' id='word_1_543' title='bbox 1488 4252 1517 4291; x_wconf 90' lang='lat' dir='ltr'><strong>a</strong></span> <span class='ocrx_word' id='word_1_544' title='bbox 1553 4236 1741 4307; x_wconf 82' lang='lat' dir='ltr'><strong>paucis</strong></span> <span class='ocrx_word' id='word_1_545' title='bbox 1767 4248 2063 4307; x_wconf 79' lang='lat' dir='ltr'><strong>cognosce-</strong></span> 
     </span>
    </p>
   </div>
   <div class='ocr_carea' id='block_1_73' title="bbox 440 4326 2059 4396">
    <p class='ocr_par' dir='ltr' id='par_1_73' title="bbox 440 4326 2059 4396">
     <span class='ocr_line' id='line_1_73' title="bbox 440 4326 2059 4396; baseline -0.009 -3"><span class='ocrx_word' id='word_1_546' title='bbox 440 4368 448 4393; x_wconf 74' lang='grc' dir='ltr'>ς</span> <span class='ocrx_word' id='word_1_547' title='bbox 479 4342 642 4395; x_wconf 84' lang='lat' dir='ltr'><strong>batur</strong></span> <span class='ocrx_word' id='word_1_548' title='bbox 678 4334 848 4390; x_wconf 83' lang='lat' dir='ltr'><strong>Filius</strong></span> <span class='ocrx_word' id='word_1_549' title='bbox 888 4331 980 4386; x_wconf 90' lang='lat' dir='ltr'><strong>Dei</strong></span> <span class='ocrx_word' id='word_1_550' title='bbox 1017 4344 1160 4393; x_wconf 87' lang='lat' dir='ltr'><strong>esse,</strong></span> <span class='ocrx_word' id='word_1_551' title='bbox 1196 4330 1461 4383; x_wconf 80' lang='lat' dir='ltr'><strong>intantum</strong></span> <span class='ocrx_word' id='word_1_552' title='bbox 1486 4336 1544 4382; x_wconf 91' lang='lat' dir='ltr'><strong>ut</strong></span> <span class='ocrx_word' id='word_1_553' title='bbox 1577 4326 1801 4396; x_wconf 85' lang='lat' dir='ltr'><strong>apostoli</strong></span> <span class='ocrx_word' id='word_1_554' title='bbox 1821 4339 2059 4395; x_wconf 89' lang='lat' dir='ltr'><strong>quoque,</strong></span> 
     </span>
    </p>
   </div>
   <div class='ocr_carea' id='block_1_74' title="bbox 439 4416 2063 4494">
    <p class='ocr_par' dir='ltr' id='par_1_74' title="bbox 439 4416 2063 4494">
     <span class='ocr_line' id='line_1_74' title="bbox 439 4416 2063 4494; baseline -0.01 -7"><span class='ocrx_word' id='word_1_555' title='bbox 439 4433 609 4487; x_wconf 71' lang='lat' dir='ltr'><strong>~tltun</strong></span> <span class='ocrx_word' id='word_1_556' title='bbox 654 4420 1225 4494; x_wconf 80' lang='lat' dir='ltr'><strong>comprehenderetur,</strong></span> <span class='ocrx_word' id='word_1_557' title='bbox 1272 4418 1458 4474; x_wconf 86' lang='lat' dir='ltr'><strong>relicto</strong></span> <span class='ocrx_word' id='word_1_558' title='bbox 1500 4433 1600 4483; x_wconf 88' lang='lat' dir='ltr'><strong>eo,</strong></span> <span class='ocrx_word' id='word_1_559' title='bbox 1645 4418 1914 4488; x_wconf 82' lang='lat' dir='ltr'><strong>fugerent.</strong></span> <span class='ocrx_word' id='word_1_560' title='bbox 1955 4416 2063 4471; x_wconf 89' lang='lat' dir='ltr'><strong>Sed</strong></span> 
     </span>
    </p>
   </div>
   <div class='ocr_carea' id='block_1_75' title="bbox 444 4506 2062 4594">
    <p class='ocr_par' dir='ltr' id='par_1_75' title="bbox 444 4506 2062 4594">
     <span class='ocr_line' id='line_1_75' title="bbox 444 4506 2062 4594; baseline -0.011 -15"><span class='ocrx_word' id='word_1_561' title='bbox 444 4548 451 4579; x_wconf 72' lang='lat'><strong><em>&lt;</em></strong></span> <span class='ocrx_word' id='word_1_562' title='bbox 480 4529 767 4594; x_wconf 88' lang='lat' dir='ltr'><strong>postquam</strong></span> <span class='ocrx_word' id='word_1_563' title='bbox 814 4514 895 4572; x_wconf 90' lang='lat' dir='ltr'><strong>sol</strong></span> <span class='ocrx_word' id='word_1_564' title='bbox 934 4514 1257 4571; x_wconf 86' lang='lat' dir='ltr'><strong>obscuratus</strong></span> <span class='ocrx_word' id='word_1_565' title='bbox 1303 4520 1386 4567; x_wconf 88' lang='lat' dir='ltr'><strong>est</strong></span> <span class='ocrx_word' id='word_1_566' title='bbox 1430 4511 1483 4566; x_wconf 92' lang='lat' dir='ltr'><strong>in</strong></span> <span class='ocrx_word' id='word_1_567' title='bbox 1530 4517 1704 4566; x_wconf 88' lang='lat' dir='ltr'><strong>morte</strong></span> <span class='ocrx_word' id='word_1_568' title='bbox 1747 4506 1885 4577; x_wconf 81' lang='lat' dir='ltr'><strong>ejus,</strong></span> <span class='ocrx_word' id='word_1_569' title='bbox 1916 4514 2062 4562; x_wconf 89' lang='lat' dir='ltr'><strong>terra</strong></span> 
     </span>
    </p>
   </div>
   <div class='ocr_carea' id='block_1_76' title="bbox 442 4598 2058 4674">
    <p class='ocr_par' dir='ltr' id='par_1_76' title="bbox 442 4598 2058 4674">
     <span class='ocr_line' id='line_1_76' title="bbox 442 4598 2058 4674; baseline -0.007 -11"><span class='ocrx_word' id='word_1_570' title='bbox 442 4660 445 4663; x_wconf 35' lang='grc' dir='ltr'>λ</span> <span class='ocrx_word' id='word_1_571' title='bbox 480 4610 738 4674; x_wconf 88' lang='lat' dir='ltr'><strong>tremuit,</strong></span> <span class='ocrx_word' id='word_1_572' title='bbox 789 4613 1133 4662; x_wconf 88' lang='lat' dir='ltr'><strong>monumenta</strong></span> <span class='ocrx_word' id='word_1_573' title='bbox 1185 4612 1369 4672; x_wconf 83' lang='lat' dir='ltr'><strong>aperta</strong></span> <span class='ocrx_word' id='word_1_574' title='bbox 1417 4608 1581 4666; x_wconf 89' lang='lat' dir='ltr'><strong>sunt,</strong></span> <span class='ocrx_word' id='word_1_575' title='bbox 1620 4598 1797 4653; x_wconf 87' lang='lat' dir='ltr'><strong>velum</strong></span> <span class='ocrx_word' id='word_1_576' title='bbox 1827 4611 2058 4668; x_wconf 84' lang='lat' dir='ltr'><strong>quoque,</strong></span> 
     </span>
    </p>
   </div>
   <div class='ocr_carea' id='block_1_77' title="bbox 2167 3400 3753 3481">
    <p class='ocr_par' dir='ltr' id='par_1_77' title="bbox 2167 3400 3753 3481">
     <span class='ocr_line' id='line_1_77' title="bbox 2167 3400 3753 3481; baseline -0.003 -16"><span class='ocrx_word' id='word_1_577' title='bbox 2167 3410 2286 3465; x_wconf 87' lang='lat' dir='ltr'><strong>illos</strong></span> <span class='ocrx_word' id='word_1_578' title='bbox 2324 3411 2706 3481; x_wconf 86' lang='lat' dir='ltr'><strong>apostolatum,</strong></span> <span class='ocrx_word' id='word_1_579' title='bbox 2743 3407 2796 3466; x_wconf 91' lang='lat' dir='ltr'><strong>id</strong></span> <span class='ocrx_word' id='word_1_580' title='bbox 2825 3417 2911 3465; x_wconf 75' lang='grc' dir='ltr'><strong>εει</strong></span> <span class='ocrx_word' id='word_1_581' title='bbox 2942 3416 3000 3464; x_wconf 85' lang='grc' dir='ltr'><strong>ιιι</strong></span> <span class='ocrx_word' id='word_1_582' title='bbox 3034 3413 3225 3465; x_wconf 75' lang='lat' dir='ltr'><strong>attines</strong></span> <span class='ocrx_word' id='word_1_583' title='bbox 3265 3400 3454 3480; x_wconf 83' lang='lat' dir='ltr'><strong>gentes</strong></span> <span class='ocrx_word' id='word_1_584' title='bbox 3498 3409 3753 3464; x_wconf 80' lang='lat' dir='ltr'><strong>obediant</strong></span> 
     </span>
    </p>
   </div>
   <div class='ocr_carea' id='block_1_78' title="bbox 2166 3496 3755 3574">
    <p class='ocr_par' dir='ltr' id='par_1_78' title="bbox 2166 3496 3755 3574">
     <span class='ocr_line' id='line_1_78' title="bbox 2166 3496 3755 3574; baseline -0.004 -15"><span class='ocrx_word' id='word_1_585' title='bbox 2166 3502 2291 3559; x_wconf 83' lang='lat' dir='ltr'><strong>ﬁdei</strong></span> <span class='ocrx_word' id='word_1_586' title='bbox 2334 3502 2668 3574; x_wconf 82' lang='lat' dir='ltr'><strong>Evangelicae</strong></span> <span class='ocrx_word' id='word_1_587' title='bbox 2694 3511 2750 3557; x_wconf 91' lang='lat' dir='ltr'><strong>et</strong></span> <span class='ocrx_word' id='word_1_588' title='bbox 2775 3502 3007 3566; x_wconf 86' lang='lat' dir='ltr'><strong>Christi,</strong></span> <span class='ocrx_word' id='word_1_589' title='bbox 3053 3502 3198 3573; x_wconf 88' lang='lat' dir='ltr'><strong>quod</strong></span> <span class='ocrx_word' id='word_1_590' title='bbox 3233 3516 3399 3556; x_wconf 90' lang='lat' dir='ltr'><strong>unum</strong></span> <span class='ocrx_word' id='word_1_591' title='bbox 3438 3496 3543 3555; x_wconf 76' lang='lat' dir='ltr'><strong>est.</strong></span> <span class='ocrx_word' id='word_1_592' title='bbox 3591 3496 3755 3553; x_wconf 77' lang='lat' dir='ltr'><strong>Fides</strong></span> 
     </span>
    </p>
   </div>
   <div class='ocr_carea' id='block_1_79' title="bbox 2164 3585 3755 3666">
    <p class='ocr_par' dir='ltr' id='par_1_79' title="bbox 2164 3585 3755 3666">
     <span class='ocr_line' id='line_1_79' title="bbox 2164 3585 3755 3666; baseline -0.004 -17"><span class='ocrx_word' id='word_1_593' title='bbox 2164 3604 2341 3650; x_wconf 88' lang='lat' dir='ltr'><strong>autem</strong></span> <span class='ocrx_word' id='word_1_594' title='bbox 2371 3594 2569 3650; x_wconf 85' lang='lat' dir='ltr'><strong>dicitur</strong></span> <span class='ocrx_word' id='word_1_595' title='bbox 2588 3609 2655 3650; x_wconf 94' lang='lat' dir='ltr'><strong>eo</strong></span> <span class='ocrx_word' id='word_1_596' title='bbox 2683 3595 2828 3666; x_wconf 89' lang='lat' dir='ltr'><strong>quod</strong></span> <span class='ocrx_word' id='word_1_597' title='bbox 2853 3596 2948 3649; x_wconf 86' lang='lat' dir='ltr'><strong>ﬁat</strong></span> <span class='ocrx_word' id='word_1_598' title='bbox 2972 3594 3113 3665; x_wconf 89' lang='lat' dir='ltr'><strong>quod</strong></span> <span class='ocrx_word' id='word_1_599' title='bbox 3143 3585 3493 3663; x_wconf 83' lang='lat' dir='ltr'><strong>promittitur.</strong></span> <span class='ocrx_word' id='word_1_600' title='bbox 3526 3589 3755 3647; x_wconf 71' lang='lat' dir='ltr'><strong>Censuit</strong></span> 
     </span>
    </p>
   </div>
   <div class='ocr_carea' id='block_1_80' title="bbox 2164 3670 3751 3754">
    <p class='ocr_par' dir='ltr' id='par_1_80' title="bbox 2164 3670 3751 3754">
     <span class='ocr_line' id='line_1_80' title="bbox 2164 3670 3751 3754; baseline -0.001 -13"><span class='ocrx_word' id='word_1_601' title='bbox 2164 3694 2344 3741; x_wconf 88' lang='lat' dir='ltr'><strong>autem</strong></span> <span class='ocrx_word' id='word_1_602' title='bbox 2386 3685 2529 3741; x_wconf 89' lang='lat' dir='ltr'><strong>inter</strong></span> <span class='ocrx_word' id='word_1_603' title='bbox 2568 3686 2735 3741; x_wconf 86' lang='lat' dir='ltr'><strong>Deum</strong></span> <span class='ocrx_word' id='word_1_604' title='bbox 2770 3694 2825 3740; x_wconf 89' lang='lat' dir='ltr'><strong>et</strong></span> <span class='ocrx_word' id='word_1_605' title='bbox 2847 3674 3113 3741; x_wconf 79' lang='lat' dir='ltr'><strong>homines.</strong></span> <span class='ocrx_word' id='word_1_606' title='bbox 3149 3675 3308 3739; x_wconf 70' lang='lat' dir='ltr'><strong>Verbi</strong></span> <span class='ocrx_word' id='word_1_607' title='bbox 3338 3670 3512 3754; x_wconf 86' lang='lat' dir='ltr'><strong>gratia</strong></span> <span class='ocrx_word' id='word_1_608' title='bbox 3542 3701 3557 3736; x_wconf 94' lang='lat'><strong>:</strong></span> <span class='ocrx_word' id='word_1_609' title='bbox 3589 3683 3751 3739; x_wconf 80' lang='lat' dir='ltr'><strong>Tem-</strong></span> 
     </span>
    </p>
   </div>
   <div class='ocr_carea' id='block_1_81' title="bbox 2163 3772 3752 3846">
    <p class='ocr_par' dir='ltr' id='par_1_81' title="bbox 2163 3772 3752 3846">
     <span class='ocr_line' id='line_1_81' title="bbox 2163 3772 3752 3846; baseline -0.002 -16"><span class='ocrx_word' id='word_1_610' title='bbox 2163 3790 2295 3846; x_wconf 91' lang='lat' dir='ltr'><strong>pore</strong></span> <span class='ocrx_word' id='word_1_611' title='bbox 2345 3774 2686 3846; x_wconf 75' lang='lat' dir='ltr'><strong>baptismatis</strong></span> <span class='ocrx_word' id='word_1_612' title='bbox 2730 3774 3046 3846; x_wconf 79' lang='lat' dir='ltr'><strong>proﬁtemur</strong></span> <span class='ocrx_word' id='word_1_613' title='bbox 3090 3789 3189 3830; x_wconf 90' lang='lat' dir='ltr'><strong>nos</strong></span> <span class='ocrx_word' id='word_1_614' title='bbox 3238 3775 3461 3830; x_wconf 73' lang='lat' dir='ltr'><strong>credere&quot;</strong></span> <span class='ocrx_word' id='word_1_615' title='bbox 3492 3773 3550 3828; x_wconf 91' lang='lat' dir='ltr'><strong>in</strong></span> <span class='ocrx_word' id='word_1_616' title='bbox 3581 3772 3752 3828; x_wconf 82' lang='lat' dir='ltr'><strong>Deum</strong></span> 
     </span>
    </p>
   </div>
   <div class='ocr_carea' id='block_1_82' title="bbox 2163 3850 3754 3936">
    <p class='ocr_par' dir='ltr' id='par_1_82' title="bbox 2163 3850 3754 3936">
     <span class='ocr_line' id='line_1_82' title="bbox 2163 3850 3754 3936; baseline -0.003 -13"><span class='ocrx_word' id='word_1_617' title='bbox 2163 3868 2404 3933; x_wconf 86' lang='lat' dir='ltr'><strong>Patrem,</strong></span> <span class='ocrx_word' id='word_1_618' title='bbox 2444 3875 2499 3923; x_wconf 92' lang='lat' dir='ltr'><strong>et</strong></span> <span class='ocrx_word' id='word_1_619' title='bbox 2528 3865 2815 3923; x_wconf 90' lang='lat' dir='ltr'><strong>Dominum</strong></span> <span class='ocrx_word' id='word_1_620' title='bbox 2858 3850 3041 3923; x_wconf 79' lang='lat' dir='ltr'><strong>.lcsum</strong></span> <span class='ocrx_word' id='word_1_621' title='bbox 3077 3865 3371 3932; x_wconf 87' lang='lat' dir='ltr'><strong>Christum,</strong></span> <span class='ocrx_word' id='word_1_622' title='bbox 3399 3874 3453 3920; x_wconf 89' lang='lat' dir='ltr'><strong>et</strong></span> <span class='ocrx_word' id='word_1_623' title='bbox 3488 3865 3546 3920; x_wconf 89' lang='lat' dir='ltr'><strong>in</strong></span> <span class='ocrx_word' id='word_1_624' title='bbox 3581 3865 3754 3936; x_wconf 87' lang='lat' dir='ltr'><strong>Spiri-</strong></span> 
     </span>
    </p>
   </div>
   <div class='ocr_carea' id='block_1_83' title="bbox 2165 3945 3751 4028">
    <p class='ocr_par' dir='ltr' id='par_1_83' title="bbox 2165 3945 3751 4028">
     <span class='ocr_line' id='line_1_83' title="bbox 2165 3945 3751 4028; baseline -0.003 -14"><span class='ocrx_word' id='word_1_625' title='bbox 2165 3969 2279 4015; x_wconf 89' lang='lat' dir='ltr'><strong>tum</strong></span> <span class='ocrx_word' id='word_1_626' title='bbox 2311 3968 2580 4027; x_wconf 84' lang='lat' dir='ltr'><strong>sanctum,</strong></span> <span class='ocrx_word' id='word_1_627' title='bbox 2609 3958 2992 4015; x_wconf 87' lang='lat' dir='ltr'><strong>abrenuntiare</strong></span> <span class='ocrx_word' id='word_1_628' title='bbox 3040 3973 3254 4028; x_wconf 88' lang='lat' dir='ltr'><strong>quoque</strong></span> <span class='ocrx_word' id='word_1_629' title='bbox 3296 3945 3512 4012; x_wconf 87' lang='lat' dir='ltr'><strong>diabolo</strong></span> <span class='ocrx_word' id='word_1_630' title='bbox 3549 3966 3605 4010; x_wconf 82' lang='lat' dir='ltr'><strong>et</strong></span> <span class='ocrx_word' id='word_1_631' title='bbox 3633 3971 3751 4010; x_wconf 90' lang='lat' dir='ltr'><strong>om-</strong></span> 
     </span>
    </p>
   </div>
   <div class='ocr_carea' id='block_1_84' title="bbox 2165 4040 3749 4122">
    <p class='ocr_par' dir='ltr' id='par_1_84' title="bbox 2165 4040 3749 4122">
     <span class='ocr_line' id='line_1_84' title="bbox 2165 4040 3749 4122; baseline -0.004 -16"><span class='ocrx_word' id='word_1_632' title='bbox 2165 4052 2326 4107; x_wconf 90' lang='lat' dir='ltr'><strong>nibus</strong></span> <span class='ocrx_word' id='word_1_633' title='bbox 2360 4052 2571 4122; x_wconf 89' lang='lat' dir='ltr'><strong>pompis</strong></span> <span class='ocrx_word' id='word_1_634' title='bbox 2613 4049 2769 4119; x_wconf 83' lang='lat' dir='ltr'><strong>ejus,</strong></span> <span class='ocrx_word' id='word_1_635' title='bbox 2811 4050 3167 4120; x_wconf 89' lang='lat' dir='ltr'><strong>omnibusque</strong></span> <span class='ocrx_word' id='word_1_636' title='bbox 3215 4040 3467 4119; x_wconf 82' lang='lat' dir='ltr'><strong>operibus</strong></span> <span class='ocrx_word' id='word_1_637' title='bbox 3509 4048 3648 4118; x_wconf 81' lang='lat' dir='ltr'><strong>ejus.</strong></span> <span class='ocrx_word' id='word_1_638' title='bbox 3690 4045 3749 4099; x_wconf 86' lang='lat' dir='ltr'><strong>Si</strong></span> 
     </span>
    </p>
   </div>
   <div class='ocr_carea' id='block_1_85' title="bbox 2136 4138 3747 4215">
    <p class='ocr_par' dir='ltr' id='par_1_85' title="bbox 2136 4138 3747 4215">
     <span class='ocr_line' id='line_1_85' title="bbox 2136 4138 3747 4215; baseline -0.004 -17"><span class='ocrx_word' id='word_1_639' title='bbox 2136 4158 2292 4215; x_wconf 76' lang='lat' dir='ltr'><strong>ergo</strong></span> <span class='ocrx_word' id='word_1_640' title='bbox 2330 4144 2434 4199; x_wconf 88' lang='lat' dir='ltr'><strong>hoc</strong></span> <span class='ocrx_word' id='word_1_641' title='bbox 2474 4145 2856 4207; x_wconf 86' lang='lat' dir='ltr'><strong>observamus,</strong></span> <span class='ocrx_word' id='word_1_642' title='bbox 2905 4140 3028 4195; x_wconf 90' lang='lat' dir='ltr'><strong>ﬁdei</strong></span> <span class='ocrx_word' id='word_1_643' title='bbox 3075 4140 3354 4196; x_wconf 89' lang='lat' dir='ltr'><strong>obedimus</strong></span> <span class='ocrx_word' id='word_1_644' title='bbox 3381 4156 3395 4192; x_wconf 88' lang='lat'><strong>:</strong></span> <span class='ocrx_word' id='word_1_645' title='bbox 3426 4138 3510 4192; x_wconf 90' lang='lat' dir='ltr'><strong>sin</strong></span> <span class='ocrx_word' id='word_1_646' title='bbox 3543 4148 3747 4201; x_wconf 84' lang='lat' dir='ltr'><strong>autem,</strong></span> 
     </span>
    </p>
   </div>
   <div class='ocr_carea' id='block_1_86' title="bbox 2165 4230 3752 4305">
    <p class='ocr_par' dir='ltr' id='par_1_86' title="bbox 2165 4230 3752 4305">
     <span class='ocr_line' id='line_1_86' title="bbox 2165 4230 3752 4305; baseline -0.005 -14"><span class='ocrx_word' id='word_1_647' title='bbox 2165 4233 2504 4291; x_wconf 87' lang='lat' dir='ltr'><strong>inﬁdelitatis</strong></span> <span class='ocrx_word' id='word_1_648' title='bbox 2549 4234 2943 4305; x_wconf 75' lang='lat' dir='ltr'><strong>redarguimur.</strong></span> <span class='ocrx_word' id='word_1_649' title='bbox 2981 4230 3140 4288; x_wconf 84' lang='lat' dir='ltr'><strong>Fides</strong></span> <span class='ocrx_word' id='word_1_650' title='bbox 3170 4232 3333 4303; x_wconf 88' lang='lat' dir='ltr'><strong>igitur</strong></span> <span class='ocrx_word' id='word_1_651' title='bbox 3363 4239 3475 4297; x_wconf 90' lang='lat' dir='ltr'><strong>est,</strong></span> <span class='ocrx_word' id='word_1_652' title='bbox 3508 4240 3574 4286; x_wconf 91' lang='lat' dir='ltr'><strong>ut</strong></span> <span class='ocrx_word' id='word_1_653' title='bbox 3608 4230 3752 4285; x_wconf 76' lang='lat' dir='ltr'><strong>dixi-</strong></span> 
     </span>
    </p>
   </div>
   <div class='ocr_carea' id='block_1_87' title="bbox 2167 4311 3749 4389">
    <p class='ocr_par' dir='ltr' id='par_1_87' title="bbox 2167 4311 3749 4389">
     <span class='ocr_line' id='line_1_87' title="bbox 2167 4311 3749 4389; baseline -0.005 -9"><span class='ocrx_word' id='word_1_654' title='bbox 2167 4340 2309 4389; x_wconf 87' lang='lat' dir='ltr'><strong>mus,</strong></span> <span class='ocrx_word' id='word_1_655' title='bbox 2340 4324 2608 4380; x_wconf 82' lang='lat' dir='ltr'><strong>confessio</strong></span> <span class='ocrx_word' id='word_1_656' title='bbox 2647 4335 2847 4380; x_wconf 72' lang='lat' dir='ltr'><strong>sanctte</strong></span> <span class='ocrx_word' id='word_1_657' title='bbox 2874 4311 3162 4377; x_wconf 75' lang='lat' dir='ltr'><strong>Trinitatis</strong></span> <span class='ocrx_word' id='word_1_658' title='bbox 3204 4333 3259 4376; x_wconf 88' lang='lat' dir='ltr'><strong>et</strong></span> <span class='ocrx_word' id='word_1_659' title='bbox 3293 4321 3530 4376; x_wconf 87' lang='lat' dir='ltr'><strong>solidum</strong></span> <span class='ocrx_word' id='word_1_660' title='bbox 3559 4318 3749 4375; x_wconf 79' lang='lat' dir='ltr'><strong>funda-</strong></span> 
     </span>
    </p>
   </div>
   <div class='ocr_carea' id='block_1_88' title="bbox 2161 4407 3749 4490">
    <p class='ocr_par' dir='ltr' id='par_1_88' title="bbox 2161 4407 3749 4490">
     <span class='ocr_line' id='line_1_88' title="bbox 2161 4407 3749 4490; baseline -0.005 -17"><span class='ocrx_word' id='word_1_661' title='bbox 2161 4426 2403 4473; x_wconf 88' lang='lat' dir='ltr'><strong>mentum</strong></span> <span class='ocrx_word' id='word_1_662' title='bbox 2430 4417 2726 4490; x_wconf 85' lang='lat' dir='ltr'><strong>religionis,</strong></span> <span class='ocrx_word' id='word_1_663' title='bbox 2757 4432 2865 4486; x_wconf 86' lang='lat' dir='ltr'><strong>qua</strong></span> <span class='ocrx_word' id='word_1_664' title='bbox 2893 4414 3161 4471; x_wconf 85' lang='lat' dir='ltr'><strong>veraciter</strong></span> <span class='ocrx_word' id='word_1_665' title='bbox 3194 4407 3465 4469; x_wconf 86' lang='lat' dir='ltr'><strong>credimus</strong></span> <span class='ocrx_word' id='word_1_666' title='bbox 3500 4414 3560 4469; x_wconf 90' lang='lat' dir='ltr'><strong>id</strong></span> <span class='ocrx_word' id='word_1_667' title='bbox 3601 4411 3749 4483; x_wconf 80' lang='lat' dir='ltr'><strong>quod</strong></span> 
     </span>
    </p>
   </div>
   <div class='ocr_carea' id='block_1_89' title="bbox 2128 4492 3748 4579">
    <p class='ocr_par' dir='ltr' id='par_1_89' title="bbox 2128 4492 3748 4579">
     <span class='ocr_line' id='line_1_89' title="bbox 2128 4492 3748 4579; baseline -0.003 -17"><span class='ocrx_word' id='word_1_668' title='bbox 2128 4522 2505 4579; x_wconf 13' lang='lat' dir='ltr'><strong>(nequaquam</strong></span> <span class='ocrx_word' id='word_1_669' title='bbox 2548 4508 2731 4563; x_wconf 87' lang='lat' dir='ltr'><strong>videre</strong></span> <span class='ocrx_word' id='word_1_670' title='bbox 2772 4506 3032 4561; x_wconf 87' lang='lat' dir='ltr'><strong>valemus.</strong></span> <span class='ocrx_word' id='word_1_671' title='bbox 3064 4492 3121 4560; x_wconf 89' lang='lat' dir='ltr'><strong>Si</strong></span> <span class='ocrx_word' id='word_1_672' title='bbox 3165 4512 3344 4560; x_wconf 88' lang='lat' dir='ltr'><strong>autem</strong></span> <span class='ocrx_word' id='word_1_673' title='bbox 3384 4503 3534 4575; x_wconf 88' lang='lat' dir='ltr'><strong>quod</strong></span> <span class='ocrx_word' id='word_1_674' title='bbox 3569 4504 3748 4560; x_wconf 82' lang='lat' dir='ltr'><strong>credi-</strong></span> 
     </span>
    </p>
   </div>
   <div class='ocr_carea' id='block_1_90' title="bbox 2164 4590 3746 4683">
    <p class='ocr_par' dir='ltr' id='par_1_90' title="bbox 2164 4590 3746 4683">
     <span class='ocr_line' id='line_1_90' title="bbox 2164 4590 3746 4683; baseline -0.004 -26"><span class='ocrx_word' id='word_1_675' title='bbox 2164 4617 2285 4657; x_wconf 89' lang='lat' dir='ltr'><strong>mus</strong></span> <span class='ocrx_word' id='word_1_676' title='bbox 2310 4603 2419 4683; x_wconf 81' lang='lat' dir='ltr'><strong>jam</strong></span> <span class='ocrx_word' id='word_1_677' title='bbox 2462 4601 2727 4683; x_wconf 76' lang='lat' dir='ltr'><strong>videmus,</strong></span> <span class='ocrx_word' id='word_1_678' title='bbox 2759 4590 2892 4655; x_wconf 79' lang='lat' dir='ltr'><strong>ﬁdes</strong></span> <span class='ocrx_word' id='word_1_679' title='bbox 2919 4597 3033 4683; x_wconf 68' lang='lat' dir='ltr'><strong>jam</strong></span> <span class='ocrx_word' id='word_1_680' title='bbox 3076 4604 3182 4654; x_wconf 83' lang='lat' dir='ltr'><strong>neu</strong></span> <span class='ocrx_word' id='word_1_681' title='bbox 3218 4605 3305 4653; x_wconf 87' lang='lat' dir='ltr'><strong>est</strong></span> <span class='ocrx_word' id='word_1_682' title='bbox 3348 4595 3621 4683; x_wconf 85' lang='lat' dir='ltr'><strong>habenda,</strong></span> <span class='ocrx_word' id='word_1_683' title='bbox 3649 4597 3746 4650; x_wconf 83' lang='lat' dir='ltr'><strong>sed</strong></span> 
     </span>
    </p>
   </div>
   <div class='ocr_carea' id='block_1_91' title="bbox 478 4671 3747 4776">
    <p class='ocr_par' dir='ltr' id='par_1_91' title="bbox 478 4671 3747 4776">
     <span class='ocr_line' id='line_1_91' title="bbox 478 4671 3747 4776; baseline -0.007 -12"><span class='ocrx_word' id='word_1_684' title='bbox 478 4703 669 4776; x_wconf 77' lang='lat' dir='ltr'><strong>templi</strong></span> <span class='ocrx_word' id='word_1_685' title='bbox 702 4671 932 4757; x_wconf 70' lang='lat' dir='ltr'><strong>scissum</strong></span> <span class='ocrx_word' id='word_1_686' title='bbox 960 4704 1064 4762; x_wconf 79' lang='lat' dir='ltr'><strong>est.</strong></span> <span class='ocrx_word' id='word_1_687' title='bbox 1095 4704 1149 4751; x_wconf 73' lang='lat' dir='ltr'><strong>et</strong></span> <span class='ocrx_word' id='word_1_688' title='bbox 1188 4671 1506 4758; x_wconf 63' lang='lat' dir='ltr'><strong>resurrexit.</strong></span> <span class='ocrx_word' id='word_1_689' title='bbox 1544 4691 1790 4763; x_wconf 69' lang='lat' dir='ltr'><strong>cognitus</strong></span> <span class='ocrx_word' id='word_1_690' title='bbox 1818 4700 1905 4746; x_wconf 77' lang='grc' dir='ltr'><strong>εει</strong></span> <span class='ocrx_word' id='word_1_691' title='bbox 1940 4704 2060 4745; x_wconf 59' lang='lat' dir='ltr'><strong>esse</strong></span> <span class='ocrx_word' id='word_1_692' title='bbox 2090 4671 2137 4731; x_wconf 81' lang='grc' dir='ltr'><strong>Ι)</strong></span> <span class='ocrx_word' id='word_1_693' title='bbox 2165 4678 2422 4773; x_wconf 80' lang='lat' dir='ltr'><strong>cognitio.</strong></span> <span class='ocrx_word' id='word_1_694' title='bbox 2454 4676 2884 4762; x_wconf 76' lang='lat' dir='ltr'><strong>Notandumque,</strong></span> <span class='ocrx_word' id='word_1_695' title='bbox 2915 4671 3040 4762; x_wconf 63' lang='lat' dir='ltr'><strong>tha</strong></span> <span class='ocrx_word' id='word_1_696' title='bbox 3064 4690 3409 4774; x_wconf 75' lang='lat' dir='ltr'><strong>pronomine</strong></span> <span class='ocrx_word' id='word_1_697' title='bbox 3437 4682 3663 4751; x_wconf 84' lang='lat' dir='ltr'><strong>Christi,</strong></span> <span class='ocrx_word' id='word_1_698' title='bbox 3690 4688 3747 4741; x_wconf 86' lang='lat' dir='ltr'><strong>id</strong></span> 
     </span>
    </p>
   </div>
   <div class='ocr_carea' id='block_1_92' title="bbox 438 4783 2060 4856">
    <p class='ocr_par' dir='ltr' id='par_1_92' title="bbox 438 4783 2060 4856">
     <span class='ocr_line' id='line_1_92' title="bbox 438 4783 2060 4856; baseline -0.012 -3"><span class='ocrx_word' id='word_1_699' title='bbox 438 4846 443 4851; x_wconf 91' lang='lat'><strong>.</strong></span> <span class='ocrx_word' id='word_1_700' title='bbox 482 4809 645 4852; x_wconf 79' lang='lat' dir='ltr'><strong>verus</strong></span> <span class='ocrx_word' id='word_1_701' title='bbox 684 4790 855 4848; x_wconf 85' lang='lat' dir='ltr'><strong>Filius</strong></span> <span class='ocrx_word' id='word_1_702' title='bbox 884 4788 1001 4856; x_wconf 82' lang='lat' dir='ltr'><strong>Dei,</strong></span> <span class='ocrx_word' id='word_1_703' title='bbox 1032 4787 1147 4843; x_wconf 89' lang='lat' dir='ltr'><strong>sive</strong></span> <span class='ocrx_word' id='word_1_704' title='bbox 1174 4786 1339 4842; x_wconf 88' lang='lat' dir='ltr'><strong>etiam</strong></span> <span class='ocrx_word' id='word_1_705' title='bbox 1384 4783 1599 4853; x_wconf 88' lang='lat' dir='ltr'><strong>quando</strong></span> <span class='ocrx_word' id='word_1_706' title='bbox 1627 4789 1749 4853; x_wconf 90' lang='lat' dir='ltr'><strong>post</strong></span> <span class='ocrx_word' id='word_1_707' title='bbox 1786 4795 2060 4836; x_wconf 87' lang='lat' dir='ltr'><strong>resurrec-</strong></span> 
     </span>
    </p>
   </div>
   <div class='ocr_carea' id='block_1_93' title="bbox 440 4872 2060 4950">
    <p class='ocr_par' dir='ltr' id='par_1_93' title="bbox 440 4872 2060 4950">
     <span class='ocr_line' id='line_1_93' title="bbox 440 4872 2060 4950; baseline -0.012 -5"><span class='ocrx_word' id='word_1_708' title='bbox 440 4912 447 4929; x_wconf 69' lang='grc' dir='ltr'><strong>ι</strong></span> <span class='ocrx_word' id='word_1_709' title='bbox 480 4890 685 4945; x_wconf 88' lang='lat' dir='ltr'><strong>tionem</strong></span> <span class='ocrx_word' id='word_1_710' title='bbox 713 4881 1192 4950; x_wconf 69' lang='lat' dir='ltr'><strong>ascensionemqiw</strong></span> <span class='ocrx_word' id='word_1_711' title='bbox 1235 4891 1388 4933; x_wconf 88' lang='lat' dir='ltr'><strong>suam</strong></span> <span class='ocrx_word' id='word_1_712' title='bbox 1432 4873 1579 4930; x_wconf 90' lang='lat' dir='ltr'><strong>misit</strong></span> <span class='ocrx_word' id='word_1_713' title='bbox 1605 4872 1860 4946; x_wconf 86' lang='lat' dir='ltr'><strong>apostolis</strong></span> <span class='ocrx_word' id='word_1_714' title='bbox 1889 4872 2060 4943; x_wconf 82' lang='lat' dir='ltr'><strong>Spiri-</strong></span> 
     </span>
    </p>
   </div>
   <div class='ocr_carea' id='block_1_94' title="bbox 436 4963 2061 5043">
    <p class='ocr_par' dir='ltr' id='par_1_94' title="bbox 436 4963 2061 5043">
     <span class='ocr_line' id='line_1_94' title="bbox 436 4963 2061 5043; baseline -0.014 -5"><span class='ocrx_word' id='word_1_715' title='bbox 436 5022 449 5029; x_wconf 53' lang='grc' dir='ltr'><strong>κ</strong></span> <span class='ocrx_word' id='word_1_716' title='bbox 476 4993 594 5037; x_wconf 88' lang='lat' dir='ltr'><strong>tum</strong></span> <span class='ocrx_word' id='word_1_717' title='bbox 643 4985 889 5035; x_wconf 81' lang='lat' dir='ltr'><strong>sanctum</strong></span> <span class='ocrx_word' id='word_1_718' title='bbox 909 5014 926 5041; x_wconf 93' lang='lat'><strong>,</strong></span> <span class='ocrx_word' id='word_1_719' title='bbox 977 4988 1087 5043; x_wconf 90' lang='lat' dir='ltr'><strong>quo</strong></span> <span class='ocrx_word' id='word_1_720' title='bbox 1121 4966 1436 5024; x_wconf 73' lang='lat' dir='ltr'><strong>inhumati</strong></span> <span class='ocrx_word' id='word_1_721' title='bbox 1464 4972 1744 5035; x_wconf 67' lang='lat' dir='ltr'><strong>creperum</strong></span> <span class='ocrx_word' id='word_1_722' title='bbox 1770 4963 1915 5035; x_wconf 72' lang='lat' dir='ltr'><strong>loqm</strong></span> <span class='ocrx_word' id='word_1_723' title='bbox 1944 4978 2061 5018; x_wconf 86' lang='lat' dir='ltr'><strong>om-</strong></span> 
     </span>
    </p>
   </div>
   <div class='ocr_carea' id='block_1_95' title="bbox 440 5055 2059 5143">
    <p class='ocr_par' dir='ltr' id='par_1_95' title="bbox 440 5055 2059 5143">
     <span class='ocr_line' id='line_1_95' title="bbox 440 5055 2059 5143; baseline -0.015 -12"><span class='ocrx_word' id='word_1_724' title='bbox 440 5077 628 5130; x_wconf 85' lang='lat' dir='ltr'><strong>-nium</strong></span> <span class='ocrx_word' id='word_1_725' title='bbox 669 5069 918 5143; x_wconf 79' lang='lat' dir='ltr'><strong>gentium</strong></span> <span class='ocrx_word' id='word_1_726' title='bbox 964 5064 1166 5136; x_wconf 83' lang='lat' dir='ltr'><strong>linguis</strong></span> <span class='ocrx_word' id='word_1_727' title='bbox 1216 5058 1483 5132; x_wconf 81' lang='lat' dir='ltr'><strong>magnalia</strong></span> <span class='ocrx_word' id='word_1_728' title='bbox 1530 5058 1662 5124; x_wconf 91' lang='lat' dir='ltr'><strong>Dei,</strong></span> <span class='ocrx_word' id='word_1_729' title='bbox 1704 5066 1833 5112; x_wconf 90' lang='lat' dir='ltr'><strong>tunc</strong></span> <span class='ocrx_word' id='word_1_730' title='bbox 1879 5055 2059 5127; x_wconf 88' lang='lat' dir='ltr'><strong>potius</strong></span> 
     </span>
    </p>
   </div>
   <div class='ocr_carea' id='block_1_96' title="bbox 477 5145 2059 5238">
    <p class='ocr_par' dir='ltr' id='par_1_96' title="bbox 477 5145 2059 5238">
     <span class='ocr_line' id='line_1_96' title="bbox 477 5145 2059 5238; baseline -0.013 -20"><span class='ocrx_word' id='word_1_731' title='bbox 477 5166 728 5238; x_wconf 68' lang='lat' dir='ltr'><strong>cognitus</strong></span> <span class='ocrx_word' id='word_1_732' title='bbox 752 5170 837 5217; x_wconf 89' lang='lat' dir='ltr'><strong>est</strong></span> <span class='ocrx_word' id='word_1_733' title='bbox 864 5172 984 5215; x_wconf 86' lang='lat' dir='ltr'><strong>esse</strong></span> <span class='ocrx_word' id='word_1_734' title='bbox 1012 5170 1172 5211; x_wconf 88' lang='lat' dir='ltr'><strong>verus</strong></span> <span class='ocrx_word' id='word_1_735' title='bbox 1214 5153 1382 5207; x_wconf 84' lang='lat' dir='ltr'><strong>Filius</strong></span> <span class='ocrx_word' id='word_1_736' title='bbox 1417 5150 1534 5216; x_wconf 90' lang='lat' dir='ltr'><strong>Dei,</strong></span> <span class='ocrx_word' id='word_1_737' title='bbox 1579 5150 1646 5205; x_wconf 88' lang='lat' dir='ltr'><strong>ab</strong></span> <span class='ocrx_word' id='word_1_738' title='bbox 1679 5149 1763 5203; x_wconf 89' lang='lat' dir='ltr'><strong>his</strong></span> <span class='ocrx_word' id='word_1_739' title='bbox 1811 5145 2059 5201; x_wconf 85' lang='lat' dir='ltr'><strong>videlicet</strong></span> 
     </span>
    </p>
   </div>
   <div class='ocr_carea' id='block_1_97' title="bbox 436 5238 2057 5330">
    <p class='ocr_par' dir='ltr' id='par_1_97' title="bbox 436 5238 2057 5330">
     <span class='ocr_line' id='line_1_97' title="bbox 436 5238 2057 5330; baseline -0.015 -15"><span class='ocrx_word' id='word_1_740' title='bbox 436 5286 443 5293; x_wconf 68' lang='grc' dir='ltr'><strong>ο</strong></span> <span class='ocrx_word' id='word_1_741' title='bbox 476 5261 546 5315; x_wconf 89' lang='lat' dir='ltr'><strong>de</strong></span> <span class='ocrx_word' id='word_1_742' title='bbox 573 5255 772 5330; x_wconf 87' lang='lat' dir='ltr'><strong>quibus</strong></span> <span class='ocrx_word' id='word_1_743' title='bbox 804 5251 979 5307; x_wconf 86' lang='lat' dir='ltr'><strong>Lucas</strong></span> <span class='ocrx_word' id='word_1_744' title='bbox 1006 5249 1139 5305; x_wconf 84' lang='lat' dir='ltr'><strong>dicit</strong></span> <span class='ocrx_word' id='word_1_745' title='bbox 1161 5244 1303 5316; x_wconf 83' lang='lat' dir='ltr'><strong>quod</strong></span> <span class='ocrx_word' id='word_1_746' title='bbox 1328 5260 1434 5299; x_wconf 88' lang='lat' dir='ltr'><strong>una</strong></span> <span class='ocrx_word' id='word_1_747' title='bbox 1465 5243 1554 5297; x_wconf 91' lang='lat' dir='ltr'><strong>die</strong></span> <span class='ocrx_word' id='word_1_748' title='bbox 1581 5238 2057 5330; x_wconf 87' lang='lat' dir='ltr'><strong>crediderunttria</strong></span> 
     </span>
    </p>
   </div>
   <div class='ocr_carea' id='block_1_98' title="bbox 479 5329 2056 5415">
    <p class='ocr_par' dir='ltr' id='par_1_98' title="bbox 479 5329 2056 5415">
     <span class='ocr_line' id='line_1_98' title="bbox 479 5329 2056 5415; baseline -0.016 -9"><span class='ocrx_word' id='word_1_749' title='bbox 479 5350 680 5415; x_wconf 82' lang='lat' dir='ltr'><strong>millia,</strong></span> <span class='ocrx_word' id='word_1_750' title='bbox 726 5345 899 5401; x_wconf 85' lang='lat' dir='ltr'><strong>altera</strong></span> <span class='ocrx_word' id='word_1_751' title='bbox 946 5342 1033 5398; x_wconf 89' lang='lat' dir='ltr'><strong>die</strong></span> <span class='ocrx_word' id='word_1_752' title='bbox 1077 5341 1317 5411; x_wconf 84' lang='lat' dir='ltr'><strong>quinque</strong></span> <span class='ocrx_word' id='word_1_753' title='bbox 1366 5336 1530 5390; x_wconf 84' lang='lat' dir='ltr'><strong>millia</strong></span> <span class='ocrx_word' id='word_1_754' title='bbox 1567 5332 1708 5405; x_wconf 83' lang='lat' dir='ltr'><strong>(Act.</strong></span> <span class='ocrx_word' id='word_1_755' title='bbox 1752 5330 1835 5401; x_wconf 91' lang='grc' dir='ltr'><strong>ιι).</strong></span> <span class='ocrx_word' id='word_1_756' title='bbox 1890 5329 2056 5399; x_wconf 80' lang='lat' dir='ltr'><strong>Digna</strong></span> 
     </span>
    </p>
   </div>
   <div class='ocr_carea' id='block_1_99' title="bbox 432 5421 2056 5498">
    <p class='ocr_par' dir='ltr' id='par_1_99' title="bbox 432 5421 2056 5498">
     <span class='ocr_line' id='line_1_99' title="bbox 432 5421 2056 5498; baseline -0.017 2"><span class='ocrx_word' id='word_1_757' title='bbox 432 5466 439 5475; x_wconf 66' lang='grc' dir='ltr'><strong>ι</strong></span> <span class='ocrx_word' id='word_1_758' title='bbox 477 5451 663 5498; x_wconf 69' lang='lat' dir='ltr'><strong>alitem</strong></span> <span class='ocrx_word' id='word_1_759' title='bbox 720 5433 1157 5495; x_wconf 87' lang='lat' dir='ltr'><strong>consideratione</strong></span> <span class='ocrx_word' id='word_1_760' title='bbox 1203 5425 1738 5485; x_wconf 86' lang='lat' dir='ltr'><strong>animadvertendum</strong></span> <span class='ocrx_word' id='word_1_761' title='bbox 1776 5430 1877 5482; x_wconf 83' lang='lat' dir='ltr'><strong>est,</strong></span> <span class='ocrx_word' id='word_1_762' title='bbox 1931 5421 2056 5490; x_wconf 84' lang='lat' dir='ltr'><strong>quia</strong></span> 
     </span>
    </p>
   </div>
   <div class='ocr_carea' id='block_1_100' title="bbox 436 5514 2057 5600">
    <p class='ocr_par' dir='ltr' id='par_1_100' title="bbox 436 5514 2057 5600">
     <span class='ocr_line' id='line_1_100' title="bbox 436 5514 2057 5600; baseline -0.017 -10"><span class='ocrx_word' id='word_1_763' title='bbox 436 5574 443 5581; x_wconf 52' lang='grc' dir='ltr'><strong>κ</strong></span> <span class='ocrx_word' id='word_1_764' title='bbox 474 5530 751 5590; x_wconf 78' lang='lat' dir='ltr'><strong>non&#39;dixit</strong></span> <span class='ocrx_word' id='word_1_765' title='bbox 776 5525 1066 5600; x_wconf 81' lang='lat' dir='ltr'><strong>Apostolus</strong></span> <span class='ocrx_word' id='word_1_766' title='bbox 1098 5521 1342 5578; x_wconf 83' lang='lat' dir='ltr'><strong>absolute</strong></span> <span class='ocrx_word' id='word_1_767' title='bbox 1368 5536 1382 5572; x_wconf 89' lang='lat'><strong>:</strong></span> <span class='ocrx_word' id='word_1_768' title='bbox 1412 5517 1515 5583; x_wconf 80' lang='lat' dir='ltr'><strong>Qui</strong></span> <span class='ocrx_word' id='word_1_769' title='bbox 1552 5514 1952 5586; x_wconf 74' lang='lat' dir='ltr'><strong>prtrdestinatus</strong></span> <span class='ocrx_word' id='word_1_770' title='bbox 1982 5521 2057 5564; x_wconf 75' lang='lat' dir='ltr'><strong>est</strong></span> 
     </span>
    </p>
   </div>
   <div class='ocr_carea' id='block_1_101' title="bbox 440 5605 2053 5678">
    <p class='ocr_par' dir='ltr' id='par_1_101' title="bbox 440 5605 2053 5678">
     <span class='ocr_line' id='line_1_101' title="bbox 440 5605 2053 5678; baseline -0.017 1"><span class='ocrx_word' id='word_1_771' title='bbox 440 5666 445 5671; x_wconf 85' lang='lat'><strong>.</strong></span> <span class='ocrx_word' id='word_1_772' title='bbox 483 5623 657 5678; x_wconf 72' lang='lat' dir='ltr'><strong>Filius</strong></span> <span class='ocrx_word' id='word_1_773' title='bbox 702 5620 799 5677; x_wconf 78' lang='lat' dir='ltr'><strong>Dei</strong></span> <span class='ocrx_word' id='word_1_774' title='bbox 842 5620 898 5673; x_wconf 85' lang='lat' dir='ltr'><strong>in</strong></span> <span class='ocrx_word' id='word_1_775' title='bbox 944 5618 1133 5671; x_wconf 75' lang='lat' dir='ltr'><strong>uirtute</strong></span> <span class='ocrx_word' id='word_1_776' title='bbox 1178 5627 1244 5666; x_wconf 79' lang='lat' dir='ltr'><strong>ea:</strong></span> <span class='ocrx_word' id='word_1_777' title='bbox 1292 5605 1665 5663; x_wconf 79' lang='lat' dir='ltr'><strong>resurrectione</strong></span> <span class='ocrx_word' id='word_1_778' title='bbox 1706 5615 2053 5665; x_wconf 84' lang='lat' dir='ltr'><strong>mortuorum,</strong></span> 
     </span>
    </p>
   </div>
   <div class='ocr_carea' id='block_1_102' title="bbox 440 5696 2133 5775">
    <p class='ocr_par' dir='ltr' id='par_1_102' title="bbox 440 5696 2133 5775">
     <span class='ocr_line' id='line_1_102' title="bbox 440 5696 2133 5775; baseline -0.012 -8"><span class='ocrx_word' id='word_1_779' title='bbox 440 5756 447 5767; x_wconf 88' lang='lat'><strong>.</strong></span> <span class='ocrx_word' id='word_1_780' title='bbox 479 5716 576 5772; x_wconf 83' lang='lat' dir='ltr'><strong>sed</strong></span> <span class='ocrx_word' id='word_1_781' title='bbox 622 5714 800 5769; x_wconf 82' lang='lat' dir='ltr'><strong>adhuc</strong></span> <span class='ocrx_word' id='word_1_782' title='bbox 836 5707 1046 5765; x_wconf 81' lang='lat' dir='ltr'><strong>addidit</strong></span> <span class='ocrx_word' id='word_1_783' title='bbox 1077 5701 1301 5775; x_wconf 73' lang='lat' dir='ltr'><strong>aliquid,</strong></span> <span class='ocrx_word' id='word_1_784' title='bbox 1334 5700 1540 5762; x_wconf 83' lang='lat' dir='ltr'><strong>dicens,</strong></span> <span class='ocrx_word' id='word_1_785' title='bbox 1571 5713 1634 5753; x_wconf 69' lang='lat' dir='ltr'><strong>ex</strong></span> <span class='ocrx_word' id='word_1_786' title='bbox 1681 5696 2056 5751; x_wconf 84' lang='lat' dir='ltr'><strong>resurrectione</strong></span> <span class='ocrx_word' id='word_1_787' title='bbox 2126 5756 2133 5759; x_wconf 92' lang='lat'>_</span> 
     </span>
    </p>
   </div>
   <div class='ocr_carea' id='block_1_103' title="bbox 482 5788 2057 5862">
    <p class='ocr_par' dir='ltr' id='par_1_103' title="bbox 482 5788 2057 5862">
     <span class='ocr_line' id='line_1_103' title="bbox 482 5788 2057 5862; baseline -0.013 -2"><span class='ocrx_word' id='word_1_788' title='bbox 482 5814 805 5861; x_wconf 72' lang='lat' dir='ltr'><strong>mortuorum</strong></span> <span class='ocrx_word' id='word_1_789' title='bbox 824 5795 1196 5862; x_wconf 74' lang='lat' dir='ltr'><strong>JesuChtisti,</strong></span> <span class='ocrx_word' id='word_1_790' title='bbox 1214 5795 1315 5850; x_wconf 89' lang='lat' dir='ltr'><strong>hoc</strong></span> <span class='ocrx_word' id='word_1_791' title='bbox 1334 5801 1420 5848; x_wconf 91' lang='lat' dir='ltr'><strong>est</strong></span> <span class='ocrx_word' id='word_1_792' title='bbox 1461 5790 1835 5846; x_wconf 87' lang='lat' dir='ltr'><strong>tantummodo</strong></span> <span class='ocrx_word' id='word_1_793' title='bbox 1859 5788 2057 5844; x_wconf 88' lang='lat' dir='ltr'><strong>electo-</strong></span> 
     </span>
    </p>
   </div>
   <div class='ocr_carea' id='block_1_104' title="bbox 484 5883 2056 5966">
    <p class='ocr_par' dir='ltr' id='par_1_104' title="bbox 484 5883 2056 5966">
     <span class='ocr_line' id='line_1_104' title="bbox 484 5883 2056 5966; baseline -0.014 -9"><span class='ocrx_word' id='word_1_794' title='bbox 484 5916 605 5957; x_wconf 80' lang='lat' dir='ltr'><strong>rum</strong></span> <span class='ocrx_word' id='word_1_795' title='bbox 629 5899 695 5954; x_wconf 89' lang='lat' dir='ltr'><strong>ad</strong></span> <span class='ocrx_word' id='word_1_796' title='bbox 720 5911 779 5953; x_wconf 88' lang='lat' dir='ltr'><strong>se</strong></span> <span class='ocrx_word' id='word_1_797' title='bbox 801 5891 1182 5966; x_wconf 87' lang='lat' dir='ltr'><strong>pertinentium</strong></span> <span class='ocrx_word' id='word_1_798' title='bbox 1201 5906 1216 5956; x_wconf 88' lang='lat'><strong>;</strong></span> <span class='ocrx_word' id='word_1_799' title='bbox 1232 5885 1514 5959; x_wconf 78' lang='lat' dir='ltr'><strong>simulque</strong></span> <span class='ocrx_word' id='word_1_800' title='bbox 1539 5883 1696 5941; x_wconf 85' lang='lat' dir='ltr'><strong>nobis</strong></span> <span class='ocrx_word' id='word_1_801' title='bbox 1720 5883 2056 5940; x_wconf 76' lang='lat' dir='ltr'><strong>demonstra-</strong></span> 
     </span>
    </p>
   </div>
   <div class='ocr_carea' id='block_1_105' title="bbox 2163 4782 3739 4856">
    <p class='ocr_par' dir='ltr' id='par_1_105' title="bbox 2163 4782 3739 4856">
     <span class='ocr_line' id='line_1_105' title="bbox 2163 4782 3739 4856; baseline -0.007 -14"><span class='ocrx_word' id='word_1_802' title='bbox 2163 4795 2250 4842; x_wconf 88' lang='lat' dir='ltr'><strong>est</strong></span> <span class='ocrx_word' id='word_1_803' title='bbox 2281 4786 2397 4841; x_wconf 88' lang='lat' dir='ltr'><strong>vice</strong></span> <span class='ocrx_word' id='word_1_804' title='bbox 2422 4785 2658 4840; x_wconf 88' lang='lat' dir='ltr'><strong>nominis</strong></span> <span class='ocrx_word' id='word_1_805' title='bbox 2685 4785 2802 4856; x_wconf 71' lang='lat' dir='ltr'><strong>eius</strong></span> <span class='ocrx_word' id='word_1_806' title='bbox 2830 4784 2963 4840; x_wconf 89' lang='lat' dir='ltr'><strong>dicit</strong></span> <span class='ocrx_word' id='word_1_807' title='bbox 2980 4799 3039 4840; x_wconf 86' lang='lat' dir='ltr'><strong>se</strong></span> <span class='ocrx_word' id='word_1_808' title='bbox 3064 4783 3337 4853; x_wconf 84' lang='lat' dir='ltr'><strong>accepisse</strong></span> <span class='ocrx_word' id='word_1_809' title='bbox 3359 4782 3739 4853; x_wconf 88' lang='lat' dir='ltr'><strong>apostolatum.</strong></span> 
     </span>
    </p>
   </div>
   <div class='ocr_carea' id='block_1_106' title="bbox 2165 4871 3746 4937">
    <p class='ocr_par' dir='ltr' id='par_1_106' title="bbox 2165 4871 3746 4937">
     <span class='ocr_line' id='line_1_106' title="bbox 2165 4871 3746 4937; baseline -0.004 -5"><span class='ocrx_word' id='word_1_810' title='bbox 2165 4878 2257 4932; x_wconf 86' lang='lat' dir='ltr'><strong>Sic</strong></span> <span class='ocrx_word' id='word_1_811' title='bbox 2280 4878 2426 4933; x_wconf 85' lang='lat' dir='ltr'><strong>enim</strong></span> <span class='ocrx_word' id='word_1_812' title='bbox 2453 4878 2529 4932; x_wconf 90' lang='lat' dir='ltr'><strong>ait</strong></span> <span class='ocrx_word' id='word_1_813' title='bbox 2556 4877 2635 4932; x_wconf 85' lang='lat' dir='ltr'><strong>eis</strong></span> <span class='ocrx_word' id='word_1_814' title='bbox 2664 4876 2922 4933; x_wconf 85' lang='lat' dir='ltr'><strong>Dominus</strong></span> <span class='ocrx_word' id='word_1_815' title='bbox 2955 4895 2967 4928; x_wconf 92' lang='lat'>:</span> <span class='ocrx_word' id='word_1_816' title='bbox 3001 4875 3145 4932; x_wconf 84' lang='lat' dir='ltr'><strong>Sicut</strong></span> <span class='ocrx_word' id='word_1_817' title='bbox 3181 4875 3323 4931; x_wconf 80' lang='lat' dir='ltr'><strong>misit</strong></span> <span class='ocrx_word' id='word_1_818' title='bbox 3359 4886 3442 4928; x_wconf 85' lang='lat' dir='ltr'><strong>me</strong></span> <span class='ocrx_word' id='word_1_819' title='bbox 3489 4871 3670 4937; x_wconf 87' lang='lat' dir='ltr'><strong>Pater,</strong></span> <span class='ocrx_word' id='word_1_820' title='bbox 3692 4883 3746 4925; x_wconf 79' lang='lat' dir='ltr'><strong>et</strong></span> 
     </span>
    </p>
   </div>
   <div class='ocr_carea' id='block_1_107' title="bbox 2136 4954 3749 5039">
    <p class='ocr_par' dir='ltr' id='par_1_107' title="bbox 2136 4954 3749 5039">
     <span class='ocr_line' id='line_1_107' title="bbox 2136 4954 3749 5039; baseline -0.005 -16"><span class='ocrx_word' id='word_1_821' title='bbox 2136 4985 2255 5039; x_wconf 61' lang='lat' dir='ltr'><strong>ego</strong></span> <span class='ocrx_word' id='word_1_822' title='bbox 2281 4970 2428 5023; x_wconf 85' lang='lat' dir='ltr'><strong>mitto</strong></span> <span class='ocrx_word' id='word_1_823' title='bbox 2455 4984 2539 5023; x_wconf 80' lang='lat' dir='ltr'><strong>ros</strong></span> <span class='ocrx_word' id='word_1_824' title='bbox 2565 4967 2746 5039; x_wconf 85' lang='lat' dir='ltr'><strong>(Joan.</strong></span> <span class='ocrx_word' id='word_1_825' title='bbox 2779 4967 2897 5039; x_wconf 74' lang='lat' dir='ltr'><strong>xx),</strong></span> <span class='ocrx_word' id='word_1_826' title='bbox 2928 4954 2980 5023; x_wconf 91' lang='lat' dir='ltr'><strong>id</strong></span> <span class='ocrx_word' id='word_1_827' title='bbox 3010 4975 3095 5022; x_wconf 90' lang='lat' dir='ltr'><strong>est</strong></span> <span class='ocrx_word' id='word_1_828' title='bbox 3124 4967 3265 5021; x_wconf 76' lang='lat' dir='ltr'><strong>sicut</strong></span> <span class='ocrx_word' id='word_1_829' title='bbox 3302 4964 3453 5019; x_wconf 85' lang='lat' dir='ltr'><strong>misit</strong></span> <span class='ocrx_word' id='word_1_830' title='bbox 3476 4978 3567 5020; x_wconf 86' lang='lat' dir='ltr'><strong>me</strong></span> <span class='ocrx_word' id='word_1_831' title='bbox 3587 4961 3749 5017; x_wconf 83' lang='lat' dir='ltr'><strong>Pater</strong></span> 
     </span>
    </p>
   </div>
   <div class='ocr_carea' id='block_1_108' title="bbox 2164 5044 3751 5127">
    <p class='ocr_par' dir='ltr' id='par_1_108' title="bbox 2164 5044 3751 5127">
     <span class='ocr_line' id='line_1_108' title="bbox 2164 5044 3751 5127; baseline -0.005 -14"><span class='ocrx_word' id='word_1_832' title='bbox 2164 5058 2219 5113; x_wconf 92' lang='lat' dir='ltr'><strong>in</strong></span> <span class='ocrx_word' id='word_1_833' title='bbox 2248 5058 2466 5113; x_wconf 83' lang='lat' dir='ltr'><strong>nomine</strong></span> <span class='ocrx_word' id='word_1_834' title='bbox 2488 5073 2608 5123; x_wconf 89' lang='lat' dir='ltr'><strong>suo,</strong></span> <span class='ocrx_word' id='word_1_835' title='bbox 2639 5058 2712 5111; x_wconf 84' lang='lat' dir='ltr'><strong>ita</strong></span> <span class='ocrx_word' id='word_1_836' title='bbox 2737 5065 2791 5111; x_wconf 90' lang='lat' dir='ltr'><strong>et</strong></span> <span class='ocrx_word' id='word_1_837' title='bbox 2811 5072 2910 5127; x_wconf 88' lang='lat' dir='ltr'><strong>ego</strong></span> <span class='ocrx_word' id='word_1_838' title='bbox 2938 5071 3033 5112; x_wconf 90' lang='lat' dir='ltr'><strong>vos</strong></span> <span class='ocrx_word' id='word_1_839' title='bbox 3056 5056 3171 5110; x_wconf 91' lang='lat' dir='ltr'><strong>vice</strong></span> <span class='ocrx_word' id='word_1_840' title='bbox 3194 5044 3427 5109; x_wconf 82' lang='lat' dir='ltr'><strong>nominis</strong></span> <span class='ocrx_word' id='word_1_841' title='bbox 3454 5052 3561 5107; x_wconf 86' lang='lat' dir='ltr'><strong>mei</strong></span> <span class='ocrx_word' id='word_1_842' title='bbox 3592 5051 3751 5107; x_wconf 84' lang='lat' dir='ltr'><strong>mitto</strong></span> 
     </span>
    </p>
   </div>
   <div class='ocr_carea' id='block_1_109' title="bbox 2164 5134 3749 5227">
    <p class='ocr_par' dir='ltr' id='par_1_109' title="bbox 2164 5134 3749 5227">
     <span class='ocr_line' id='line_1_109' title="bbox 2164 5134 3749 5227; baseline -0.006 -24"><span class='ocrx_word' id='word_1_843' title='bbox 2164 5149 2231 5203; x_wconf 88' lang='lat' dir='ltr'><strong>ad</strong></span> <span class='ocrx_word' id='word_1_844' title='bbox 2265 5148 2723 5219; x_wconf 69' lang='lat' dir='ltr'><strong>praedicationem.</strong></span> <span class='ocrx_word' id='word_1_845' title='bbox 2768 5148 2915 5203; x_wconf 90' lang='lat' dir='ltr'><strong>Unde</strong></span> <span class='ocrx_word' id='word_1_846' title='bbox 2952 5155 3006 5227; x_wconf 87' lang='lat' dir='ltr'><strong>et</strong></span> <span class='ocrx_word' id='word_1_847' title='bbox 3045 5139 3235 5201; x_wconf 88' lang='lat' dir='ltr'><strong>iisdem</strong></span> <span class='ocrx_word' id='word_1_848' title='bbox 3276 5134 3571 5214; x_wconf 75' lang='lat' dir='ltr'><strong>Apostolus</strong></span> <span class='ocrx_word' id='word_1_849' title='bbox 3614 5141 3749 5195; x_wconf 80' lang='lat' dir='ltr'><strong>alias</strong></span> 
     </span>
    </p>
   </div>
   <div class='ocr_carea' id='block_1_110' title="bbox 2161 5231 3749 5307">
    <p class='ocr_par' dir='ltr' id='par_1_110' title="bbox 2161 5231 3749 5307">
     <span class='ocr_line' id='line_1_110' title="bbox 2161 5231 3749 5307; baseline -0.006 -12"><span class='ocrx_word' id='word_1_850' title='bbox 2161 5239 2311 5304; x_wconf 88' lang='lat' dir='ltr'><strong>dicit,</strong></span> <span class='ocrx_word' id='word_1_851' title='bbox 2338 5254 2437 5307; x_wconf 89' lang='lat' dir='ltr'><strong>pro</strong></span> <span class='ocrx_word' id='word_1_852' title='bbox 2464 5236 2704 5303; x_wconf 84' lang='lat' dir='ltr'><strong>Christo,</strong></span> <span class='ocrx_word' id='word_1_853' title='bbox 2742 5238 2795 5293; x_wconf 88' lang='lat' dir='ltr'><strong>id</strong></span> <span class='ocrx_word' id='word_1_854' title='bbox 2831 5247 2914 5293; x_wconf 86' lang='lat' dir='ltr'><strong>est</strong></span> <span class='ocrx_word' id='word_1_855' title='bbox 2948 5238 3065 5292; x_wconf 86' lang='lat' dir='ltr'><strong>vice</strong></span> <span class='ocrx_word' id='word_1_856' title='bbox 3089 5235 3287 5291; x_wconf 89' lang='lat' dir='ltr'><strong>Christi</strong></span> <span class='ocrx_word' id='word_1_857' title='bbox 3324 5234 3602 5305; x_wconf 79' lang='lat' dir='ltr'><strong>legatione</strong></span> <span class='ocrx_word' id='word_1_858' title='bbox 3632 5231 3749 5286; x_wconf 82' lang='lat' dir='ltr'><strong>fun-</strong></span> 
     </span>
    </p>
   </div>
   <div class='ocr_carea' id='block_1_111' title="bbox 2122 5319 3753 5401">
    <p class='ocr_par' dir='ltr' id='par_1_111' title="bbox 2122 5319 3753 5401">
     <span class='ocr_line' id='line_1_111' title="bbox 2122 5319 3753 5401; baseline -0.008 -14"><span class='ocrx_word' id='word_1_859' title='bbox 2122 5383 2129 5387; x_wconf 77' lang='lat'><strong>.</strong></span> <span class='ocrx_word' id='word_1_860' title='bbox 2160 5330 2357 5401; x_wconf 84' lang='lat' dir='ltr'><strong>gimur.</strong></span> <span class='ocrx_word' id='word_1_861' title='bbox 2385 5328 2649 5399; x_wconf 85' lang='lat' dir='ltr'><strong>Itemque,</strong></span> <span class='ocrx_word' id='word_1_862' title='bbox 2676 5328 3026 5383; x_wconf 73' lang='lat' dir='ltr'><strong>Obsecremur</strong></span> <span class='ocrx_word' id='word_1_863' title='bbox 3060 5340 3155 5397; x_wconf 85' lang='lat' dir='ltr'><strong>pro</strong></span> <span class='ocrx_word' id='word_1_864' title='bbox 3177 5319 3406 5392; x_wconf 77' lang='lat' dir='ltr'><strong>Christo,</strong></span> <span class='ocrx_word' id='word_1_865' title='bbox 3438 5323 3753 5380; x_wconf 66' lang='lat' dir='ltr'><strong>reconciliao</strong></span> 
     </span>
    </p>
   </div>
   <div class='ocr_carea' id='block_1_112' title="bbox 2160 5419 2831 5493">
    <p class='ocr_par' dir='ltr' id='par_1_112' title="bbox 2160 5419 2831 5493">
     <span class='ocr_line' id='line_1_112' title="bbox 2160 5419 2831 5493; baseline 0 -19"><span class='ocrx_word' id='word_1_866' title='bbox 2160 5420 2288 5474; x_wconf 81' lang='lat' dir='ltr'><strong>mini</strong></span> <span class='ocrx_word' id='word_1_867' title='bbox 2333 5419 2443 5474; x_wconf 86' lang='lat' dir='ltr'><strong>Deo</strong></span> <span class='ocrx_word' id='word_1_868' title='bbox 2492 5419 2573 5490; x_wconf 86' lang='lat' dir='ltr'><strong>(II</strong></span> <span class='ocrx_word' id='word_1_869' title='bbox 2603 5419 2726 5474; x_wconf 86' lang='lat' dir='ltr'><strong>Cor.</strong></span> <span class='ocrx_word' id='word_1_870' title='bbox 2758 5421 2831 5493; x_wconf 68' lang='grc' dir='ltr'><strong>ι’).</strong></span> 
     </span>
    </p>
   </div>
   <div class='ocr_carea' id='block_1_113' title="bbox 2232 5498 3753 5582">
    <p class='ocr_par' dir='ltr' id='par_1_113' title="bbox 2232 5498 3753 5582">
     <span class='ocr_line' id='line_1_113' title="bbox 2232 5498 3753 5582; baseline -0.003 -18"><span class='ocrx_word' id='word_1_871' title='bbox 2232 5510 2301 5566; x_wconf 82' lang='lat' dir='ltr'><strong>In</strong></span> <span class='ocrx_word' id='word_1_872' title='bbox 2327 5510 2541 5581; x_wconf 85' lang='lat' dir='ltr'><strong>quibus,</strong></span> <span class='ocrx_word' id='word_1_873' title='bbox 2583 5512 2839 5566; x_wconf 84' lang='lat' dir='ltr'><strong>subaudis</strong></span> <span class='ocrx_word' id='word_1_874' title='bbox 2876 5501 3127 5582; x_wconf 85' lang='lat' dir='ltr'><strong>gentibus</strong></span> <span class='ocrx_word' id='word_1_875' title='bbox 3163 5498 3285 5565; x_wconf 79' lang='lat' dir='ltr'><strong>estis</strong></span> <span class='ocrx_word' id='word_1_876' title='bbox 3315 5520 3362 5563; x_wconf 86' lang='lat' dir='ltr'><strong>et</strong></span> <span class='ocrx_word' id='word_1_877' title='bbox 3395 5525 3519 5573; x_wconf 75' lang='lat' dir='ltr'><strong>vos,</strong></span> <span class='ocrx_word' id='word_1_878' title='bbox 3564 5507 3753 5562; x_wconf 63' lang='lat' dir='ltr'><strong>Roma</strong></span> 
     </span>
    </p>
   </div>
   <div class='ocr_carea' id='block_1_114' title="bbox 2160 5590 3754 5676">
    <p class='ocr_par' dir='ltr' id='par_1_114' title="bbox 2160 5590 3754 5676">
     <span class='ocr_line' id='line_1_114' title="bbox 2160 5590 3754 5676; baseline -0.006 -16"><span class='ocrx_word' id='word_1_879' title='bbox 2160 5605 2468 5660; x_wconf 85' lang='lat' dir='ltr'><strong>habitantes</strong></span> <span class='ocrx_word' id='word_1_880' title='bbox 2498 5590 2665 5660; x_wconf 71' lang='lat' dir='ltr'><strong>.ludaei</strong></span> <span class='ocrx_word' id='word_1_881' title='bbox 2698 5615 2751 5660; x_wconf 82' lang='lat' dir='ltr'><strong>et</strong></span> <span class='ocrx_word' id='word_1_882' title='bbox 2780 5606 3039 5676; x_wconf 84' lang='lat' dir='ltr'><strong>gentiles,</strong></span> <span class='ocrx_word' id='word_1_883' title='bbox 3072 5605 3238 5659; x_wconf 87' lang='lat' dir='ltr'><strong>vocati</strong></span> <span class='ocrx_word' id='word_1_884' title='bbox 3264 5594 3393 5657; x_wconf 75' lang='lat' dir='ltr'><strong>Iesu</strong></span> <span class='ocrx_word' id='word_1_885' title='bbox 3424 5600 3652 5664; x_wconf 83' lang='lat' dir='ltr'><strong>Christi,</strong></span> <span class='ocrx_word' id='word_1_886' title='bbox 3686 5599 3754 5651; x_wconf 81' lang='lat' dir='ltr'><strong>id</strong></span> 
     </span>
    </p>
   </div>
   <div class='ocr_carea' id='block_1_115' title="bbox 2158 5689 3755 5765">
    <p class='ocr_par' dir='ltr' id='par_1_115' title="bbox 2158 5689 3755 5765">
     <span class='ocr_line' id='line_1_115' title="bbox 2158 5689 3755 5765; baseline -0.005 -15"><span class='ocrx_word' id='word_1_887' title='bbox 2158 5704 2239 5750; x_wconf 88' lang='lat' dir='ltr'><strong>est</strong></span> <span class='ocrx_word' id='word_1_888' title='bbox 2266 5693 2334 5748; x_wconf 89' lang='lat' dir='ltr'><strong>ab</strong></span> <span class='ocrx_word' id='word_1_889' title='bbox 2360 5694 2450 5749; x_wconf 87' lang='lat' dir='ltr'><strong>illo</strong></span> <span class='ocrx_word' id='word_1_890' title='bbox 2474 5695 2651 5749; x_wconf 81' lang='lat' dir='ltr'><strong>vocati</strong></span> <span class='ocrx_word' id='word_1_891' title='bbox 2676 5695 2808 5750; x_wconf 76' lang='lat' dir='ltr'><strong>estis</strong></span> <span class='ocrx_word' id='word_1_892' title='bbox 2832 5710 2931 5765; x_wconf 88' lang='lat' dir='ltr'><strong>per</strong></span> <span class='ocrx_word' id='word_1_893' title='bbox 2951 5710 3050 5751; x_wconf 90' lang='lat' dir='ltr'><strong>nos</strong></span> <span class='ocrx_word' id='word_1_894' title='bbox 3071 5703 3131 5750; x_wconf 91' lang='lat' dir='ltr'><strong>ut</strong></span> <span class='ocrx_word' id='word_1_895' title='bbox 3154 5694 3206 5749; x_wconf 88' lang='lat' dir='ltr'><strong>in</strong></span> <span class='ocrx_word' id='word_1_896' title='bbox 3228 5707 3352 5748; x_wconf 91' lang='lat' dir='ltr'><strong>eum</strong></span> <span class='ocrx_word' id='word_1_897' title='bbox 3375 5689 3629 5753; x_wconf 85' lang='lat' dir='ltr'><strong>credatis,</strong></span> <span class='ocrx_word' id='word_1_898' title='bbox 3657 5691 3755 5742; x_wconf 69' lang='lat' dir='ltr'><strong>vel</strong></span> 
     </span>
    </p>
   </div>
   <div class='ocr_carea' id='block_1_116' title="bbox 2157 5784 3765 5860">
    <p class='ocr_par' dir='ltr' id='par_1_116' title="bbox 2157 5784 3765 5860">
     <span class='ocr_line' id='line_1_116' title="bbox 2157 5784 3765 5860; baseline -0.005 -18"><span class='ocrx_word' id='word_1_899' title='bbox 2157 5786 2323 5842; x_wconf 86' lang='lat' dir='ltr'><strong>etiam</strong></span> <span class='ocrx_word' id='word_1_900' title='bbox 2353 5787 2407 5841; x_wconf 88' lang='lat' dir='ltr'><strong>in</strong></span> <span class='ocrx_word' id='word_1_901' title='bbox 2440 5788 2543 5842; x_wconf 89' lang='lat' dir='ltr'><strong>hoc</strong></span> <span class='ocrx_word' id='word_1_902' title='bbox 2572 5788 2746 5843; x_wconf 75' lang='lat' dir='ltr'><strong>vocati</strong></span> <span class='ocrx_word' id='word_1_903' title='bbox 2787 5788 2919 5844; x_wconf 83' lang='lat' dir='ltr'><strong>eStis</strong></span> <span class='ocrx_word' id='word_1_904' title='bbox 2956 5787 3126 5857; x_wconf 86' lang='lat' dir='ltr'><strong>illius,</strong></span> <span class='ocrx_word' id='word_1_905' title='bbox 3165 5788 3290 5860; x_wconf 86' lang='lat' dir='ltr'><strong>quia</strong></span> <span class='ocrx_word' id='word_1_906' title='bbox 3320 5787 3390 5843; x_wconf 84' lang='lat' dir='ltr'><strong>ab</strong></span> <span class='ocrx_word' id='word_1_907' title='bbox 3418 5784 3511 5841; x_wconf 87' lang='lat' dir='ltr'><strong>illo</strong></span> <span class='ocrx_word' id='word_1_908' title='bbox 3547 5796 3765 5839; x_wconf 55' lang='lat' dir='ltr'><strong>nomen}</strong></span> 
     </span>
    </p>
   </div>
   <div class='ocr_carea' id='block_1_117' title="bbox 2148 5867 3007 5952">
    <p class='ocr_par' dir='ltr' id='par_1_117' title="bbox 2148 5867 3007 5952">
     <span class='ocr_line' id='line_1_117' title="bbox 2148 5867 3007 5952; baseline -0.001 -15"><span class='ocrx_word' id='word_1_909' title='bbox 2148 5867 2582 5943; x_wconf 72' lang='lat' dir='ltr'><strong>Christianitatis</strong></span> <span class='ocrx_word' id='word_1_910' title='bbox 2606 5881 3007 5952; x_wconf 70' lang='lat' dir='ltr'><strong>promet-uisus.-</strong></span> 
     </span>
    </p>
   </div>
  </div>
