3950 6444
257 481 361 538 369

929 479 1293 541 EXPOSlT‘lO
1332 478 1398 534 iN
1443 477 1588 535 EPP.
1632 473 1692 529 S.
1735 472 1961 533 PAULI.
1998 504 2061 515 -
2102 472 2163 526 ΙΝ
2197 473 2412 529 EPIST.
2450 472 2540 526 AD
2578 468 2743 527 R031.

3380 462 3501 517 ’Ξτυ

324 589 577 648 Omnibus
600 590 690 662 qui
718 599 838 653 sunt
874 588 1076 657 Romae,
1113 589 1315 654 dilectis
1350 587 1442 642 Dei
1472 587 1668 641 vocatis
1698 603 1825 639 sun-
1854 592 1899 647 Α
1929 586 2141 641 mundo.
2186 584 2227 638 A
2269 595 2382 640 toto
2416 596 2623 655 partem
2670 585 2853 656 accipe
2893 602 2905 638 :
2948 596 3122 654 neque
3169 580 3313 637 enim
3360 590 3504 637 totus

253 684 371 738 ειίε.
407 681 623 736 υίιοειίε
644 680 741 743 Dei
764 680 914 765 dicit,
945 681 999 736 id
1024 689 1109 736 est
1130 680 1316 736 electis
1341 678 1407 733 ad
1436 677 1596 733 adem
1627 661 1682 733 et
1707 691 1828 751 gra-

254 778 404 830 tiam.
436 771 592 843 Quod
620 783 799 839 autem
829 773 960 829 dicit
989 775 1181 832 uocatis
1209 773 1434 837 sanctis,
1474 771 1554 826 sic
1582 771 1830 825 videntur

253 871 371 926 btec
394 869 561 925 verba
589 883 819 935 sonare,
852 867 995 945 quod
1027 868 1138 938 iam
1182 867 1352 923 sancti
1399 875 1581 931 essent
1617 867 1829 936 quando

251 958 427 1016 vocati
456 967 601 1023 sunt,
634 958 730 1013 sed
754 974 860 1017 non
889 956 1161 1014 convenit.
1193 956 1294 1038 Qui
1323 956 1468 1012 enim
1509 964 1667 1015 erant
1700 970 1826 1026 pec-

249 1058 545 1108 catoreset
568 1049 880 1119 iustissimi,
916 1049 1092 1105 vocati
1128 1055 1255 1104 sunt
1294 1047 1499 1114 sancti,
1544 1046 1599 1101 id
1641 1054 1727 1101 est
1762 1045 1848 1101 ad-

251 1148 358 1202 hoc
392 1144 559 1200 electi
588 1151 647 1197 et
680 1141 858 1198 vocati
885 1150 1040 1206 sunt,
1068 1149 1131 1196 ut
1152 1147 1335 1195 essent
1371 1137 1703 1194 sanctiﬁcati'
1735 1152 1832 1207 per

247 1233 598 1306 baptismum.
643 1231 777 1287 Tale
808 1240 905 1287 est-
933 1242 988 1287 et
1032 1230 1162 1286 illud
1183 1270 1199 1297 ,
1227 1230 1373 1300 quod
1400 1230 1465 1283 in
1480 1228 1697 1285 cantico
1725 1228 1828 1282 Za-

245 1325 452 1383 chariae
479 1324 651 1395 patris
675 1322 901 1379 )oannis
931 1322 1203 1393 Baptistae.
1241 1320 1506 1384 Visitavit,
1542 1319 1749 1390 inquit,
1781 1329 1829 1373 et

246 1418 376 1487 fecit
405 1415 812 1486 redemptionem
837 1410 1004 1485 plebis
1027 1429 1139 1468 sua
1170 1411 1323 1484 (-Luc.
1346 1413 1411 1481 ι).
1439 1410 1557 1467 Non
1582 1411 1727 1466 enim
1751 1410 1832 1465 in-

243 1510 400 1565 venit
429 1507 577 1563 illam
604 1521 731 1563 esse
759 1506 971 1578 plebem
992 1520 1172 1571 suam,
1203 1504 1298 1561 sed
1320 1503 1593 1560 visitando
1614 1510 1672 1559 et
1694 1502 1833 1558 redi-

246 1598 449 1656 mendo
472 1612 628 1653 suam
659 1596 789 1653 fecit
819 1611 959 1652 esse.
995 1594 1304 1651 Notandum
1346 1603 1526 1649 autem
1562 1592 1694 1664 quia
1728 1591 1833 1647 iui-

245 1694 386 1748 tium
421 1690 585 1761 huius
620 1689 875 1761 Epistolas
917 1688 1079 1760 longo
1115 1686 1349 1742 circuitu
1380 1684 1839 1759 distenditur,”

245 1799 347 1855 per
369 1783 475 1839 hoc
500 1782 619 1853 eius
647 1780 922 1836 distinctio
943 1779 1175 1835 solerter
1191 1784 1276 1833 est
1302 1776 1733 1836 consideranda:
1756 1775 1835 1831 .si-

245 1876 471 1945 mulque
500 1872 955 1929 considerandum
972 1870 1328 1927 salutationes
1349 1867 1711 1936 Epistolarum
1732 1866 1833 1923 sub

1930 675 2161 731 mundus
2189 675 2400 730 illorum
2431 678 2589 732 [idem
2620 677 3004 742 annuntiabat,
3056 675 3148 731 sed
3192 689 3288 743 per
3325 670 3505 744 plures

1929 768 2112 829 mundi
2132 775 2316 837 partes
2337 768 2711 838 divulgabatur
2731 784 2923 823 novam
2946 768 3104 824 ﬁdem
3120 763 3398 837 Evangelii
3410 780 3505 821 eos

1928 860 2253 939 percepisse,
2286 866 2347 913 ut
2377 868 2501 928 pote
2536 859 2627 928 qui
2666 868 2793 914 tunc
2816 859 3076 928 temporis
3101 872 3237 929 pene
3259 854 3507 911 omnibus

1929 954 2177 1027 gentibus
2187 951 2620 1007 dominabantur.
2636 950 2716 1005 Ab
2732 951 2837 1006 illis
2851 952 2940 1020 qui
2956 950 3182 1005 Romam
3199 949 3506 1015 veniebant,

1932 1043 2164 1114 indeque
2191 1043 2257 1099 ad
2286 1043 2503 1115 propria
2536 1042 2900 1112 rependebant
2932 1058 3119 1110 eorum
3158 1042 3292 1099 ﬁdes
3324 1039 3511 1113 multis

1932 1136 2353 1191 annuntiabatur
2379 1134 2649 1205 gentibus.
2680 1131 2844 1189 Fides
2874 1133 3073 1189 dicitur
3108 1147 3173 1188 eo
3210 1134 3353 1203 quod
3382 1132 3509 1195 liat.

1929 1228 2075 1298 quod
2100 1229 2245 1283 sicut
2274 1227 2628 1297 promittitur,
2668 1225 2744 1282 ita
2779 1226 2994 1282 debeat,
3014 1224 3225 1295 impleri
3253 1242 3266 1279 :
3295 1225 3378 1280 sin
3415 1238 3511 1278 au-

1934 1329 2043 1374 tem
2075 1333 2183 1373 non
2213 1318 2380 1373 fuerit
2405 1318 2720 1388 adimpleta,
2739 1317 2852 1388 iam
2876 1330 2989 1384 non
3013 1314 3273 1371 est-ﬁdes.

2005 1408 2173 1465 Testis
2196 1409 2334 1463 enim
2363 1409 2491 1463 mihi
2523 1420 2599 1464 est
2630 1407 2793 1463 Deus.
2834 1404 3061 1461 Videtur
3098 1410 3289 1461 contra
3332 1403 3512 1458 Domi—

1932 1502 2113 1557 nicum
2142 1508 2475 1572 prmeeptum
2503 1499 2691 1569 iurare
2718 1495 2995 1568 apostolus
3014 1509 3125 1566 quo
3146 1494 3346 1550 dicitur
3368 1511 3382 1547 :
3408 1490 3514 1548 No-

1932 1591 2037 1657 lite
2048 1591 2235 1662 iurare
2264 1590 2506 1646 omnino.
2544 1589 2651 1645 Sed
2677 1590 2805 1661 quia
2842 1588 3128 1644 veritatem
3161 1585 3381 1655 iurare,
3420 1600 3517 1640 ne—

1931 1684 2188 1741 cessitate
2206 1682 2581 1751 oompellente,
2602 1698 2710 1738 non
2731 1690 2815 1738 est
2836 1693 3089 1752 peccare,
3105 1679 3254 1749 utab
3272 1679 3517 1749 Augusto

1932 1776 2152 1832 dicitur.
2180 1774 2416 1832 Coactus
2440 1774 2729 1846 Apostolus
2754 1783 2813 1829 ut
2845 1773 3159 1830 crederetur
3184 1772 3234 1826 ei
3268 1772 3345 1826 ab
3363 1770 3516 1826 audi-

1932 1865 2164 1934 toribus,
2186 1865 2485 1939 rdumiurat
2512 1882 2619 1922 non
2644 1875 2853 1937 peccat.
2880 1866 3072 1921 Tutius
3098 1875 3276 1923 tamen
3301 1871 3387 1920 est
3406 1880 3517 1923 non

248 1964 428 2023 tertiis
460 1962 710 2035 personis
738 1960 1063 2017 consistere.
1103 1959 1337 2030 Legatur
1374 1972 1504 2029 ergo
1540 1970 1638 2027 per
1681 1970 1832 2013 com—
1859 1964 1908 2024 B
1927 1955 2136 2027 iurare,
2160 1956 2288 2027 quia
2310 1957 2706 2028 quinunquam
2730 1956 2901 2027 iurat,
2925 1971 3199 2026 nunquam
3218 1952 3518 2025 periurium

252 2064 401 2111 mata
437 2069 499 2111 ac
538 2053 641 2109 sub
676 2052 1117 2109 distinctionibus
1143 2049 1397 2123 :_Paul_us
1430 2066 1608 2104 servus
1637 2046 1833 2103 Christi

249 2143 384 2198 Jesu
402 2183 417 2207 ,
444 2151 576 2209 etc.,
612 2157 815 2213 usque,
844 2141 913 2197 In
940 2141 1126 2215 quibus
1155 2120 1356 2209 68ιὶβέἷῖ
1389 2155 1476 2196 vos
1510 2141 1677 2194 vocati
1702 2137 1832 2195 Iesu

245 2233 479 2300 Christi,
510 2234 692 2304 ibique
721 2242 953 2305 ponatur
980 2232 1157 2307 media
1188 2231 1484 2297 distinctio,
1523 2230 1718 2286 deinde
1744 2230 1833 2299 in-

241 2325 481 2390 feratur,
505 2323 760 2378 Omnibus
784 2324 872 2395 qui
897 2332 1019 2388 sunt
1049 2322 1254 2393 Romae,
1275 2320 1472 2377 vocatis
1490 2322 1710 2388 sanctis,
1733 2321 1834 2393 ibi-

239 2424 357 2487 que
388 2415 483 2471 iiat
509 2415 667 2487 plena
696 2413 971 2475 distinctio
989 2454 1029 2487 ,_
1050 2423 1106 2485 et
1134 2413 1490 2470 subaudiatur
1516 2412 1677 2483 tertia
1704 2428 1830 2491 per-

240 2525 408 2575 sona,
438 2509 668 2577 salutem
697 2516 866 2585 optat.
899 2506 1033 2579 Nam
1061 2505 1203 2579 quod
1236 2506 1501 2578 sequitur,
1529 2504 1714 2572 Gratia
1744 2523 1832 2565 va-

238 2600 350 2666 bis,
372 2608 529 2655 extra
552 2598 930 2669 salutationem
955 2606 1058 2665 est,
1086 2598 1219 2667 quia,
1236 2596 1474 2663 secunda
1495 2612 1726 2667 persona
1748 2606 1836 2669 est

239 2690 320 2745 ad
366 2706 530 2761 quam
577 2690 739 2746 debet
778 2698 903 2765 post
958 2688 1335 2745 salutationem
1382 2688 1614 2763 primam
1662 2688 1828 2759 loqui.

237 2782 439 2838 Gratia
477 2782 628 2851 vobis,
656 2778 704 2838 et
740 2797 846 2852 pax
884 2799 918 2835 a
962 2780 1068 2836 Deo
1100 2777 1263 2847 Patre
1299 2789 1476 2847 nostra
1529 2790 1578 2835 et
1608 2780 1832 2849 Domina

233 2874 378 2929 Jesu
406 2871 634 2937 Christo,
664 2872 922 2941 subaudis
948 2870 1037 2927 sit.
1074 2869 1260 2926 Gratia
1288 2870 1460 2938 vobis,
1491 2869 1545 2938 id
1580 2879 1677 2931 est,
1700 2871 1833 2934 iides

233 2973 303 3019 et
329 2963 476 3020 salus
506 2979 618 3034 qua.
646 2963 998 3031 remittuntur
1022 2971 1243 3033 peccata
1269 2970 1509 3033 tempore
1538 2963 1833 3032 baptisma-

235 3058 338 3121 tis,
374 3065 431 3113 et
456 3073 561 3127 pax
589 3072 697 3128 qua
729 3055 1143 3115 reconciliamur
1168 3054 1279 3123 Deo
1300 3053 1447 3124 Patri
1485 3070 1582 3125 per
1612 3056 1830 3126 sangui-

232 3166 373 3207 nem
396 3150 520 3220 Filii
543 3149 648 3217 sui,
675 3149 903 3215 Quidam
928 3148 1002 3218 ita
1024 3145 1214 3217 volunt
1234 3146 1533 3218 intelligere
1558 3147 1831 3217 distincte,

234 3249 309 3299 ιιι
336 3243 551 3311 ᾱίοαμις
574 3228 748 3314 gratia
776 3241 931 3310 vobis
958 3241 1126 3311 aDeo
1156 3240 1336 3309 Patre,
1369 3241 1460 3311 qui
1491 3242 1661 3313 gratis
1688 3242 1833 3298 misit

1933 2055 2231 2120 perpetrat,
2260 2044 2551 2104 Cuiservia
2576 2047 2632 2113 in
2661 2046 2850 2117 spiritu
2875 2062 3009 2100 mea.
3057 2045 3173 2103 Non
3201 2045 3278 2109 ait
3313 2045 3513 2108 adoro,

1934 2145 2028 2201 sed
2051 2145 2238 2213 seruio.
2269 2143 2408 2200 Sunt
2438 2144 2660 2215 quidam
2694 2143 2790 2218 qui
2823 2158 3049 2214 corpore
3083 2150 3139 2200 et
3176 2158 3307 2207 voce
3345 2142 3521 2197 Datim

1932 2245 2043 2299 aut.
2069 2236 2317 2294 homines
2360 2238 2483 2308 ﬁcte
2529 2236 2780 2303 adorant,
2816 2235 2911 2292 sed
2940 2250 3051 2291 non
3078 2235 3304 2305 spiritu,
3347 2234 3517 2299 idest

1933 2330 2130 2398 mentis
2153 2328 2368 2395 all'ectu.
2403 2328 2529 2386 Plus
2558 2338 2642 2385 est
2660 2343 2789 2401 ergo
2811 2329 3016 2396 dicere,
3038 2329 3125 2383 cui
3150 2328 3314 2383 seruio
3334 2328 3389 2382 in
3410 2330 3517 2397 δρᾶ-τ

1933 2418 2039 2472 ritu
2056 2432 2221 2489 quam
2242 2417 2411 2474 adoro
2431 2437 2445 2473 :
2471 2420 2598 2488 quia
2620 2420 2711 2475 hic
2728 2418 3048 2490 intelligitur
3064 2417 3347 2475 servitium
3365 2431 3517 2475 amo-

1933 2508 2010 2565 ris
2036 2517 2093 2564 et
2116 2509 2341 2579 integrae
2367 2509 2694 2564 dilectionis.
2729 2507 2798 2564 In
2824 2508 3107 2579 Evangelia
3134 2506 3265 2563 Filii
3288 2507 3426 2578 ejus,
3463 2508 3515 2563 id

1931 2599 2435 2671 estprtedicatione
2460 2598 2707 2669 Christi,_
2728 2598 3107 2671 Evangelium,
3152 2607 3215 2664 ut
3249 2599 3513 2663 diximus,

1931 2689 2123 2754 bonum
2165 2694 2409 2759 nuntium
2458 2702 2639 2761 sonat.
2701 2692 2843 2749 Dicit
2890 2691 3037 2750 enim
3081 2708 3095 2746 :
3148 2690 3516 2747 Paenitentiam

1931 2782 2087 2851 agite,
2128 2782 2561 2855 appropinquabit
2603 2798 2818 2854 regnum
2856 2782 3106 2839 calorum
3143 2781 3358 2854 (Matth.
3397 2784 3511 2855 Ill).

1930 2870 2235 2928 Praedicare
2256 2888 2471 2944 quoque
2491 2873 2901 2943 conceptionem
2928 2881 2985 2929 et
3008 2872 3346 2931 nativitatem
3364 2871 3517 2930 Citri-

1931 2964 2001 3019 sti
2027 2971 2083 3018 et
2108 2964 2338 3034 reliqua,
2376 2965 2800 3035 dispensationis
2827 2966 2946 3037 eius
2971 2966 3229 3037 mysteria
3251 2964 3518 3036 evangeli-

1932 3071 2059 3111 zare
2096 3063 2199 3113 est.
2247 3055 2398 3122 Quod
2444 3058 2557 3113 sine
2602 3057 2985 3119 intermissione
3020 3058 3328 3117 memoriam
3363 3058 3517 3112 uestri

1931 3149 2096 3220 facio,
2122 3164 2324 3219 semper
2351 3149 2405 3203 in
2434 3149 2760 3214 orationibus
2785 3149 2933 3213 meis.
2975 3148 3106 3204 Sine
3136 3148 3520 3204 intermissione

1932 3239 2083 3307 dicit,
2107 3238 2233 3311 quia
2257 3239 2404 3294 omni
2429 3241 2537 3305 die,
2568 3240 2716 3295 omni
2739 3248 2896 3296 nocte
2919 3239 3155 3295 orationi
3179 3236 3519 3304 incumbens,

234 3335 474 3404 Filium,
492 3344 548 3392 et
568 3350 670 3405 pas
718 3350 749 3389 a
777 3335 1005 3391 Domino
1048 3332 1187 3392 Jesu.
1223 3332 1455 3403 Christo,
1506 3334 1663 3406 cuius
1710 3350 1832 3405 pas-
1858 3319 1902 3381 C
1934 3348 2123 3390 eorum
2166 3332 2485 3401 memoriam
2536 3332 2788 3391 faciebat.
2837 3330 2972 3386 Nam
3013 3329 3171 3387 aliter
3205 3330 3321 3386 haec
3356 3332 3521 3385 verba

233 3426 402 3482 sione
428 3424 845 3489 reconciliamur
876 3433 985 3484 tam
1014 3424 1125 3478 Deo
1142 3438 1303 3501 quam
1326 3423 1571 3495 angelis;
1606 3425 1700 3481 sed
1722 3440 1834 3481 mc-

236 3516 357 3573 lius
378 3522 672 3586 utrumque
692 3531 722 3569 a
750 3515 860 3583 Deo
881 3515 1042 3584 Patre
1061 3517 1244 3573 datum
1267 3517 1608 3591 intelligitur,
1632 3528 1837 3577 utrum-

235 3620 355 3679 que
379 3621 412 3662 a
435 3604 596 3676 Filio,
621 3606 749 3680 quia
777 3607 954 3679 gratia
981 3616 1037 3663 et
1064 3624 1165 3678 pax
1192 3623 1222 3663 a
1245 3609 1407 3665 Patre
1426 3618 1483 3666 et
1502 3609 1638 3667 Filio
1656 3627 1837 3683 sequa-

237 3702 375 3757 liter
393 3698 691 3769 confertur.
716 3700 954 3770 Spiritus
975 3700 1148 3757 sancti
1170 3716 1303 3758 vero
1321 3718 1623 3775 personam.
1636 3706 1837 3773 idcirco

240 3792 501 3859 reticuit,
537 3792 664 3863 quia
702 3793 758 3848 in
794 3793 951 3849 donis
990 3793 1105 3850 suis
1140 3809 1263 3850 eum
1307 3796 1747 3866 comprehendit,
1784 3799 1837 3855 id

237 3891 336 3937 est
362 3882 418 3936 in
445 3880 622 3952 gratia
652 3889 709 3935 et
735 3895 890 3951 pace.
920 3882 1012 3937 Ait
1039 3884 1184 3939 enim
1223 3881 1439 3952 Vict-itas
1480 3885 1837 3953 Samaritana:

241 3969 507 4028 mulieri:
533 3968 593 4023 Si
619 3969 777 4024 scires
806 3970 1004 4025 donum
1035 3972 1141 4035 Dei.
1163 3973 1348 4044 (lacn.
1384 3975 1481 4044 tv),
1523 3975 1578 4030 id
1603 3985 1689 4041 est
1718 3977 1837 4049 Spi~

242 4060 419 4114 ritum
448 4064 717 4112 sanctum.
747 4058 884 4125 Quia
913 4061 1058 4125 enim
1088 4076 1187 4132 per
1213 4078 1336 4117 eum
1365 4063 1643 4133 divinitps,
1663 4067 1835 4129 hono-

249 4156 445 4202 rantur
471 4147 651 4215 electi,
684 4148 829 4222 ideo,
860 4159 926 4218 ut
947 4151 1204 4217 diximus,
1233 4153 1286 4207 in
1317 4155 1475 4210 donis
1500 4155 1835 4231 intelligitur.

242 4238 439 4294 Gratia
482 4240 659 4306 enim.
701 4240 758 4307 id
813 4253 897 4311 est
954 4243 1204 4300 remissio
1253 4255 1633 4317 peccatorum,
1680 4266 1838 4321 quam

242 4330 556 4401 percipiunt
583 4331 868 4402 credentes
895 4333 951 4388 in
994 4333 1211 4393 lavacro
1244 4334 1615 4406 baptismatis,
1652 4350 1700 4394 et
1735 4359 1842 4411 pax

244 4437 349 4492 per
384 4437 547 4492 quam
593 4424 1105 4493 reconciliationem
1143 4438 1440 4497 merentur,
1486 4432 1771 4510 aequaliter
1809 4453 1838 4498 a

243 4523 364 4568 tota
402 4512 670 4581 Trinitate
704 4523 1063 4585 praestantur.

323 4603 564 4670 Primum
590 4605 798 4676 quidem
825 4607 1025 4677 gratiqs
1053 4625 1150 4678 ago
1189 4608 1297 4663 Deo
1334 4627 1447 4665 meo
1474 4627 1570 4681 pro
1600 4616 1840 4679 omnibus

241 4698 412 4753 vobis.
451 4697 567 4759 Huc
597 4675 768 4769 usque
805 4675 1103 4763 salutatio;
1137 4711 1257 4770 post
1293 4675 1674 4761 salutationem
1709 4676 1838 4764 vero
1872 4675 1916 4733 υ

241 4789 495 4859 sequitur
518 4790 701 4845 statim
734 4799 914 4859 textus
939 4790 1212 4862 Epistolae.
1244 4794 1442 4853 Beatus
1470 4794 1758 4871 Apostolus
1782 4799 1836 4854 in

238 4880 474 4941 exordio
500 4897 613 4953 sua:
650 4882 906 4961 Epistolas
946 4900 977 4942 a
1022 4886 1317 4954 gratiarum
1363 4902 1591 4945 exorsus
1629 4899 1715 4961 est
1749 4908 1840 4948 ac-

241 4976 421 5051 tione,
470 4974 769 5046 adimpleor
814 4977 1000 5048 utique
1046 4979 1317 5045 mandatis
1364 4981 1478 5035 suis
1520 4982 1663 5053 quod
1705 4981 1841 5053 dixit

239 5067 377 5123 alibi
406 5086 420 5122 :
453 5066 520 5122 In
550 5069 787 5123 omnibus
817 5069 1017 5139 gratias
1047 5070 1183 5138 agite
1213 5069 1262 5139 (ι
1295 5070 1474 5139 Thess.
1504 5072 1579 5144 v).
1605 5070 1837 5139 Gratias,

240 5158 446 5229 inquit,
482 5176 603 5229 ago,
634 5160 684 5213 id
723 5168 808 5213 est
832 5160 1018 5214 laudes
1050 5157 1226 5218 refero
1255 5159 1364 5216 Deo
1393 5178 1515 5229 meo
1538 5178 1637 5234 pro
1662 5165 1831 5220 vobis.

239 5254 395 5309 Bene
443 5263 621 5307 autem
664 5253 812 5315 addit
855 5269 990 5318 meo,
1034 5254 1161 5322 quia
1209 5270 1332 5319 cum
1375 5255 1616 5310 omnium
1654 5272 1834 5312 rerum

238 5360 391 5402 unus
419 5345 486 5401 sit
518 5344 659 5400 Deus
688 5361 784 5414 per
815 5354 1085 5414 naturam,
1122 5358 1189 5398 eo
1218 5346 1361 5414 quod
1378 5345 1458 5413 sit
1486 5353 1702 5410 creator
1724 5362 1837 5401 om-

241 5440 434 5507 nium,
464 5438 571 5494 illis
597 5439 816 5510 proprie
844 5448 1024 5507 tamen
1063 5454 1161 5511 per
1202 5439 1433 5508 gratiam
1466 5439 1609 5503 Deus
1640 5441 1836 5497 dicitur

239 5545 393 5597 esse,
423 5529 566 5599 quod
598 5529 792 5583 merito
821 5527 943 5593 tidei
975 5537 1025 5582 et
1049 5528 1274 5599 iustitizc
1300 5526 1420 5598 eius
1444 5528 1682 5586 cultores
1715 5547 1837 5588 esse

244 5621 574 5694 probantur,
599 5620 741 5681 sicut
773 5621 933 5674 beato
966 5618 1130 5674 Paulo
1162 5619 1390 5690 aliisque
1419 5619 1619 5676 Christi
1661 5621 1833 5677 ﬁdeli-

246 5715 371 5768 bus.
403 5710 541 5768 Hinc
580 5710 820 5767 dicitur:
859 5709 967 5785 Ego
1006 5726 1123 5764 sum
1171 5709 1313 5765 Deus
1354 5709 1653 5779 Abraham,
1696 5712 1838 5768 Deus

250 5801 433 5869 Isaac,
460 5812 508 5857 et
531 5800 672 5870 Deus
695 5800 859 5873 Iacob
890 5798 1089 5871 (Exod.
1114 5803 1199 5871 ll),
1231 5816 1328 5871 per
1355 5803 1585 5872 gratiam
1623 5812 1677 5859 et
1713 5805 1837 5860 vitae

249 5898 525 5964 meritum.
561 5895 699 5971 Quia
738 5895 868 5970 ΜΨ
909 5903 1078 5951 vestra
1117 5897 1465 5953 annuntiatur
1504 5899 1558 5954 in
1597 5900 1834 5957 uniuerso

1937 3433 2083 3483 stare
2108 3441 2214 3483 non
2244 3425 2442 3491 valent,
2480 3426 2603 3497 quia
2634 3425 2970 3492 comedebat,
3000 3422 3319 3491 dormiebat.
3349 3422 3529 3492 Homo.

1936 3520 2204 3590 siquidem
2252 3519 2497 3578 mortalis
2540 3528 2660 3576 crat
2701 3520 2878 3576 adhuc
2924 3517 3245 3591 Apostolus,
3296 3517 3526 3587 ideoque

1937 3611 2179 3681 mortalis
2207 3611 2480 3684 indigebat
2506 3611 2742 3683 operari,
2773 3611 3059 3679 comedere
3080 3619 3241 3680 atque
3261 3607 3519 3665 dormire.

1937 3699 2034 3769 llis
2062 3701 2204 3769 enim
2232 3700 2716 3777 omnibusindiget
2740 3701 2903 3757 homo
2931 3699 3145 3765 mortali
3175 3699 3408 3771 tegmine
3436 3698 3521 3754 in-

1937 3793 2117 3848 dutus.
2148 3791 2206 3851 ln
2235 3793 2338 3855 hoc
2368 3808 2499 3848 vero
2529 3793 2656 3865 quia
2683 3793 2914 3860 orationi
2943 3793 3201 3859 instabat,
3239 3794 3294 3852 in
3327 3800 3525 3854 semet-

1939 3886 2056 3954 ipso
2080 3884 2315 3956 primum
2344 3899 2508 3955 Opere
2533 3886 2921 3956 przetendebat,
2951 3886 3093 3956 quod
3118 3885 3233 3955 ipse
3256 3883 3380 3942 alibi
3412 3884 3526 3940 suis

1938 3976 2277 4033 auditoribus
2313 3977 2653 4034 exhortando
2688 3986 3061 4051 praeceperat:
3098 3978 3226 4033 Sine
3258 3979 3525 4034 intermis-

1937 4068 2105 4137 sione,
2131 4065 2402 4137 inquiens,
2432 4078 2594 4121 orate.
2621 4066 2934 4133 Obsecrans,
2960 4068 3005 4122 si
3026 4067 3286 4139 quomodo
3314 4068 3526 4123 tandem

1939 4156 2227 4228 aliquando
2275 4175 2581 4229 prosperum
2632 4159 2732 4213 iter
2773 4157 2991 4214 habeam
3027 4160 3085 4213 in
3132 4156 3395 4215 uoluntate
3430 4159 3525 4216 Dei

1940 4249 2175 4317 ueniendi
2218 4249 2287 4303 ad
2328 4266 2416 4315 vos
2455 4249 2505 4318 (l
2538 4248 2720 4313 Thess.
2748 4250 2821 4319 v).
2859 4251 2915 4305 Si
2945 4252 3246 4323 quomodo,
3288 4252 3346 4308 id
3370 4255 3534 4323 est‘si.

1940 4337 2119 4408 aliquo
2134 4340 2316 4409 modo,
2340 4342 2577 4409 tandem,
2604 4342 2672 4397 ad
2699 4342 2946 4399 ultimum
2970 4343 3053 4400 vel
3080 4345 3191 4400 vix.
3221 4342 3367 4416 Bene
3396 4345 3530 4402 dicit

1942 4430 2218 4497 obsecrans
2258 4433 2304 4488 si
2343 4432 2525 4503 aliquo
2562 4434 2724 4491 modo
2758 4452 3066 4508 prosperum
3095 4437 3194 4493 iter
3219 4436 3434 4509 habeant
3473 4438 3527 4489 in

1941 4522 2207 4578 voluntate
2232 4523 2331 4579 Dei
2359 4526 2597 4593 veniendi
2622 4526 2692 4581 ad
2721 4544 2835 4592 vos,
2860 4528 3115 4598 quoniam
3149 4535 3275 4584 sunt
3307 4529 3524 4598 quidam

1942 4616 2034 4684 qui
2061 4614 2156 4672 Dei
2184 4619 2561 4688 permissione,
2590 4635 2696 4675 non
2724 4621 3034 4688 voluntate,
3068 4637 3386 4698 prosperum
3426 4624 3528 4678 iter

1949 4707 2193 4763 ridentur
2219 4710 2465 4782 accipere
2489 4712 2555 4766 ad
2582 4712 2801 4775 malum,
2851 4713 2895 4768 si
2938 4714 3154 4783 quando
3178 4714 3526 4783 homicidium

1945 4810 2039 4879 aut
2063 4798 2279 4874 aliquod
2304 4802 2564 4869 festinent
2588 4804 2767 4860 scelus
2793 4818 3125 4879 perpetrare.
3169 4804 3276 4873 Sed
3299 4806 3528 4876 Aposto-

1946 4876 2030 4949 lus
2058 4892 2240 4947 omnia
2268 4909 2528 4964 prospera
2559 4911 2679 4965 qua:
2708 4896 2826 4954 sine
2859 4876 3136 4959 voluntate
3175 4896 3271 4961 Dei
3307 4898 3529 4955 veniunt

1948 4983 2099 5051 nihili
2129 4985 2338 5053 pendit,
2362 4994 2418 5040 et
2442 5002 2542 5057 pro
2564 4987 2735 5043 nihilo
2765 4988 3006 5060 deputat.
3046 4989 3181 5044 Nam
3216 4988 3374 5044 aliter
3398 5002 3527 5057 pm-

1948 5089 2165 5144 sperum
2188 5074 2293 5132 iter
2318 5091 2377 5133 se
2401 5092 2560 5149 posse
2586 5080 2785 5142 habere
2808 5066 2913 5136 non
2938 5082 3183 5150 putabat,
3208 5080 3314 5136 nisi
3326 5079 3529 5145 ,voluu-

1952 5176 2033 5222 tas
2064 5167 2178 5232 Dei,
2219 5185 2339 5239 qua:
2378 5171 2558 5226 omnia
2600 5173 2768 5238 novit,
2799 5182 2855 5228 et
2885 5174 2938 5228 in
2975 5174 3230 5229 onmibus
3263 5186 3362 5228 nos
3393 5186 3526 5241 pran-

1950 5260 2093 5313 venit
2115 5260 2290 5329 bonis,
2312 5263 2568 5332 praecedit
2590 5273 2645 5320 et
2672 5263 2837 5333 fovet,
2865 5263 2990 5320 illuc
3020 5278 3143 5319 cum
3164 5263 3413 5333 duceret,
3438 5263 3528 5318 ubi

1946 5349 2178 5413 fructum
2212 5352 2448 5422 aliquem
2478 5355 2722 5417 haberet.

2016 5443 2267 5508 Desidere
2303 5445 2441 5511 enim
2484 5448 2791 5504 ridereiuos.
2824 5448 3112 5509 Ideo-dicit
3133 5446 3442 5504 desiderem
3466 5462 3526 5504 se

1942 5534 2130 5595 venire
2153 5536 2220 5600 ad
2250 5536 2402 5602 illos,
2432 5548 2491 5594 ut
2526 5539 2657 5607 illos,
2681 5542 2750 5595 ad
2786 5555 3028 5595 amorem
3057 5554 3213 5595 suum
3238 5539 3529 5605 excitaret,

1944 5634 2001 5681 ut
2023 5635 2078 5682 ct
2104 5628 2204 5699 ipsi
2230 5629 2607 5687 desiderarent
2630 5632 2801 5691 illum.
2829 5631 3181 5688 Desiderabat
3200 5640 3383 5687 autem
3410 5630 3529 5685 illos

1942 5719 2146 5785 videre,
2180 5728 2241 5776 ut
2267 5720 2474 5792 aliquid
2508 5724 2696 5794 gratiae
2728 5723 3132 5793 praedicationis
3158 5732 3213 5778 et
3241 5722 3527 5785 miraculo-

1942 5826 2060 5879 rum
2088 5810 2193 5878 illis
2218 5811 2532 5886 largiretur,
2561 5812 2702 5869 sicut
2726 5814 3004 5886 sequentia
3036 5813 3401 5877 manifestam.
3427 5811 3527 5877 De-

1940 5902 2134 5970 sidero,
2176 5902 2369 5973 inquit,
2405 5902 2576 5961 ridere
2600 5920 2686 5960 vos
2707 5918 2725 5958 .·
2751 5914 2806 5960 ut
2833 5903 3033 5977 aliquid
3066 5906 3252 5976 gratia:
3273 5899 3519 5973 spiritalit
