3950 6444
499 423 601 483 δτι

966 429 1319 505 iiA‘iMONlS
1356 424 1834 484 HALBERSTAT.
1878 425 2084 481 EPISC.

2191 427 2286 482 PP.
2321 427 2522 483 rans.
2559 428 2601 510 ι.
2625 458 2696 468 -
2734 393 3094 482 nemnem:
3128 421 3298 476 BlllL.

3648 422 3746 475 572

504 541 786 610 impartiar
820 542 961 599 vobis
997 544 1067 598 ad
1102 542 1488 613 conﬁrmandos
1523 560 1631 614 vos,
1670 551 1725 598 ut
1762 541 2073 609 confirmem
2104 545 2150 614 Α
2181 539 2341 605 {cetos
2385 539 2445 612 (I
2481 539 2605 595 Cor.
2640 539 2732 610 ιι).
2780 535 3165 607 lnsipientibus
3196 534 3407 589 debitor
3428 542 3561 597 erat,
3590 542 3650 597 ut
3676 550 3729 587 se

507 631 670 691 fidem
695 640 927 702 vestram
952 634 1195 689 doctrina
1225 643 1278 690 et
1307 633 1688 704 praedicatione
1712 636 1875 702 atque
1908 633 2074 689 mira-

508 724 751 800 culorum
779 725 1013 794 virtute,
1042 726 1427 805 suppleamque
1467 740 1588 785 meo
1622 726 1853 781 adventu
1880 725 1924 785 si
1951 723 2079 800 quid

508 817 685 872 minus
706 815 918 873 habetis
938 817 995 873 in
1026 817 1164 897 ﬁde,
1203 819 1286 875 vel
1314 819 1480 894 eiiam
1506 826 1566 873 ut
1594 818 1817 879 doceam
1839 832 1934 879 vos
1960 831 2082 892 per-

506 904 702 961 fectam
726 905 1045 977 charitatem
1067 909 1270 966 habere
1285 950 1301 975 ,
1324 925 1393 965 ne
1421 911 1490 966 ah
1518 907 1750 976 invicem
1777 906 2082 973 dissideatis

503 1005 557 1051 et
587 995 911 1061 discordiam
936 998 1201 1077 habeatis,
1227 1001 1369 1055 sicut
1397 1015 1540 1055 nunc
1565 1000 1745 1056 audio.

573 1085 644 1141 Id
671 1098 745 1142 est
771 1088 929 1161 simul
955 1091 1218 1159 consolari
1243 1093 1298 1146 in
1320 1092 1459 1157 vobis
1479 1108 1571 1170 per
1589 1108 1705 1162 eam
1731 1107 1848 1163 qua:
1870 1088 2083 1153 invicem

500 1215 578 1265 ut
602 1206 765 1274 ﬁdem
790 1216 1014 1275 uestram
1039 1218 1194 1282 atque
1220 1226 1411 1274 meam.
1449 1208 1814 1266 Consolantur
1839 1205 2086 1281 magistri

507 1298 573 1352 de
593 1298 838 1369 profectu
856 1300 1271 1379 discipulorum,
1289 1301 1503 1372 quando
1524 1301 1733 1377 scilicet
1754 1284 2088 1376 stabilimen-

508 1401 623 1446 tum
648 1382 777 1447 ﬁdei
792 1393 1069 1461 reperiunt
1086 1393 1142 1465 in
1165 1394 1270 1453 illis
1287 1412 1300 1448 :
1319 1402 1537 1460 econtra
1556 1392 1910 1467 consolantur
1932 1392 2087 1447 disci-

508 1481 621 1550 puli
643 1482 769 1539 dum
790 1483 1024 1557 aduentu
1053 1484 1436 1559 magisirorum
1458 1483 1763 1556 cumulatur
1784 1482 1893 1538 illis
1910 1483 2084 1553 gratia

510 1571 745 1642 Spiritus
781 1573 989 1642 sancti,
1037 1573 1122 1629 vel
1159 1576 1285 1642 dum
1319 1574 1797 1647 suam-scientiam
1835 1583 1890 1629 et
1925 1574 2084 1629 ﬁdem

506 1663 894 1735 magistrorum
931 1665 1173 1721 scientiae
1203 1672 1297 1733 aut
1333 1664 1457 1740 ﬁdei
1487 1664 1820 1741 concordare
1852 1672 1907 1719 et
1941 1678 2089 1741 com-

496 1753 834 1835 .participare
860 1755 1182 1829 intelligunt,
1360 1736 1363 1739 Δ
1445 1735 1452 1740 ’
1562 1735 1567 1741 ’
2054 1735 2059 1741 ’

2180 629 2414 685 cundum
2446 630 2800 700 capacitatem
2836 627 3050 683 illorum
3091 625 3174 680 eis
3211 622 3434 677 verbum
3470 623 3746 693 mysterio.

2182 736 2300 794 rum
2340 720 2720 794 committeret,
2754 718 2949 786 quibus
2988 716 3103 785 ipse
3143 713 3360 769 dicebat
3395 731 3409 771 ;
3452 712 3570 767 Non
3608 717 3747 784 potui

2182 811 2333 865 vobis
2367 809 2512 880 loqui
2549 811 2704 881 quasi
2739 807 3090 880 spiritalibus,
3130 806 3223 863 sed
3260 804 3417 877 quasi
3450 804 3747 861 carnalibus

2184 899 2235 973 (1
2266 898 2389 967 Cor.
2422 899 2524 975 ιιι)τ
2558 892 2937 968 insipientibus
2974 912 3106 952 vero
3143 896 3357 952 debitor
3393 905 3510 950 erat
3549 895 3604 950 in
3633 896 3747 961 hoc,

2186 1007 2240 1073 ut
2268 994 2479 1067 illorum
2514 993 2874 1064 insipientiam
2901 992 3169 1062 patienter
3200 989 3385 1045 ferret.

2258 1116 2369 1183 Ita,
2395 1116 2533 1188 quod
2558 1116 2613 1170 in
2643 1132 2723 1171 me
2746 1124 3041 1186 promptum
3068 1123 3171 1187 est,
3218 1113 3271 1173 ω
3306 1122 3391 1173 est
3418 1111 3751 1177 manifestum

2185 1217 2289 1274 est,
2316 1204 2377 1263 et
2394 1207 2534 1262 vobis
2561 1207 2651 1277 qui
2679 1206 2857 1275 Roma:
2880 1206 3033 1271 estis,
3063 1202 3443 1274 evangelisare.
3471 1201 3624 1274 Ordo
3648 1218 3754 1258 ver-

2185 1302 2378 1357 borum
2412 1306 2529 1362 est,
2570 1297 2880 1368 pariterque
2919 1311 3129 1353 sensus.
3163 1294 3301 1361 Quia
3337 1294 3677 1368 sapientibus
3709 1302 3754 1347 et

2188 1392 2563 1462 insipientibus
2600 1390 2812 1457 debitor
2845 1406 2988 1453 sum,
3017 1388 3171 1445 vobis
3198 1402 3414 1457 quoque
3451 1385 3551 1455 qui
3588 1384 3755 1439 Rom

2187 1486 2360 1542 estis:
2393 1485 2562 1557 muito
2588 1484 2893 1554 promptior
2914 1490 2998 1538 est
3026 1495 3145 1536 mea
3171 1480 3421 1537 voluntas
3449 1478 3517 1533 ad
3546 1490 3757 1545 evange-

2189 1575 2458 1649 lizandum
2496 1594 2508 1630 :
2549 1584 2604 1631 et
2644 1572 2783 1631 sicut
2826 1575 2893 1629 de
2932 1572 3037 1628 ﬁde
3084 1571 3324 1627 omnium
3374 1569 3653 1643 gentium,
3698 1566 3755 1620 ita

2187 1667 2351 1736 etiam
2382 1667 2449 1722 de
2482 1666 2727 1735 profectu
2762 1673 2959 1737 vestra
2996 1663 3123 1733 ﬁdei
3161 1669 3292 1732 opto
3330 1675 3569 1735 magnus
3606 1658 3756 1724 subli-

2188 1759 2397 1828 misque
2425 1756 2649 1829 fulgere.
3428 1742 3431 1749 ’

582 1871 722 1930 Nolo
745 1883 917 1931 autem
956 1886 1044 1931 uas
1067 1876 1326 1948 ignorare,
1357 1877 1566 1948 fratres,
1595 1876 1720 1951 quia
1742 1892 1878 1948 serpe.
1900 1876 2084 1948 propo-
2111 1896 2159 1955 Β
2262 1879 2384 1936 Νοη
2422 1880 2664 1940 erubesco
2703 1881 2839 1937 enim
2873 1877 3230 1947 Evangelium,
3279 1875 3543 1936 Subandis
3587 1873 3739 1945 ιπίὲἀί

506 1965 594 2020 sui
612 1967 784 2041 venire
806 1968 876 2022 ad
899 1984 1010 2035 vos,
1034 1969 1086 2023 id
1109 1978 1191 2025 est
1214 1977 1271 2025 et
1287 1970 1431 2025 volui
1458 1980 1513 2026 et
1535 1971 1813 2041 proposui,
1840 1980 1889 2030 et
1909 1973 2089 2042 prohi-

507 2059 644 2114 bitus
672 2077 788 2116 sum
813 2077 978 2133 usque
1001 2062 1193 2117 adhuc.
1224 2062 1534 2135 Prohibitus
1563 2073 1646 2120 est
1675 2063 1874 2129 Paulus
1911 2081 1941 2120 a
1975 2063 2086 2120 Deo

506 2167 577 2206 ne
601 2160 762 2208 antea
788 2152 1015 2209 Romam
1053 2156 1265 2210 veniret
1298 2170 1459 2227 quam
1495 2157 1744 2228 gentibus
1779 2157 1923 2215 circa
1962 2155 2087 2214 Hie-

508 2242 831 2314 rosolymam
869 2245 1095 2313 positis,
1146 2261 1360 2302 sacrum
1405 2247 1805 2305 administraret
1840 2247 2085 2320 Evange-

508 2331 660 2385 lium.
691 2331 893 2388 Deinde
919 2348 1048 2388 vero
1071 2349 1169 2405 per
1195 2334 1564 2397 Macedoniam
1590 2336 1884 2406 Asiamque
1912 2337 2085 2392 mino-

510 2434 624 2499 rem
648 2422 990 2498 praedicando
1027 2410 1297 2497 Illyricum
1335 2426 1589 2492 veniens,
1629 2441 1752 2496 quae
1789 2437 1876 2480 est
1911 2426 2085 2497 prima

505 2529 632 2583 pars
652 2505 901 2587 Europa,
926 2519 1138 2591 tandem
1155 2520 1309 2589 juxta
1334 2519 1500 2574 animi
1527 2519 1609 2574 sui
1639 2527 1820 2574 votum
1845 2518 2088 2588 perveni:

511 2615 593 2661 ret
614 2607 860 2687 ﬂpmam.
885 2609 1018 2666 Cum
1046 2625 1175 2682 ergo
1204 2611 1429 2685 dixisset
1446 2610 1732 2689 Apostolus
1756 2625 1897 2680 saepe
1918 2624 1978 2665 se
1998 2610 2087 2665 de-

508 2697 742 2767 stinasse
779 2700 968 2767 Venire
1010 2702 1079 2757 ad
1119 2701 1257 2781 illos,
1301 2710 1517 2772 poterat
1553 2701 1749 2779 aliquis
1784 2700 1999 2765 illorum
2037 2701 2087 2761 ei

514 2789 734 2846 obviare
771 2790 1151 2864 interrogando
1191 2810 1255 2851 ac
1294 2794 1512 2868 dicere:
1544 2794 1589 2852 Ο
1622 2796 1778 2851 beate
1811 2794 2084 2865 Apostole,

514 2893 617 2933 cur
650 2879 963 2950 disposuisti
1002 2882 1187 2938 venire
1219 2884 1287 2938 ad
1322 2899 1420 2940 nos
1455 2885 1804 2955 peccatores?
1852 2883 1934 2939 Ad
1970 2884 2087 2945 haec

513 2967 625 3035 ille,
658 2976 719 3024 ut
752 2970 975 3040 aliquem
1006 2971 1235 3042 fructum
1267 2973 1483 3028 habeam
1510 2974 1565 3028 in
1590 2974 1762 3041 vobis,
1795 2975 1930 3029 sicut
1958 2985 2006 3030 et
2032 2975 2088 3029 in

504 3057 714 3112 «ceteris
737 3059 991 3128 gentibus,
1036 3060 1091 3115 id
1121 3069 1204 3117 est
1226 3070 1286 3117 ut
1313 3062 1613 3121 mercedem
1643 3070 1899 3119 aeternam
1930 3064 2087 3139 spiri-

510 3148 635 3204 talis
662 3150 848 3220 gmtias
875 3150 1094 3225 babeam
1123 3153 1177 3227 in
1210 3154 1351 3231 vobis
1389 3155 1455 3229 de
1497 3168 1616 3233 meo
1644 3153 1849 3233 labore,
1879 3157 2013 3230 sicut
2037 3167 2085 3213 et

506 3242 565 3293 in
589 3239 790 3316 caeteris
817 3240 1072 3316 gentibus.
1509 3231 1513 3233 ’
1676 3231 1679 3233 ’
1844 3231 1850 3239 ’

581 3357 778 3434 ercis
806 3381 868 3429 ac
898 3364 1155 3432 barbaris,
1191 3367 1510 3438 sapientibus
1532 3378 1580 3423 et
1609 3367 1969 3441 insipientibus
2001 3368 2090 3431 tle-,-

513 3456 649 3512 bitor
677 3474 814 3517 sum.
854 3459 1139 3532 Sapientes
1172 3462 1404 3532 appellat
1443 3460 1657 3532 Judazos
1682 3469 1737 3531 et
1770 3460 2017 3527 Graecos,
2059 3478 2090 3518 a

512 3549 709 3623 quibus
732 3554 908 3608 omnis
935 3554 1200 3625 sapientia
1233 3555 1436 3620 divina,
1464 3561 1519 3611 et
1544 3555 1721 3623 omnis
1751 3554 2090 3627 philosophia

470 3648 473 3649 '
513 3638 786 3696 mundana
810 3631 1091 3718 exordium
1116 3645 1371 3716 sumpsit,
1401 3644 1717 3719 insipientes
1742 3660 1873 3707 vero
1897 3653 1949 3700 et
1974 3645 2092 3716 bar:

515 3743 700 3813 pares,
730 3729 863 3786 alias
890 3741 1099 3803 gentes,
1140 3734 1279 3802 sicut
1315 3745 1443 3791 sunt
1476 3734 1778 3809 Teutonici,
1821 3734 2089 3813 Britones,

515 3808 714 3892 aliique
733 3821 822 3893 qui
850 3822 1059 3879 illorum
1081 3827 1484 3902 comparatione
1504 3828 1703 3884 indocti
1725 3808 1780 3885 et
1801 3828 1956 3899 quasi
1977 3808 2095 3903 sine

515 3908 719 3983 litteris
744 3921 917 3980 erant.
949 3912 1084 3969 Nam
1111 3915 1252 3971 sicut
1276 3915 1343 3972 ab
1369 3916 1610 3975 Hebraeis
1635 3926 1961 3988 acceperuui
1989 3918 2090 3988 La-

515 3998 613 4067 tini
638 4014 853 4069 omnem
882 4000 1116 4058 divinam
1143 4002 1504 4074 Scripturam,
1531 4006 1603 4061 ita
1629 4015 1685 4061 et
1704 4021 1734 4061 a
1756 4004 1956 4062 Grzecis
1976 3987 2096 4079 om;

513 4100 637 4143 nem
666 4089 1062 4172 philosophiam
1094 4095 1429 4151 saecularem.
1471 4095 1537 4167 Et
1575 4111 1698 4150 cum
1736 4095 1790 4151 in
1825 4095 2092 4165 sapientia

468 4178 473 4183 ’
513 4175 787 4256 ﬂorerent,
827 4178 892 4246 se
916 4181 1133 4259 quidem
1161 4184 1450 4254 sapientes,
1483 4199 1671 4253 omnes
1697 4200 1829 4240 vero
1854 4185 2090 4254 reliquas

515 4277 704 4353 gentes
722 4268 985 4351 barbaras
1010 4270 1535 4356 vocabant.Quorum
1547 4277 1851 4348 superbiam
1865 4258 2097 4350 confun-j

517 4361 596 4416 dit
621 4361 932 4443 Apostolus,
964 4366 1090 4422 dum
1117 4367 1167 4442 in
1200 4360 1549 4440 sequentibus
1585 4374 1846 4443 praeponit
1880 4374 1960 4430 eis
1990 4372 2086 4428 Ju-

515 4452 681 4529 dteos,
710 4452 817 4524 Sed
845 4457 1289 4533 considerandum
1311 4464 1545 4533 estquid
1567 4448 1837 4535 acceperit
1862 4466 2088 4536 Aposto-

515 4542 632 4615 lus,
668 4552 729 4608 ut
766 4545 957 4623 horum
996 4549 1205 4626 debitor
1239 4564 1416 4621 esset,
1462 4555 1513 4611 id
1557 4565 1640 4610 est
1673 4557 1992 4627 sapientium
2033 4567 2087 4611 et

515 4634 902 4713 insipieniium.
936 4638 1069 4695 Nam
1110 4643 1176 4701 ab
1216 4644 1346 4717 ipsis
1386 4660 1492 4703 non
1534 4655 1817 4716 acceperat
1861 4646 2081 4716 aliquid.

512 4730 663 4803 Adeo
692 4731 795 4789 hoc
822 4735 1018 4791 donum
1048 4720 1349 4823 acceperat,
1374 4749 1434 4796 ut
1453 4741 1692 4801 omnium
1723 4742 1962 4812 gentium
1990 4741 2084 4797 lin-

511 4824 633 4909 guis
657 4823 988 4896 loqueretur,
1020 4831 1215 4900 quibus
1236 4831 1438 4886 iisdem
1467 4831 1715 4904 gentibus
1744 4831 1902 4889 ﬁdem
1930 4832 2084 4899 Chri-

510 4915 603 4993 sti,
629 4925 689 4973 ut
710 4928 836 4989 pote
863 4920 1092 4986 debitor,
1116 4922 1410 4994 praedicare
1441 4924 1672 4981 debebat
1696 4945 1708 4979 :
1741 4925 1824 4981 vel
1853 4936 2001 4981 certe
2028 4927 2080 4999 in

511 5008 616 5078 hoc
640 5016 759 5064 erat
784 5010 995 5066 debitor
1024 5014 1274 5067 omnibus
1300 5013 1566 5083 gentibus,
1602 5014 1751 5085 quia,
1785 5015 1924 5085 sicut
1951 5015 2077 5071 bea-

510 5106 598 5153 tus
630 5096 960 5177 Augustinus
989 5102 1065 5156 ait
1095 5102 1147 5156 in
1178 5102 1512 5178 expositione
1540 5102 1789 5173 Epistoia:
1819 5106 1883 5159 ad
1916 5105 2085 5176 Ephe-

510 5187 644 5254 sios,
671 5204 781 5273 pro:
804 5190 1054 5245 omnibus
1077 5190 1333 5262 apostolis
1359 5193 1674 5263 sapientiam
1702 5195 1936 5249 divinam
1964 5210 2085 5265 per—

509 5280 671 5351 cepit.
717 5282 785 5357 Et
826 5298 993 5357 quare
1042 5279 1162 5365 hoc,
1204 5284 1306 5339 nisi
1349 5292 1406 5339 ut
1445 5288 1694 5343 omnibus
1727 5288 2080 5361 principibus,

506 5372 865 5448 omnibusque
902 5374 1237 5445 philosophis
1274 5391 1370 5446 per
1405 5379 1722 5448 sapientiam
1757 5378 1856 5432 sibi
1902 5379 2081 5433 datam

509 5463 762 5536 resistere
787 5474 987 5536 posset.
1018 5462 1169 5521 Unde
1189 5476 1243 5523 et
1264 5464 1523 5535 Dominus
1545 5469 1621 5533 ait
1646 5470 1710 5524 de
1732 5469 1821 5523 illo
1849 5470 1915 5523 ad
1939 5470 2079 5522 Ana-

506 5558 650 5631 piam
675 5576 689 5612 :
726 5555 835 5613 Vas
864 5558 1126 5614 electionis
1152 5560 1275 5614 mihi
1301 5572 1373 5615 est
1407 5571 1461 5615 ut
1497 5552 1662 5630 portet
1694 5576 1881 5629 nomen
1908 5576 2078 5613 meum

504 5663 682 5723 eorum
714 5649 917 5719 regibus
955 5657 1003 5704 ct
1041 5651 1275 5721 gentibus
1304 5649 1441 5719 (Act.
1478 5651 1574 5720 Ix).
1617 5647 1962 5718 Sapientibus
1991 5650 2080 5705 dc-

502 5737 647 5823 iiitor
673 5751 790 5796 erat
817 5750 874 5795 ut
902 5741 982 5797 eis
1004 5740 1269 5813 profunda
1297 5748 1350 5794 et
1378 5740 1483 5792 alta
1516 5739 1768 5809 mysteria
1797 5739 2075 5809 panderet,

505 5835 643 5917 sicui
673 5835 785 5931 ipse
815 5836 949 5903 dixit
979 5834 1104 5889 alibi
1132 5851 1143 5887 :
1177 5832 1494 5904 Sapientiam
1527 5830 1786 5902 loquimur
1816 5832 1949 5885 inter
1968 5849 2080 5902 pcr-

2120 4602 2167 4658 υ

2188 1985 2333 2026 care.
2366 1968 2593 2036 Quidam
2619 1968 2911 2035 credebant
2937 1968 2989 2022 in
3018 1967 3214 2022 Filium
3237 1966 3335 2021 Dei
3363 1972 3417 2019 et
3441 1963 3757 2019 verecunda-

2184 2062 2386 2131 bantur
2411 2060 2704 2131 praedicare
2730 2060 2873 2131 quod
2900 2068 3057 2114 natus
3086 2065 3232 2113 esset
3260 2072 3328 2111 ex
3358 2055 3588 2123 femina,
3634 2055 3759 2123 quod

2188 2153 2509 2219 cruciﬁxus,
2536 2152 2691 2224 quasi
2720 2151 2964 2207 nolentes
2990 2150 3244 2219 iniuriam
3272 2147 3452 2204 facere
3474 2148 3583 2203 Dei
3610 2146 3759 2218 Filio.

2189 2244 2282 2301 sed
2311 2245 2411 2301 hoc
2446 2260 2552 2300 non
2594 2242 2949 2299 erubescebat
2976 2239 3179 2296 Paulus
3216 2239 3308 2309 qui
3348 2238 3574 2293 dicebat
3604 2255 3619 2289 :
3660 2236 3760 2290 Νοιο

2186 2338 2430 2393 erubesco
2470 2333 2813 2408 Euangelium
2856 2333 3174 2403 praedicare,
3224 2345 3287 2386 ac
3330 2329 3378 2386 si
3422 2328 3635 2385 diceret
3663 2327 3760 2379 aliis

2189 2431 2409 2487 verbis:
2437 2429 2554 2486 Non
2592 2429 2852 2483 erubesco
2888 2425 3083 2480 Filium
3122 2424 3213 2479 Dei
3250 2420 3553 2497 przedicare
3594 2419 3648 2473 in
3677 2418 3760 2471 line

2191 2534 2493 2595 temporum
2528 2530 2734 2585 natum,
2765 2533 2923 2591 quem
2966 2518 3079 2596 scio
3119 2525 3245 2583 ante
3285 2512 3481 2569 saecula
3509 2511 3761 2582 aequalem

2188 2615 2334 2675 Patri
2373 2613 2632 2686 genitum.
2676 2610 2794 2666 Non
2838 2610 3100 2666 erubesco
3140 2616 3412 2663 mortuum
3453 2604 3761 2675 pra-dicare,

2189 2720 2349 2776 quem
2397 2703 2509 2764 scio
2554 2710 2807 2773 superata
2858 2707 3032 2772 morte
3088 2697 3249 2754 tertia
3293 2696 3609 2753 surrexisse
3654 2692 3757 2749 die.

2190 2794 2384 2851 deinde
2424 2791 2592 2859 caelos
2624 2800 2958 2865 penetrasse.
3005 2789 3072 2844 Et
3109 2788 3260 2858 quasi
3301 2778 3499 2855 aliquis
3536 2784 3761 2842 diceret.

2190 2901 2361 2958 quare
2395 2900 2501 2940 non
2541 2883 2815 2941 erubescis
2845 2881 3232 2954 Evangelium?
3259 2879 3334 2934 ait
3365 2896 3379 2933 :
3429 2877 3620 2947 Virtus
3646 2875 3761 2929 enim

2191 2977 2287 3032 Dei
2314 2986 2409 3031 est.
2434 2974 2786 3050 Evangelium
2812 2974 2865 3027 in
2892 2972 3115 3041 salutem
3140 2971 3281 3024 omni
3305 2968 3560 3037 credenti,
3591 2965 3762 3020 Iudae

2190 3069 2414 3139 primum
2444 3076 2492 3122 et
2517 3063 2723 3141 Graeco.
2763 3063 2949 3118 Virtus
2979 3063 3121 3119 enim
3146 3059 3243 3123 Dei
3269 3067 3384 3124 est,
3423 3056 3761 3128 Evangelium

2191 3163 2245 3237 in
2288 3142 2517 3216 salutem
2565 3157 2711 3214 omni
2758 3155 2965 3212 homini
3008 3152 3270 3224 credenti,
3317 3150 3444 3220 quia
3492 3164 3597 3220 per
3638 3146 3762 3201 illam

2116 3249 2160 3318 (Ξ
2196 3254 2353 3308 fidem
2378 3259 2434 3319 et
2460 3251 2827 3323 operationem
2862 3264 3027 3321 quam
3061 3245 3409 3317 Evangelium
3450 3242 3762 3297 annuntiat.

2194 3343 2433 3399 decrevit
2455 3342 2666 3398 salvare
2688 3356 2858 3413 genus
2888 3340 3202 3407 humanum.
3224 3334 3603 3390 Praeferuntur
3626 3331 3761 3386 πιοὰ

2193 3435 2361 3499 Judaei
2389 3434 2613 3505 Graacis,
2649 3433 2736 3489 vel
2769 3433 2896 3504 quia
2937 3439 3062 3486 ante
3099 3429 3219 3484 illos
3255 3428 3398 3507 leges
3432 3425 3652 3480 divinas
3682 3425 3745 3477 bu

2193 3539 2486 3595 manusque
2519 3523 2760 3579 habuere
2795 3541 2808 3576 :
2848 3521 2931 3585 vel
2970 3520 3094 3591 quia
3126 3518 3346 3573 enutriti
3379 3516 3433 3571 in
3478 3516 3602 3585 lege
3624 3558 3639 3580 ,
3675 3514 3765 3569 citr-

2193 3635 2292 3691 per
2310 3616 2674 3689 cegnitionem
2696 3615 2828 3688 legis
2849 3602 3214 3686 pervenerunt
3238 3619 3363 3665 ante
3386 3607 3507 3682 illos
3528 3608 3601 3662 ad
3627 3607 3765 3661 ﬁdem

2194 3708 2493 3780 Evangelii,
2524 3704 2777 3775 videlicet
2804 3706 3022 3779 quando
3051 3712 3170 3775 post
3195 3701 3568 3762 ascensionem
3600 3698 3755 3753 Domi-

2191 3800 2372 3855 nicam
2416 3796 2837 3869 praedicantibus
2888 3789 3143 3865 apostOIis
3192 3790 3543 3861 crediderunt
3588 3802 3660 3843 ex
3701 3788 3765 3842 ei:

2191 3904 2297 3963 una
2326 3888 2412 3943 die
2441 3886 2541 3941 tria
2567 3886 2757 3959 millia,
2789 3885 2954 3940 altera
2985 3884 3223 3961 quinque
3250 3880 3416 3936 millia
3437 3887 3496 3934 et
3521 3878 3765 3946 deinceps

2194 3978 2361 4033 multa
2387 3976 2573 4033 millia.
2600 3976 2728 4031 Sive
2752 3976 2916 4031 etiam
2947 3974 3001 4029 in
3028 3974 3131 4029 hoc
3155 3970 3375 4046 praefert
3397 3967 3618 4044 Iudaeos
3641 3967 3765 4023 Gra-

2191 4070 2291 4145 cis',
2341 4068 2468 4141 quia
2514 4068 2615 4139 ipsi
2659 4066 2886 4137 apostoli
2931 4081 2962 4136 a
3012 4056 3209 4136 quibus
3253 4061 3427 4135 Graeci
3471 4061 3767 4117 doctrinam

2193 4150 2460 4236 ﬁdemque
2478 4162 2753 4249 Evangelii
2777 4160 2931 4231 quasi
2952 4176 2982 4214 a
3004 4158 3276 4229 magistris
3293 4154 3669 4249 percipiebat“
3688 4169 3767 4206 na~

2195 4266 2315 4315 tura
2350 4238 2521 4339 indeii
2559 4238 2733 4333 erant.
2776 4251 3079 4309 Notandum
3115 4258 3294 4303 autem
3330 4238 3549 4302 nomine
3582 4244 3766 4306 Judaei,

2190 4332 2384 4425 omnes
2408 4332 2621 4425 Iudaeos
2645 4332 2929 4425 credentes
2959 4343 3159 4397 debere
3197 4338 3440 4410 intelligi,
3469 4344 3528 4392 et
3558 4337 3767 4401 nomine

2190 4420 2384 4505 Graeci,
2418 4422 2607 4494 omnes
2637 4420 2863 4509 gentiles
2886 4435 3083 4499 debere
3110 4429 3515 4501 comprehendi.

2262 4562 2481 4616 Iustitia
2509 4560 2649 4629 enini
2670 4557 2769 4615 Dei
2793 4558 2845 4623 in
2873 4574 2953 4619 eo,
2987 4554 3038 4610 id
3063 4563 3146 4610 est
3175 4551 3483 4624 Evangelio,
3518 4551 3767 4606 revehatur

2192 4670 2254 4707 ea:
2282 4651 2386 4722 [ide
2422 4651 2478 4705 in
2518 4649 2696 4729 ﬁdem.
2727 4646 2947 4723 ustitia
2980 4645 3100 4725 Dei,
3130 4643 3182 4699 id
3210 4655 3292 4699 est
3316 4642 3641 4714 iustiﬁcatio
3668 4657 3765 4711 qua

2184 4741 2447 4815 justiﬁcat
2475 4740 2526 4796 in
2558 4755 2615 4796 se
2644 4738 2950 4807 credentes,
2985 4738 3039 4792 in
3068 4735 3359 4807 Evangelio
3391 4734 3766 4790 manifestatur

2192 4834 2319 4887 dum
2348 4831 2546 4886 dicitur
2571 4869 2585 4884 .
2620 4828 2724 4906 Qui
2753 4816 3029 4907 crediderit
3056 4837 3103 4881 et
3132 4826 3425 4898 baptisatus
3450 4824 3633 4895 fuerit,
3660 4824 3763 4878 sal-

2190 4940 2303 4991 vus,
2330 4924 2384 4979 id
2409 4908 2490 4978 est
2509 4920 2710 4992 justus.
2740 4922 2837 4975 erit
2863 4918 3075 4992 (Matth.
3107 4918 3242 4989 1m).
3275 4917 3401 4976 Hzec
3430 4927 3517 4973 est
3535 4916 3762 4986 iustitia,

2188 5030 2292 5086 qua
2322 5029 2512 5070 omnes
2534 5013 2818 5081 credentes
2841 5009 2983 5086 dono
3010 5008 3191 5069 Patris
3218 5017 3274 5069 et
3293 5008 3418 5063 Filii
3445 5024 3509 5069 ac
3535 5009 3764 5081 Spiritus

2188 5084 2761 5176 sanctijustiﬁcantur.
2807 5084 2936 5170 Qua:
2965 5100 3167 5175 idcirco
3186 5097 3395 5169 justitia
3424 5100 3523 5155 Dei
3548 5099 3760 5161 dicitur,

2185 5196 2311 5267 quia
2338 5210 2457 5251 eam
2486 5186 2851 5263 impartiendo
2877 5191 3145 5263 ﬁdelibus,
3168 5191 3347 5259 justus
3371 5206 3467 5247 eos
3491 5190 3684 5254 reddit,
3711 5201 3765 5244 et

2185 5289 2288 5342 hoc
2307 5304 2371 5341 cx
2398 5285 2520 5349 ﬁde,
2545 5282 2803 5339 subaudis
2825 5283 2981 5352 legis,
3008 5283 3060 5336 in
3089 5281 3246 5337 ﬁdem
3272 5282 3443 5335 sancti
3464 5275 3761 5351 Evangelii,

2186 5380 2228 5433 si
2260 5381 2325 5433 ad
2357 5377 2570 5432 Judaeos
2602 5375 2827 5431 referas.
2867 5375 3002 5441 Quia
3041 5375 3185 5447 enim
3221 5371 3273 5427 in
3316 5373 3433 5441 lege
3472 5373 3634 5429 unius
3670 5371 3760 5425 Dei

2185 5469 2430 5523 notitiam
2457 5475 2510 5522 et
2532 5466 2687 5519 ﬁdem
2720 5466 3047 5529 habuerunt,
3081 5463 3221 5525 sicut
3253 5463 3451 5518 dicitur
3474 5463 3531 5517 in
3558 5463 3757 5525 Exodo,

2186 5558 2325 5631 quod
2355 5558 2681 5613 crediderunt
2714 5557 2934 5610 Domino
2959 5565 3006 5610 et
3039 5554 3207 5635 Moysi
3233 5571 3377 5635 serra
3403 5556 3527 5635 ejus
3556 5552 3754 5627 (Exod.

2185 5652 2321 5721 xw),
2348 5651 2555 5705 facilius
2579 5667 2643 5704 ex
2669 5648 2771 5704 ﬁde
2791 5657 2846 5704 et
2866 5630 3171 5719 cognitione
3190 5630 3351 5728 unius
3374 5648 3470 5704 Dei
3493 5630 3564 5704 ad
3583 5649 3757 5704 Evan-

2185 5743 2381 5814 gelium
2415 5750 2758 5797 transeuntes
2778 5784 2792 5808 ,
2837 5743 2995 5798 ﬁdem
3031 5738 3230 5800 sancta:
3261 5726 3548 5809 Trinitatis
3578 5758 3759 5815 perec-

2187 5842 2397 5905 perunt.
2429 5833 2799 5915 Conuuuniter
2837 5851 3025 5892 omnes
3063 5836 3344 5917 credentes
3375 5851 3405 5897 ιι
3436 5835 3542 5893 ﬁde
3570 5837 3756 5911 \crbo-
