3950 6444
228 414 331 471 373

893 411 1253 469 EXPOSWIO
1286 409 1353 464 1‘5
1397 409 1539 463 EPP.
1581 407 1637 463 S.
1680 409 1806 464 PAl'

1946 443 2017 453 _
2046 411 2113 483 tu
2153 412 2367 473 EPIST.
2413 413 2500 470 an
2538 411 2709 473 non.

3356 414 3420 470 57
3435 415 3459 470 ι

230 546 346 585 rum
391 527 659 585 transient
700 525 1039 597 quandoque-
1071 527 1137 579 ad
1184 526 1340 581 [idem
1395 539 1572 578 rerum
1592 564 1607 588 ,
1667 524 1789 592 quia
1822 531 1865 586 Α
1895 524 2033 578 sicut
2056 524 2225 577 fertur
2248 525 2315 578 ab
2347 525 2582 580 Hebraeis
2608 528 2671 580 de
2702 524 3105 588 Melchisedech,
3134 525 3260 595 quia
3289 530 3462 581 consi-

221 623 372 697 iuxta
404 620 546 692 quod
568 617 842 689 promittit
870 610 1215 688 Evangelium
1250 614 1485 671 ﬁdeliter
1512 615 1798 669 exhibetur

227 714 340 786 spei
375 710 757 783 praemiorum,
799 708 1014 780 quando
1058 706 1201 777 quod
1247 704 1407 761 modo
1452 712 1696 779 tenemus
1741 703 1796 763 in

227 804 331 861 nde
358 813 412 859 et
439 803 492 858 in
519 815 631 871 spe,
672 807 800 856 tunc
831 798 1226 873 possidebimus
1255 797 1308 851 in
1341 811 1419 860 re,
1462 794 1616 865 iuxta
1656 797 1796 865 quod

224 894 414 951 beatus
447 888 679 947 Joannes
711 889 878 946 dicit:
910 886 1219 943 Charissimi
1246 883 1376 940 Filii
1406 883 1501 939 Dei
1526 900 1707 939 sumus
1741 883 1795 937 in

226 989 351 1055 spe,
371 991 421 1037 et
447 982 678 1037 nondum
711 980 958 1052 apparuit
994 977 1134 1050 quod
1174 976 1370 1031 erimus
1399 975 1453 1030 in
1481 990 1559 1031 re.
1593 972 1796 1030 Scimus

225 1082 404 1129 autem
440 1071 687 1143 quoniam
729 1086 846 1125 cum
891 1068 1224 1140 apparuerit,
1264 1065 1460 1121 similes
1497 1065 1547 1119 ei
1579 1064 1795 1127 erimus,

225 1163 471 1235 quoniam
492 1159 779 1216 videbimus
817 1175 938 1215 eum
958 1159 1112 1214 sicuti
1139 1166 1213 1212 est
1236 1154 1291 1229 (Ι
1318 1156 1477 1211 Joan.
1511 1153 1617 1227 ιιι).
1652 1152 1798 1210 Sicut

223 1255 474 1324 scriptum
496 1261 569 1307 est
592 1268 612 1308 :
626 1252 810 1307 Iustus
836 1262 1003 1307 autem
1032 1267 1096 1306 es:
1106 1251 1211 1321 fide
1234 1250 1371 1304 vivit.
1393 1248 1474 1304 Ad
1493 1249 1595 1303 hoc
1617 1261 1799 1303 exem~

223 1345 370 1416 plum
385 1346 439 1401 in
464 1345 685 1403 oraculo
698 1344 946 1403 Habacuc
962 1343 1237 1414 prophetae
1251 1342 1575 1399 continetur.
1599 1341 1677 1395 Ex
1697 1340 1800 1395 ﬁde

223 1433 389 1505 igitur
413 1449 536 1505 qua:
559 1434 859 1505 concipitur
883 1434 1045 1492 corde
1056 1443 1109 1490 et
1123 1433 1392 1505 profertur
1419 1448 1534 1499 ore,
1563 1440 1619 1489 et
1643 1432 1800 1488 bonis

221 1528 479 1596 cperibus
506 1534 819 1593 exornatur,
852 1527 986 1584 vivit
1012 1526 1192 1597 iustus
1219 1527 1330 1583 vita
1367 1534 1589 1585 aeterna.
1633 1523 1796 1581 Fides

221 1628 399 1677 autem
426 1619 537 1676 sine
560 1620 805 1691 operibus
829 1628 1036 1675 mortua
1061 1628 1137 1675 est
1165 1618 1307 1690 (Jac.
1335 1617 1421 1689 tt).

297 1706 577 1763 Revelatur
605 1709 745 1763 enim
770 1709 853 1763 ira
897 1707 997 1763 Dei
1032 1707 1096 1763 de
1132 1706 1258 1762 coelo
1292 1723 1449 1777 super
1471 1721 1675 1762 omnem
1701 1706 1795 1761 imo

1899 612 2346 667 derataol'abrica
2397 615 2619 680 mundi,
2674 632 2838 670 unum
2889 616 3055 670 Deum
3111 616 3461 674 excellentem

1898 703 2162 758 creaturis
2188 718 2309 758 esse
2351 703 2534 758 dixit:
2590 712 2644 758 et
2670 705 2789 761 ideo
2843 704 3239 770 excellentiora,
3286 706 3337 762 id
3385 717 3467 763 est

1897 810 2088 865 panem
2114 801 2170 848 et
2202 794 2385 848 vinum
2416 792 2527 849 Deo
2567 795 2759 850 obtulit
2799 812 2948 851 vero.
2995 797 3137 851 Deus
3180 798 3315 852 enim
3362 797 3466 853 illis

1899 888 2156 943 revelavit.
2194 887 2319 943 Sive
2343 888 2486 942 enim
2513 900 2610 958 per
2639 889 2887 944 naturale
2926 890 3196 962 ingenium
3228 900 3282 963 et
3304 891 3467 946 ratio-

1900 976 1985 1031 nis
2036 976 2233 1031 donum
2288 984 2449 1047 atque
2500 992 2722 1032 acumen
2767 979 2951 1043 studii,
2989 982 3105 1036 sive
3146 997 3243 1052 per
3284 982 3463 1038 occul-

1900 1072 2010 1119 tam
2038 1066 2443 1136 inSpirationem
2473 1066 2733 1123 revelavit
2772 1068 2915 1122 Deus
2948 1068 3049 1135 eis,
3084 1071 3341 1139 quianon
3366 1071 3469 1127 hoc

1901 1166 1986 1213 est
2008 1156 2234 1212 Creator
2271 1157 2413 1226 quod
2439 1166 2713 1223 creatura,
2760 1157 2884 1228 quia
2920 1159 3143 1215 Creator
3183 1173 3265 1220 est
3305 1163 3469 1230 Deus,

1902 1256 2151 1304 creatura
2178 1262 2308 1303 vero
2332 1257 2417 1305 est
2444 1249 2651 1304 factura
2682 1250 2796 1310 Dei.

1972 1357 2266 1413 Invisibilia
2308 1358 2442 1413 enim
2480 1358 2641 1430 ipsius
2680 1376 2713 1414 a
2751 1368 2991 1413 creatura
3026 1361 3229 1426 mundi,
3276 1378 3368 1431 per
3410 1381 3472 1419 ea

1899 1466 2016 1521 qua’
2035 1448 2179 1519 facta
2204 1459 2345 1516 sunt,
2367 1448 2623 1505 intellecta
2655 1451 3064 1520 conspiciuntur.
3104 1450 3257 1520 Quod
3284 1462 3367 1508 est
3387 1454 3471 1509 di-

1903 1558 2027 1599 cere
2064 1556 2080 1595 :
2126 1540 2417 1596 lnvisibilia
2464 1550 2804 1611 sacramenta
2860 1543 3244 1613 omnipotentis
3296 1543 3394 1600 Dei
3438 1562 3471 1600 a

1906 1642 2156 1688 creatura
2187 1633 2397 1700 mundi,
2453 1632 2507 1688 id
2553 1640 2637 1688 est
2680 1633 2747 1688 ab
2805 1633 3022 1688 homine
3062 1634 3401 1707 maximeque
3440 1650 3471 1693 a

1902 1724 2236 1796 philosophis
2263 1723 2526 1794 gentium,
2563 1738 2660 1794 per
2694 1738 2755 1778 ea
2784 1739 2903 1793 quae
2943 1724 3083 1781 facta
3122 1733 3247 1781 sunt
3284 1724 3473 1783 visibi-

220 1798 466 1866 pietatem
502 1805 553 1851 et
589 1796 902 1866 iniustitiam
926 1798 1215 1853 hominum.
1252 1796 1334 1852 Ira
1373 1797 1468 1852 Dei
1502 1796 1802 1868 appellatur

1914 1815 1994 1879 lia,
2023 1814 2293 1871 intellecta
2319 1814 2432 1869 sive
2454 1821 2707 1885 percepta
2730 1822 2785 1868 et
2808 1814 3020 1885 cognita
3043 1814 3469 1883 conspiciuntur,

226 1889 331 1946 isto
373 1888 428 1947 in
470 1889 589 1945 loco
635 1887 767 1951 ultio
812 1888 917 1944 diei
949 1888 1161 1960 iudicii,
1202 1896 1260 1944 et
1296 1887 1534 1945 vindicta
1580 1887 1793 1954 divina,

1914 1922 2010 1962 non
2038 1906 2211 1963 oculis
2236 1891 2530 1979 corporeis,
2553 1906 2648 1963 sed
2670 1905 2839 1961 oculis
2860 1907 3057 1961 mentis
3081 1905 3470 1977 intelliguntur.

223 1994 390 2057 quam
420 1979 672 2036 omnibus
699 1979 942 2049 reprobis
970 1978 1164 2035 inferet
1200 1978 1457 2035 Dominus
1494 1977 1548 2033 in
1583 1977 1670 2034 die
1707 1977 1798 2033 illa

229 2071 414 2131 dicens
434 2070 535 2126 illis
563 2089 576 2122 :
603 2069 684 2126 Ite
702 2069 758 2124 in
781 2071 952 2140 ignem
977 2078 1227 2124 teternum
1255 2068 1470 2139 (Matth.
1499 2066 1645 2137 xxv).
1670 2066 1800 2135 Quae

230 2162 464 2216 vindicta
505 2160 685 2219 divina
723 2160 791 2215 de
829 2159 966 2217 caelo
1009 2159 1460 2223 manilestabitur,
1506 2159 1632 2229 quia
1675 2160 1799 2219 inde

228 2252 409 2308 veniet
434 2252 694 2308 Dominus
721 2254 788 2309 ad
809 2251 1093 2321 judicium,
1121 2252 1262 2309 sicut
1296 2251 1411 2321 ipse
1438 2265 1535 2321 per
1563 2249 1799 2321 seipsum

225 2344 365 2400 dicit»
380 2362 393 2399 :
410 2341 583 2403 Filius
604 2344 828 2399 hominis
844 2343 1020 2403 veniet
1041 2352 1101 2398 ut
1119 2342 1309 2399 reddat
1326 2341 1605 2413 unicuique
1621 2358 1801 2398 secun-
1818 2376 1841 2401 ρ

220 2436 355 2497 dum
377 2452 534 2507 opera
555 2452 650 2492 sua
673 2434 889 2507 (Matth.
914 2436 1053 2508 xvs),
1076 2435 1162 2491 vel
1187 2443 1337 2491 certe
1361 2435 1597 2495 vindicta
1620 2435 1800 2490 divina

216 2526 295 2583 de
321 2523 461 2583 ctelo
487 2523 881 2591 manifestatur,
905 2527 1008 2583 hoc
1032 2533 1117 2585 est
1138 2526 1205 2582 de
1230 2525 1467 2583 Ecclesia
1494 2540 1590 2596 per
1620 2526 1803 2583 tubam

219 2614 503 2686 Evangelii
529 2632 544 2669 :
574 2614 701 2685 quia
726 2630 790 2671 ea
817 2631 937 2687 qua:
962 2616 1028 2672 de
1054 2615 1140 2672 die
1159 2614 1347 2685 iudicii
1377 2623 1433 2672 et
1460 2614 1672 2675 Domini
1703 2614 1797 2670 ad-

217 2714 392 2764 ventu
418 2707 684 2774 diximus,
713 2707 784 2765 ibi
812 2708 1176 2764 continentur.
1221 2707 1356 2777 ϐφιὶ
1401 2708 1545 2765 enim
1584 2707 1802 2765 nomine

217 2796 469 2854 Ecclesia
498 2803 765 2857 censetur.
801 2793 957 2854 Sicut
1001 2798 1118 2869 ipsa
1160 2797 1377 2854 Veritas
1421 2797 1586 2854 dicit:
1618 2796 1803 2854 Simile

213 2897 299 2943 est
322 2904 537 2959 regnum
558 2888 801 2947 malorum
822 2889 999 2945 decem
1023 2890 1305 2961 virginibus
1328 2888 1542 2961 (Matth.
1568 2889 1716 2961 xxv).
1745 2889 1802 2947 In

212 2978 546 3051 Apocalypsi
572 2993 788 3051 quoque
815 2977 1040 3035 Joannis
1068 2979 1251 3036 multis
1290 2979 1341 3039 in
1380 2978 1512 3035 locis
1548 2978 1670 3035 caeli
1707 2994 1806 3036 no-

215 3071 378 3126 mine
407 3070 743 3143 designatur.
764 3070 952 3127 Potest
984 3077 1040 3127 et
1082 3069 1327 3126 absolute
1364 3069 1586 3141 intelligi
1609 3109 1641 3136 ,,
1661 3070 1803 3140 quod

212 3161 428 3218 dicitur
457 3162 524 3218 de
549 3162 691 3220 casio
715 3161 1054 3219 manifestari
1080 3161 1318 3218 divinam
1352 3160 1667 3227 vindictam,
1704 3161 1808 3217 hoc

211 3261 314 3311 est
347 3254 412 3310 de
449 3254 740 3327 Evangelio
774 3254 842 3311 de
881 3270 989 3327 quo
1029 3254 1289 3311 Dominus
1316 3254 1484 3311 dicit:
1518 3252 1699 3310 Simile
1730 3263 1806 3310 est
1834 3235 1878 3297 (ἶ

215 3359 443 3417 regnum
474 3345 721 3400 caelorum
749 3346 1021 3416 fermento,
1059 3345 1199 3418 quod
1235 3346 1422 3400 mulier
1455 3345 1724 3401 abscondit
1750 3345 1806 3399 in

213 3435 418 3505 farina!
434 3436 563 3489 satis
585 3435 770 3501 tribus,
793 3435 954 3490 donec
976 3433 1390 3495 fermentaretur
1408 3444 1571 3494 totum
1588 3435 1803 3508 (Matth,

213 3525 371 3597 xm).
401 3526 769 3595 Revelabitur,
790 3527 984 3599 inquit,
1002 3528 1181 3585 divina
1211 3528 1469 3597 vindicta,
1497 3545 1658 3603 super
1684 3547 1803 3588 om-

215 3630 351 3672 nem
375 3615 704 3687 impietatem
732 3627 787 3674 et
816 3618 1155 3690 iniustitiam.
1177 3620 1428 3691 Impietas
1449 3620 1806 3677 idololatriam

216 3706 527 3779 significat,
558 3716 617 3764 ut
643 3708 873 3766 habetur
901 3709 953 3765 in
984 3711 1245 3767 Zacharia
1272 3726 1288 3765 :
1317 3710 1569 3782 impietas
1599 3711 1808 3771 sedebit

215 3813 394 3870 super
423 3798 677 3854 talentum
703 3800 925 3871 plumbi.
952 3801 1219 3872 lniustitia
1247 3811 1329 3860 est
1354 3818 1459 3879 qua
1485 3813 1674 3859 contra
1704 3804 1809 3861 Do-

219 3891 437 3944 minum
468 3898 524 3944 et
549 3891 855 3961 proximum
878 3893 1001 3961 quis
1028 3893 1223 3963 injuste
1254 3895 1458 3966 agit,et
1487 3904 1802 3951 estscnsus:

220 3979 483 4035 Vindicta
508 3996 669 4050 quam
710 3982 969 4039 Dominus
1006 3983 1059 4037 in
1099 3984 1389 4055 Evangelio
1426 3987 1807 4053 comminatur,

222 4074 381 4127 venit
410 4088 571 4144 super
594 4089 784 4130 omnes
815 4074 1125 4137 idololatras
1157 4085 1210 4132 et
1242 4085 1574 4148 peccatores.
1622 4077 1811 4148 Sequi-

228 4173 366 4219 tur:
402 4180 581 4217 eorum
616 4164 706 4236 qui
743 4165 1004 4220 veritatem
1036 4165 1135 4220 Dei
1172 4168 1225 4220 in
1263 4168 1524 4237 injustitia
1559 4167 1807 4222 detinent.

226 4252 479 4327 Simplex
512 4256 735 4324 veritas,
776 4256 921 4312 Deus
959 4256 1243 4313 invisibilis
1285 4268 1339 4313 et
1359 4257 1811 4315 incommutabilis

223 4353 350 4413 est,
382 4343 537 4415 cuius
588 4346 901 4418 religionem
943 4347 995 4402 in
1027 4347 1287 4418 iniustitia
1319 4347 1690 4414 detinuerunt,
1722 4352 1810 4421 qui

223 4439 438 4496 cultum
462 4437 557 4496 soli
587 4440 698 4495 Deo
718 4441 939 4509 dignum
964 4441 1230 4496 creaturis
1254 4440 1691 4509 corruptibilihus
1716 4441 1813 4495 im-

221 4533 573 4605 pendentium
603 4532 937 4602 iudicarunt.
991 4533 1288 4591 Veritatem
1327 4531 1422 4587 Dei
1460 4533 1513 4586 in
1553 4530 1809 4601 iniustitia

226 4623 571 4690 detinebant,
597 4623 690 4695 qui
717 4623 832 4679 veri
860 4623 956 4680 Del
990 4623 1302 4695 religionem
1339 4630 1505 4693 atque
1549 4622 1811 4677 honorem

224 4715 438 4787 iniuste
483 4723 764 4781 creaturae,
809 4723 1069 4786 quantum
1116 4715 1169 4770 in
1218 4714 1349 4786 ipsis
1387 4722 1525 4783 erat,
1555 4714 1813 4769 attribue-

226 4807 394 4873 hant,
428 4805 671 4863 dicentes
703 4806 866 4885 lapidi
900 4823 913 4860 :
956 4806 1098 4869 Deus
1130 4820 1283 4866 meus
1318 4819 1401 4875 es,
1437 4812 1495 4861 et
1523 4803 1707 4876 ligno:
1733 4802 1813 4869 Tu

225 4912 327 4955 me
360 4898 611 4970 genuisti,

312 4988 452 5057 Quia
480 4990 619 5063 quod
661 4999 840 5055 notum
865 5000 941 5045 est
981 4989 1077 5046 Dei
1111 4990 1448 5060 manifestum
1487 4998 1562 5045 est
1596 4991 1652 5044 in
1689 4988 1814 5044 iliis.

230 5084 380 5141 Hinc
399 5083 511 5154 iam
535 5092 722 5140 contra
736 5082 1086 5154 philosophos
1107 5084 1261 5139 istius
1285 5083 1465 5139 saeculi
1489 5098 1557 5137 ex
1580 5082 1831 5136 maxima.

232 5188 399 5252 parte
433 5178 671 5248 loquitur
711 5177 1000 5248 Apostolus
1026 5185 1078 5232 et
1109 5186 1194 5231 est
1232 5190 1423 5233 sensus
1457 5193 1470 5229 :
1500 5175 1705 5230 Idcirco
1735 5173 1812 5226 ira

236 5271 341 5327 Dei
370 5270 752 5339 omnipotentis
773 5270 952 5324 veniet
974 5283 1136 5338 super
1166 5268 1445 5337 reprobos,
1474 5266 1819 5335 maximeque

232 5375 407 5433 super
430 5359 796 5432 philosttphos,
825 5359 948 5430 quia
988 5358 1130 5428 quod
1159 5366 1343 5411 notum
1373 5363 1456 5411 est
1478 5356 1693 5427 proprie
1718 5353 1816 5409 Dei

232 5461 325 5509 est
364 5465 503 5515 esse,
554 5450 763 5507 scilicet
799 5449 926 5520 quia
972 5451 1086 5520 ipse
1134 5446 1281 5504 solus
1310 5448 1388 5503 sic
1432 5461 1614 5511 verus,
1654 5460 1816 5500 verus

232 5543 468 5599 Creator
505 5541 746 5597 omnium
788 5554 992 5604 rerum,
1045 5539 1390 5594 manifestum
1439 5548 1522 5594 est
1558 5537 1681 5591 illis.
1736 5537 1813 5591 Ex

236 5634 638 5705 pulchritudine
676 5635 819 5689 enim
845 5632 1135 5688 visibilium
1174 5645 1397 5701 operum
1424 5629 1658 5701 cognitio
1696 5628 1815 5700 opi-

239 5725 361 5781 ﬁcis
388 5734 443 5781 et
464 5723 722 5794 maiestas
749 5722 978 5778 innotuit
1012 5722 1368 5793 philosophis,
1398 5721 1521 5792 quia
1552 5728 1659 5774 tam
1690 5734 1814 5789 spe-

240 5820 404 5877 ciosa:
450 5830 712 5887 creatum:
745 5818 1124 5897 speciosiorem
1166 5817 1427 5872 haberent
1475 5814 1812 5878 Creatorem,

1900 1993 2004 2051 Per
2030 2011 2095 2052 ea
2131 1997 2278 2055 enim
2315 2011 2435 2067 quae
2471 1993 2615 2051 facta
2645 2002 2770 2051 sunt
2799 1994 2917 2066 eius
2944 2011 3099 2051 sacra
3138 1995 3426 2051 invisibilia
3454 2012 3468 2048 :

1901 2086 2211 2156 sempiterna
2238 2090 2439 2158 quoque
2466 2084 2578 2155 ejus
2619 2084 2780 2139 virtus
2813 2092 2860 2140 et
2902 2084 3167 2139 divinitas.
3206 2081 3475 2141 Subaudis

1902 2189 1999 2245 per
2025 2188 2090 2229 ea
2113 2189 2232 2244 quae
2255 2172 2394 2228 facta
2428 2181 2555 2231 sunt
2573 2172 2804 2229 visibilia
2838 2172 3243 2242 conspiciuntur
3272 2184 3472 2237 mente,

1907 2267 1973 2322 ab
2003 2265 2106 2322 illis
2135 2266 2488 2337 philosophis.
2514 2264 2602 2319 Ila
2629 2274 2685 2321 ut
2726 2266 2827 2321 sint
2866 2264 3265 2322 inexcusabiles.
3290 2263 3475 2322 Virtus

1903 2353 1997 2410 Dei
2023 2363 2107 2411 est
2132 2370 2253 2425 quas
2278 2364 2473 2410 cuncta
2501 2363 2685 2410 creata
2709 2356 3009 2427 gubernat:
3045 2355 3300 2411 divinitas
3322 2370 3473 2420 vero,

1902 2458 2022 2515 quae
2047 2444 2298 2501 universa
2324 2444 2498 2516 replet
2544 2463 2557 2499 :
2589 2445 2814 2516 ideoque
2839 2446 2981 2503 Deus
3008 2447 3349 2517 omnipotens
3379 2465 3477 2518 per

1906 2537 2153 2595 naturale
2180 2537 2473 2610 ingenium,
2505 2546 2560 2593 et
2588 2552 2685 2609 per
2710 2554 2774 2594 ea
2810 2554 2930 2608 quae
2956 2538 3097 2595 facta
3142 2548 3267 2594 sunt
3292 2540 3476 2594 visibi-

1903 2628 1996 2696 lia,
2021 2628 2166 2684 dedit
2186 2629 2522 2701 philosophis
2561 2631 2726 2685 multa
2747 2645 3075 2704 cognoscere
3109 2631 3478 2704 deAdivinitate

1904 2739 2021 2787 sua,
2049 2728 2109 2774 ut
2137 2700 2211 2775 illi
2236 2721 2525 2777 adorantes
2547 2720 2709 2786 idola,
2751 2700 3057 2781 creaturam
3095 2700 3344 2779 videlicet
3380 2737 3476 2792 pro

1904 2812 2182 2879 Creatore,
2215 2811 2609 2870 inexcusabiles
2637 2812 2766 2880 sint,
2808 2821 2863 2869 et
2900 2829 3007 2869 non
3052 2813 3261 2884 possint
3298 2813 3478 2868 dicere

1906 2903 2031 2974 quia
2055 2905 2222 2959 Deutn
2255 2905 2640 2976 ignoraverint.
2668 2907 2853 2961 Virtus
2880 2907 3021 2962 enim
3045 2906 3141 2961 Dei
3173 2922 3292 2977 qua:
3327 2922 3469 2962 sem-

1907 2996 2121 3064 piterna
2141 3002 2247 3055 est.
2272 3007 2327 3050 et
2347 2995 2601 3051 divinitas
2622 3011 2740 3067 quae
2770 2996 3117 3051 nihilmninus
3151 3005 3350 3052 teterna
3373 3005 3476 3059 est,

1908 3099 1975 3139 ex
1996 3084 2319 3157 coniecturis
2346 3092 2609 3141 creatura:
2632 3085 2955 3140 ostenditur.

1983 3207 2123 3277 Quia
2147 3222 2268 3264 cum
2315 3208 2696 3281 cognovissent
2732 3207 2899 3262 Deum
2928 3223 3023 3276 per
3058 3208 3302 3263 naturale
3334 3209 3479 3280 inge-

1910 3300 2060 3359 nium
2093 3299 2176 3358 vel
2203 3314 2300 3370 per
2332 3306 2634 3357 creaturam
2664 3298 3005 3374 invisibilem,
3036 3314 3137 3351 non
3161 3299 3291 3352 sicut
3316 3298 3479 3357 Deum

1908 3390 2328 3465 gloriﬁcaverunt
2357 3398 2448 3445 aut
2490 3390 2687 3460 gratias
2716 3399 2970 3461 egerunt;
3010 3390 3105 3447 sed
3143 3402 3483 3447 evanuerunt

1909 3484 1962 3539 in
1992 3482 2405 3556 cogitationibus
2448 3481 2581 3545 suis,
2632 3481 2687 3537 id
2724 3488 2808 3537 est
2834 3481 2958 3537 vani
2997 3481 3124 3543 facti
3154 3490 3280 3539 sunt
3324 3498 3352 3538 a
3383 3498 3478 3537 sua

1907 3575 2170 3648 sapientia
2197 3582 2414 3647 propter
2457 3589 2612 3637 suam
2649 3572 2977 3646 superbiam,
3022 3581 3079 3629 et
3113 3573 3181 3629 ad
3225 3574 3483 3645 pristinos

1911 3668 2187 3725 redierunt
2211 3681 2446 3730 errores,
2472 3665 2806 3722 ascribentes
2831 3665 2933 3722 sibi
2974 3663 3284 3721 facultatem
3307 3682 3336 3721 a
3371 3668 3479 3722 Deo

1909 3761 2048 3821 data:
2076 3760 2377 3829 sapientiae,
2418 3767 2467 3813 et
2515 3758 2849 3813 obscuratum
2894 3767 2970 3813 est
3016 3775 3105 3812 cor
3141 3775 3320 3814 eorum
3352 3754 3483 3813 insi—
3515 3790 3522 3797 -

1907 3852 2053 3921 piens
2077 3866 2095 3903 :
2136 3849 2304 3905 Deum
2347 3865 2454 3905 non
2493 3848 2948 3921 gloriﬁcaverunt,
2975 3851 3088 3906 sive
3113 3866 3220 3906 non
3251 3852 3482 3909 honora-

1912 3948 2125 4007 verunt,
2155 3940 2283 4010 quia
2316 3940 2656 4009 maiestatem
2683 3940 2824 3997 illius
2850 3956 2956 3997 non
2984 3940 3196 4017 publice
3231 3944 3484 4013 pradica-

1911 4037 2124 4093 verunt,
2147 4044 2321 4099 neque
2342 4030 2637 4085 docuerunt
2666 4030 2811 4088 illum
2833 4031 3007 4087 solum
3034 4046 3154 4088 esse
3176 4032 3479 4098 euictidum,

1912 4116 2136 4188 abiectis
2164 4114 2340 4175 idolis.
2377 4116 2595 4175 Gratias
2640 4134 2745 4172 non
2789 4125 3034 4191 egerunt,
3081 4120 3134 4176 id
3178 4127 3262 4176 est
3298 4120 3484 4178 laudes

1915 4222 2018 4260 non
2048 4206 2348 4271 retulerunt
2372 4206 2446 4261 illi
2472 4223 2573 4277 pro
2599 4208 3053 4265 demonstratione
3090 4212 3287 4267 summi
3327 4220 3381 4267 et
3409 4213 3486 4266 in-

1916 4295 2142 4352 visibilis
2166 4295 2313 4352 boni.
2341 4296 2449 4352 Cor
2470 4313 2692 4370 quoque
2711 4300 2922 4357 illorum
2952 4300 3092 4371 quod
3126 4302 3481 4358 illuminatum

1913 4395 1997 4443 est
2015 4402 2113 4459 per
2141 4388 2387 4444 naturale
2418 4389 2688 4460 ingenium
2715 4400 2769 4446 et
2809 4406 2904 4462 per
2931 4393 3157 4460 gratiam
3188 4392 3305 4458 Dei,
3347 4403 3487 4468 post-
3589 4436 3596 4451 .

1913 4493 2076 4547 quam
2126 4489 2405 4549 cmperunt
2454 4480 2592 4535 idola
2654 4491 2707 4535 et
2756 4480 3340 4539 creaturam'adorare
3388 4500 3487 4554 pro

1840 4582 1887 4639 Ι)
1916 4572 2193 4637 Creatore,
2247 4571 2591 4627 obscuratum
2637 4582 2721 4629 est
2768 4589 2865 4643 per
2915 4573 3291 4644 ignorantiam.
3350 4575 3488 4644 Quid

1913 4661 2058 4715 enim
2083 4662 2319 4718 deterius
2344 4670 2398 4718 et
2425 4662 2714 4725 obscurius,
2740 4679 2902 4734 (ptum
2943 4676 3219 4748 serpentes
3244 4680 3341 4749 pro
3360 4681 3489 4723 vero

1919 4753 2028 4811 Deo
2054 4752 2155 4810 coli
2171 4754 2193 4807 Ἰ

1992 4865 2229 4922 Dicentes
2251 4869 2388 4922 enim
2408 4885 2463 4925 se
2499 4885 2610 4923 esse
2645 4872 2900 4940 sapientes
2933 4888 2964 4926 a
3004 4872 3308 4942 semetipsis
3345 4872 3491 4927 stulti

1920 4955 2045 5024 facti
2065 4966 2185 5013 sunt
2211 4957 2263 5012 in
2290 4958 2415 5023 hoc,
2444 4974 2566 5013 cum
2600 4961 2668 5014 ab
2703 4960 2809 5014 illis
2835 4976 2940 5015 non
2975 4970 3119 5015 esset
3141 4961 3427 5032 sapientia,
3459 4979 3488 5021 ξι

1920 5062 1979 5102 se
2010 5046 2138 5116 ipsis
2159 5062 2276 5102 eam
2312 5062 2370 5101 se
2407 5048 2605 5103 habere
2634 5058 2973 5119 putaverunt.
3020 5049 3171 5116 Quod
3197 5050 3340 5105 enim
3366 5065 3493 5122 con-

1921 5138 2040 5194 tulit
2069 5139 2172 5192 illis
2212 5139 2392 5194 dirina
2428 5139 2598 5209 gratia
2646 5143 2834 5211 gratis,
2869 5141 3088 5205 abstulit
3134 5142 3321 5217 utique
3364 5143 3490 5207 dum

1922 5240 2105 5288 essent
2137 5230 2356 5300 ingrati.

1994 5339 2060 5393 Et
2088 5350 2419 5399 mutaverunt
2446 5342 2668 5412 gloriam
2710 5344 3122 5414 incorruptibilis
3165 5343 3260 5400 Dei
3282 5382 3292 5390 ς.
3318 5345 3375 5398 in
3420 5348 3495 5402 si-

1924 5431 2267 5495 militudinem
2307 5436 2550 5503 imaginis
2595 5435 2945 5506 corruptibilis
2989 5435 3234 5499 hominis,
3264 5444 3315 5493 et
3356 5433 3495 5491 volu-

1924 5540 2093 5589 crum,
2125 5534 2172 5579 et
2201 5524 2617 5595 quadrupedum,
2640 5536 2687 5581 et
2735 5528 3070 5596 serpentium.
3118 5525 3306 5581 Omnis
3345 5540 3496 5581 creao

1924 5626 2043 5671 tura
2081 5632 2201 5688 quas
2238 5619 2436 5672 mutari
2482 5626 2659 5686 potest
2695 5619 2747 5675 in
2795 5618 2987 5677 melius
3038 5627 3131 5671 aut
3176 5618 3231 5673 in
3260 5616 3498 5672 deterius

1926 5708 2289 5779 corruptibilis
2322 5717 2433 5780 est.
2462 5709 2618 5766 Verbi
2659 5709 2871 5782 gratia:
2914 5709 3085 5764 Homo
3129 5706 3495 5779 corruptibilis

1924 5814 2006 5860 est
2032 5803 2158 5875 quia
2189 5802 2551 5873 corrumpitur
2577 5816 2673 5870 per
2706 5808 3057 5863 senectutem,
3092 5816 3187 5870 per
3213 5799 3493 5863 inﬁrmita-
