3950 6346
470 426 578 481 373

943 422 1298 480 IIAYMO‘NIS
1339 420 1822 476 HALBERSTAT.
1867 417 2079 474 EPISC.
2122 420 2272 475 OPP.
2311 419 2493 474 PARS
2531 420 2569 474 1.
2615 452 2682 464 --
2712 420 3066 502 COMMENT.
3100 418 3270 497 BIRL.
3643 422 3744 476 376

469 547 583 596 rem
614 557 627 594 :
656 540 723 595 ad
764 547 1064 606 extremum
1096 537 1258 614 etiam
1288 535 1504 606 quando
1533 551 1629 606 per
1658 546 1887 618 mortem
1921 533 2058 588 redi-
2091 540 2132 595 Α
2166 534 2506 618 mendacium
2533 542 3026 600 commutaverunt,
3069 533 3291 616 tradidit
3334 532 3454 589 illos
3483 535 3652 597 Deus,
3699 537 3748 588 id

470 632 620 711 gitur
659 631 712 684 in
738 613 1013 711 pulverem
1045 646 1058 709 ς
1105 611 1248 698 Deus
1273 644 1403 706 vero
1429 611 1914 708 omnipotensaqui
1948 640 2053 678 non

471 731 652 815 potest
680 720 900 804 mutari,
945 728 1040 802 aut
1083 719 1138 798 in
1177 719 1370 798 melius
1414 731 1507 774 aut
1551 720 1604 773 in
1653 719 1911 782 deterius,
1965 717 2059 770 sed

474 807 687 892 semper
707 811 848 880 idem
874 819 929 887 et
953 811 1177 881 aequalis
1202 820 1404 876 manet,
1445 809 1870 892 incorruptibilis
1912 807 2060 862 solus

473 893 680 959 existit.
721 901 885 970 Cujus
907 902 1136 972 gloriam
1173 912 1228 958 et.
1251 903 1537 966 culturam,
1577 917 1696 972 qua:
1722 901 1821 956 soli
1860 915 2059 956 conve-

476 993 556 1048 uit
577 993 626 1048 ei
663 993 754 1063 qui
793 993 936 1048 Deus
965 1002 1070 1057 est,
1114 1002 1459 1048 mutaverunt
1495 978 1747 1050 homines
1775 977 1829 1047 in
1865 991 2056 1046 simili-

471 1083 713 1138 tudinem
752 1082 981 1138 aliorum
1017 1084 1317 1148 hominum,
1349 1093 1410 1138 ut
1446 1073 1678 1158 Assyrii,
1721 1082 1812 1151 qui
1839 1080 2059 1158 simula-

471 1189 622 1228 crum
666 1173 781 1229 Beli
829 1175 1005 1244 patris
1051 1175 1171 1229 Nini
1219 1168 1362 1246 regis
1399 1189 1497 1246 pro
1545 1174 1654 1236 Deo
1678 1159 1965 1238 colebant;
2004 1180 2059 1245 et

471 1263 754 1335 Babylonii
817 1265 1075 1343 idipsum,
1128 1255 1291 1343 quem
1336 1247 1600 1343 vocabant
1648 1265 1763 1343 Bel,
1835 1265 2056 1335 Sydonii

472 1356 622 1422 Baal,
676 1355 845 1434 Judaei
891 1339 1218 1424 Beelzebub,
1272 1342 1325 1413 et
1380 1339 1676 1434 Philisthazi
1738 1357 1949 1434 Zebet:
2003 1365 2058 1412 et

474 1461 580 1500 non
612 1429 879 1519 solum‘in
901 1434 1324 1523 'slmilitudinem
1357 1431 1592 1523 heminis
1620 1428 1816 1504 morini
1845 1429 1901 1501 et
1932 1463 2054 1501 cor-

473 1523 763 1609 ruptibilis,
814 1539 909 1593 sed
967 1539 1128 1616 etiam
1156 1521 1254 1606 in.
1296 1521 1704 1616 similitudinem
1751 1523 2055 1616 volucrum,

472 1629 632 1684 sicuti
660 1629 887 1684 Romani
923 1630 1012 1698 qui
1039 1615 1287 1685 colebant
1314 1613 1586 1708 anserem,
1610 1639 1664 1684 et
1703 1613 1938 1700 Egyptii
1963 1631 2054 1708 qui

473 1710 721 1777 colebant
760 1721 1094 1792 accipitrem.
1126 1722 1182 1776 lu
1225 1722 1634 1778 similitudinem
1662 1707 1878 1793 quoque
1919 1707 2053 1793 qua-

471 1815 791 1885 drupedum,
841 1804 984 1870 sicut
1027 1815 1264 1887 [Egyptii
1301 1816 1391 1884 qui
1443 1801 1692 1871 colebant
1741 1816 1910 1895 apim,
1947 1815 2056 1870 hoc

470 1914 554 1962 cst
568 1922 780 1988 vaccam
805 1907 1000 1998 albam.
1018 1907 1074 1961 ln
1098 1907 1502 1963 similitudinem
1517 1908 1679 1963 etiam
1698 1909 2048 1986 serpentium,
2085 1906 2129 1965 Β
2161 1938 2217 1994 Si
2241 1938 2383 2007 quis,

471 2002 610 2057 sicut
641 1991 1049 2074 Babylonii’qui
1080 2001 1330 2058 colebant
1354 2003 1667 2067 draconem,
1709 1997 1782 2056 et'
1806 1999 2050 2073 Egyptii

470 2093 560 2162 qui
595 2085 848 2149 colebant
870 2087 1222 2160 crocodilum,
1261 2092 1353 2164 qui
1385 2101 1468 2147 est
1495 2107 1721 2162 serpens
1749 2085 2050 2163 aquaticus,

472 2192 667 2240 natans
706 2185 758 2240 in
790 2201 927 2255 aqua
957 2195 1011 2238 ut
1035 2175 1218 2255 piscis,
1247 2198 1476 2254 pascens
1507 2183 1560 2238 in
1589 2191 1732 2238 terra
1758 2191 1816 2237 ut
1836 2173 1955 2237 bos.
2017 2179 2019 2183 ’

542 2273 769 2353 Propter
807 2277 965 2348 quod,
1001 2269 1054 2331 id
1083 2267 1166 2332 εει
1207 2261 1333 2346 quia
1385 2274 1588 2331 cultum
1634 2283 1686 2330 et
1731 2275 2048 2346 religionem

473 2368 565 2424 Dei
612 2368 762 2425 falsis
799 2357 1122 2440 imaginibus
1170 2368 1527 2442 tradiderunt,
1579 2375 1636 2423 et
1678 2367 1964 2422 noluerunt
2001 2367 2051 2422 ei

470 2461 672 2532 gratias
725 2447 1084 2531 referre'pro
1141 2459 1352 2515 collatis
1416 2459 1517 2515 sibi
1566 2457 1826 2513 divinitus
1861 2457 2048 2522 donis;

471 2551 690 2604 tradidit
721 2551 840 2605 illos
878 2545 1022 2605 Deus
1057 2552 1112 2604 in
1152 2550 1411 2604 desideria
1443 2549 1616 2603 cordis
1659 2565 1840 2603 eorum
1869 2549 1924 2600 in
1955 2549 2053 2601 im-

472 2643 808 2719 munditiam,
849 2642 904 2696 id
947 2631 1030 2720 est
1069 2639 1207 2697 tradi
1252 2640 1496 2721 permisit
1533 2656 1563 2720 a
1606 2640 1818 2710 seipsis,
1841 2639 1927 2694 vel
1973 2639 2052 2694 ire

473 2715 774 2800 secundum
801 2717 1080 2806 'tleside'rla'
1103 2715 1498 2806 cordis'eorum
1539 2715 1597 2785 in
1627 2731 2049 2794 immunditiam,

474 2835 528 2880 ut
559 2826 906 2892 contumeliis,
951 2811 1115 2881 idest
1143 2807 1560 2896 turpitudinibus
1593 2821 1893 2889 libidinum,
1934 2825 2047 2893 afﬁ—

473 2921 611 2973 ciant
634 2920 746 2975 sive
771 2920 1055 2989 deturpent
1079 2935 1298 2990 corpora
1321 2934 1418 2972 sua
1439 2917 1494 2972 in
1517 2917 1822 2990 semetipsis.
1846 2916 2052 2972 Idcirco

473 3011 718 3081 permisit
753 3027 847 3068 eos
876 3013 954 3068 ire
997 3012 1050 3067 in
1092 3011 1357 3067 desideria
1387 3010 1568 3066 cordis
1595 3025 1806 3076 eorum,
1845 3017 1904 3064 ut
1930 3025 2052 3081 gra-

473 3106 588 3160 vius
616 3105 952 3182 punirentur.
981 3093 1261 3182 Quomodo
1294 3099 1607 3176 permiserit
1631 3101 1750 3174 illos
1794 3101 1936 3158 Deus
1962 3116 2048 3156 se-

471 3197 702 3252 cundum
732 3179 1002 3252 desideria~
1028 3179 1444 3252 delectationum
1484 3189 1703 3249 suarum
1734 3193 1787 3247 ln
1819 3189 2050 3264 Sequen-

473 3288 614 3343 tibus
635 3275 842 3362 plenius
867 3289 1122 3343 refertur.

542 3376 648 3443 Qui
687 3386 1128 3456 commutaverunt
1159 3375 1421 3456 ueritatem
1456 3377 1551 3432 Dei
1597 3379 1651 3432 in
1697 3375 2046 3443 mendacium,

473 3480 522 3526 ct
603 3454 872 3523 coluerunt
932 3454 990 3524 et
1047 3454 1332 3546 servierunt
1394 3469 1647 3526 creatura:
1718 3470 2051 3540 potiusqttam

473 3559 732 3641 greatori,
761 3549 949 3638 qui'est
975 3555 1268 3634 benedictus
1293 3562 1346 3616 in
1367 3551 1582 3617 sarcula.
1616 3553 1912 3641 Veritatem
1955 3559 2050 3616 Dei

475 3637 526 3704 in
550 3637 886 3705 mendacium
919 3651 1410 3716 commutaveruut,
1439 3653 1492 3706 id
1518 3659 1602 3707 est
1629 3637 1830 3706 cultum
1867 3641 1926 3706 et
1967 3666 2050 3726 re-

474 3742 722 3811 ligionem
752 3744 860 3797 veri
891 3743 982 3799 Dei
1015 3743 1067 3798 in
1104 3744 1484 3799 idololatriam.
1527 3738 1741 3796 Veritas
1781 3744 1922 3816 enim

473 3837 636 3900 Deus,
660 3829 998 3891 mendacium
1021 3852 1150 3892 vero
1172 3836 1369 3892 idolum
1391 3852 1404 3900 ;
1424 3833 1577 3889 aliter
1594 3854 1605 3888 :
1622 3825 2051 3906 veritas'quippe

471 3939 653 3986 creata
687 3948 715 3986 a
744 3921 854 3987 Deo
897 3941 1002 3999 est,
1034 3923 1260 4001 ideoque
1294 3921 1408 4000 ipsa
1440 3911 1688 3984 creatura
1715 3915 1822 3985 nan
1851 3917 1934 3984 est
1963 3947 2051 3984 vc-

471 4026 622 4100 ritas,
653 4011 813 4095 quam
845 4023 945 4095 ipsi
982 4025 1034 4078 in
1063 4007 1402 4078 mendacium
1436 4028 1841 4084 converterunt,
1869 4014 2050 4075 dicen-

469 4101 551 4174 tes
591 4105 758 4174 solem
799 4110 855 4173 et
898 4120 1080 4172 lunam
1135 4117 1375 4187 aliasque
1419 4125 1700 4172 creaturas
1750 4115 1880 4170 deos
1911 4130 2049 4179 esse,

467 4228 566 4282 pro
595 4211 764 4266 nihilo
799 4213 1118 4290 deputantes
1172 4210 1337 4264 Deum
1387 4209 1477 4280 qui
1525 4217 1608 4264 est
1649 4207 1964 4263 benedictus
1998 4193 2049 4290 in

469 4293 683 4359 sascula.
719 4287 1014 4381 Yeritate'm
1059 4303 1156 4357 Dei
1203 4303 1256 4356 in
1302 4302 1640 4357 mendacium
1691 4287 2053 4374 caminutaveo

473 4404 617 4458 runt,
647 4377 872 4476 quando;
902 4377 1096 4476 veratn'
1127 4403 1433 4476 creaturam
1480 4409 1510 4447 a
1551 4394 1663 4449 Deo
1711 4379 1906 4468 factam
1954 4383 2053 4464 per

471 4469 1087 4565 mendacium-dicebant;
1109 4469 1234 4562 esse
1258 4469 1399 4561 quod
1427 4469 1535 4554 non
1572 4493 1710 4554 erat.
1741 4485 1922 4552 Solem
1967 4496 2049 4554 ct-

474 4577 619 4656 enim
657 4585 711 4632 et
753 4576 938 4632 lunam
978 4559 1231 4656 dicebant
1269 4559 1604 4656 mendaciter
1627 4576 1757 4632 deos
1783 4590 1922 4642 esse,
1955 4577 2048 4651 de-

476 4653 738 4741 negantes
787 4669 930 4740 quod
971 4651 1125 4724 erant
1181 4653 1204 4730 I':
1253 4653 1379 4740 quia
1407 4651 1556 4730 "non
1591 4651 1734 4723 'suut
1781 4667 1890 4732 dii,
1955 4669 2047 4725 sed

474 4761 810 4816 solummodo
835 4769 1098 4815 creaturae
1133 4761 1186 4816 in
1211 4761 1456 4836 veritate.
1500 4747 1761 4839 creatura
1793 4743 2044 4842 quippea

472 4847 586 4908 Deo
615 4851 756 4908 facta
782 4867 908 4907 vera
938 4860 1187 4908 creatura
1221 4860 1325 4916 est,
1363 4851 1456 4906 sed
1498 4867 1604 4904 non
1653 4841 1824 4927 estea
1843 4841 2047 4905 veritas

473 4961 594 5024 qua:
618 4946 762 5021 Deus
785 4953 887 5010 est,
910 4944 1034 5014 quia
1060 4943 1193 4999 deus
1227 4960 1332 4998 non
1361 4952 1444 4998 est
1467 4961 1480 4997 :
1513 4939 1606 5014 qui
1626 4952 1710 4998 est
1731 4932 2047 5014 benedictus

475 5035 529 5104 i'n
575 5035 792 5093 saecula.
827 5033 881 5089 Si
920 5050 1050 5104 ergo
1093 5033 1180 5088 ille
1217 5041 1300 5087 est
1345 5032 1654 5086 benedictus
1683 5032 1822 5086 Deus
1852 5029 1904 5085 in
1942 5047 2044 5106 sa:-

472 5117 615 5195 t_-.ula,
644 5127 722 5182 illi
747 5127 931 5196 utique
960 5125 1050 5195 qui
1089 5124 1291 5178 cultum
1328 5131 1382 5178 et
1413 5121 1722 5191 religionem
1750 5120 1864 5190 ejus
1895 5113 2049 5175 idolis

475 5218 875 5290 impendebant,
907 5223 1062 5270 erant
1107 5213 1375 5268 maledicti
1422 5213 1474 5266 in
1503 5211 1720 5276 saecula,
1765 5220 1820 5264 et
1850 5219 2051 5280 tempo-

475 5312 634 5378 rales,
663 5311 716 5365 id
743 5318 826 5364 est
852 5305 1124 5362 defectum
1151 5312 1205 5359 et
1223 5303 1724 5372 corruptibilitatem
1751 5301 2045 5369 patientes:

467 5407 624 5473 juxta
653 5402 795 5474 quod
830 5399 1066 5470 psalmus
1091 5397 1220 5463 dicit
1247 5397 1310 5450 de
1337 5395 1468 5449 illis:
1503 5394 1616 5447 Erit
1643 5402 1840 5461 tempus
1871 5407 2048 5444 eorum

471 5494 746 5570 instecula
790 5489 960 5562 (Psal.
1002 5489 1187 5558 uxx),
1220 5487 1361 5555 quod
1406 5493 1492 5537 est
1538 5484 1752 5537 dicere:
1804 5481 2052 5536 Defectus

478 5601 664 5642 eorum
693 5583 932 5641 manebit
971 5582 1022 5635 iu
1057 5577 1273 5639 smcula,
1309 5575 1434 5643 quia
1465 5586 1677 5641 semper
1701 5586 2050 5640 corrumpen-

481 5651 569 5734 tttr
594 5677 662 5731 ab
687 5676 810 5746 igne
836 5683 889 5726 et
913 5670 1204 5724 vermibus.
1240 5666 1497 5734 Sequitur
1521 5682 1533 5716 :

551 5765 835 5836 Propterea
874 5762 1088 5815 tradidit
1124 5760 1238 5811 illos
1271 5757 1406 5826 Deus
1452 5758 1504 5809 in
1533 5756 1796 5825 passiones
1826 5756 2051 5825 ignomi-

424 5909 426 5912 ,
484 5833 603 5959 igitr:
631 5833 938 5928 Propterea,
977 5852 1168 5920 inquit,
1210 5850 1336 5917 quia
1366 5847 1476 5901 veri
1518 5848 1611 5902 Dei
1642 5847 1949 5917 religionem
1999 5847 2051 5900 in

2163 637 2244 708 est
2293 607 2434 683 tradi
2465 629 2734 697 permisit,
2781 629 2865 683 vel
2909 628 2988 682 ire
3035 607 3088 680 in
3124 628 3406 706 passiones
3443 636 3501 682 et
3548 627 3746 698 ﬂagitia

2163 721 2489 789 ignominiae.
2517 721 2814 791 Ignominia
2843 722 3041 788 dicitur
3077 723 3234 792 quasi
3262 723 3355 795 qui
3382 723 3502 778 sine
3531 723 3750 776 nomine

2162 812 2457 881 dignitatis.
2485 811 2611 866 lnde
2637 811 2839 882 dicitur
2878 811 3272 884 ignominiosus
3300 812 3393 880 qui
3422 812 3630 880 desinit
3660 812 3751 866 ha-

2160 904 2290 959 bere
2336 905 2613 974 dignitatis
2667 918 2902 969 nomen,
2950 903 3167 973 quando
3219 903 3653 972 deprehenditur
3697 902 3747 957 in

2160 995 2341 1063 aliquo
2383 995 2649 1049 crimine:
2692 994 2830 1072 sicut
2865 993 3136 1063 ignobilis,
3169 993 3289 1060 sine
3319 994 3464 1054 bono
3500 994 3747 1057 nomine,

2160 1095 2215 1139 et
2241 1083 2459 1156 infamis
2496 1083 2612 1140 sine
2642 1083 2784 1148 bona
2829 1082 2996 1160 fama,
3025 1081 3213 1156 quales
3240 1091 3399 1158 erant
3429 1082 3506 1158 illi
3538 1083 3610 1138 de
3631 1083 3748 1152 qui-

2158 1180 2259 1252 bus
2293 1173 2632 1247 subjungitur
2656 1194 2670 1232 :

2231 1298 2371 1353 Nam
2398 1299 2605 1370 femina:
2629 1315 2808 1354 eorum
2827 1299 3232 1358 immutaverunt
3249 1298 3547 1353 naturalem
3575 1315 3747 1362 usuin,

2157 1393 2212 1445 in
2238 1409 2356 1445 eum
2385 1407 2536 1445 usum
2565 1393 2655 1462 qui
2678 1402 2752 1446 est
2782 1402 2963 1446 contra
2989 1402 3255 1446 naturam.
3296 1392 3560 1448 Similiter
3580 1403 3747 1446 autem

2156 1481 2380 1536 masctili
2409 1481 2588 1536 relicto
2610 1483 2845 1536 naturali
2866 1479 2966 1536 usu
2983 1484 3212 1552 feminte,
3235 1493 3551 1538 exarserunt
3581 1485 3638 1537 in
3666 1484 3748 1537 de-

2154 1573 2363 1628 sideriis
2385 1574 2493 1629 suis
2517 1572 2737 1627 masculi
2750 1574 2804 1628 in
2827 1573 3088 1627 masculos
3117 1573 3499 1643 turpitudinem
3527 1588 3746 1642 operan-

2156 1676 2251 1720 tes.
2287 1666 2342 1719 Id
2371 1674 2454 1720 est
2482 1665 2747 1721 naturalis
2793 1681 2924 1720 usus
2969 1657 3054 1722 est
3105 1674 3164 1718 ut
3216 1665 3301 1718 vir
3337 1675 3393 1720 et
3437 1666 3645 1718 mulier
3697 1666 3746 1718 in

2154 1770 2322 1810 unum
2357 1753 2701 1812 concubitum
2728 1749 2956 1811 coeant:
2988 1766 3176 1810 contra
3197 1766 3454 1810 naturam
3481 1771 3618 1810 vero
3645 1766 3746 1817 εει.

2156 1854 2217 1899 ut
2245 1846 2522 1902 masculus
2545 1847 2844 1902 masculum
2873 1847 3096 1917 polluat,
3125 1855 3182 1901 et
3207 1845 3406 1901 mulier
3433 1846 3745 1901 mulierem.

2405 1937 2597 1992 relicta
2619 1937 2867 2007 conjuge,
2895 1953 3017 1992 cum
3044 1937 3148 1992 alia
3171 1936 3552 2000 concubuerit,
3581 1937 3747 2006 turpi-

2155 2029 2398 2090 tudinem
2432 2028 2649 2096 quidem
2676 2039 2937 2098 operatur
2963 2037 3019 2084 et
3049 2036 3260 2098 peccat,
3295 2029 3392 2084 sed
3421 2017 3532 2083 neu
3557 2037 3745 2084 contra

2153 2113 2424 2178 naturam.
2476 2118 2579 2186 Qui
2609 2135 2741 2175 vero
2770 2137 2893 2176 cum
2943 2121 3054 2191 ipsa
3104 2120 3334 2191 conjuge
3380 2121 3550 2175 aliter
3587 2137 3747 2191 quam

2153 2211 2316 2272 debet
2345 2211 2720 2280 concnbuorit,
2760 2212 2813 2268 id
2838 2220 2922 2268 est
2957 2213 3014 2266 in
3041 2212 3148 2276 alio
3172 2213 3421 2267 membro
3451 2227 3621 2282 quam
3662 2214 3726 2266 de

2153 2313 2261 2372 cet,
2289 2314 2476 2361 contra
2506 2295 2753 2360 naturam
2795 2305 3186 2376 turpitudinem
3218 2314 3506 2376 operatur,
3536 2311 3596 2358 et
3625 2321 3718 2376 gr:

2152 2392 2435 2458 vissimum
2491 2391 2668 2454 scelus
2731 2392 3063 2469 perpetrat,
3118 2408 3167 2454 et
3223 2398 3520 2452 mercedem
3585 2415 3742 2468 quam

2153 2488 2378 2557 oportuit
2394 2489 2448 2544 in
2473 2489 2760 2556 semetipsis
2791 2490 3112 2558 recipientes,
3155 2487 3209 2544 id
3238 2497 3322 2542 est
3347 2488 3478 2557 quia
3510 2488 3743 2557 primum

2153 2571 2325 2633 Deum
2378 2569 2768 2648 cognoscentes
2822 2585 2928 2634 non
2975 2579 3403 2642 honoraverunt,
3445 2578 3605 2646 justo
3647 2577 3738 2632 Dei

2145 2667 2353 2738 judicio
2401 2658 2705 2724 mercedem
2753 2660 2998 2724 mutuam
3040 2676 3363 2738 receperunt
3393 2669 3482 2722 sui
3517 2668 3738 2724 erroris.

2153 2771 2211 2816 ut
2238 2778 2345 2818 non
2372 2771 2654 2817 servarent
2688 2761 2788 2817 sibi
2823 2751 3104 2826 honorem,
3157 2760 3341 2814 traditi
3389 2761 3736 2829 passiouibus

2153 2854 2500 2926 turpissimis.
2526 2841 2673 2909 'Sive
2709 2851 2874 2909 etiam
2914 2852 3220 2908 mercedem
3267 2856 3492 2906 aeterna:
3521 2851 3733 2906 damna-

2153 2945 2316 2999 tionis
2358 2935 2700 3014 receperunt,
2743 2959 2904 3014 quam
2954 2935 3370 3013 promeruerunt
3413 2956 3519 3010 pro
3549 2942 3738 2994 talibus

2150 3038 2445 3107 operibus:
2477 3037 2544 3090 de
2591 3025 2708 3106 qua'
2751 3037 2894 3090 idem
2935 3036 3184 3105 egregius
3229 3034 3561 3104 praedicator
3611 3035 3736 3087 alias

2151 3127 2320 3183 dicit:
2345 3125 2707 3197 Stipendium,
2734 3119 3017 3195 inquiens,
3049 3115 3256 3194 peccati
3277 3111 3419 3177 mors
3451 3133 3528 3178 est
3561 3121 3731 3194 (liam.

2151 3219 2248 3292 Vl).

2223 3344 2290 3400 Et
2314 3344 2454 3400 sicut
2499 3359 2606 3399 non
2653 3343 3035 3414 probaverunt,
3087 3341 3142 3396 id
3173 3347 3256 3410 est
3308 3355 3417 3395 non
3463 3338 3740 3410 elegertmt

2151 3451 2252 3493 nec
2280 3437 2601 3502 dilexerunt,
2625 3435 2792 3490 Deum
2823 3435 3010 3490 habere
3031 3436 3084 3489 in
3114 3435 3322 3497 notitia,
3356 3435 3583 3487 tradidit
3623 3433 3740 3486 illos

2150 3527 2308 3593 Deus,
2345 3528 2397 3582 id
2434 3535 2516 3582 est
2567 3526 2647 3581 ire
2695 3525 2962 3596 permisit,
3003 3530 3060 3579 in
3103 3525 3379 3600 reprobum
3429 3509 3643 3578 sensum
3685 3537 3738 3594 ut

2149 3621 2348 3690 faciant
2375 3637 2435 3674 ea
2460 3636 2576 3690 qua:
2597 3635 2702 3674 non
2725 3620 3059 3683 conveniunt,
3082 3619 3187 3688 hoc
3206 3627 3289 3672 est
3313 3633 3434 3688 qua:
3463 3626 3517 3672 et
3545 3617 3742 3670 divina!

2151 3721 2204 3780 et
2231 3713 2478 3766 humana:
2503 3710 2790 3782 prohibent
2833 3710 2998 3780 leges.
3039 3709 3119 3762 llli
3151 3709 3404 3773 dicuntur
3445 3708 3614 3761 Doum
3644 3707 3740 3770 ha-

2152 3785 2277 3858 bere
2301 3801 2352 3876 iu
2381 3802 2595 3876 notitia,
2620 3801 2710 3871 qui
2733 3815 2855 3854 eum
2879 3814 3094 3868 semper
3126 3807 3383 3868 tanquam
3412 3805 3738 3880 praesentem

2153 3894 2380 3967 timent:
2424 3899 2478 3946 et
2507 3892 2633 3945 dum
2682 3890 3025 3945 considerant
3070 3889 3188 3958 ejus
3240 3889 3588 3958 prtescntiam
3627 3887 3740 3942 ubi-

2151 3965 2430 4054 que‘essc,
2461 3995 2687 4058 peccare
2727 3997 2833 4035 non
2872 3980 3092 4034 audent.
3138 3979 3216 4032 llli
3263 3988 3446 4031 autem
3479 3977 3738 4046 dicuntur

2152 4077 2299 4146 illum
2326 4090 2433 4129 non
2465 4068 2664 4132 habere
2694 4073 2747 4127 in
2782 4073 2994 4136 notitia,
3032 4071 3126 4140 qui
3157 4069 3347 4125 nolunt
3388 4068 3738 4136 considerate

2151 4153 2496 4240 prmsentiam
2527 4165 2668 4236 illius
2708 4145 2826 4240 esse
2856 4164 3075 4244 ubique,
3115 4169 3176 4216 ut
3220 4161 3338 4216 sine
3372 4159 3571 4214 timore
3607 4158 3738 4214 libe-

2153 4262 2265 4316 rius
2299 4267 2547 4331 peccent.

2223 4382 2462 4454 Repletos
2525 4381 2667 4436 omni
2719 4381 3013 4451 iniquitate.
3059 4377 3316 4456 Iniquitas
3367 4380 3477 4439 est,
3517 4387 3643 4442 qua:
3685 4381 3736 4425 et

2152 4472 2364 4528 anomia
2389 4470 2603 4535 dicitur,
2630 4469 2888 4540 quidquid
2918 4479 3108 4524 contra
3147 4467 3315 4536 legem
3357 4466 3453 4532 Dei
3486 4463 3567 4517 fit.
3601 4461 3732 4517 Nam

2155 4580 2333 4631 nomos
2355 4563 2462 4627 lex,
2491 4563 2700 4616 anomia
2733 4575 2860 4616 vero
2898 4559 3051 4628 quasi
3096 4557 3215 4610 sine
3240 4556 3358 4625 lege
3388 4572 3403 4608 :
3455 4563 3509 4609 et
3537 4552 3734 4606 dicitur

2155 4656 2410 4726 iniquitas
2439 4653 2636 4710 mentis
2655 4652 2942 4716 acerbitas,
2966 4651 3093 4705 dum
3122 4648 3320 4703 malum
3351 4647 3517 4701 corde
3547 4645 3732 4700 conci-

2153 4749 2317 4818 pitur.
2347 4746 2630 4824 Doceatttm
2663 4753 2748 4799 est
2775 4742 3107 4814 perpetratio
3155 4740 3303 4794 mali.
3335 4738 3600 4806 Iniquitas
3642 4751 3732 4788 au-

2153 4849 2260 4894 tem
2291 4821 2666 4907 etnpeccatum
2719 4837 2792 4890 ita
2835 4835 3258 4904 distinguuntur,
3307 4829 3436 4898 quia
3479 4828 3734 4896 iniquitas

2156 4933 2224 5002 ad
2271 4931 2469 4996 mentis
2519 4929 2869 4990 acerbitatem
2917 4927 3032 4980 sive
3082 4922 3340 4977 duritiam
3382 4918 3640 4982 refertur,
3675 4927 3732 4970 ut

2154 5025 2420 5092 diximus;
2460 5035 2736 5091 peccatum
2760 5028 2938 5073 autem
2969 5017 3035 5070 ad
3066 5015 3466 5087 prolapsionem
3490 5015 3734 5084 corporis

2153 5116 2375 5180 malitia.
2406 5112 2607 5181 Malitia
2632 5122 2812 5180 autem
2836 5119 2919 5179 est
2944 5109 3215 5170 fraus'aut
3244 5107 3468 5170 astutia,
3511 5105 3727 5175 quando

2153 5207 2398 5267 videlicet
2424 5205 2567 5273 aliud
2593 5204 2754 5259 corde
2798 5201 3004 5272 geritur
3034 5209 3086 5254 et
3116 5199 3260 5254 aliud
3298 5213 3393 5252 ore
3437 5198 3732 5266 profertur,

2153 5299 2404 5372 cogitatio
2442 5298 2732 5367 profertur.
2774 5293 3042 5364 Cogitatio
3069 5306 3248 5361 prava!
3286 5290 3485 5344 utentis
3531 5287 3732 5342 malitia

2155 5383 2371 5454 dicitur.
2407 5389 2624 5446 Malitia:
2651 5397 2832 5450 votum
2877 5385 2968 5448 vel,
2999 5399 3133 5454 opus
3161 5383 3469 5452 malignitas
3497 5381 3735 5452 appella-

2157 5492 2261 5536 tur.
2288 5480 2680 5543 qunicatione.
2717 5477 3024 5542 Fornicatio
3053 5483 3232 5540 autem
3260 5487 3293 5538 a
3335 5472 3653 5534 fornicibus,
3687 5473 3738 5523 id

2154 5582 2235 5632 est
2261 5569 2497 5625 arcuatis
2519 5567 2770 5624 domibus
2809 5566 3030 5629 dicitur,
3057 5579 3179 5635 qme
3225 5563 3459 5628 fornices
3499 5561 3741 5632 appella-

2156 5666 2369 5726 bantur,
2423 5661 2514 5715 ubi
2563 5659 2790 5730 publica:
2845 5656 3157 5710 meretrices
3223 5654 3738 5723 prosternebantur.

2156 5753 2473 5820 Fornicator
2513 5737 2777 5821 siquidem
2807 5756 2908 5811 est,
2951 5747 3106 5820 cujus
3143 5761 3338 5820 corpus
3377 5745 3657 5818 publicqu
3695 5756 3746 5800 et

2157 5848 2375 5919 vulgare
2400 5855 2500 5901 est.
2533 5844 2789 5898 Araritia.
2838 5841 3078 5895 Avaritia
3123 5849 3206 5894 est
3253 5839 3517 5908 cupiditas
3557 5853 3752 5894 rerum
