3950 6438
194 436 293 489 577

863 435 1222 492 EXPOSlTiO
1263 437 1328 490 l.\'
1373 437 1520 491 EPP.
1565 437 1623 492 S.
1669 436 1739 490 Pd

1847 437 1890 490 i.
1931 471 2001 479 —
2035 439 2102 494 IN
2143 443 2358 499 Ei‘lS'l‘.
2401 445 2490 499 AD
2530 444 2694 502 ROM.

3341 453 3444 507 578

195 546 543 617 inexplebilis,
573 546 656 601 vel
691 547 1010 601 adulterium
1038 566 1049 599 :
1082 555 1135 602 et
1161 555 1246 602 est
1285 547 1337 600 in
1369 549 1468 608 hoc
1509 549 1626 602 loco
1657 564 1761 602 non
1793 557 1837 610 Α
1868 550 2205 612 celsitudinis
2228 557 2515 624 appetitor,
2543 567 2597 612 et
2639 558 2729 627 qui
2781 557 3087 627 praecellere
3143 559 3256 616 vult
3283 561 3437 618 alios.

193 642 359 697 solum
387 643 453 696 ad
480 641 779 710 pecuniam,
813 639 907 694 sed
953 639 1120 692 etiam
1171 639 1237 693 ad
1288 639 1486 698 coitum
1530 638 1762 715 referen-

194 735 335 788 dum.
388 731 659 802 Nequitia.
699 729 948 800 Nequitia
995 739 1080 786 est
1118 731 1367 800 superbia
1408 731 1494 788 vel
1537 732 1760 788 audacia

192 822 414 894 peccati.
454 822 606 876 Unde
635 821 872 876 dicitur:
922 822 1030 892 Ego
1060 821 1180 876 novi
1224 821 1520 890 nequitiam
1548 838 1758 882 eorum.

194 914 379 968 Plenos
401 914 612 967 invidia.
641 913 856 969 Invidus
877 912 1074 972 dicitur
1094 911 1283 982 plenus
1312 913 1531 977 invidia,
1559 915 1651 983 qui
1679 915 1759 968 al-

191 1009 356 1063 terius
397 1006 651 1062 felicitate
679 1015 981 1076 torquetur,
1021 1013 1076 1060 et
1102 1005 1368 1068 scinditur
1397 1005 1451 1068 in
1494 1005 1758 1074 duplicem

187 1099 528 1170 passionem:
560 1112 683 1151 cum
709 1104 800 1157 aut
833 1097 977 1165 quod
1008 1096 1120 1166 ipse
1159 1105 1263 1160 est,
1305 1094 1469 1148 alium
1508 1111 1628 1153 esse
1650 1112 1755 1150 non

186 1187 315 1251 vult,
352 1194 446 1239 aut
471 1185 633 1239 alium
665 1185 852 1244 videns
893 1197 1012 1240 esse
1054 1183 1352 1246 meliorem,
1383 1183 1528 1238 dolet
1557 1200 1615 1239 se
1650 1201 1754 1240 non

184 1291 302 1332 esse
329 1275 681 1332 consimilem.
715 1275 857 1329 inter
879 1275 1134 1342 invidiam
1164 1284 1343 1329 autem
1369 1285 1421 1330 et
1445 1275 1620 1330 zelum
1652 1277 1755 1332 hoc

183 1367 362 1431 distat,
389 1365 514 1436 quia
550 1365 696 1422 zelus
720 1365 805 1419 vel
829 1365 1102 1426 :emulatio
1126 1379 1245 1434 quae
1283 1381 1450 1420 unum
1486 1375 1628 1432 sunt,
1659 1366 1757 1420 ali-

182 1459 394 1527 quando
420 1458 473 1510 in
507 1457 701 1511 bonam
731 1464 938 1525 partem
969 1457 1204 1527 ponitur,
1235 1467 1291 1510 ut
1319 1457 1428 1512 ibi:
1463 1456 1617 1522 Zelus
1647 1457 1758 1522 Do-

181 1552 305 1604 mini
331 1551 649 1610 exercituum
688 1551 843 1618 faciet
868 1549 962 1616 hoc
997 1550 1102 1620 (IV
1129 1551 1254 1621 Reg.
1284 1551 1430 1620 XIX);
1460 1552 1678 1621 ponitur
1701 1563 1754 1610 et

179 1648 230 1700 in
259 1643 454 1711 malam
503 1652 733 1712 partem,
785 1643 924 1704 sicut
979 1644 1043 1698 de
1091 1643 1288 1713 Joseph
1337 1643 1554 1714 legitur,
1609 1645 1752 1715 quod

177 1733 492 1796 minulantes
519 1731 633 1786 sive
655 1730 894 1788 zelantes
919 1747 1041 1788 eum
1067 1731 1265 1788 fratres
1292 1733 1392 1796 sui,
1418 1733 1470 1787 id
1498 1743 1583 1789 est
1611 1733 1750 1788 invi-

176 1825 360 1878 dentes
387 1821 486 1885 illi,
521 1821 882 1874 vendiderunt
907 1820 1054 1875 illum
1095 1820 1250 1892 (Gen.
1278 1820 1506 1890 xxxvii).
1549 1821 1748 1875 Invidia

1869 643 2017 697 Unde
2045 642 2234 699 Graeco
2273 647 2534 707 vocabulo
2569 648 3002 719 hyperephanos,
3053 651 3104 705 id
3143 661 3228 707 est
3277 669 3439 725 super

1862 750 2128 804 apparens
2159 747 2405 813 vocatur.
2440 738 2645 799 Elates.
2679 741 2864 804 Elatus
2892 743 2983 813 qni
3022 742 3245 800 effertur
3272 761 3436 817 srpra

1862 840 2169 906 mensuram
2221 841 2394 892 suam,
2444 827 2527 889 vel
2573 829 2664 896 qui
2711 833 2974 900 majorum
3023 833 3278 896 institutis
3327 852 3432 891 non

1860 915 2172 982 acquiescit.
2201 914 2499 994 Inventores
2538 917 2819 984 malorum,
2843 920 2932 988 qui
2976 924 3142 990 multa
3175 924 3311 978 mala
3345 926 3438 980 ad-

1861 1005 2159 1071 inveniunt,
2187 1007 2324 1062 sicut
2356 1008 2430 1062 illi
2479 1017 2652 1073 erant,
2681 1009 2746 1062 de
2775 1010 2968 1079 quibus
3012 1011 3269 1088 hactenus
3297 1015 3436 1069 dixi-

1859 1114 1998 1174 mus.
2025 1096 2333 1168 Parentibus
2365 1117 2465 1174 non
2495 1100 2807 1174 obedientes.
2849 1086 3179 1174 Parentibus
3205 1107 3435 1164 terrenis

1857 1206 1963 1258 non
1987 1191 2380 1270 obtemperant,
2405 1191 2496 1270 qui
2521 1208 2646 1264 vero
2673 1192 2782 1262 Deo
2806 1194 2949 1256 Patri
2979 1210 3084 1257 non
3124 1195 3436 1268 obedientes

1856 1283 2112 1356 egistunt.

1927 1371 2237 1442 Insipientes
2273 1383 2399 1428 sunt
2437 1375 2584 1441 stulti
2619 1385 2675 1432 et
2717 1374 2872 1442 fatui,
2922 1392 2951 1430 a
3001 1378 3113 1440 sale
3157 1380 3434 1450 sapientia:

1855 1460 2140 1527 innnunes.
2175 1462 2529 1534 Incompositi,
2570 1465 2622 1521 id
2661 1475 2741 1521 est
2780 1467 3068 1538 inordinati
3099 1469 3429 1541 lascivique:

1853 1551 1944 1630 qui
1984 1551 2164 1606 omnia
2211 1569 2307 1607 sua
2360 1554 2661 1622 inordinate
2712 1565 2766 1611 et
2819 1557 3098 1614 lasciviosc
3147 1573 3430 1635 peragunt.

1853 1641 2038 1712 Omnis
2059 1643 2201 1698 enim
2230 1645 2507 1715 insipiens,
2534 1647 2938 1720 incompositus,
2971 1652 3308 1721 inordinatus
3329 1666 3430 1714 est.

1853 1731 1976 1804 Sine
2015 1735 2308 1802 a/fectione,
2341 1737 2393 1791 id
2420 1748 2504 1792 est
2525 1738 2642 1814 sine
2669 1739 2956 1816 dilectione
2982 1741 3076 1796 Dei
3097 1753 3151 1796 et
3173 1745 3426 1816 proximi.

1853 1821 1947 1874 Est
1985 1821 2196 1877 affectio
2227 1840 2346 1892 quae
2379 1826 2598 1894 ponitur
2616 1843 2714 1898 pro
2737 1828 3054 1895 afﬂictione,
3079 1839 3141 1886 ut
3176 1832 3230 1886 in
3255 1833 3432 1900 Evan-

176 1931 304 1969 vero
329 1928 543 1982 semper
585 1911 639 1966 in
683 1911 878 1974 malam
909 1919 1116 1987 partem
1158 1912 1395 1981 ponitur.
1427 1910 1748 1975 Homicidia.
1782 1902 1825 1960 B
1853 1906 1991 1977 gelio
2015 1908 2105 1961 ubi
2131 1907 2349 1974 dicitur,
2377 1913 2518 1980 quod
2551 1908 2720 1966 ser'vos
2746 1916 3072 1993 contumeliis
3103 1918 3338 1990 affectos,
3375 1918 3428 1994 id

177 2002 532 2059 flomicidium
569 2002 768 2066 dicitur
801 2003 870 2055 ab
900 2001 1107 2068 nomine
1135 2007 1190 2055 ct
1229 2000 1373 2056 caedo
1406 2000 1589 2063 verbo,
1623 1999 1746 2063 inde

179 2097 376 2152 dicitur
422 2094 688 2156 homicida
737 2093 1012 2148 hominem
1061 2090 1291 2146 czedens.
1342 2091 1507 2152 Recte
1565 2100 1744 2158 autem

172 2195 291 2257 post
321 2186 569 2240 invidiam
602 2184 950 2254 subsequitur
993 2183 1342 2238 homicidium
1373 2183 1578 2247 statim,
1619 2183 1742 2251 quia

167 2297 231 2335 ex
259 2280 456 2334 invidia
491 2277 735 2347 procedit
771 2276 1142 2343 homicidium,
1175 2275 1328 2329 verbi
1369 2274 1539 2345 gratia
1570 2293 1583 2328 :
1615 2275 1741 2328 Dia-

165 2373 320 2428 holus
353 2385 580 2447 cernens
599 2369 871 2444 hominem
895 2367 960 2421 ad
987 2367 1089 2444 hoc
1117 2367 1315 2420 factum
1344 2374 1403 2419 ut
1430 2365 1602 2420 locum
1629 2363 1741 2429 glo-

164 2465 257 2518 ria:
291 2462 583 2536 acciperet,
603 2447 762 2529 quem
791 2459 879 2516 ille
913 2457 1271 2528 superbiendo
1300 2455 1624 2536 perdiderat,
1664 2454 1741 2507 in-

165 2555 308 2609 vidia
353 2555 544 2622 ductus
601 2549 869 2628 interfecit
922 2549 1072 2622 illum
1115 2548 1168 2623 in
1207 2547 1383 2600 anima
1436 2545 1589 2628 (Gen.
1621 2542 1737 2618 iii).

162 2644 430 2700 Similiter
467 2629 606 2697 Cain
672 2641 869 2695 invidia
927 2648 1226 2694 commotus
1281 2646 1469 2693 contra
1517 2637 1738 2692 fratrem

157 2751 323 2790 suum
347 2735 501 2801 Abel,
532 2734 656 2804 quia
695 2733 1020 2803 respexisset
1061 2720 1318 2814 Dominus
1358 2731 1424 2785 ad
1452 2731 1621 2798 illum,
1656 2731 1737 2784 in-

157 2827 490 2882 flammando
518 2840 740 2879 munera
792 2824 932 2894 ejus,
977 2823 1043 2878 ad
1097 2824 1270 2893 ipsum
1319 2837 1450 2892 vero
1501 2838 1606 2878 non
1653 2837 1740 2886 re,-

156 2918 431 2987 spexisset
452 2933 552 2970 nec
575 2916 640 2969 ad
675 2929 895 2968 munera
935 2913 1050 2980 ejus
1087 2912 1489 2977 inflammando,
1521 2912 1740 2966 interfe-

152 3013 227 3065 cit
253 3009 411 3084 illum
461 3005 670 3080 (Ibid).
705 3005 1061 3060 Contentione.
1099 3003 1386 3075 Contentio
1407 3011 1490 3055 est
1515 3003 1604 3055 uhi
1632 3017 1737 3056 non

151 3100 376 3162 ratione
417 3097 637 3167 aliquid,
687 3097 780 3152 sed
826 3096 989 3150 animi
1038 3093 1339 3165 pertinacia
1383 3093 1732 3147 defenditur:

148 3192 235 3248 vel
282 3172 373 3245 ubi
404 3204 509 3243 non
530 3188 729 3253 veritas
757 3187 1036 3265 quieritur,
1069 3168 1178 3240 sed.
1203 3184 1540 3249 animositas,
1570 3183 1620 3236 id
1652 3191 1735 3256 est

1850 2005 1932 2050 est
1959 1995 2203 2063 afflictos,
2246 2001 2547 2055 occiderunt
2575 2001 2788 2079 (Matth.
2817 2004 2973 2075 xxii),
3016 2013 3070 2060 et
3098 1993 3181 2061 est
3215 2006 3431 2064 affectio

1849 2101 1968 2155 quze
2020 2089 2242 2156 ponitur
2288 2106 2385 2160 pro
2435 2091 2739 2168 dilectione,
2793 2103 2850 2147 ut
2897 2095 2950 2148 in
2997 2098 3252 2165 prmsenti
3285 2098 3423 2166 loco.

1847 2177 2051 2246 Absque
2075 2178 2283 2246 findere,
2309 2182 2409 2236 hoc
2443 2191 2525 2235 est
2547 2184 2781 2254 amicitia
2819 2192 2873 2237 et
2897 2200 3048 2253 pace.
3076 2185 3202 2240 Sine
3225 2189 3402 2259 miseri

1845 2269 2045 2322 cordia.
2099 2269 2236 2323 Sunt
2276 2273 2366 2340 qui
2410 2288 2510 2327 nec
2539 2274 2619 2326 sui
2651 2290 2750 2328 nec
2777 2273 3005 2345 aliorum
3051 2277 3418 2347 miserentur;

1841 2360 2076 2430 primum
2112 2363 2256 2416 enim
2295 2379 2514 2419 necesse
2547 2375 2630 2420 est
2685 2376 2743 2420 ut
2794 2367 2946 2422 nobis
2991 2369 3417 2442 misericordiam

1844 2455 2239 2532 impendamus,
2287 2456 2479 2512 deinde
2522 2473 2649 2512 vero
2697 2459 2837 2513 aliis.
2895 2459 3049 2516 Unde
3090 2462 3220 2516 dicit
3257 2442 3445 2528 Salo?~

1843 2563 1965 2601 mon
1991 2565 2002 2601 :
2029 2547 2146 2614 Pili,
2179 2549 2420 2623 miserere
2466 2550 2656 2604 anima:
2701 2562 2806 2604 ture
2841 2533 3051 2621 placens
3091 2553 3197 2607 Deo
3246 2553 3419 2626 (Eccl.

1842 2639 1994 2709 xxxi

1914 2731 2014 2797 Qui
2054 2749 2168 2807 cum
2205 2735 2555 2803 cognovissent
2577 2735 2842 2806 justitiam
2874 2735 2989 2802 Dei,
3023 2754 3125 2790 non
3154 2735 3423 2791 intellexe-

1841 2833 1961 2876 runt
2005 2827 2251 2900 quoniam
2309 2827 2396 2897 qui
2441 2826 2569 2880 talia
2628 2837 2789 2898 agunt
2838 2827 2982 2897 digni
3031 2838 3153 2882 sunt
3207 2839 3418 2884 marte:

1839 2917 2010 2994 Omne
2032 2919 2174 2986 quod
2206 2927 2360 2988 turpe
2399 2928 2496 2983 est,
2551 2919 2662 2974 Deo
2691 2920 2957 2989 displicet.
2991 2921 3056 2975 Et
3086 2921 3414 2991 philosophi,

1838 3009 1963 3087 licet
1984 3004 2122 3062 mala
2152 3001 2391 3079 agerent,
2423 3019 2602 3065 tamen
2633 3012 2684 3064 in
2712 3012 2815 3066 hoc
2839 3022 2994 3066 erant
3017 3015 3416 3068 consentientes

1830 3099 2054 3178 justitiaa
2076 3097 2195 3165 Dei,
2218 3102 2340 3170 quia
2387 3103 2441 3156 in
2475 3102 2595 3157 aliis
2629 3104 2743 3171 ipsa
2770 3103 2898 3157 vitia
2928 3106 3414 3191 reprehendebant.

1839 3191 2054 3246 Justitia
2085 3192 2280 3262 quippe
2307 3192 2400 3247 Dei
2429 3200 2535 3258 est,
2559 3209 2678 3262 quae
2707 3193 2820 3246 odit
2849 3207 2912 3247 ac
2938 3193 3234 3248 detestatur
3262 3195 3414 3260 vitia,

147 3285 414 3361 superbia
449 3283 720 3362 fatigatur.
745 3263 916 3356 Loqui
947 3260 1134 3334 contra
1161 3279 1388 3333 alterum
1415 3279 1530 3333 sine
1559 3277 1737 3358 aliqua
1765 3251 1808 3312 Ω
1847 3293 1906 3339 et
1930 3284 2082 3338 docet
2102 3251 2355 3338 virtutes.
2404 3251 2592 3350 Quam.
2617 3282 2882 3352 justitiam
2931 3283 3004 3338 illi
3034 3294 3415 3353 cognoverunt,

147 3377 396 3436 utilitate
423 3378 696 3432 contentio
742 3376 979 3431 maxima
1025 3383 1202 3445 potest
1247 3373 1374 3428 dici.
1413 3372 1569 3426 Dolo.
1594 3372 1742 3426 inter

145 3474 399 3528 dolorem
430 3479 484 3525 et
509 3468 688 3524 dolum
718 3469 820 3521 hoc
865 3467 1048 3531 dis.at,
1095 3467 1217 3534 quia
1245 3464 1396 3520 dolor
1423 3465 1490 3519 ad
1522 3463 1741 3539 infirmi-

169 3579 325 3622 atem
351 3563 590 3634 corporis
620 3563 874 3630 pertinet,
904 3561 1056 3616 dolus
1091 3575 1222 3615 vero
1262 3569 1343 3615 est
1368 3560 1563 3616 mentis
1591 3558 1742 3638 calli-

143 3636 342 3721 ‘ditas,
370 3655 543 3710 dictus
571 3653 638 3706 ah
668 3669 732 3707 eo
759 3652 900 3721 quod
946 3651 1159 3706 deludat
1190 3651 1371 3706 verbis
1411 3651 1568 3722 ﬁctis.
1600 3636 1744 3728 Inter

140 3751 340 3805 dolum
387 3744 566 3801 autem
612 3754 666 3799 et
715 3743 934 3797 insidias
981 3751 1034 3797 et
1081 3741 1322 3796 fraudem
1356 3742 1455 3795 hoc
1489 3742 1734 3806 interest,

139 3840 282 3908 quia
310 3835 462 3905 dolus
487 3835 666 3906 animo
693 3834 772 3897 fit,
830 3833 1035 3887 insidia:
1080 3833 1200 3886 loco
1248 3833 1362 3887 sive
1406 3825 1542 3898 zelo,
1586 3833 1734 3887 fraus

137 3944 288 3984 vero
314 3928 457 3980 circa
481 3924 637 3994 fidem
661 3913 919 3994 mutuam.
953 3920 1298 3991 Malignitate.
1326 3922 1630 3992 Malignitas
1655 3931 1737 3976 est

138 4019 382 4076 malitite
422 4031 557 4084 opus
599 4029 719 4086 qua:
765 4021 818 4064 et
858 4011 1235 4085 malevolentia
1270 4020 1445 4080 potest
1477 4013 1600 4066 diei.
1636 4012 1737 4064 Su-

137 4123 425 4173 sitrrones.
451 4106 685 4159 Susurro
713 4103 780 4156 de
812 4118 943 4173 sono
967 4102 1250 4159 locutionis
1282 4119 1473 4156 nomen
1507 4105 1733 4174 accepit,

136 4199 286 4270 quia
319 4212 423 4250 non
450 4195 504 4248 in
537 4193 671 4248 facie
694 4191 878 4256 alieni,
924 4190 1016 4261 sed
1048 4191 1101 4244 in
1127 4206 1256 4244 aure
1284 4191 1537 4259 loquitur,
1564 4195 1735 4266 detra-

136 4283 338 4346 hendo
370 4304 380 4338 :
412 4293 466 4340 et
522 4291 605 4338 est
651 4282 1069 4351 onomatopmia,
1123 4295 1315 4360 nomen
1361 4281 1426 4335 de
1476 4296 1607 4337 sono
1656 4280 1734 4335 fa-

133 4394 328 4438 ctum.

217 4474 576 4545 Detractores.
627 4469 855 4542 Quidam
909 4470 1122 4525 codices
1159 4468 1358 4524 habent
1403 4469 1730 4524 detractata-

133 4582 273 4630 res,
307 4565 399 4619 sed
426 4563 562 4618 falso
607 4563 868 4632 scriptum
905 4570 1008 4617 est.
1057 4563 1333 4617 Detractio
1374 4571 1455 4616 est
1501 4562 1725 4616 aliorum
1761 4598 1806 4656 υ

134 4661 294 4713 bene
323 4665 474 4726 gesta
505 4669 668 4724 opera
707 4653 790 4707 vel
847 4653 900 4706 in
950 4653 1148 4707 malum
1180 4653 1446 4708 malitiose
1495 4664 1722 4718 mutare,

133 4749 233 4803 vel
267 4746 555 4801 invidendo
595 4745 770 4798 fallaci
815 4744 999 4799 fraude
1030 4743 1366 4799 diminuere:
1397 4760 1518 4800 cum
1545 4754 1724 4800 autem

133 4840 299 4896 mala
326 4829 597 4901 dicuntur,
627 4853 744 4907 qua:
770 4837 911 4890 bona
942 4844 1086 4900 sunt,
1113 4845 1202 4889 aut
1225 4853 1386 4906 parva
1416 4837 1573 4901 bona,
1607 4852 1725 4906 qua:

134 4945 352 5000 magna
376 4937 519 4983 sunt.
565 4928 856 4982 Detrahere
896 4926 1037 4980 enim
1066 4926 1280 4992 dicitur,
1308 4927 1396 4996 qui
1439 4927 1596 4982 alicui
1630 4927 1726 4982 ali-

143 5019 283 5093 quid
343 5017 660 5074 subtrahere
705 5015 1087 5087 comprobatur
1138 5026 1194 5072 et
1243 5016 1560 5070 diminuere.
1618 5016 1724 5070 Deo

141 5108 396 5172 utibiles,
449 5107 540 5178 qui
586 5107 680 5160 Dei
732 5107 915 5174 odium
955 5107 1258 5160 incurrunt.
1293 5105 1723 5160 Contumeliosus.

135 5195 538 5255 t’lontumeliosi
562 5196 812 5250 dicuntur
833 5194 924 5262 qui
963 5195 1171 5249 veloces
1200 5196 1400 5258 suntin
1442 5195 1726 5248 verborum

130 5291 368 5361 injuriis
389 5298 442 5344 et
465 5289 603 5352 aliis,
621 5297 712 5341 aut
732 5287 910 5352 verbis
925 5297 1019 5340 aut
1037 5286 1194 5341 factis
1216 5288 1466 5357 injuriam
1489 5288 1722 5350 faciunt;

127 5379 337 5436 verbis
360 5378 564 5432 scilicet
594 5375 966 5440 conviciando,
1005 5384 1100 5430 aut
1125 5377 1322 5444 aliquid
1357 5378 1724 5446 iinproperan-

127 5475 208 5526 do
246 5489 261 5524 :
298 5469 456 5524 factis
475 5483 604 5522 vero
648 5466 980 5536 ﬂagellando.
1031 5466 1182 5522 Unde
1209 5467 1436 5536 legimus
1489 5468 1556 5521 de
1599 5484 1727 5537 apo-

127 5562 330 5624 stolis,
375 5561 500 5630 quia
549 5558 796 5628 ﬂagellati
847 5558 903 5611 in
953 5559 1183 5626 concilio
1230 5558 1371 5612 ibant
1416 5559 1720 5637 gaudentes,

124 5652 398 5724 quoniam
447 5651 592 5722 digni
616 5651 777 5704 habiti
821 5661 939 5704 sunt
966 5667 1058 5722 pro
1085 5651 1290 5705 nomine
1313 5650 1443 5720 Iesu
1467 5662 1727 5720 contunie-

127 5745 280 5817 {iam
302 5741 409 5809 pati
437 5739 577 5812 (Act.
602 5739 675 5811 v),
710 5741 760 5795 id
799 5750 881 5796 est
904 5739 1331 5812 flagellationem,
1373 5750 1426 5796 et
1455 5749 1727 5796 contume—

129 5836 302 5896 ἔμω,
317 5838 369 5884 et
385 5829 748 5901 opprobrium.
769 5829 1046 5905 Superbos.
1069 5829 1342 5901 Superbus
1365 5842 1442 5886 est.
1462 5849 1726 5904 perversgr

1848 3374 1937 3444 qui
1963 3375 2092 3448 vitia
2135 3375 2244 3430 Deo
2279 3375 2562 3445 displicere
2597 3375 3009 3440 intellexerunt;
3047 3385 3101 3429 et
3141 3384 3318 3431 tamen
3363 3376 3416 3431 in

1847 3467 1950 3521 hoc
1982 3465 2228 3542 ignorare
2251 3467 2523 3533 dicuntur,
2561 3467 2687 3542 quia
2719 3482 2823 3521 non
2853 3466 3252 3531 intellexerunt,
3283 3483 3418 3538 quo-

1847 3555 1992 3610 niam
2017 3555 2109 3625 qui
2133 3554 2259 3609 talia
2285 3565 2471 3626 agunt,
2506 3555 2684 3625 qualia
2716 3555 2816 3626 ipsi
2844 3557 3094 3628 agebant,
3125 3556 3268 3627 digni
3291 3563 3417 3612 sunt

1845 3654 2020 3701 morte
2043 3653 2258 3700 mterna:
2303 3628 2678 3706 damnationis,
2713 3656 2767 3700 et
2805 3646 2956 3716 quasi
2985 3661 3091 3701 non
3139 3645 3439 3700 intellexev

1844 3745 1990 3800 runt,
2023 3737 2148 3791 dum
2177 3735 2294 3790 sine
2336 3737 2528 3791 timore
2563 3747 2951 3805 peccaverunt;
2986 3753 3089 3790 non
3126 3735 3295 3789 solum
3323 3737 3414 3806 qui

1839 3843 1900 3880 ea
1939 3826 2159 3898 faciunt,
2187 3825 2439 3879 subaudis
2467 3824 2611 3895 digni
2642 3833 2765 3880 sunt
2792 3835 2984 3890 morte,
3014 3826 3103 3880 sed
3142 3828 3298 3880 etiam
3323 3827 3413 3897 qui

1839 3917 2162 3972 consentiunt
2206 3916 2534 3984 facientibus.
2584 3915 2684 3981 Qui
2736 3916 2859 3969 facit
2918 3924 3196 3984 peccatum
3226 3924 3280 3968 et
3305 3933 3412 3969 non

1838 4008 2125 4072 consentit,
2155 4007 2348 4076 dignus
2387 4016 2471 4062 est
2516 4019 2705 4062 morte.
2733 4007 2836 4073 Qui
2867 4022 2972 4060 non
3030 4007 3158 4060 facit
3203 4016 3257 4061 et
3282 4023 3410 4061 con-

1836 4098 2001 4153 sentit
2027 4097 2081 4152 in
2128 4095 2356 4150 subditis
2404 4113 2508 4150 non
2545 4097 2838 4166 puniendo,
2876 4096 3070 4164 dignus
3105 4105 3186 4149 est
3213 4105 3406 4150 morte.

1837 4189 1937 4254 Qui
1962 4195 2143 4242 autem
2171 4185 2376 4243 faciunt
2409 4194 2464 4245 et
2493 4187 2856 4254 consentiunt,
2897 4186 2972 4242 illi
3008 4185 3204 4258 duplici
3236 4197 3409 4243 morte

1833 4279 1977 4351 digni
2007 4286 2150 4335 sunt.

2453 4371 2765 4490 cApuriL

1905 4551 2126 4622 Pmpler
2145 4551 2304 4622 quod,
2329 4551 2454 4621 quia
2483 4568 2588 4606 non
2611 4550 2781 4606 solum
2805 4550 2893 4604 ille
2915 4549 3105 4620 dignus
3125 4559 3206 4606 est
3230 4560 3403 4607 morte

1832 4644 1920 4712 qui
1965 4642 2093 4715 facit
2126 4651 2426 4713 peccatum,
2460 4641 2553 4698 sed
2597 4643 2757 4698 etiam
2797 4641 2886 4710 qui
2927 4641 3216 4706 consentit,
3262 4643 3407 4696 inea:-

1831 4731 2076 4792 cusabilis
2097 4749 2217 4796 es,o
2246 4732 2399 4784 homo
2433 4731 2625 4795 omnis,
2647 4747 2734 4800 qui
2749 4731 2980 4801 judicas.
3016 4730 3115 4786 Hic
3145 4747 3249 4785 non
3283 4739 3402 4786 tan-

1833 4831 1943 4877 tum
1967 4821 2220 4892 gentilem
2244 4821 2557 4890 quemlibet,
2607 4821 2699 4877 sed
2746 4831 2801 4876 et
2825 4821 3061 4876 .ludznam
3092 4822 3400 4891 alloquitur,

1830 4922 1884 4966 et
1910 4928 2100 4972 omnes
2127 4911 2452 4981 generaliter
2483 4911 2754 4981 prmlatos.
2785 4911 2997 4966 Judreos
3030 4913 3150 4966 ideo
3179 4912 3403 4981 alloqui-

1835 5013 1937 5068 tur,
1960 4987 2086 5073 quia
2115 5002 2188 5056 illi
2237 5003 2696 5071 reprehendebant
2731 5010 2785 5062 et
2813 5003 3138 5057 damnabunt
3179 5001 3404 5072 gentiles

1832 5094 1984 5163 quasi
2009 5092 2319 5165 idololatras
2344 5099 2398 5147 et
2418 5100 2755 5162 peccatores,
2787 5092 3074 5163 gloriantes
3103 5108 3163 5147 se
3192 5092 3260 5145 ad
3281 5107 3403 5160 gra-

1834 5193 1961 5245 tiam
1992 5190 2263 5262 Evangelii
2294 5197 2514 5260 pr0pter
2543 5189 2942 5258 observantiam
2984 5187 3114 5257 iegis
3142 5187 3404 5241 meruisse

1831 5282 2127 5352 pervenire.
2184 5281 2437 5335 Praelatos
2485 5290 2682 5345 autem,
2712 5280 2834 5350 quia
2864 5281 2914 5334 in
2955 5280 3075 5333 aliis
3122 5287 3402 5347 peccatum

1824 5374 2067 5443 judicant
2094 5382 2148 5428 et
2176 5373 2592 5442 reprehendunt,
2642 5372 2996 5441 intelligemus
3043 5385 3162 5425 esse
3215 5384 3402 5439 pecca-

1832 5476 1966 5532 tum,
2005 5467 2133 5520 etin
2166 5483 2224 5522 se
2273 5482 2375 5519 non
2423 5465 2703 5534 damnant,
2749 5480 2868 5516 cum
2915 5463 3114 5516 faciant
3149 5462 3396 5532 idipsutn.

1832 5557 1921 5614 Sic
1949 5559 2110 5614 etiam
2141 5558 2541 5626 intelligendum
2573 5568 2652 5612 est
2677 5559 2740 5612 de
2770 5557 3020 5610 omnibus
3053 5556 3143 5626 qui
3175 5555 3399 5612 aliorum

1833 5649 1959 5701 vitia
1991 5649 2408 5720 reprehendunt,
2440 5657 2493 5703 et
2524 5648 2576 5701 in
2625 5665 2682 5702 se
2724 5647 2910 5702 eadem
2943 5662 3047 5701 non
3089 5647 3378 5710 emendant

1832 5737 1898 5791 In
1932 5754 2032 5808 quo
2075 5739 2211 5791 enim
2243 5737 2458 5808 judicas
2507 5736 2749 5808 alterum,
2795 5737 3014 5807 teipsum
3063 5736 3396 5806 condemnas.

1833 5829 1940 5882 Hoc
1979 5829 2049 5882 ita
2073 5837 2154 5884 est
2186 5828 2588 5898 intelligendum
2617 5847 2628 5882 :
2658 5828 2712 5882 Si
2743 5829 3086 5898 reprehendis
3119 5836 3170 5883 et
3191 5825 3401 5896 judieas
