  <div class='ocr_page' id='page_1' title='image "/cluster/home/n/w/nwhite01/storage/ocr_20150623/117/hvd.32044015466899/196.png"; bbox 0 0 3950 6436; ppageno 0'>
   <div class='ocr_carea' id='block_1_1' title="bbox 157 401 257 458">
    <p class='ocr_par' dir='ltr' id='par_1_1' title="bbox 157 401 257 458">
     <span class='ocr_line' id='line_1_1' title="bbox 157 401 257 458; baseline -0.04 1"><span class='ocrx_word' id='word_1_1' title='bbox 157 401 257 458; x_wconf 78' lang='grc'><strong><em>581</em></strong></span> 
     </span>
    </p>
   </div>
   <div class='ocr_carea' id='block_1_2' title="bbox 866 394 2693 455">
    <p class='ocr_par' dir='ltr' id='par_1_2' title="bbox 866 394 2693 455">
     <span class='ocr_line' id='line_1_2' title="bbox 866 394 2693 455; baseline 0.002 -5"><span class='ocrx_word' id='word_1_2' title='bbox 866 394 1230 453; x_wconf 73' lang='lat' dir='ltr'><strong><em>EXPOSITIO</em></strong></span> <span class='ocrx_word' id='word_1_3' title='bbox 1266 395 1333 451; x_wconf 80' lang='lat' dir='ltr'><strong><em>IN</em></strong></span> <span class='ocrx_word' id='word_1_4' title='bbox 1374 397 1523 452; x_wconf 72' lang='lat' dir='ltr'><strong><em>EI’I’.</em></strong></span> <span class='ocrx_word' id='word_1_5' title='bbox 1563 396 1622 452; x_wconf 85' lang='lat' dir='ltr'><strong><em>S.</em></strong></span> <span class='ocrx_word' id='word_1_6' title='bbox 1660 396 1887 451; x_wconf 74' lang='lat' dir='ltr'><strong><em>PAULI.</em></strong></span> <span class='ocrx_word' id='word_1_7' title='bbox 1928 427 1995 437; x_wconf 93' lang='lat'><strong>——</strong></span> <span class='ocrx_word' id='word_1_8' title='bbox 2033 395 2101 449; x_wconf 70' lang='lat' dir='ltr'><strong><em>IN</em></strong></span> <span class='ocrx_word' id='word_1_9' title='bbox 2132 396 2354 452; x_wconf 75' lang='lat' dir='ltr'><strong><em>EPIST.</em></strong></span> <span class='ocrx_word' id='word_1_10' title='bbox 2397 398 2490 453; x_wconf 79' lang='lat' dir='ltr'><strong><em>AD</em></strong></span> <span class='ocrx_word' id='word_1_11' title='bbox 2528 398 2693 455; x_wconf 73' lang='lat' dir='ltr'><strong><em>I&#39;iOM.</em></strong></span> 
     </span>
    </p>
   </div>
   <div class='ocr_carea' id='block_1_3' title="bbox 3295 402 3402 459">
    <p class='ocr_par' dir='ltr' id='par_1_3' title="bbox 3295 402 3402 459">
     <span class='ocr_line' id='line_1_3' title="bbox 3295 402 3402 459; baseline -0.019 0"><span class='ocrx_word' id='word_1_12' title='bbox 3295 402 3402 459; x_wconf 69' lang='lat'><strong><em>582</em></strong></span> 
     </span>
    </p>
   </div>
   <div class='ocr_carea' id='block_1_4' title="bbox 154 505 3403 587">
    <p class='ocr_par' dir='ltr' id='par_1_4' title="bbox 154 505 3403 587">
     <span class='ocr_line' id='line_1_4' title="bbox 154 505 3403 587; baseline -0.001 -17"><span class='ocrx_word' id='word_1_13' title='bbox 154 517 328 587; x_wconf 86' lang='lat' dir='ltr'><strong><em>legem</em></strong></span> <span class='ocrx_word' id='word_1_14' title='bbox 352 512 654 569; x_wconf 80' lang='lat' dir='ltr'><strong><em>naturalem</em></strong></span> <span class='ocrx_word' id='word_1_15' title='bbox 674 517 1013 579; x_wconf 76' lang='lat' dir='ltr'><strong><em>spreverunt,</em></strong></span> <span class='ocrx_word' id='word_1_16' title='bbox 1039 518 1091 563; x_wconf 90' lang='lat' dir='ltr'><strong><em>et</em></strong></span> <span class='ocrx_word' id='word_1_17' title='bbox 1121 510 1467 579; x_wconf 85' lang='lat' dir='ltr'><strong><em>Evangelinnl</em></strong></span> <span class='ocrx_word' id='word_1_18' title='bbox 1493 510 1730 577; x_wconf 81' lang='lat' dir='ltr'><strong><em>recipere</em></strong></span> <span class='ocrx_word' id='word_1_19' title='bbox 1760 512 1803 567; x_wconf 81' lang='grc' dir='ltr'><strong>Α</strong></span> <span class='ocrx_word' id='word_1_20' title='bbox 1836 508 1887 560; x_wconf 85' lang='lat' dir='ltr'><strong><em>id</em></strong></span> <span class='ocrx_word' id='word_1_21' title='bbox 1925 516 1977 561; x_wconf 84' lang='lat' dir='ltr'><strong><em>te</em></strong></span> <span class='ocrx_word' id='word_1_22' title='bbox 2003 506 2124 562; x_wconf 90' lang='lat' dir='ltr'><strong>dico</strong></span> <span class='ocrx_word' id='word_1_23' title='bbox 2153 505 2445 563; x_wconf 84' lang='lat' dir='ltr'><strong><em>Habentem</em></strong></span> <span class='ocrx_word' id='word_1_24' title='bbox 2480 510 2704 579; x_wconf 69' lang='lat' dir='ltr'><strong><em>fortnam</em></strong></span> <span class='ocrx_word' id='word_1_25' title='bbox 2739 509 2968 565; x_wconf 65' lang='lat' dir='ltr'><strong><em>scientiae</em></strong></span> <span class='ocrx_word' id='word_1_26' title='bbox 2987 516 3035 564; x_wconf 87' lang='lat' dir='ltr'><strong><em>et</em></strong></span> <span class='ocrx_word' id='word_1_27' title='bbox 3076 511 3305 567; x_wconf 80' lang='lat' dir='ltr'><strong><em>veritatis</em></strong></span> <span class='ocrx_word' id='word_1_28' title='bbox 3348 514 3403 568; x_wconf 88' lang='lat' dir='ltr'><strong><em>in</em></strong></span> 
     </span>
    </p>
   </div>
   <div class='ocr_carea' id='block_1_5' title="bbox 154 599 1730 671">
    <p class='ocr_par' dir='ltr' id='par_1_5' title="bbox 154 599 1730 671">
     <span class='ocr_line' id='line_1_5' title="bbox 154 599 1730 671; baseline -0.008 -8"><span class='ocrx_word' id='word_1_29' title='bbox 154 606 483 663; x_wconf 83' lang='lat' dir='ltr'><strong><em>noluerunt:</em></strong></span> <span class='ocrx_word' id='word_1_30' title='bbox 520 611 569 656; x_wconf 84' lang='lat' dir='ltr'><strong><em>et</em></strong></span> <span class='ocrx_word' id='word_1_31' title='bbox 603 599 896 671; x_wconf 77' lang='lat' dir='ltr'><strong><em>quicunque</em></strong></span> <span class='ocrx_word' id='word_1_32' title='bbox 946 600 1002 651; x_wconf 87' lang='lat' dir='ltr'><strong><em>in</em></strong></span> <span class='ocrx_word' id='word_1_33' title='bbox 1045 599 1154 670; x_wconf 85' lang='lat' dir='ltr'><strong><em>lege</em></strong></span> <span class='ocrx_word' id='word_1_34' title='bbox 1200 599 1364 669; x_wconf 71' lang='lat' dir='ltr'><strong><em>Moysi</em></strong></span> <span class='ocrx_word' id='word_1_35' title='bbox 1394 607 1730 670; x_wconf 83' lang='lat' dir='ltr'><strong><em>peccaverunt</em></strong></span> 
     </span>
    </p>
   </div>
   <div class='ocr_carea' id='block_1_6' title="bbox 155 689 1737 770">
    <p class='ocr_par' dir='ltr' id='par_1_6' title="bbox 155 689 1737 770">
     <span class='ocr_line' id='line_1_6' title="bbox 155 689 1737 770; baseline -0.009 -16"><span class='ocrx_word' id='word_1_36' title='bbox 155 699 335 770; x_wconf 88' lang='lat' dir='ltr'><strong><em>positi,</em></strong></span> <span class='ocrx_word' id='word_1_37' title='bbox 361 710 455 767; x_wconf 78' lang='lat' dir='ltr'><strong><em>per</em></strong></span> <span class='ocrx_word' id='word_1_38' title='bbox 498 694 660 765; x_wconf 86' lang='lat' dir='ltr'><strong><em>legem</em></strong></span> <span class='ocrx_word' id='word_1_39' title='bbox 689 690 1092 762; x_wconf 78' lang='lat' dir='ltr'><strong><em>judicabumur,</em></strong></span> <span class='ocrx_word' id='word_1_40' title='bbox 1138 690 1391 759; x_wconf 87' lang='lat' dir='ltr'><strong><em>quoniam</em></strong></span> <span class='ocrx_word' id='word_1_41' title='bbox 1437 695 1563 743; x_wconf 90' lang='lat' dir='ltr'><strong><em>sunt</em></strong></span> <span class='ocrx_word' id='word_1_42' title='bbox 1589 689 1737 758; x_wconf 52' lang='lat' dir='ltr'><strong><em>praei</em></strong></span> 
     </span>
    </p>
   </div>
   <div class='ocr_carea' id='block_1_7' title="bbox 152 786 399 844">
    <p class='ocr_par' dir='ltr' id='par_1_7' title="bbox 152 786 399 844">
     <span class='ocr_line' id='line_1_7' title="bbox 152 786 399 844; baseline -0.02 0"><span class='ocrx_word' id='word_1_43' title='bbox 152 786 399 844; x_wconf 77' lang='lat' dir='ltr'><strong><em>varicati.</em></strong></span> 
     </span>
    </p>
   </div>
   <div class='ocr_carea' id='block_1_8' title="bbox 229 889 1730 967">
    <p class='ocr_par' dir='ltr' id='par_1_8' title="bbox 229 889 1730 967">
     <span class='ocr_line' id='line_1_8' title="bbox 229 889 1730 967; baseline -0.009 -11"><span class='ocrx_word' id='word_1_44' title='bbox 229 900 351 956; x_wconf 86' lang='lat' dir='ltr'><strong><em>Non</em></strong></span> <span class='ocrx_word' id='word_1_45' title='bbox 382 900 516 954; x_wconf 86' lang='lat' dir='ltr'><strong><em>enim</em></strong></span> <span class='ocrx_word' id='word_1_46' title='bbox 539 898 801 953; x_wconf 76' lang='lat' dir='ltr'><strong><em>auditores</em></strong></span> <span class='ocrx_word' id='word_1_47' title='bbox 830 897 955 967; x_wconf 85' lang='lat' dir='ltr'><strong><em>legis</em></strong></span> <span class='ocrx_word' id='word_1_48' title='bbox 967 894 1097 965; x_wconf 83' lang='lat' dir='ltr'><strong><em>justi</em></strong></span> <span class='ocrx_word' id='word_1_49' title='bbox 1123 902 1242 948; x_wconf 87' lang='lat' dir='ltr'><strong><em>sunt</em></strong></span> <span class='ocrx_word' id='word_1_50' title='bbox 1268 892 1408 962; x_wconf 88' lang='lat' dir='ltr'><strong><em>apud</em></strong></span> <span class='ocrx_word' id='word_1_51' title='bbox 1428 891 1621 955; x_wconf 88' lang='lat' dir='ltr'><strong><em>Deum,</em></strong></span> <span class='ocrx_word' id='word_1_52' title='bbox 1640 889 1730 944; x_wconf 82' lang='lat' dir='ltr'><strong><em>sed</em></strong></span> 
     </span>
    </p>
   </div>
   <div class='ocr_carea' id='block_1_9' title="bbox 152 980 1732 1063">
    <p class='ocr_par' dir='ltr' id='par_1_9' title="bbox 152 980 1732 1063">
     <span class='ocr_line' id='line_1_9' title="bbox 152 980 1732 1063; baseline -0.008 -16"><span class='ocrx_word' id='word_1_53' title='bbox 152 995 378 1063; x_wconf 77' lang='lat' dir='ltr'><strong><em>[actores</em></strong></span> <span class='ocrx_word' id='word_1_54' title='bbox 404 990 532 1061; x_wconf 83' lang='lat' dir='ltr'><strong><em>legis</em></strong></span> <span class='ocrx_word' id='word_1_55' title='bbox 550 988 1002 1059; x_wconf 82' lang='lat' dir='ltr'><strong><em>justiﬁcabuntur.</em></strong></span> <span class='ocrx_word' id='word_1_56' title='bbox 1041 983 1154 1040; x_wconf 86' lang='lat' dir='ltr'><strong><em>IIoc</em></strong></span> <span class='ocrx_word' id='word_1_57' title='bbox 1179 990 1264 1039; x_wconf 89' lang='lat' dir='ltr'><strong><em>est</em></strong></span> <span class='ocrx_word' id='word_1_58' title='bbox 1298 982 1429 1053; x_wconf 85' lang='lat' dir='ltr'><strong><em>justi</em></strong></span> <span class='ocrx_word' id='word_1_59' title='bbox 1456 980 1732 1036; x_wconf 88' lang='lat' dir='ltr'><strong><em>habebun-</em></strong></span> 
     </span>
    </p>
   </div>
   <div class='ocr_carea' id='block_1_10' title="bbox 155 1072 1732 1152">
    <p class='ocr_par' dir='ltr' id='par_1_10' title="bbox 155 1072 1732 1152">
     <span class='ocr_line' id='line_1_10' title="bbox 155 1072 1732 1152; baseline -0.01 -11"><span class='ocrx_word' id='word_1_60' title='bbox 155 1098 266 1150; x_wconf 89' lang='lat' dir='ltr'><strong><em>tur,</em></strong></span> <span class='ocrx_word' id='word_1_61' title='bbox 297 1092 352 1138; x_wconf 89' lang='lat' dir='ltr'><strong><em>et</em></strong></span> <span class='ocrx_word' id='word_1_62' title='bbox 393 1082 525 1151; x_wconf 88' lang='lat' dir='ltr'><strong><em>justi</em></strong></span> <span class='ocrx_word' id='word_1_63' title='bbox 558 1081 908 1152; x_wconf 86' lang='lat' dir='ltr'><strong><em>apparebunt,</em></strong></span> <span class='ocrx_word' id='word_1_64' title='bbox 959 1078 1099 1134; x_wconf 90' lang='lat' dir='ltr'><strong><em>sicut</em></strong></span> <span class='ocrx_word' id='word_1_65' title='bbox 1126 1076 1213 1131; x_wconf 91' lang='lat' dir='ltr'><strong><em>ille</em></strong></span> <span class='ocrx_word' id='word_1_66' title='bbox 1253 1073 1487 1139; x_wconf 87' lang='lat' dir='ltr'><strong><em>volebat,</em></strong></span> <span class='ocrx_word' id='word_1_67' title='bbox 1534 1072 1601 1127; x_wconf 86' lang='lat' dir='ltr'><strong><em>de</em></strong></span> <span class='ocrx_word' id='word_1_68' title='bbox 1625 1086 1732 1140; x_wconf 88' lang='lat' dir='ltr'><strong><em>quo</em></strong></span> 
     </span>
    </p>
   </div>
   <div class='ocr_carea' id='block_1_11' title="bbox 152 1161 1730 1239">
    <p class='ocr_par' dir='ltr' id='par_1_11' title="bbox 152 1161 1730 1239">
     <span class='ocr_line' id='line_1_11' title="bbox 152 1161 1730 1239; baseline -0.007 -10"><span class='ocrx_word' id='word_1_69' title='bbox 152 1176 389 1230; x_wconf 89' lang='lat' dir='ltr'><strong><em>dicitur:</em></strong></span> <span class='ocrx_word' id='word_1_70' title='bbox 444 1170 634 1225; x_wconf 83' lang='lat' dir='ltr'><strong><em>Valens</em></strong></span> <span class='ocrx_word' id='word_1_71' title='bbox 670 1180 843 1231; x_wconf 86' lang='lat' dir='ltr'><strong><em>autem</em></strong></span> <span class='ocrx_word' id='word_1_72' title='bbox 876 1168 1167 1239; x_wconf 77' lang='lat' dir='ltr'><strong><em>justi/icore</em></strong></span> <span class='ocrx_word' id='word_1_73' title='bbox 1200 1165 1526 1236; x_wconf 74' lang='lat' dir='ltr'><strong><em>semetipsum</em></strong></span> <span class='ocrx_word' id='word_1_74' title='bbox 1580 1161 1730 1234; x_wconf 84' lang='lat' dir='ltr'><strong><em>(Luc.</em></strong></span> 
     </span>
    </p>
   </div>
   <div class='ocr_carea' id='block_1_12' title="bbox 155 1253 1729 1331">
    <p class='ocr_par' dir='ltr' id='par_1_12' title="bbox 155 1253 1729 1331">
     <span class='ocr_line' id='line_1_12' title="bbox 155 1253 1729 1331; baseline -0.007 -14"><span class='ocrx_word' id='word_1_75' title='bbox 155 1264 235 1331; x_wconf 60' lang='grc' dir='ltr'><strong><em>δ),</em></strong></span> <span class='ocrx_word' id='word_1_76' title='bbox 266 1264 320 1317; x_wconf 97' lang='lat' dir='ltr'><strong><em>id</em></strong></span> <span class='ocrx_word' id='word_1_77' title='bbox 347 1269 432 1316; x_wconf 90' lang='lat' dir='ltr'><strong><em>est</em></strong></span> <span class='ocrx_word' id='word_1_78' title='bbox 454 1258 639 1315; x_wconf 87' lang='lat' dir='ltr'><strong><em>volens</em></strong></span> <span class='ocrx_word' id='word_1_79' title='bbox 662 1259 864 1327; x_wconf 85' lang='lat' dir='ltr'><strong><em>justum</em></strong></span> <span class='ocrx_word' id='word_1_80' title='bbox 910 1270 1192 1327; x_wconf 82' lang='lat' dir='ltr'><strong><em>apparere.</em></strong></span> <span class='ocrx_word' id='word_1_81' title='bbox 1225 1254 1325 1321; x_wconf 82' lang='lat' dir='ltr'><strong><em>Qui</em></strong></span> <span class='ocrx_word' id='word_1_82' title='bbox 1352 1253 1504 1308; x_wconf 91' lang='lat' dir='ltr'><strong><em>audit</em></strong></span> <span class='ocrx_word' id='word_1_83' title='bbox 1537 1253 1729 1324; x_wconf 83' lang='lat' dir='ltr'><strong><em>legem,</em></strong></span> 
     </span>
    </p>
   </div>
   <div class='ocr_carea' id='block_1_13' title="bbox 152 1344 1734 1420">
    <p class='ocr_par' dir='ltr' id='par_1_13' title="bbox 152 1344 1734 1420">
     <span class='ocr_line' id='line_1_13' title="bbox 152 1344 1734 1420; baseline -0.005 -14"><span class='ocrx_word' id='word_1_84' title='bbox 152 1364 205 1406; x_wconf 88' lang='lat' dir='ltr'><strong><em>et</em></strong></span> <span class='ocrx_word' id='word_1_85' title='bbox 249 1352 369 1406; x_wconf 88' lang='lat' dir='ltr'><strong><em>non</em></strong></span> <span class='ocrx_word' id='word_1_86' title='bbox 390 1349 578 1420; x_wconf 90' lang='lat' dir='ltr'><strong><em>implet</em></strong></span> <span class='ocrx_word' id='word_1_87' title='bbox 611 1356 877 1419; x_wconf 57' lang='lat' dir='ltr'><strong><em>praecepta</em></strong></span> <span class='ocrx_word' id='word_1_88' title='bbox 911 1346 1048 1416; x_wconf 86' lang='lat' dir='ltr'><strong><em>ejus.</em></strong></span> <span class='ocrx_word' id='word_1_89' title='bbox 1102 1361 1208 1401; x_wconf 92' lang='lat' dir='ltr'><strong><em>non</em></strong></span> <span class='ocrx_word' id='word_1_90' title='bbox 1241 1344 1624 1415; x_wconf 81' lang='lat' dir='ltr'><strong><em>justiﬁeabitur</em></strong></span> <span class='ocrx_word' id='word_1_91' title='bbox 1649 1359 1734 1399; x_wconf 89' lang='lat' dir='ltr'><strong><em>so-</em></strong></span> 
     </span>
    </p>
   </div>
   <div class='ocr_carea' id='block_1_14' title="bbox 151 1434 1734 1511">
    <p class='ocr_par' dir='ltr' id='par_1_14' title="bbox 151 1434 1734 1511">
     <span class='ocr_line' id='line_1_14' title="bbox 151 1434 1734 1511; baseline -0.002 -18"><span class='ocrx_word' id='word_1_92' title='bbox 151 1441 421 1495; x_wconf 86' lang='lat' dir='ltr'><strong><em>lummodo</em></strong></span> <span class='ocrx_word' id='word_1_93' title='bbox 449 1447 666 1511; x_wconf 83' lang='lat' dir='ltr'><strong><em>propter</em></strong></span> <span class='ocrx_word' id='word_1_94' title='bbox 688 1438 960 1503; x_wconf 89' lang='lat' dir='ltr'><strong><em>auditum;</em></strong></span> <span class='ocrx_word' id='word_1_95' title='bbox 995 1435 1087 1507; x_wconf 90' lang='lat' dir='ltr'><strong><em>qui</em></strong></span> <span class='ocrx_word' id='word_1_96' title='bbox 1114 1451 1243 1492; x_wconf 89' lang='lat' dir='ltr'><strong><em>vero</em></strong></span> <span class='ocrx_word' id='word_1_97' title='bbox 1270 1443 1353 1491; x_wconf 89' lang='lat' dir='ltr'><strong><em>est</em></strong></span> <span class='ocrx_word' id='word_1_98' title='bbox 1373 1434 1585 1492; x_wconf 90' lang='lat' dir='ltr'><strong><em>auditor</em></strong></span> <span class='ocrx_word' id='word_1_99' title='bbox 1601 1435 1734 1507; x_wconf 89' lang='lat' dir='ltr'><strong><em>legis</em></strong></span> 
     </span>
    </p>
   </div>
   <div class='ocr_carea' id='block_1_15' title="bbox 149 1523 1494 1603">
    <p class='ocr_par' dir='ltr' id='par_1_15' title="bbox 149 1523 1494 1603">
     <span class='ocr_line' id='line_1_15' title="bbox 149 1523 1494 1603; baseline -0.004 -18"><span class='ocrx_word' id='word_1_100' title='bbox 149 1540 201 1585; x_wconf 91' lang='lat' dir='ltr'><strong><em>et</em></strong></span> <span class='ocrx_word' id='word_1_101' title='bbox 225 1528 418 1593; x_wconf 82' lang='lat' dir='ltr'><strong><em>factor,</em></strong></span> <span class='ocrx_word' id='word_1_102' title='bbox 444 1528 632 1599; x_wconf 81' lang='lat' dir='ltr'><strong><em>utique</em></strong></span> <span class='ocrx_word' id='word_1_103' title='bbox 656 1526 745 1581; x_wconf 90' lang='lat' dir='ltr'><strong><em>ille</em></strong></span> <span class='ocrx_word' id='word_1_104' title='bbox 768 1524 1152 1595; x_wconf 83' lang='lat' dir='ltr'><strong><em>justiﬁeabitur</em></strong></span> <span class='ocrx_word' id='word_1_105' title='bbox 1174 1538 1270 1603; x_wconf 63' lang='lat' dir='ltr'><strong><em>per</em></strong></span> <span class='ocrx_word' id='word_1_106' title='bbox 1301 1523 1494 1594; x_wconf 81' lang='lat' dir='ltr'><strong><em>legem.</em></strong></span> 
     </span>
    </p>
   </div>
   <div class='ocr_carea' id='block_1_16' title="bbox 219 1638 1737 1711">
    <p class='ocr_par' dir='ltr' id='par_1_16' title="bbox 219 1638 1737 1711">
     <span class='ocr_line' id='line_1_16' title="bbox 219 1638 1737 1711; baseline -0.004 -14"><span class='ocrx_word' id='word_1_107' title='bbox 219 1640 349 1697; x_wconf 86' lang='lat' dir='ltr'><strong><em>Cum</em></strong></span> <span class='ocrx_word' id='word_1_108' title='bbox 369 1641 506 1697; x_wconf 87' lang='lat' dir='ltr'><strong><em>enim</em></strong></span> <span class='ocrx_word' id='word_1_109' title='bbox 541 1649 713 1711; x_wconf 78' lang='lat' dir='ltr'><strong><em>gentes</em></strong></span> <span class='ocrx_word' id='word_1_110' title='bbox 746 1656 862 1708; x_wconf 66' lang='lat' dir='ltr'><strong><em>quae</em></strong></span> <span class='ocrx_word' id='word_1_111' title='bbox 893 1638 1054 1709; x_wconf 85' lang='lat' dir='ltr'><strong><em>legem</em></strong></span> <span class='ocrx_word' id='word_1_112' title='bbox 1109 1655 1211 1692; x_wconf 85' lang='lat' dir='ltr'><strong><em>non</em></strong></span> <span class='ocrx_word' id='word_1_113' title='bbox 1258 1638 1468 1707; x_wconf 83' lang='lat' dir='ltr'><strong><em>habent,</em></strong></span> <span class='ocrx_word' id='word_1_114' title='bbox 1519 1647 1737 1692; x_wconf 87' lang='lat' dir='ltr'><strong><em>natura-</em></strong></span> 
     </span>
    </p>
   </div>
   <div class='ocr_carea' id='block_1_17' title="bbox 149 1725 1735 1805">
    <p class='ocr_par' dir='ltr' id='par_1_17' title="bbox 149 1725 1735 1805">
     <span class='ocr_line' id='line_1_17' title="bbox 149 1725 1735 1805; baseline -0.004 -20"><span class='ocrx_word' id='word_1_115' title='bbox 149 1734 268 1805; x_wconf 60' lang='lat' dir='ltr'><strong><em>liter</em></strong></span> <span class='ocrx_word' id='word_1_116' title='bbox 300 1731 368 1785; x_wconf 90' lang='lat' dir='ltr'><strong><em>ad</em></strong></span> <span class='ocrx_word' id='word_1_117' title='bbox 399 1747 517 1802; x_wconf 72' lang='lat' dir='ltr'><strong><em>qua:</em></strong></span> <span class='ocrx_word' id='word_1_118' title='bbox 562 1728 688 1799; x_wconf 87' lang='lat' dir='ltr'><strong><em>legis</em></strong></span> <span class='ocrx_word' id='word_1_119' title='bbox 716 1739 835 1783; x_wconf 87' lang='lat' dir='ltr'><strong><em>sunt</em></strong></span> <span class='ocrx_word' id='word_1_120' title='bbox 863 1728 1095 1798; x_wconf 80' lang='lat' dir='ltr'><strong><em>faciunt;</em></strong></span> <span class='ocrx_word' id='word_1_121' title='bbox 1131 1727 1389 1798; x_wconf 83' lang='lat' dir='ltr'><strong><em>ejusmodi</em></strong></span> <span class='ocrx_word' id='word_1_122' title='bbox 1430 1725 1593 1798; x_wconf 83' lang='lat' dir='ltr'><strong><em>legem</em></strong></span> <span class='ocrx_word' id='word_1_123' title='bbox 1632 1742 1735 1780; x_wconf 88' lang='lat' dir='ltr'><strong><em>non</em></strong></span> 
     </span>
    </p>
   </div>
   <div class='ocr_carea' id='block_1_18' title="bbox 147 1817 1732 1893">
    <p class='ocr_par' dir='ltr' id='par_1_18' title="bbox 147 1817 1732 1893">
     <span class='ocr_line' id='line_1_18' title="bbox 147 1817 1732 1893; baseline -0.004 -14"><span class='ocrx_word' id='word_1_124' title='bbox 147 1824 413 1889; x_wconf 77' lang='lat' dir='ltr'><strong><em>habentes,</em></strong></span> <span class='ocrx_word' id='word_1_125' title='bbox 443 1822 542 1893; x_wconf 84' lang='lat' dir='ltr'><strong><em>ipsi</em></strong></span> <span class='ocrx_word' id='word_1_126' title='bbox 568 1820 664 1883; x_wconf 83' lang='lat' dir='ltr'><strong><em>sibi</em></strong></span> <span class='ocrx_word' id='word_1_127' title='bbox 693 1830 811 1875; x_wconf 79' lang='lat' dir='ltr'><strong><em>sunt</em></strong></span> <span class='ocrx_word' id='word_1_128' title='bbox 850 1819 965 1885; x_wconf 73' lang='lat' dir='ltr'><strong><em>leas,</em></strong></span> <span class='ocrx_word' id='word_1_129' title='bbox 1005 1819 1094 1889; x_wconf 90' lang='lat' dir='ltr'><strong><em>qui</em></strong></span> <span class='ocrx_word' id='word_1_130' title='bbox 1119 1819 1391 1874; x_wconf 84' lang='lat' dir='ltr'><strong><em>ostendunt</em></strong></span> <span class='ocrx_word' id='word_1_131' title='bbox 1437 1836 1564 1889; x_wconf 85' lang='lat' dir='ltr'><strong><em>opus</em></strong></span> <span class='ocrx_word' id='word_1_132' title='bbox 1605 1817 1732 1888; x_wconf 84' lang='lat' dir='ltr'><strong><em>legis</em></strong></span> 
     </span>
    </p>
   </div>
   <div class='ocr_carea' id='block_1_19' title="bbox 148 1908 1729 1985">
    <p class='ocr_par' dir='ltr' id='par_1_19' title="bbox 148 1908 1729 1985">
     <span class='ocr_line' id='line_1_19' title="bbox 148 1908 1729 1985; baseline -0.004 -17"><span class='ocrx_word' id='word_1_133' title='bbox 148 1916 397 1985; x_wconf 86' lang='lat' dir='ltr'><strong><em>scriptum</em></strong></span> <span class='ocrx_word' id='word_1_134' title='bbox 440 1915 495 1975; x_wconf 80' lang='lat' dir='ltr'><strong><em>in</em></strong></span> <span class='ocrx_word' id='word_1_135' title='bbox 544 1911 787 1972; x_wconf 77' lang='lat' dir='ltr'><strong><em>cordibus</em></strong></span> <span class='ocrx_word' id='word_1_136' title='bbox 833 1913 961 1966; x_wconf 88' lang='lat' dir='ltr'><strong><em>suis.</em></strong></span> <span class='ocrx_word' id='word_1_137' title='bbox 1015 1909 1129 1965; x_wconf 86' lang='lat' dir='ltr'><strong><em>Hoc</em></strong></span> <span class='ocrx_word' id='word_1_138' title='bbox 1170 1909 1452 1979; x_wconf 76' lang='lat' dir='ltr'><strong><em>dupliciter</em></strong></span> <span class='ocrx_word' id='word_1_139' title='bbox 1508 1908 1729 1980; x_wconf 81' lang='lat' dir='ltr'><strong><em>intelligi</em></strong></span> 
     </span>
    </p>
   </div>
   <div class='ocr_carea' id='block_1_20' title="bbox 150 1999 1728 2079">
    <p class='ocr_par' dir='ltr' id='par_1_20' title="bbox 150 1999 1728 2079">
     <span class='ocr_line' id='line_1_20' title="bbox 150 1999 1728 2079; baseline -0.006 -19"><span class='ocrx_word' id='word_1_140' title='bbox 150 2015 348 2078; x_wconf 88' lang='lat' dir='ltr'><strong><em>potest.</em></strong></span> <span class='ocrx_word' id='word_1_141' title='bbox 372 2004 503 2079; x_wconf 76' lang='lat' dir='ltr'><strong><em>cum</em></strong></span> <span class='ocrx_word' id='word_1_142' title='bbox 533 2014 717 2074; x_wconf 88' lang='lat' dir='ltr'><strong><em>gentes</em></strong></span> <span class='ocrx_word' id='word_1_143' title='bbox 741 2018 861 2072; x_wconf 73' lang='lat' dir='ltr'><strong><em>quae</em></strong></span> <span class='ocrx_word' id='word_1_144' title='bbox 897 2001 1068 2073; x_wconf 86' lang='lat' dir='ltr'><strong><em>legem</em></strong></span> <span class='ocrx_word' id='word_1_145' title='bbox 1098 2000 1353 2070; x_wconf 89' lang='lat' dir='ltr'><strong><em>scriptam</em></strong></span> <span class='ocrx_word' id='word_1_146' title='bbox 1383 2014 1487 2054; x_wconf 93' lang='lat' dir='ltr'><strong><em>non</em></strong></span> <span class='ocrx_word' id='word_1_147' title='bbox 1511 1999 1728 2065; x_wconf 82' lang='lat' dir='ltr'><strong><em>habent,</em></strong></span> 
     </span>
    </p>
   </div>
   <div class='ocr_carea' id='block_1_21' title="bbox 156 2088 1731 2167">
    <p class='ocr_par' dir='ltr' id='par_1_21' title="bbox 156 2088 1731 2167">
     <span class='ocr_line' id='line_1_21' title="bbox 156 2088 1731 2167; baseline -0.005 -18"><span class='ocrx_word' id='word_1_148' title='bbox 156 2094 364 2150; x_wconf 79' lang='lat' dir='ltr'><strong><em>faciunt</em></strong></span> <span class='ocrx_word' id='word_1_149' title='bbox 389 2109 450 2147; x_wconf 89' lang='lat' dir='ltr'><strong><em>ea</em></strong></span> <span class='ocrx_word' id='word_1_150' title='bbox 479 2108 595 2167; x_wconf 65' lang='lat' dir='ltr'><strong><em>qua}</em></strong></span> <span class='ocrx_word' id='word_1_151' title='bbox 623 2091 707 2146; x_wconf 85' lang='lat' dir='ltr'><strong><em>lex</em></strong></span> <span class='ocrx_word' id='word_1_152' title='bbox 737 2091 935 2162; x_wconf 83' lang='lat' dir='ltr'><strong><em>scripta</em></strong></span> <span class='ocrx_word' id='word_1_153' title='bbox 965 2089 1207 2165; x_wconf 59' lang='lat' dir='ltr'><strong><em>praecipit</em></strong></span> <span class='ocrx_word' id='word_1_154' title='bbox 1235 2088 1340 2144; x_wconf 92' lang='lat' dir='ltr'><strong><em>illis</em></strong></span> <span class='ocrx_word' id='word_1_155' title='bbox 1379 2090 1573 2159; x_wconf 83' lang='lat' dir='ltr'><strong><em>quibus</em></strong></span> <span class='ocrx_word' id='word_1_156' title='bbox 1605 2088 1731 2142; x_wconf 89' lang='lat' dir='ltr'><strong><em>data</em></strong></span> 
     </span>
    </p>
   </div>
   <div class='ocr_carea' id='block_1_22' title="bbox 153 2168 1731 2254">
    <p class='ocr_par' dir='ltr' id='par_1_22' title="bbox 153 2168 1731 2254">
     <span class='ocr_line' id='line_1_22' title="bbox 153 2168 1731 2254; baseline -0.006 -14"><span class='ocrx_word' id='word_1_157' title='bbox 153 2193 260 2248; x_wconf 83' lang='lat' dir='ltr'><strong><em>est,</em></strong></span> <span class='ocrx_word' id='word_1_158' title='bbox 292 2183 387 2254; x_wconf 90' lang='lat' dir='ltr'><strong><em>ipsi</em></strong></span> <span class='ocrx_word' id='word_1_159' title='bbox 418 2183 599 2252; x_wconf 87' lang='lat' dir='ltr'><strong><em>utique</em></strong></span> <span class='ocrx_word' id='word_1_160' title='bbox 629 2179 918 2236; x_wconf 87' lang='lat' dir='ltr'><strong><em>ostendunt</em></strong></span> <span class='ocrx_word' id='word_1_161' title='bbox 944 2168 1002 2234; x_wconf 80' lang='lat' dir='ltr'><strong><em>se</em></strong></span> <span class='ocrx_word' id='word_1_162' title='bbox 1046 2179 1248 2233; x_wconf 88' lang='lat' dir='ltr'><strong><em>habere</em></strong></span> <span class='ocrx_word' id='word_1_163' title='bbox 1275 2178 1532 2247; x_wconf 84' lang='lat' dir='ltr'><strong><em>scriptam</em></strong></span> <span class='ocrx_word' id='word_1_164' title='bbox 1576 2187 1731 2231; x_wconf 89' lang='lat' dir='ltr'><strong><em>natu-</em></strong></span> 
     </span>
    </p>
   </div>
   <div class='ocr_carea' id='block_1_23' title="bbox 146 2267 1725 2351">
    <p class='ocr_par' dir='ltr' id='par_1_23' title="bbox 146 2267 1725 2351">
     <span class='ocr_line' id='line_1_23' title="bbox 146 2267 1725 2351; baseline -0.006 -20"><span class='ocrx_word' id='word_1_165' title='bbox 146 2277 316 2331; x_wconf 85' lang='lat' dir='ltr'><strong><em>ralem</em></strong></span> <span class='ocrx_word' id='word_1_166' title='bbox 345 2275 514 2351; x_wconf 84' lang='lat' dir='ltr'><strong><em>legem</em></strong></span> <span class='ocrx_word' id='word_1_167' title='bbox 557 2273 609 2328; x_wconf 90' lang='lat' dir='ltr'><strong><em>in</em></strong></span> <span class='ocrx_word' id='word_1_168' title='bbox 643 2273 912 2335; x_wconf 78' lang='lat' dir='ltr'><strong><em>cordibus,</em></strong></span> <span class='ocrx_word' id='word_1_169' title='bbox 943 2279 999 2325; x_wconf 89' lang='lat' dir='ltr'><strong><em>et</em></strong></span> <span class='ocrx_word' id='word_1_170' title='bbox 1023 2270 1126 2339; x_wconf 87' lang='lat' dir='ltr'><strong><em>ipsi</em></strong></span> <span class='ocrx_word' id='word_1_171' title='bbox 1166 2270 1268 2325; x_wconf 88' lang='lat' dir='ltr'><strong><em>sibi</em></strong></span> <span class='ocrx_word' id='word_1_172' title='bbox 1300 2276 1422 2329; x_wconf 91' lang='lat' dir='ltr'><strong><em>sunt</em></strong></span> <span class='ocrx_word' id='word_1_173' title='bbox 1445 2268 1530 2323; x_wconf 84' lang='lat' dir='ltr'><strong><em>lex</em></strong></span> <span class='ocrx_word' id='word_1_174' title='bbox 1558 2285 1571 2321; x_wconf 91' lang='lat'><strong><em>:</em></strong></span> <span class='ocrx_word' id='word_1_175' title='bbox 1599 2267 1725 2337; x_wconf 84' lang='lat' dir='ltr'><strong><em>quia</em></strong></span> 
     </span>
    </p>
   </div>
   <div class='ocr_carea' id='block_1_24' title="bbox 147 2357 1725 2434">
    <p class='ocr_par' dir='ltr' id='par_1_24' title="bbox 147 2357 1725 2434">
     <span class='ocr_line' id='line_1_24' title="bbox 147 2357 1725 2434; baseline -0.008 -13"><span class='ocrx_word' id='word_1_176' title='bbox 147 2368 239 2421; x_wconf 64' lang='lat' dir='ltr'><strong><em>illa</em></strong></span> <span class='ocrx_word' id='word_1_177' title='bbox 272 2364 474 2420; x_wconf 83' lang='lat' dir='ltr'><strong><em>faciunt</em></strong></span> <span class='ocrx_word' id='word_1_178' title='bbox 526 2378 645 2434; x_wconf 83' lang='lat' dir='ltr'><strong><em>quae</em></strong></span> <span class='ocrx_word' id='word_1_179' title='bbox 686 2361 773 2417; x_wconf 91' lang='lat' dir='ltr'><strong><em>lex</em></strong></span> <span class='ocrx_word' id='word_1_180' title='bbox 821 2361 998 2427; x_wconf 82' lang='lat' dir='ltr'><strong><em>docet,</em></strong></span> <span class='ocrx_word' id='word_1_181' title='bbox 1046 2359 1172 2414; x_wconf 89' lang='lat' dir='ltr'><strong><em>licet</em></strong></span> <span class='ocrx_word' id='word_1_182' title='bbox 1216 2357 1320 2413; x_wconf 86' lang='lat' dir='ltr'><strong><em>illis</em></strong></span> <span class='ocrx_word' id='word_1_183' title='bbox 1346 2374 1453 2413; x_wconf 89' lang='lat' dir='ltr'><strong><em>non</em></strong></span> <span class='ocrx_word' id='word_1_184' title='bbox 1483 2358 1557 2414; x_wconf 85' lang='lat' dir='ltr'><strong><em>sit</em></strong></span> <span class='ocrx_word' id='word_1_185' title='bbox 1582 2358 1725 2423; x_wconf 87' lang='lat' dir='ltr'><strong><em>data.</em></strong></span> 
     </span>
    </p>
   </div>
   <div class='ocr_carea' id='block_1_25' title="bbox 144 2448 1728 2528">
    <p class='ocr_par' dir='ltr' id='par_1_25' title="bbox 144 2448 1728 2528">
     <span class='ocr_line' id='line_1_25' title="bbox 144 2448 1728 2528; baseline -0.008 -15"><span class='ocrx_word' id='word_1_186' title='bbox 144 2459 309 2515; x_wconf 67' lang='lat' dir='ltr'><strong><em>Verbi</em></strong></span> <span class='ocrx_word' id='word_1_187' title='bbox 336 2458 539 2528; x_wconf 77' lang='lat' dir='ltr'><strong><em>gratia:</em></strong></span> <span class='ocrx_word' id='word_1_188' title='bbox 568 2454 822 2510; x_wconf 82' lang='lat' dir='ltr'><strong><em>Saraceni</em></strong></span> <span class='ocrx_word' id='word_1_189' title='bbox 842 2454 933 2524; x_wconf 88' lang='lat' dir='ltr'><strong><em>qui</em></strong></span> <span class='ocrx_word' id='word_1_190' title='bbox 953 2467 1127 2521; x_wconf 86' lang='lat' dir='ltr'><strong><em>neque</em></strong></span> <span class='ocrx_word' id='word_1_191' title='bbox 1146 2451 1318 2522; x_wconf 84' lang='lat' dir='ltr'><strong><em>legem</em></strong></span> <span class='ocrx_word' id='word_1_192' title='bbox 1340 2448 1529 2521; x_wconf 83' lang='lat' dir='ltr'><strong><em>Moysi,</em></strong></span> <span class='ocrx_word' id='word_1_193' title='bbox 1553 2462 1728 2519; x_wconf 88' lang='lat' dir='ltr'><strong><em>neque</em></strong></span> 
     </span>
    </p>
   </div>
   <div class='ocr_carea' id='block_1_26' title="bbox 146 2540 1723 2620">
    <p class='ocr_par' dir='ltr' id='par_1_26' title="bbox 146 2540 1723 2620">
     <span class='ocr_line' id='line_1_26' title="bbox 146 2540 1723 2620; baseline -0.008 -15"><span class='ocrx_word' id='word_1_194' title='bbox 146 2549 422 2620; x_wconf 76' lang='lat' dir='ltr'><strong><em>Evangelii</em></strong></span> <span class='ocrx_word' id='word_1_195' title='bbox 461 2546 676 2611; x_wconf 82' lang='lat' dir='ltr'><strong><em>habent,</em></strong></span> <span class='ocrx_word' id='word_1_196' title='bbox 732 2546 855 2600; x_wconf 90' lang='lat' dir='ltr'><strong><em>dum</em></strong></span> <span class='ocrx_word' id='word_1_197' title='bbox 904 2542 1222 2599; x_wconf 88' lang='lat' dir='ltr'><strong><em>naturaliter</em></strong></span> <span class='ocrx_word' id='word_1_198' title='bbox 1263 2547 1481 2598; x_wconf 87' lang='lat' dir='ltr'><strong><em>servant</em></strong></span> <span class='ocrx_word' id='word_1_199' title='bbox 1534 2540 1723 2611; x_wconf 83' lang='lat' dir='ltr'><strong><em>legem,</em></strong></span> 
     </span>
    </p>
   </div>
   <div class='ocr_carea' id='block_1_27' title="bbox 147 2630 1728 2704">
    <p class='ocr_par' dir='ltr' id='par_1_27' title="bbox 147 2630 1728 2704">
     <span class='ocr_line' id='line_1_27' title="bbox 147 2630 1728 2704; baseline -0.006 -10"><span class='ocrx_word' id='word_1_200' title='bbox 147 2656 219 2694; x_wconf 87' lang='lat' dir='ltr'><strong><em>ne</em></strong></span> <span class='ocrx_word' id='word_1_201' title='bbox 273 2636 619 2693; x_wconf 85' lang='lat' dir='ltr'><strong><em>homicidium</em></strong></span> <span class='ocrx_word' id='word_1_202' title='bbox 667 2635 889 2700; x_wconf 80' lang='lat' dir='ltr'><strong><em>faciant,</em></strong></span> <span class='ocrx_word' id='word_1_203' title='bbox 954 2647 1128 2704; x_wconf 85' lang='lat' dir='ltr'><strong><em>neque</em></strong></span> <span class='ocrx_word' id='word_1_204' title='bbox 1174 2630 1492 2687; x_wconf 86' lang='lat' dir='ltr'><strong><em>adulterium</em></strong></span> <span class='ocrx_word' id='word_1_205' title='bbox 1535 2644 1728 2702; x_wconf 54' lang='lat' dir='ltr'><strong><em>perpe:</em></strong></span> 
     </span>
    </p>
   </div>
   <div class='ocr_carea' id='block_1_28' title="bbox 145 2719 1727 2795">
    <p class='ocr_par' dir='ltr' id='par_1_28' title="bbox 145 2719 1727 2795">
     <span class='ocr_line' id='line_1_28' title="bbox 145 2719 1727 2795; baseline -0.006 -13"><span class='ocrx_word' id='word_1_206' title='bbox 145 2737 320 2793; x_wconf 89' lang='lat' dir='ltr'><strong><em>trent,</em></strong></span> <span class='ocrx_word' id='word_1_207' title='bbox 347 2735 541 2782; x_wconf 64' lang='lat' dir='ltr'><strong><em>caetera</em></strong></span> <span class='ocrx_word' id='word_1_208' title='bbox 565 2740 684 2795; x_wconf 67' lang='lat' dir='ltr'><strong><em>qua:</em></strong></span> <span class='ocrx_word' id='word_1_209' title='bbox 713 2724 797 2779; x_wconf 78' lang='lat' dir='ltr'><strong><em>lex</em></strong></span> <span class='ocrx_word' id='word_1_210' title='bbox 827 2722 880 2777; x_wconf 91' lang='lat' dir='ltr'><strong><em>ill</em></strong></span> <span class='ocrx_word' id='word_1_211' title='bbox 908 2737 964 2781; x_wconf 88' lang='lat' dir='ltr'><strong><em>se</em></strong></span> <span class='ocrx_word' id='word_1_212' title='bbox 990 2722 1188 2792; x_wconf 88' lang='lat' dir='ltr'><strong><em>scripta</em></strong></span> <span class='ocrx_word' id='word_1_213' title='bbox 1216 2720 1475 2787; x_wconf 88' lang='lat' dir='ltr'><strong><em>continet,</em></strong></span> <span class='ocrx_word' id='word_1_214' title='bbox 1498 2720 1599 2791; x_wconf 88' lang='lat' dir='ltr'><strong><em>ipsi</em></strong></span> <span class='ocrx_word' id='word_1_215' title='bbox 1625 2719 1727 2774; x_wconf 89' lang='lat' dir='ltr'><strong><em>sibi</em></strong></span> 
     </span>
    </p>
   </div>
   <div class='ocr_carea' id='block_1_29' title="bbox 142 2808 1726 2885">
    <p class='ocr_par' dir='ltr' id='par_1_29' title="bbox 142 2808 1726 2885">
     <span class='ocr_line' id='line_1_29' title="bbox 142 2808 1726 2885; baseline -0.004 -15"><span class='ocrx_word' id='word_1_216' title='bbox 142 2825 276 2870; x_wconf 81' lang='lat' dir='ltr'><strong><em>sunt</em></strong></span> <span class='ocrx_word' id='word_1_217' title='bbox 305 2815 411 2880; x_wconf 77' lang='lat' dir='ltr'><strong><em>lex,</em></strong></span> <span class='ocrx_word' id='word_1_218' title='bbox 441 2814 693 2885; x_wconf 88' lang='lat' dir='ltr'><strong><em>quoniam</em></strong></span> <span class='ocrx_word' id='word_1_219' title='bbox 741 2828 838 2882; x_wconf 89' lang='lat' dir='ltr'><strong><em>per</em></strong></span> <span class='ocrx_word' id='word_1_220' title='bbox 864 2826 1025 2882; x_wconf 86' lang='lat' dir='ltr'><strong><em>opera</em></strong></span> <span class='ocrx_word' id='word_1_221' title='bbox 1056 2826 1176 2880; x_wconf 83' lang='lat' dir='ltr'><strong><em>quae</em></strong></span> <span class='ocrx_word' id='word_1_222' title='bbox 1220 2809 1441 2876; x_wconf 87' lang='lat' dir='ltr'><strong><em>faciunt,</em></strong></span> <span class='ocrx_word' id='word_1_223' title='bbox 1471 2808 1726 2880; x_wconf 81' lang='lat' dir='ltr'><strong><em>scriptam</em></strong></span> 
     </span>
    </p>
   </div>
   <div class='ocr_carea' id='block_1_30' title="bbox 143 2898 1725 2978">
    <p class='ocr_par' dir='ltr' id='par_1_30' title="bbox 143 2898 1725 2978">
     <span class='ocr_line' id='line_1_30' title="bbox 143 2898 1725 2978; baseline -0.003 -18"><span class='ocrx_word' id='word_1_224' title='bbox 143 2908 325 2978; x_wconf 84' lang='lat' dir='ltr'><strong><em>legem</em></strong></span> <span class='ocrx_word' id='word_1_225' title='bbox 353 2908 408 2960; x_wconf 94' lang='lat' dir='ltr'><strong><em>in</em></strong></span> <span class='ocrx_word' id='word_1_226' title='bbox 456 2898 708 2964; x_wconf 75' lang='lat' dir='ltr'><strong><em>Cordihus</em></strong></span> <span class='ocrx_word' id='word_1_227' title='bbox 752 2903 864 2967; x_wconf 85' lang='lat' dir='ltr'><strong><em>suis</em></strong></span> <span class='ocrx_word' id='word_1_228' title='bbox 913 2902 1223 2977; x_wconf 74' lang='lat' dir='ltr'><strong><em>ostendunt.</em></strong></span> <span class='ocrx_word' id='word_1_229' title='bbox 1255 2902 1367 2957; x_wconf 86' lang='lat' dir='ltr'><strong><em>Lex</em></strong></span> <span class='ocrx_word' id='word_1_230' title='bbox 1397 2902 1566 2957; x_wconf 88' lang='lat' dir='ltr'><strong><em>dicit:</em></strong></span> <span class='ocrx_word' id='word_1_231' title='bbox 1610 2901 1725 2956; x_wconf 84' lang='lat' dir='ltr'><strong><em>Non</em></strong></span> 
     </span>
    </p>
   </div>
   <div class='ocr_carea' id='block_1_31' title="bbox 139 2992 1724 3067">
    <p class='ocr_par' dir='ltr' id='par_1_31' title="bbox 139 2992 1724 3067">
     <span class='ocr_line' id='line_1_31' title="bbox 139 2992 1724 3067; baseline -0.005 -14"><span class='ocrx_word' id='word_1_232' title='bbox 139 2998 384 3053; x_wconf 84' lang='lat' dir='ltr'><strong><em>occides.</em></strong></span> <span class='ocrx_word' id='word_1_233' title='bbox 415 2996 465 3052; x_wconf 91' lang='lat' dir='ltr'><strong><em>Is</em></strong></span> <span class='ocrx_word' id='word_1_234' title='bbox 508 2996 600 3067; x_wconf 88' lang='lat' dir='ltr'><strong><em>qui</em></strong></span> <span class='ocrx_word' id='word_1_235' title='bbox 642 2995 811 3065; x_wconf 80' lang='lat' dir='ltr'><strong><em>legem</em></strong></span> <span class='ocrx_word' id='word_1_236' title='bbox 843 3010 948 3052; x_wconf 88' lang='lat' dir='ltr'><strong><em>non</em></strong></span> <span class='ocrx_word' id='word_1_237' title='bbox 996 2994 1221 3061; x_wconf 86' lang='lat' dir='ltr'><strong><em>accepit,</em></strong></span> <span class='ocrx_word' id='word_1_238' title='bbox 1275 2993 1321 3047; x_wconf 90' lang='lat' dir='ltr'><strong><em>si</em></strong></span> <span class='ocrx_word' id='word_1_239' title='bbox 1352 3007 1457 3047; x_wconf 91' lang='lat' dir='ltr'><strong><em>non</em></strong></span> <span class='ocrx_word' id='word_1_240' title='bbox 1504 2992 1724 3067; x_wconf 77' lang='lat' dir='ltr'><strong><em>occidit,</em></strong></span> 
     </span>
    </p>
   </div>
   <div class='ocr_carea' id='block_1_32' title="bbox 138 3081 1725 3160">
    <p class='ocr_par' dir='ltr' id='par_1_32' title="bbox 138 3081 1725 3160">
     <span class='ocr_line' id='line_1_32' title="bbox 138 3081 1725 3160; baseline -0.007 -16"><span class='ocrx_word' id='word_1_241' title='bbox 138 3091 264 3160; x_wconf 90' lang='lat' dir='ltr'><strong><em>ipse</em></strong></span> <span class='ocrx_word' id='word_1_242' title='bbox 314 3088 415 3143; x_wconf 90' lang='lat' dir='ltr'><strong><em>sibi</em></strong></span> <span class='ocrx_word' id='word_1_243' title='bbox 444 3095 528 3142; x_wconf 87' lang='lat' dir='ltr'><strong><em>est</em></strong></span> <span class='ocrx_word' id='word_1_244' title='bbox 579 3087 686 3140; x_wconf 82' lang='lat' dir='ltr'><strong><em>lex.</em></strong></span> <span class='ocrx_word' id='word_1_245' title='bbox 736 3085 942 3139; x_wconf 88' lang='lat' dir='ltr'><strong><em>Aliter:</em></strong></span> <span class='ocrx_word' id='word_1_246' title='bbox 986 3082 1118 3137; x_wconf 88' lang='lat' dir='ltr'><strong><em>Cum</em></strong></span> <span class='ocrx_word' id='word_1_247' title='bbox 1158 3090 1344 3154; x_wconf 89' lang='lat' dir='ltr'><strong><em>gentes</em></strong></span> <span class='ocrx_word' id='word_1_248' title='bbox 1389 3097 1508 3151; x_wconf 80' lang='lat' dir='ltr'><strong><em>quae</em></strong></span> <span class='ocrx_word' id='word_1_249' title='bbox 1555 3081 1725 3151; x_wconf 85' lang='lat' dir='ltr'><strong><em>legem</em></strong></span> 
     </span>
    </p>
   </div>
   <div class='ocr_carea' id='block_1_33' title="bbox 136 3172 1797 3270">
    <p class='ocr_par' dir='ltr' id='par_1_33' title="bbox 136 3172 1797 3270">
     <span class='ocr_line' id='line_1_33' title="bbox 136 3172 1797 3270; baseline -0.007 -33"><span class='ocrx_word' id='word_1_250' title='bbox 136 3181 318 3252; x_wconf 81' lang='lat' dir='ltr'><strong><em>Moysi</em></strong></span> <span class='ocrx_word' id='word_1_251' title='bbox 357 3195 463 3236; x_wconf 90' lang='lat' dir='ltr'><strong><em>non</em></strong></span> <span class='ocrx_word' id='word_1_252' title='bbox 488 3179 708 3242; x_wconf 85' lang='lat' dir='ltr'><strong><em>habent,</em></strong></span> <span class='ocrx_word' id='word_1_253' title='bbox 738 3194 837 3249; x_wconf 88' lang='lat' dir='ltr'><strong><em>per</em></strong></span> <span class='ocrx_word' id='word_1_254' title='bbox 878 3176 1178 3231; x_wconf 83' lang='lat' dir='ltr'><strong><em>doctrinam</em></strong></span> <span class='ocrx_word' id='word_1_255' title='bbox 1204 3172 1723 3270; x_wconf 65' lang='lat' dir='ltr'><strong><em>Evangeliiimhuti,</em></strong></span> <span class='ocrx_word' id='word_1_256' title='bbox 1752 3207 1797 3270; x_wconf 65' lang='grc' dir='ltr'><strong>Ο</strong></span> 
     </span>
    </p>
   </div>
   <div class='ocr_carea' id='block_1_34' title="bbox 137 3265 1724 3347">
    <p class='ocr_par' dir='ltr' id='par_1_34' title="bbox 137 3265 1724 3347">
     <span class='ocr_line' id='line_1_34' title="bbox 137 3265 1724 3347; baseline -0.005 -19"><span class='ocrx_word' id='word_1_257' title='bbox 137 3272 469 3347; x_wconf 84' lang='lat' dir='ltr'><strong><em>naturaliter</em></strong></span> <span class='ocrx_word' id='word_1_258' title='bbox 484 3286 545 3325; x_wconf 89' lang='lat' dir='ltr'><strong><em>ca</em></strong></span> <span class='ocrx_word' id='word_1_259' title='bbox 564 3270 766 3339; x_wconf 80' lang='lat' dir='ltr'><strong><em>faciunt</em></strong></span> <span class='ocrx_word' id='word_1_260' title='bbox 789 3285 907 3339; x_wconf 66' lang='lat' dir='ltr'><strong><em>qua}</em></strong></span> <span class='ocrx_word' id='word_1_261' title='bbox 924 3269 1007 3327; x_wconf 80' lang='lat' dir='ltr'><strong><em>lex</em></strong></span> <span class='ocrx_word' id='word_1_262' title='bbox 1025 3266 1193 3339; x_wconf 79' lang='lat' dir='ltr'><strong><em>Moysi</em></strong></span> <span class='ocrx_word' id='word_1_263' title='bbox 1216 3266 1485 3338; x_wconf 71' lang='lat' dir='ltr'><strong><em>prmcepit,</em></strong></span> <span class='ocrx_word' id='word_1_264' title='bbox 1501 3266 1599 3338; x_wconf 87' lang='lat' dir='ltr'><strong><em>ipsi</em></strong></span> <span class='ocrx_word' id='word_1_265' title='bbox 1623 3265 1724 3335; x_wconf 84' lang='lat' dir='ltr'><strong><em>sibi</em></strong></span> 
     </span>
    </p>
   </div>
   <div class='ocr_carea' id='block_1_35' title="bbox 134 3357 1723 3435">
    <p class='ocr_par' dir='ltr' id='par_1_35' title="bbox 134 3357 1723 3435">
     <span class='ocr_line' id='line_1_35' title="bbox 134 3357 1723 3435; baseline -0.004 -14"><span class='ocrx_word' id='word_1_266' title='bbox 134 3374 274 3422; x_wconf 86' lang='lat' dir='ltr'><strong><em>sunt</em></strong></span> <span class='ocrx_word' id='word_1_267' title='bbox 296 3364 412 3420; x_wconf 87' lang='lat' dir='ltr'><strong><em>lex:</em></strong></span> <span class='ocrx_word' id='word_1_268' title='bbox 440 3363 567 3435; x_wconf 90' lang='lat' dir='ltr'><strong><em>quia</em></strong></span> <span class='ocrx_word' id='word_1_269' title='bbox 591 3362 790 3431; x_wconf 81' lang='lat' dir='ltr'><strong><em>habent</em></strong></span> <span class='ocrx_word' id='word_1_270' title='bbox 815 3361 1055 3419; x_wconf 88' lang='lat' dir='ltr'><strong><em>eamdem</em></strong></span> <span class='ocrx_word' id='word_1_271' title='bbox 1086 3360 1256 3431; x_wconf 83' lang='lat' dir='ltr'><strong><em>legem</em></strong></span> <span class='ocrx_word' id='word_1_272' title='bbox 1280 3357 1447 3431; x_wconf 84' lang='lat' dir='ltr'><strong><em>Moysi</em></strong></span> <span class='ocrx_word' id='word_1_273' title='bbox 1470 3359 1723 3435; x_wconf 87' lang='lat' dir='ltr'><strong><em>scriptam</em></strong></span> 
     </span>
    </p>
   </div>
   <div class='ocr_carea' id='block_1_36' title="bbox 134 3450 1722 3531">
    <p class='ocr_par' dir='ltr' id='par_1_36' title="bbox 134 3450 1722 3531">
     <span class='ocr_line' id='line_1_36' title="bbox 134 3450 1722 3531; baseline -0.006 -18"><span class='ocrx_word' id='word_1_274' title='bbox 134 3461 193 3513; x_wconf 88' lang='lat' dir='ltr'><strong><em>ill</em></strong></span> <span class='ocrx_word' id='word_1_275' title='bbox 236 3455 487 3531; x_wconf 85' lang='lat' dir='ltr'><strong><em>cordibus</em></strong></span> <span class='ocrx_word' id='word_1_276' title='bbox 513 3454 625 3512; x_wconf 89' lang='lat' dir='ltr'><strong><em>suis</em></strong></span> <span class='ocrx_word' id='word_1_277' title='bbox 650 3454 996 3523; x_wconf 84' lang='lat' dir='ltr'><strong><em>inspiratione</em></strong></span> <span class='ocrx_word' id='word_1_278' title='bbox 1014 3453 1394 3521; x_wconf 88' lang='lat' dir='ltr'><strong><em>omnipotentis</em></strong></span> <span class='ocrx_word' id='word_1_279' title='bbox 1413 3451 1529 3506; x_wconf 87' lang='lat' dir='ltr'><strong><em>Dei.</em></strong></span> <span class='ocrx_word' id='word_1_280' title='bbox 1557 3450 1598 3504; x_wconf 85' lang='grc' dir='ltr'>Τ</span> <span class='ocrx_word' id='word_1_281' title='bbox 1599 3451 1722 3505; x_wconf 85' lang='lat' dir='ltr'><strong><em>esti-</em></strong></span> 
     </span>
    </p>
   </div>
   <div class='ocr_carea' id='block_1_37' title="bbox 136 3532 1724 3617">
    <p class='ocr_par' dir='ltr' id='par_1_37' title="bbox 136 3532 1724 3617">
     <span class='ocr_line' id='line_1_37' title="bbox 136 3532 1724 3617; baseline -0.004 -12"><span class='ocrx_word' id='word_1_282' title='bbox 136 3550 383 3605; x_wconf 86' lang='lat' dir='ltr'><strong><em>monium</em></strong></span> <span class='ocrx_word' id='word_1_283' title='bbox 412 3545 516 3603; x_wconf 83' lang='lat' dir='ltr'><strong><em>illis</em></strong></span> <span class='ocrx_word' id='word_1_284' title='bbox 541 3546 782 3617; x_wconf 85' lang='lat' dir='ltr'><strong><em>reddente</em></strong></span> <span class='ocrx_word' id='word_1_285' title='bbox 806 3544 1121 3600; x_wconf 86' lang='lat' dir='ltr'><strong><em>conscientia</em></strong></span> <span class='ocrx_word' id='word_1_286' title='bbox 1143 3545 1391 3615; x_wconf 85' lang='lat' dir='ltr'><strong><em>ipsorum,</em></strong></span> <span class='ocrx_word' id='word_1_287' title='bbox 1422 3553 1471 3597; x_wconf 86' lang='lat' dir='ltr'><strong><em>et</em></strong></span> <span class='ocrx_word' id='word_1_288' title='bbox 1500 3532 1637 3603; x_wconf 86' lang='lat' dir='ltr'><strong><em>inter</em></strong></span> <span class='ocrx_word' id='word_1_289' title='bbox 1670 3559 1724 3598; x_wconf 81' lang='lat' dir='ltr'><strong><em>se</em></strong></span> 
     </span>
    </p>
   </div>
   <div class='ocr_carea' id='block_1_38' title="bbox 128 3633 1726 3709">
    <p class='ocr_par' dir='ltr' id='par_1_38' title="bbox 128 3633 1726 3709">
     <span class='ocr_line' id='line_1_38' title="bbox 128 3633 1726 3709; baseline -0.006 -13"><span class='ocrx_word' id='word_1_290' title='bbox 128 3641 360 3696; x_wconf 81' lang='lat' dir='ltr'><strong><em>invicem</em></strong></span> <span class='ocrx_word' id='word_1_291' title='bbox 383 3637 753 3709; x_wconf 87' lang='lat' dir='ltr'><strong><em>cogitationum</em></strong></span> <span class='ocrx_word' id='word_1_292' title='bbox 773 3635 1151 3699; x_wconf 82' lang='lat' dir='ltr'><strong><em>accusantium,</em></strong></span> <span class='ocrx_word' id='word_1_293' title='bbox 1170 3643 1259 3687; x_wconf 87' lang='lat' dir='ltr'><strong><em>aut</em></strong></span> <span class='ocrx_word' id='word_1_294' title='bbox 1276 3633 1431 3687; x_wconf 89' lang='lat' dir='ltr'><strong><em>etiam</em></strong></span> <span class='ocrx_word' id='word_1_295' title='bbox 1451 3633 1726 3702; x_wconf 82' lang='lat' dir='ltr'><strong><em>defenden-</em></strong></span> 
     </span>
    </p>
   </div>
   <div class='ocr_carea' id='block_1_39' title="bbox 129 3723 1722 3799">
    <p class='ocr_par' dir='ltr' id='par_1_39' title="bbox 129 3723 1722 3799">
     <span class='ocr_line' id='line_1_39' title="bbox 129 3723 1722 3799; baseline -0.005 -12"><span class='ocrx_word' id='word_1_296' title='bbox 129 3734 279 3787; x_wconf 87' lang='lat' dir='ltr'><strong><em>tium</em></strong></span> <span class='ocrx_word' id='word_1_297' title='bbox 305 3749 317 3784; x_wconf 94' lang='lat'><strong><em>:</em></strong></span> <span class='ocrx_word' id='word_1_298' title='bbox 345 3730 414 3785; x_wconf 90' lang='lat' dir='ltr'><strong><em>Et</em></strong></span> <span class='ocrx_word' id='word_1_299' title='bbox 439 3729 655 3799; x_wconf 87' lang='lat' dir='ltr'><strong><em>quando</em></strong></span> <span class='ocrx_word' id='word_1_300' title='bbox 679 3727 781 3782; x_wconf 89' lang='lat' dir='ltr'><strong><em>hoc</em></strong></span> <span class='ocrx_word' id='word_1_301' title='bbox 803 3727 827 3780; x_wconf 67' lang='grc' dir='ltr'>ἲ</span> <span class='ocrx_word' id='word_1_302' title='bbox 852 3725 917 3781; x_wconf 83' lang='grc' dir='ltr'><strong><em>1η</em></strong></span> <span class='ocrx_word' id='word_1_303' title='bbox 944 3726 1029 3780; x_wconf 88' lang='lat' dir='ltr'><strong><em>die</em></strong></span> <span class='ocrx_word' id='word_1_304' title='bbox 1053 3742 1169 3778; x_wconf 86' lang='lat' dir='ltr'><strong><em>cum</em></strong></span> <span class='ocrx_word' id='word_1_305' title='bbox 1185 3723 1446 3797; x_wconf 80' lang='lat' dir='ltr'><strong><em>judicabit</em></strong></span> <span class='ocrx_word' id='word_1_306' title='bbox 1469 3724 1722 3779; x_wconf 85' lang='lat' dir='ltr'><strong><em>Dominus</em></strong></span> 
     </span>
    </p>
   </div>
   <div class='ocr_carea' id='block_1_40' title="bbox 129 3815 1724 3885">
    <p class='ocr_par' dir='ltr' id='par_1_40' title="bbox 129 3815 1724 3885">
     <span class='ocr_line' id='line_1_40' title="bbox 129 3815 1724 3885; baseline -0.004 -10"><span class='ocrx_word' id='word_1_307' title='bbox 129 3820 351 3876; x_wconf 83' lang='lat' dir='ltr'><strong><em>occulta</em></strong></span> <span class='ocrx_word' id='word_1_308' title='bbox 374 3820 642 3873; x_wconf 80' lang='lat' dir='ltr'><strong><em>hominum</em></strong></span> <span class='ocrx_word' id='word_1_309' title='bbox 673 3817 957 3871; x_wconf 85' lang='lat' dir='ltr'><strong><em>secundum</em></strong></span> <span class='ocrx_word' id='word_1_310' title='bbox 976 3815 1316 3885; x_wconf 84' lang='lat' dir='ltr'><strong><em>Evangelium</em></strong></span> <span class='ocrx_word' id='word_1_311' title='bbox 1344 3831 1533 3880; x_wconf 87' lang='lat' dir='ltr'><strong><em>meum,</em></strong></span> <span class='ocrx_word' id='word_1_312' title='bbox 1565 3815 1615 3868; x_wconf 94' lang='lat' dir='ltr'><strong><em>id</em></strong></span> <span class='ocrx_word' id='word_1_313' title='bbox 1642 3823 1724 3869; x_wconf 87' lang='lat' dir='ltr'><strong><em>est</em></strong></span> 
     </span>
    </p>
   </div>
   <div class='ocr_carea' id='block_1_41' title="bbox 129 3906 1725 3979">
    <p class='ocr_par' dir='ltr' id='par_1_41' title="bbox 129 3906 1725 3979">
     <span class='ocr_line' id='line_1_41' title="bbox 129 3906 1725 3979; baseline -0.004 -10"><span class='ocrx_word' id='word_1_314' title='bbox 129 3912 441 3969; x_wconf 86' lang='lat' dir='ltr'><strong><em>secundum</em></strong></span> <span class='ocrx_word' id='word_1_315' title='bbox 457 3911 597 3979; x_wconf 89' lang='lat' dir='ltr'><strong><em>quod</em></strong></span> <span class='ocrx_word' id='word_1_316' title='bbox 610 3924 709 3977; x_wconf 87' lang='lat' dir='ltr'><strong><em>ego</em></strong></span> <span class='ocrx_word' id='word_1_317' title='bbox 738 3910 996 3964; x_wconf 90' lang='lat' dir='ltr'><strong><em>annuntio</em></strong></span> <span class='ocrx_word' id='word_1_318' title='bbox 1025 3910 1173 3965; x_wconf 83' lang='lat' dir='ltr'><strong><em>vobis</em></strong></span> <span class='ocrx_word' id='word_1_319' title='bbox 1191 3928 1208 3960; x_wconf 88' lang='grc'><strong><em>‹</em></strong></span> <span class='ocrx_word' id='word_1_320' title='bbox 1237 3906 1615 3977; x_wconf 83' lang='lat' dir='ltr'><strong><em>perChristum</em></strong></span> <span class='ocrx_word' id='word_1_321' title='bbox 1637 3906 1725 3975; x_wconf 70' lang='lat' dir='ltr'><strong><em>le-</em></strong></span> 
     </span>
    </p>
   </div>
   <div class='ocr_carea' id='block_1_42' title="bbox 121 3998 1718 4084">
    <p class='ocr_par' dir='ltr' id='par_1_42' title="bbox 121 3998 1718 4084">
     <span class='ocr_line' id='line_1_42' title="bbox 121 3998 1718 4084; baseline -0.005 -24"><span class='ocrx_word' id='word_1_322' title='bbox 121 4017 317 4062; x_wconf 60' lang='lat' dir='ltr'><strong><em>suma</em></strong></span> <span class='ocrx_word' id='word_1_323' title='bbox 340 4002 442 4055; x_wconf 90' lang='lat' dir='ltr'><strong><em>Per</em></strong></span> <span class='ocrx_word' id='word_1_324' title='bbox 468 4001 616 4055; x_wconf 89' lang='lat' dir='ltr'><strong><em>illum</em></strong></span> <span class='ocrx_word' id='word_1_325' title='bbox 637 3999 971 4069; x_wconf 88' lang='lat' dir='ltr'><strong><em>judicaturus</em></strong></span> <span class='ocrx_word' id='word_1_326' title='bbox 994 4009 1075 4053; x_wconf 87' lang='lat' dir='ltr'><strong><em>est</em></strong></span> <span class='ocrx_word' id='word_1_327' title='bbox 1096 4000 1239 4054; x_wconf 90' lang='lat' dir='ltr'><strong><em>Deus</em></strong></span> <span class='ocrx_word' id='word_1_328' title='bbox 1257 3998 1418 4054; x_wconf 86' lang='lat' dir='ltr'><strong><em>Pater</em></strong></span> <span class='ocrx_word' id='word_1_329' title='bbox 1444 3999 1718 4084; x_wconf 51' lang='lat' dir='ltr'><strong><em>mundum,</em></strong></span> 
     </span>
    </p>
   </div>
   <div class='ocr_carea' id='block_1_43' title="bbox 118 4086 1724 4161">
    <p class='ocr_par' dir='ltr' id='par_1_43' title="bbox 118 4086 1724 4161">
     <span class='ocr_line' id='line_1_43' title="bbox 118 4086 1724 4161; baseline -0.002 -12"><span class='ocrx_word' id='word_1_330' title='bbox 118 4095 287 4149; x_wconf 80' lang='lat' dir='ltr'><strong><em>sicut</em></strong></span> <span class='ocrx_word' id='word_1_331' title='bbox 300 4092 410 4159; x_wconf 87' lang='lat' dir='ltr'><strong><em>ipse</em></strong></span> <span class='ocrx_word' id='word_1_332' title='bbox 428 4089 590 4144; x_wconf 79' lang='lat' dir='ltr'><strong><em>dixit:</em></strong></span> <span class='ocrx_word' id='word_1_333' title='bbox 611 4086 770 4142; x_wconf 86' lang='lat' dir='ltr'><strong><em>Pater</em></strong></span> <span class='ocrx_word' id='word_1_334' title='bbox 786 4089 1098 4158; x_wconf 82' lang='lat' dir='ltr'><strong><em>nonjudicat</em></strong></span> <span class='ocrx_word' id='word_1_335' title='bbox 1114 4105 1448 4161; x_wconf 83' lang='lat' dir='ltr'><strong><em>quemquam,</em></strong></span> <span class='ocrx_word' id='word_1_336' title='bbox 1463 4092 1554 4144; x_wconf 88' lang='lat' dir='ltr'><strong><em>sed</em></strong></span> <span class='ocrx_word' id='word_1_337' title='bbox 1575 4106 1724 4146; x_wconf 86' lang='lat' dir='ltr'><strong><em>omne</em></strong></span> 
     </span>
    </p>
   </div>
   <div class='ocr_carea' id='block_1_44' title="bbox 110 4175 1724 4255">
    <p class='ocr_par' dir='ltr' id='par_1_44' title="bbox 110 4175 1724 4255">
     <span class='ocr_line' id='line_1_44' title="bbox 110 4175 1724 4255; baseline -0.001 -20"><span class='ocrx_word' id='word_1_338' title='bbox 110 4179 402 4254; x_wconf 80' lang='lat' dir='ltr'><strong><em>judicium</em></strong></span> <span class='ocrx_word' id='word_1_339' title='bbox 445 4177 587 4241; x_wconf 84' lang='lat' dir='ltr'><strong><em>dedit</em></strong></span> <span class='ocrx_word' id='word_1_340' title='bbox 616 4175 759 4255; x_wconf 80' lang='lat' dir='ltr'><strong><em>Filio</em></strong></span> <span class='ocrx_word' id='word_1_341' title='bbox 792 4177 974 4249; x_wconf 78' lang='lat' dir='ltr'><strong><em>(loan.</em></strong></span> <span class='ocrx_word' id='word_1_342' title='bbox 1005 4177 1082 4249; x_wconf 90' lang='lat' dir='ltr'><strong><em>v).</em></strong></span> <span class='ocrx_word' id='word_1_343' title='bbox 1118 4178 1271 4233; x_wconf 90' lang='lat' dir='ltr'><strong><em>Sicut</em></strong></span> <span class='ocrx_word' id='word_1_344' title='bbox 1299 4179 1435 4250; x_wconf 82' lang='lat' dir='ltr'><strong><em>stylo</em></strong></span> <span class='ocrx_word' id='word_1_345' title='bbox 1462 4179 1724 4250; x_wconf 87' lang='lat' dir='ltr'><strong><em>imprimi-</em></strong></span> 
     </span>
    </p>
   </div>
   <div class='ocr_carea' id='block_1_45' title="bbox 118 4266 1726 4339">
    <p class='ocr_par' dir='ltr' id='par_1_45' title="bbox 118 4266 1726 4339">
     <span class='ocr_line' id='line_1_45' title="bbox 118 4266 1726 4339; baseline -0.002 -11"><span class='ocrx_word' id='word_1_346' title='bbox 118 4283 237 4328; x_wconf 87' lang='lat' dir='ltr'><strong><em>tur</em></strong></span> <span class='ocrx_word' id='word_1_347' title='bbox 283 4276 409 4325; x_wconf 87' lang='lat' dir='ltr'><strong><em>nota</em></strong></span> <span class='ocrx_word' id='word_1_348' title='bbox 453 4268 506 4323; x_wconf 92' lang='lat' dir='ltr'><strong><em>in</em></strong></span> <span class='ocrx_word' id='word_1_349' title='bbox 553 4283 673 4327; x_wconf 87' lang='lat' dir='ltr'><strong><em>cera</em></strong></span> <span class='ocrx_word' id='word_1_350' title='bbox 699 4309 713 4333; x_wconf 92' lang='lat'><strong><em>,</em></strong></span> <span class='ocrx_word' id='word_1_351' title='bbox 745 4266 823 4333; x_wconf 83' lang='lat' dir='ltr'><strong><em>sic</em></strong></span> <span class='ocrx_word' id='word_1_352' title='bbox 857 4269 1101 4339; x_wconf 64' lang='lat' dir='ltr'><strong><em>qualdam</em></strong></span> <span class='ocrx_word' id='word_1_353' title='bbox 1150 4276 1291 4335; x_wconf 71' lang='lat' dir='ltr'><strong><em>notae</em></strong></span> <span class='ocrx_word' id='word_1_354' title='bbox 1336 4267 1599 4327; x_wconf 86' lang='lat' dir='ltr'><strong><em>malarum</em></strong></span> <span class='ocrx_word' id='word_1_355' title='bbox 1630 4279 1726 4335; x_wconf 85' lang='lat' dir='ltr'><strong><em>aut</em></strong></span> 
     </span>
    </p>
   </div>
   <div class='ocr_carea' id='block_1_46' title="bbox 119 4357 1723 4428">
    <p class='ocr_par' dir='ltr' id='par_1_46' title="bbox 119 4357 1723 4428">
     <span class='ocr_line' id='line_1_46' title="bbox 119 4357 1723 4428; baseline 0 -13"><span class='ocrx_word' id='word_1_356' title='bbox 119 4361 410 4415; x_wconf 85' lang='lat' dir='ltr'><strong><em>bonarum</em></strong></span> <span class='ocrx_word' id='word_1_357' title='bbox 456 4357 844 4428; x_wconf 84' lang='lat' dir='ltr'><strong><em>cogitationum</em></strong></span> <span class='ocrx_word' id='word_1_358' title='bbox 892 4360 1127 4427; x_wconf 88' lang='lat' dir='ltr'><strong><em>liguntur</em></strong></span> <span class='ocrx_word' id='word_1_359' title='bbox 1167 4358 1222 4413; x_wconf 90' lang='lat' dir='ltr'><strong><em>in</em></strong></span> <span class='ocrx_word' id='word_1_360' title='bbox 1268 4366 1450 4413; x_wconf 87' lang='lat' dir='ltr'><strong><em>mente</em></strong></span> <span class='ocrx_word' id='word_1_361' title='bbox 1495 4365 1552 4421; x_wconf 86' lang='lat' dir='ltr'><strong><em>et</em></strong></span> <span class='ocrx_word' id='word_1_362' title='bbox 1594 4373 1723 4423; x_wconf 55' lang='lat' dir='ltr'><strong><em>con-,-</em></strong></span> 
     </span>
    </p>
   </div>
   <div class='ocr_carea' id='block_1_47' title="bbox 121 4447 1722 4523">
    <p class='ocr_par' dir='ltr' id='par_1_47' title="bbox 121 4447 1722 4523">
     <span class='ocr_line' id='line_1_47' title="bbox 121 4447 1722 4523; baseline 0.001 -16"><span class='ocrx_word' id='word_1_363' title='bbox 121 4447 367 4507; x_wconf 80' lang='lat' dir='ltr'><strong><em>scicntia</em></strong></span> <span class='ocrx_word' id='word_1_364' title='bbox 392 4458 598 4515; x_wconf 86' lang='lat' dir='ltr'><strong><em>nostra,</em></strong></span> <span class='ocrx_word' id='word_1_365' title='bbox 627 4464 747 4520; x_wconf 78' lang='lat' dir='ltr'><strong><em>qua:</em></strong></span> <span class='ocrx_word' id='word_1_366' title='bbox 774 4448 1231 4523; x_wconf 88' lang='lat' dir='ltr'><strong><em>autaccusahunt,</em></strong></span> <span class='ocrx_word' id='word_1_367' title='bbox 1254 4456 1347 4504; x_wconf 89' lang='lat' dir='ltr'><strong><em>aut</em></strong></span> <span class='ocrx_word' id='word_1_368' title='bbox 1367 4458 1515 4505; x_wconf 89' lang='lat' dir='ltr'><strong><em>certe</em></strong></span> <span class='ocrx_word' id='word_1_369' title='bbox 1536 4450 1722 4512; x_wconf 61' lang='lat' dir='ltr'><strong><em>defellr</em></strong></span> 
     </span>
    </p>
   </div>
   <div class='ocr_carea' id='block_1_48' title="bbox 120 4525 1717 4612">
    <p class='ocr_par' dir='ltr' id='par_1_48' title="bbox 120 4525 1717 4612">
     <span class='ocr_line' id='line_1_48' title="bbox 120 4525 1717 4612; baseline -0.001 -13"><span class='ocrx_word' id='word_1_370' title='bbox 120 4544 269 4599; x_wconf 88' lang='lat' dir='ltr'><strong><em>dent</em></strong></span> <span class='ocrx_word' id='word_1_371' title='bbox 286 4554 385 4595; x_wconf 91' lang='lat' dir='ltr'><strong><em>nos</em></strong></span> <span class='ocrx_word' id='word_1_372' title='bbox 407 4539 460 4594; x_wconf 87' lang='lat' dir='ltr'><strong><em>in</em></strong></span> <span class='ocrx_word' id='word_1_373' title='bbox 483 4540 568 4594; x_wconf 90' lang='lat' dir='ltr'><strong><em>die</em></strong></span> <span class='ocrx_word' id='word_1_374' title='bbox 587 4525 799 4610; x_wconf 87' lang='lat' dir='ltr'><strong><em>judicii,</em></strong></span> <span class='ocrx_word' id='word_1_375' title='bbox 818 4540 1033 4610; x_wconf 89' lang='lat' dir='ltr'><strong><em>quando</em></strong></span> <span class='ocrx_word' id='word_1_376' title='bbox 1055 4556 1160 4596; x_wconf 90' lang='lat' dir='ltr'><strong><em>non</em></strong></span> <span class='ocrx_word' id='word_1_377' title='bbox 1187 4539 1361 4597; x_wconf 90' lang='lat' dir='ltr'><strong><em>solum</em></strong></span> <span class='ocrx_word' id='word_1_378' title='bbox 1390 4549 1602 4612; x_wconf 85' lang='lat' dir='ltr'><strong><em>aperta,</em></strong></span> <span class='ocrx_word' id='word_1_379' title='bbox 1624 4544 1717 4598; x_wconf 83' lang='lat' dir='ltr'><strong><em>sed</em></strong></span> 
     </span>
    </p>
   </div>
   <div class='ocr_carea' id='block_1_49' title="bbox 118 4621 1711 4700">
    <p class='ocr_par' dir='ltr' id='par_1_49' title="bbox 118 4621 1711 4700">
     <span class='ocr_line' id='line_1_49' title="bbox 118 4621 1711 4700; baseline 0 -13"><span class='ocrx_word' id='word_1_380' title='bbox 118 4631 302 4687; x_wconf 82' lang='lat' dir='ltr'><strong><em>etiam</em></strong></span> <span class='ocrx_word' id='word_1_381' title='bbox 342 4644 462 4700; x_wconf 72' lang='lat' dir='ltr'><strong><em>qua:</em></strong></span> <span class='ocrx_word' id='word_1_382' title='bbox 492 4621 654 4687; x_wconf 83' lang='lat' dir='ltr'><strong><em>modo</em></strong></span> <span class='ocrx_word' id='word_1_383' title='bbox 694 4639 820 4685; x_wconf 87' lang='lat' dir='ltr'><strong><em>sunt</em></strong></span> <span class='ocrx_word' id='word_1_384' title='bbox 857 4631 1013 4686; x_wconf 90' lang='lat' dir='ltr'><strong><em>nobis</em></strong></span> <span class='ocrx_word' id='word_1_385' title='bbox 1059 4631 1270 4687; x_wconf 89' lang='lat' dir='ltr'><strong><em>occulta</em></strong></span> <span class='ocrx_word' id='word_1_386' title='bbox 1307 4630 1711 4699; x_wconf 76' lang='lat' dir='ltr'><strong><em>iudicabuntur.</em></strong></span> 
     </span>
    </p>
   </div>
   <div class='ocr_carea' id='block_1_50' title="bbox 120 4719 1717 4795">
    <p class='ocr_par' dir='ltr' id='par_1_50' title="bbox 120 4719 1717 4795">
     <span class='ocr_line' id='line_1_50' title="bbox 120 4719 1717 4795; baseline 0.001 -19"><span class='ocrx_word' id='word_1_387' title='bbox 120 4723 185 4776; x_wconf 85' lang='lat' dir='ltr'><strong><em>In</em></strong></span> <span class='ocrx_word' id='word_1_388' title='bbox 225 4719 328 4775; x_wconf 91' lang='lat' dir='ltr'><strong><em>hoc</em></strong></span> <span class='ocrx_word' id='word_1_389' title='bbox 357 4734 486 4791; x_wconf 90' lang='lat' dir='ltr'><strong><em>ergo</em></strong></span> <span class='ocrx_word' id='word_1_390' title='bbox 517 4719 884 4777; x_wconf 88' lang='lat' dir='ltr'><strong><em>testimonium</em></strong></span> <span class='ocrx_word' id='word_1_391' title='bbox 914 4721 1068 4776; x_wconf 90' lang='lat' dir='ltr'><strong><em>nobis</em></strong></span> <span class='ocrx_word' id='word_1_392' title='bbox 1095 4722 1400 4795; x_wconf 83' lang='lat' dir='ltr'><strong><em>perhibebit</em></strong></span> <span class='ocrx_word' id='word_1_393' title='bbox 1440 4724 1717 4781; x_wconf 87' lang='lat' dir='ltr'><strong><em>conscien-</em></strong></span> 
     </span>
    </p>
   </div>
   <div class='ocr_carea' id='block_1_51' title="bbox 123 4813 1712 4888">
    <p class='ocr_par' dir='ltr' id='par_1_51' title="bbox 123 4813 1712 4888">
     <span class='ocr_line' id='line_1_51' title="bbox 123 4813 1712 4888; baseline 0.001 -18"><span class='ocrx_word' id='word_1_394' title='bbox 123 4819 211 4870; x_wconf 89' lang='lat' dir='ltr'><strong><em>tia</em></strong></span> <span class='ocrx_word' id='word_1_395' title='bbox 264 4823 487 4881; x_wconf 85' lang='lat' dir='ltr'><strong><em>nostra,</em></strong></span> <span class='ocrx_word' id='word_1_396' title='bbox 540 4815 667 4885; x_wconf 88' lang='lat' dir='ltr'><strong><em>quia</em></strong></span> <span class='ocrx_word' id='word_1_397' title='bbox 709 4813 1079 4869; x_wconf 82' lang='lat' dir='ltr'><strong><em>lnanilestabit</em></strong></span> <span class='ocrx_word' id='word_1_398' title='bbox 1123 4814 1280 4870; x_wconf 89' lang='lat' dir='ltr'><strong><em>nobis</em></strong></span> <span class='ocrx_word' id='word_1_399' title='bbox 1325 4823 1506 4871; x_wconf 92' lang='lat' dir='ltr'><strong><em>utrum</em></strong></span> <span class='ocrx_word' id='word_1_400' title='bbox 1557 4818 1712 4888; x_wconf 88' lang='lat' dir='ltr'><strong><em>plura</em></strong></span> 
     </span>
    </p>
   </div>
   <div class='ocr_carea' id='block_1_52' title="bbox 122 4907 1710 4980">
    <p class='ocr_par' dir='ltr' id='par_1_52' title="bbox 122 4907 1710 4980">
     <span class='ocr_line' id='line_1_52' title="bbox 122 4907 1710 4980; baseline 0.002 -19"><span class='ocrx_word' id='word_1_401' title='bbox 122 4914 357 4980; x_wconf 86' lang='lat' dir='ltr'><strong><em>peccata</em></strong></span> <span class='ocrx_word' id='word_1_402' title='bbox 388 4907 494 4961; x_wconf 91' lang='lat' dir='ltr'><strong><em>sint</em></strong></span> <span class='ocrx_word' id='word_1_403' title='bbox 518 4922 586 4961; x_wconf 90' lang='lat' dir='ltr'><strong><em>an</em></strong></span> <span class='ocrx_word' id='word_1_404' title='bbox 612 4907 751 4961; x_wconf 89' lang='lat' dir='ltr'><strong><em>bona</em></strong></span> <span class='ocrx_word' id='word_1_405' title='bbox 771 4921 955 4976; x_wconf 88' lang='lat' dir='ltr'><strong><em>opera,</em></strong></span> <span class='ocrx_word' id='word_1_406' title='bbox 978 4914 1033 4960; x_wconf 89' lang='lat' dir='ltr'><strong><em>et</em></strong></span> <span class='ocrx_word' id='word_1_407' title='bbox 1051 4914 1230 4961; x_wconf 89' lang='lat' dir='ltr'><strong><em>utrum</em></strong></span> <span class='ocrx_word' id='word_1_408' title='bbox 1255 4916 1436 4961; x_wconf 83' lang='lat' dir='ltr'><strong><em>vetera</em></strong></span> <span class='ocrx_word' id='word_1_409' title='bbox 1463 4923 1528 4962; x_wconf 86' lang='lat' dir='ltr'><strong><em>an</em></strong></span> <span class='ocrx_word' id='word_1_410' title='bbox 1552 4924 1710 4973; x_wconf 86' lang='lat' dir='ltr'><strong><em>nova,</em></strong></span> 
     </span>
    </p>
   </div>
   <div class='ocr_carea' id='block_1_53' title="bbox 124 4999 1713 5071">
    <p class='ocr_par' dir='ltr' id='par_1_53' title="bbox 124 4999 1713 5071">
     <span class='ocr_line' id='line_1_53' title="bbox 124 4999 1713 5071; baseline 0.001 -16"><span class='ocrx_word' id='word_1_411' title='bbox 124 5012 318 5055; x_wconf 87' lang='lat' dir='ltr'><strong><em>utrum</em></strong></span> <span class='ocrx_word' id='word_1_412' title='bbox 359 5000 532 5055; x_wconf 88' lang='lat' dir='ltr'><strong><em>deleta</em></strong></span> <span class='ocrx_word' id='word_1_413' title='bbox 571 5015 666 5071; x_wconf 86' lang='lat' dir='ltr'><strong><em>per</em></strong></span> <span class='ocrx_word' id='word_1_414' title='bbox 694 4999 1066 5071; x_wconf 59' lang='lat' dir='ltr'><strong><em>prellitcntialn</em></strong></span> <span class='ocrx_word' id='word_1_415' title='bbox 1114 5015 1179 5053; x_wconf 86' lang='lat' dir='ltr'><strong><em>an</em></strong></span> <span class='ocrx_word' id='word_1_416' title='bbox 1229 5000 1382 5071; x_wconf 79' lang='lat' dir='ltr'><strong><em>novis</em></strong></span> <span class='ocrx_word' id='word_1_417' title='bbox 1421 5001 1713 5057; x_wconf 86' lang='lat' dir='ltr'><strong><em>sceleribus</em></strong></span> 
     </span>
    </p>
   </div>
   <div class='ocr_carea' id='block_1_54' title="bbox 126 5088 709 5147">
    <p class='ocr_par' dir='ltr' id='par_1_54' title="bbox 126 5088 709 5147">
     <span class='ocr_line' id='line_1_54' title="bbox 126 5088 709 5147; baseline -0.002 0"><span class='ocrx_word' id='word_1_418' title='bbox 126 5092 431 5147; x_wconf 89' lang='lat' dir='ltr'><strong><em>cumulata.</em></strong></span> <span class='ocrx_word' id='word_1_419' title='bbox 705 5088 709 5095; x_wconf 83' lang='grc'><em>’</em></span> 
     </span>
    </p>
   </div>
   <div class='ocr_carea' id='block_1_55' title="bbox 208 5198 1711 5279">
    <p class='ocr_par' dir='ltr' id='par_1_55' title="bbox 208 5198 1711 5279">
     <span class='ocr_line' id='line_1_55' title="bbox 208 5198 1711 5279; baseline 0.001 -19"><span class='ocrx_word' id='word_1_420' title='bbox 208 5198 269 5260; x_wconf 87' lang='lat' dir='ltr'><strong><em>Si</em></strong></span> <span class='ocrx_word' id='word_1_421' title='bbox 313 5216 489 5261; x_wconf 86' lang='lat' dir='ltr'><strong><em>autem</em></strong></span> <span class='ocrx_word' id='word_1_422' title='bbox 535 5217 593 5269; x_wconf 83' lang='lat' dir='ltr'><strong><em>tu</em></strong></span> <span class='ocrx_word' id='word_1_423' title='bbox 637 5207 859 5267; x_wconf 75' lang='lat' dir='ltr'><strong><em>Judccus</em></strong></span> <span class='ocrx_word' id='word_1_424' title='bbox 905 5208 1323 5279; x_wconf 81' lang='lat' dir='ltr'><strong><em>cognominaris,</em></strong></span> <span class='ocrx_word' id='word_1_425' title='bbox 1374 5208 1631 5265; x_wconf 84' lang='lat' dir='ltr'><strong><em>subaudis</em></strong></span> <span class='ocrx_word' id='word_1_426' title='bbox 1682 5224 1711 5262; x_wconf 91' lang='lat' dir='ltr'><strong><em>a</em></strong></span> 
     </span>
    </p>
   </div>
   <div class='ocr_carea' id='block_1_56' title="bbox 124 5297 1714 5371">
    <p class='ocr_par' dir='ltr' id='par_1_56' title="bbox 124 5297 1714 5371">
     <span class='ocr_line' id='line_1_56' title="bbox 124 5297 1714 5371; baseline 0 -19"><span class='ocrx_word' id='word_1_427' title='bbox 124 5297 273 5353; x_wconf 87' lang='lat' dir='ltr'><strong><em>Juda</em></strong></span> <span class='ocrx_word' id='word_1_428' title='bbox 319 5299 651 5370; x_wconf 85' lang='lat' dir='ltr'><strong><em>patriarcha.</em></strong></span> <span class='ocrx_word' id='word_1_429' title='bbox 694 5299 762 5354; x_wconf 86' lang='lat' dir='ltr'><strong><em>Et</em></strong></span> <span class='ocrx_word' id='word_1_430' title='bbox 803 5301 1079 5371; x_wconf 80' lang='lat' dir='ltr'><strong><em>rcquicscis</em></strong></span> <span class='ocrx_word' id='word_1_431' title='bbox 1106 5302 1160 5353; x_wconf 89' lang='lat' dir='ltr'><strong><em>in</em></strong></span> <span class='ocrx_word' id='word_1_432' title='bbox 1195 5299 1322 5371; x_wconf 75' lang='lat' dir='ltr'><strong><em>lege.</em></strong></span> <span class='ocrx_word' id='word_1_433' title='bbox 1355 5298 1504 5353; x_wconf 82' lang='lat' dir='ltr'><strong><em>Illam</em></strong></span> <span class='ocrx_word' id='word_1_434' title='bbox 1533 5298 1714 5370; x_wconf 85' lang='lat' dir='ltr'><strong><em>legen-</em></strong></span> 
     </span>
    </p>
   </div>
   <div class='ocr_carea' id='block_1_57' title="bbox 80 5382 1711 5456">
    <p class='ocr_par' dir='ltr' id='par_1_57' title="bbox 80 5382 1711 5456">
     <span class='ocr_line' id='line_1_57' title="bbox 80 5382 1711 5456; baseline 0.002 -15"><span class='ocrx_word' id='word_1_435' title='bbox 80 5382 88 5387; x_wconf 82' lang='grc'><em>”</em></span> <span class='ocrx_word' id='word_1_436' title='bbox 126 5387 227 5453; x_wconf 91' lang='lat' dir='ltr'><strong><em>do,</em></strong></span> <span class='ocrx_word' id='word_1_437' title='bbox 255 5389 585 5456; x_wconf 87' lang='lat' dir='ltr'><strong><em>meditando,</em></strong></span> <span class='ocrx_word' id='word_1_438' title='bbox 618 5397 674 5446; x_wconf 88' lang='lat' dir='ltr'><strong><em>et</em></strong></span> <span class='ocrx_word' id='word_1_439' title='bbox 699 5391 996 5449; x_wconf 84' lang='lat' dir='ltr'><strong><em>secundum</em></strong></span> <span class='ocrx_word' id='word_1_440' title='bbox 1019 5399 1165 5445; x_wconf 89' lang='lat' dir='ltr'><strong><em>tuam</em></strong></span> <span class='ocrx_word' id='word_1_441' title='bbox 1193 5390 1383 5445; x_wconf 78' lang='lat' dir='ltr'><strong><em>falsam</em></strong></span> <span class='ocrx_word' id='word_1_442' title='bbox 1409 5391 1711 5446; x_wconf 85' lang='lat' dir='ltr'><strong><em>doctrinam</em></strong></span> 
     </span>
    </p>
   </div>
   <div class='ocr_carea' id='block_1_58' title="bbox 129 5473 1707 5553">
    <p class='ocr_par' dir='ltr' id='par_1_58' title="bbox 129 5473 1707 5553">
     <span class='ocr_line' id='line_1_58' title="bbox 129 5473 1707 5553; baseline 0.003 -20"><span class='ocrx_word' id='word_1_443' title='bbox 129 5473 501 5550; x_wconf 82' lang='lat' dir='ltr'><strong><em>intelligendo,</em></strong></span> <span class='ocrx_word' id='word_1_444' title='bbox 528 5492 574 5536; x_wconf 90' lang='lat' dir='ltr'><strong><em>et</em></strong></span> <span class='ocrx_word' id='word_1_445' title='bbox 604 5480 847 5553; x_wconf 83' lang='lat' dir='ltr'><strong><em>gloriaris</em></strong></span> <span class='ocrx_word' id='word_1_446' title='bbox 873 5484 928 5536; x_wconf 87' lang='lat' dir='ltr'><strong><em>in</em></strong></span> <span class='ocrx_word' id='word_1_447' title='bbox 947 5482 1079 5550; x_wconf 85' lang='lat' dir='ltr'><strong><em>Deo,</em></strong></span> <span class='ocrx_word' id='word_1_448' title='bbox 1118 5483 1219 5545; x_wconf 87' lang='lat' dir='ltr'><strong><em>hoc</em></strong></span> <span class='ocrx_word' id='word_1_449' title='bbox 1239 5482 1395 5538; x_wconf 88' lang='lat' dir='ltr'><strong><em>estin</em></strong></span> <span class='ocrx_word' id='word_1_450' title='bbox 1426 5483 1588 5538; x_wconf 90' lang='lat' dir='ltr'><strong><em>unius</em></strong></span> <span class='ocrx_word' id='word_1_451' title='bbox 1614 5482 1707 5543; x_wconf 88' lang='lat' dir='ltr'><strong><em>Dei</em></strong></span> 
     </span>
    </p>
   </div>
   <div class='ocr_carea' id='block_1_59' title="bbox 128 5571 348 5627">
    <p class='ocr_par' dir='ltr' id='par_1_59' title="bbox 128 5571 348 5627">
     <span class='ocr_line' id='line_1_59' title="bbox 128 5571 348 5627; baseline 0.009 -2"><span class='ocrx_word' id='word_1_452' title='bbox 128 5571 348 5627; x_wconf 85' lang='lat' dir='ltr'><strong><em>notitia.</em></strong></span> 
     </span>
    </p>
   </div>
   <div class='ocr_carea' id='block_1_60' title="bbox 1830 595 3400 669">
    <p class='ocr_par' dir='ltr' id='par_1_60' title="bbox 1830 595 3400 669">
     <span class='ocr_line' id='line_1_60' title="bbox 1830 595 3400 669; baseline 0.005 -20"><span class='ocrx_word' id='word_1_453' title='bbox 1830 596 1961 665; x_wconf 83' lang='lat' dir='ltr'><strong><em>lege,</em></strong></span> <span class='ocrx_word' id='word_1_454' title='bbox 1990 595 2043 651; x_wconf 93' lang='lat' dir='ltr'><strong><em>id</em></strong></span> <span class='ocrx_word' id='word_1_455' title='bbox 2062 595 2571 653; x_wconf 76' lang='lat' dir='ltr'><strong><em>estsimilitudinem</em></strong></span> <span class='ocrx_word' id='word_1_456' title='bbox 2592 598 2809 669; x_wconf 90' lang='lat' dir='ltr'><strong><em>quidem</em></strong></span> <span class='ocrx_word' id='word_1_457' title='bbox 2832 599 3120 655; x_wconf 80' lang='lat' dir='ltr'><strong><em>habentem</em></strong></span> <span class='ocrx_word' id='word_1_458' title='bbox 3140 600 3400 668; x_wconf 64' lang='lat' dir='ltr'><strong><em>scientiae,</em></strong></span> 
     </span>
    </p>
   </div>
   <div class='ocr_carea' id='block_1_61' title="bbox 1830 688 3399 764">
    <p class='ocr_par' dir='ltr' id='par_1_61' title="bbox 1830 688 3399 764">
     <span class='ocr_line' id='line_1_61' title="bbox 1830 688 3399 764; baseline 0.005 -21"><span class='ocrx_word' id='word_1_459' title='bbox 1830 689 1924 743; x_wconf 86' lang='lat' dir='ltr'><strong><em>sed</em></strong></span> <span class='ocrx_word' id='word_1_460' title='bbox 1938 703 2044 743; x_wconf 90' lang='lat' dir='ltr'><strong><em>non</em></strong></span> <span class='ocrx_word' id='word_1_461' title='bbox 2063 688 2349 743; x_wconf 84' lang='lat' dir='ltr'><strong><em>veritatem</em></strong></span> <span class='ocrx_word' id='word_1_462' title='bbox 2371 692 2687 761; x_wconf 82' lang='lat' dir='ltr'><strong><em>prudentiae,</em></strong></span> <span class='ocrx_word' id='word_1_463' title='bbox 2703 695 2830 764; x_wconf 89' lang='lat' dir='ltr'><strong><em>quia</em></strong></span> <span class='ocrx_word' id='word_1_464' title='bbox 2841 692 3058 753; x_wconf 83' lang='lat' dir='ltr'><strong><em>Christo</em></strong></span> <span class='ocrx_word' id='word_1_465' title='bbox 3076 710 3184 752; x_wconf 89' lang='lat' dir='ltr'><strong><em>non</em></strong></span> <span class='ocrx_word' id='word_1_466' title='bbox 3205 697 3399 753; x_wconf 81' lang='lat' dir='ltr'><strong><em>credis.</em></strong></span> 
     </span>
    </p>
   </div>
   <div class='ocr_carea' id='block_1_62' title="bbox 1829 776 3401 856">
    <p class='ocr_par' dir='ltr' id='par_1_62' title="bbox 1829 776 3401 856">
     <span class='ocr_line' id='line_1_62' title="bbox 1829 776 3401 856; baseline 0.006 -25"><span class='ocrx_word' id='word_1_467' title='bbox 1829 776 1913 832; x_wconf 74' lang='lat' dir='ltr'><strong><em>Ad</em></strong></span> <span class='ocrx_word' id='word_1_468' title='bbox 1941 776 2209 833; x_wconf 79' lang='lat' dir='ltr'><strong><em>inﬁdelem</em></strong></span> <span class='ocrx_word' id='word_1_469' title='bbox 2231 777 2477 834; x_wconf 70' lang='lat' dir='ltr'><strong><em>Judaeum</em></strong></span> <span class='ocrx_word' id='word_1_470' title='bbox 2498 780 2735 850; x_wconf 87' lang='lat' dir='ltr'><strong><em>loquitur</em></strong></span> <span class='ocrx_word' id='word_1_471' title='bbox 2759 784 2850 853; x_wconf 87' lang='lat' dir='ltr'><strong><em>qui</em></strong></span> <span class='ocrx_word' id='word_1_472' title='bbox 2878 784 3140 853; x_wconf 84' lang='lat' dir='ltr'><strong><em>gloriatur</em></strong></span> <span class='ocrx_word' id='word_1_473' title='bbox 3162 785 3317 856; x_wconf 84' lang='lat' dir='ltr'><strong><em>quasi</em></strong></span> <span class='ocrx_word' id='word_1_474' title='bbox 3348 786 3401 841; x_wconf 82' lang='lat' dir='ltr'><strong><em>En</em></strong></span> 
     </span>
    </p>
   </div>
   <div class='ocr_carea' id='block_1_63' title="bbox 1828 869 3404 951">
    <p class='ocr_par' dir='ltr' id='par_1_63' title="bbox 1828 869 3404 951">
     <span class='ocr_line' id='line_1_63' title="bbox 1828 869 3404 951; baseline 0.006 -26"><span class='ocrx_word' id='word_1_475' title='bbox 1828 870 2134 941; x_wconf 82' lang='lat' dir='ltr'><strong><em>cognitione</em></strong></span> <span class='ocrx_word' id='word_1_476' title='bbox 2160 869 2255 925; x_wconf 89' lang='lat' dir='ltr'><strong><em>Dei</em></strong></span> <span class='ocrx_word' id='word_1_477' title='bbox 2294 872 2456 927; x_wconf 91' lang='lat' dir='ltr'><strong><em>unius</em></strong></span> <span class='ocrx_word' id='word_1_478' title='bbox 2481 882 2536 928; x_wconf 92' lang='lat' dir='ltr'><strong><em>et</em></strong></span> <span class='ocrx_word' id='word_1_479' title='bbox 2563 874 2618 928; x_wconf 92' lang='lat' dir='ltr'><strong><em>in</em></strong></span> <span class='ocrx_word' id='word_1_480' title='bbox 2661 875 3094 945; x_wconf 87' lang='lat' dir='ltr'><strong><em>circumcisione,</em></strong></span> <span class='ocrx_word' id='word_1_481' title='bbox 3117 887 3172 934; x_wconf 88' lang='lat' dir='ltr'><strong><em>et</em></strong></span> <span class='ocrx_word' id='word_1_482' title='bbox 3210 880 3404 951; x_wconf 83' lang='lat' dir='ltr'><strong><em>probat</em></strong></span> 
     </span>
    </p>
   </div>
   <div class='ocr_carea' id='block_1_64' title="bbox 1829 962 2493 1035">
    <p class='ocr_par' dir='ltr' id='par_1_64' title="bbox 1829 962 2493 1035">
     <span class='ocr_line' id='line_1_64' title="bbox 1829 962 2493 1035; baseline -0.002 -17"><span class='ocrx_word' id='word_1_483' title='bbox 1829 962 2048 1018; x_wconf 84' lang='lat' dir='ltr'><strong><em>utiliora</em></strong></span> <span class='ocrx_word' id='word_1_484' title='bbox 2078 964 2134 1018; x_wconf 92' lang='lat' dir='ltr'><strong><em>in</em></strong></span> <span class='ocrx_word' id='word_1_485' title='bbox 2158 963 2275 1034; x_wconf 84' lang='lat' dir='ltr'><strong><em>lege</em></strong></span> <span class='ocrx_word' id='word_1_486' title='bbox 2300 962 2493 1035; x_wconf 78' lang='lat' dir='ltr'><strong><em>Moysi.</em></strong></span> 
     </span>
    </p>
   </div>
   <div class='ocr_carea' id='block_1_65' title="bbox 1904 1042 3403 1131">
    <p class='ocr_par' dir='ltr' id='par_1_65' title="bbox 1904 1042 3403 1131">
     <span class='ocr_line' id='line_1_65' title="bbox 1904 1042 3403 1131; baseline 0.007 -25"><span class='ocrx_word' id='word_1_487' title='bbox 1904 1052 1973 1106; x_wconf 85' lang='lat' dir='ltr'><strong><em>Et</em></strong></span> <span class='ocrx_word' id='word_1_488' title='bbox 2005 1061 2153 1123; x_wconf 80' lang='lat' dir='ltr'><strong><em>putat</em></strong></span> <span class='ocrx_word' id='word_1_489' title='bbox 2178 1070 2233 1109; x_wconf 84' lang='lat' dir='ltr'><strong><em>se</em></strong></span> <span class='ocrx_word' id='word_1_490' title='bbox 2260 1070 2369 1107; x_wconf 79' lang='lat' dir='ltr'><strong><em>esse</em></strong></span> <span class='ocrx_word' id='word_1_491' title='bbox 2395 1053 2579 1117; x_wconf 78' lang='lat' dir='ltr'><strong><em>ducem</em></strong></span> <span class='ocrx_word' id='word_1_492' title='bbox 2614 1042 2899 1123; x_wconf 68' lang='lat' dir='ltr'><strong><em>amcorum,</em></strong></span> <span class='ocrx_word' id='word_1_493' title='bbox 2944 1057 2999 1111; x_wconf 90' lang='lat' dir='ltr'><strong><em>id</em></strong></span> <span class='ocrx_word' id='word_1_494' title='bbox 3036 1068 3122 1114; x_wconf 79' lang='lat' dir='ltr'><strong><em>est</em></strong></span> <span class='ocrx_word' id='word_1_495' title='bbox 3161 1062 3403 1131; x_wconf 85' lang='lat' dir='ltr'><strong><em>gentium</em></strong></span> 
     </span>
    </p>
   </div>
   <div class='ocr_carea' id='block_1_66' title="bbox 1831 1144 3405 1221">
    <p class='ocr_par' dir='ltr' id='par_1_66' title="bbox 1831 1144 3405 1221">
     <span class='ocr_line' id='line_1_66' title="bbox 1831 1144 3405 1221; baseline 0.006 -24"><span class='ocrx_word' id='word_1_496' title='bbox 1831 1160 1951 1214; x_wconf 84' lang='lat' dir='ltr'><strong><em>quae</em></strong></span> <span class='ocrx_word' id='word_1_497' title='bbox 1966 1153 2126 1203; x_wconf 83' lang='lat' dir='ltr'><strong><em>erant</em></strong></span> <span class='ocrx_word' id='word_1_498' title='bbox 2146 1160 2303 1199; x_wconf 62' lang='lat' dir='ltr'><strong><em>carae</em></strong></span> <span class='ocrx_word' id='word_1_499' title='bbox 2328 1144 2383 1199; x_wconf 88' lang='lat' dir='ltr'><strong><em>in</em></strong></span> <span class='ocrx_word' id='word_1_500' title='bbox 2403 1145 2716 1209; x_wconf 76' lang='lat' dir='ltr'><strong><em>inﬁdelitate</em></strong></span> <span class='ocrx_word' id='word_1_501' title='bbox 2736 1146 3052 1216; x_wconf 70' lang='lat' dir='ltr'><strong><em>ignorantia:</em></strong></span> <span class='ocrx_word' id='word_1_502' title='bbox 3068 1158 3123 1205; x_wconf 92' lang='lat' dir='ltr'><strong><em>et</em></strong></span> <span class='ocrx_word' id='word_1_503' title='bbox 3144 1154 3405 1221; x_wconf 87' lang='lat' dir='ltr'><strong><em>peccatis,</em></strong></span> 
     </span>
    </p>
   </div>
   <div class='ocr_carea' id='block_1_67' title="bbox 1832 1235 3403 1310">
    <p class='ocr_par' dir='ltr' id='par_1_67' title="bbox 1832 1235 3403 1310">
     <span class='ocr_line' id='line_1_67' title="bbox 1832 1235 3403 1310; baseline 0.003 -19"><span class='ocrx_word' id='word_1_504' title='bbox 1832 1235 1975 1291; x_wconf 82' lang='lat' dir='ltr'><strong><em>sicut</em></strong></span> <span class='ocrx_word' id='word_1_505' title='bbox 2008 1244 2067 1291; x_wconf 88' lang='lat' dir='ltr'><strong><em>et</em></strong></span> <span class='ocrx_word' id='word_1_506' title='bbox 2092 1236 2166 1291; x_wconf 92' lang='lat' dir='ltr'><strong><em>illi</em></strong></span> <span class='ocrx_word' id='word_1_507' title='bbox 2212 1236 2431 1292; x_wconf 82' lang='lat' dir='ltr'><strong><em>fuerunt</em></strong></span> <span class='ocrx_word' id='word_1_508' title='bbox 2454 1236 2581 1291; x_wconf 90' lang='lat' dir='ltr'><strong><em>olim</em></strong></span> <span class='ocrx_word' id='word_1_509' title='bbox 2620 1238 2819 1308; x_wconf 84' lang='lat' dir='ltr'><strong><em>quibus</em></strong></span> <span class='ocrx_word' id='word_1_510' title='bbox 2852 1239 2991 1294; x_wconf 89' lang='lat' dir='ltr'><strong><em>idem</em></strong></span> <span class='ocrx_word' id='word_1_511' title='bbox 3020 1242 3296 1310; x_wconf 86' lang='lat' dir='ltr'><strong><em>apostolus</em></strong></span> <span class='ocrx_word' id='word_1_512' title='bbox 3325 1243 3403 1296; x_wconf 74' lang='lat' dir='ltr'><strong><em>lo-</em></strong></span> 
     </span>
    </p>
   </div>
   <div class='ocr_carea' id='block_1_68' title="bbox 1830 1324 3408 1399">
    <p class='ocr_par' dir='ltr' id='par_1_68' title="bbox 1830 1324 3408 1399">
     <span class='ocr_line' id='line_1_68' title="bbox 1830 1324 3408 1399; baseline 0.005 -20"><span class='ocrx_word' id='word_1_513' title='bbox 1830 1326 2051 1395; x_wconf 83' lang='lat' dir='ltr'><strong><em>quitur:</em></strong></span> <span class='ocrx_word' id='word_1_514' title='bbox 2084 1324 2288 1382; x_wconf 70' lang='lat' dir='ltr'><strong><em>Fuisti:</em></strong></span> <span class='ocrx_word' id='word_1_515' title='bbox 2317 1327 2601 1399; x_wconf 83' lang='lat' dir='ltr'><strong><em>aliquando</em></strong></span> <span class='ocrx_word' id='word_1_516' title='bbox 2642 1328 2886 1396; x_wconf 69' lang='lat' dir='ltr'><strong><em>tenebrae,</em></strong></span> <span class='ocrx_word' id='word_1_517' title='bbox 2934 1344 3072 1396; x_wconf 73' lang='lat' dir='ltr'><strong><em>nunc</em></strong></span> <span class='ocrx_word' id='word_1_518' title='bbox 3108 1340 3284 1385; x_wconf 76' lang='lat' dir='ltr'><strong><em>autem</em></strong></span> <span class='ocrx_word' id='word_1_519' title='bbox 3315 1330 3408 1387; x_wconf 76' lang='lat' dir='ltr'><strong><em>tua:</em></strong></span> 
     </span>
    </p>
   </div>
   <div class='ocr_carea' id='block_1_69' title="bbox 1829 1418 3408 1492">
    <p class='ocr_par' dir='ltr' id='par_1_69' title="bbox 1829 1418 3408 1492">
     <span class='ocr_line' id='line_1_69' title="bbox 1829 1418 3408 1492; baseline 0.002 -19"><span class='ocrx_word' id='word_1_520' title='bbox 1829 1418 1886 1473; x_wconf 87' lang='lat' dir='ltr'><strong><em>in</em></strong></span> <span class='ocrx_word' id='word_1_521' title='bbox 1917 1419 2161 1484; x_wconf 83' lang='lat' dir='ltr'><strong><em>Domino,</em></strong></span> <span class='ocrx_word' id='word_1_522' title='bbox 2201 1419 2338 1474; x_wconf 89' lang='lat' dir='ltr'><strong><em>bene</em></strong></span> <span class='ocrx_word' id='word_1_523' title='bbox 2366 1419 2498 1475; x_wconf 90' lang='lat' dir='ltr'><strong><em>dicit</em></strong></span> <span class='ocrx_word' id='word_1_524' title='bbox 2543 1420 2669 1489; x_wconf 88' lang='lat' dir='ltr'><strong><em>quia</em></strong></span> <span class='ocrx_word' id='word_1_525' title='bbox 2719 1419 2913 1489; x_wconf 81' lang='lat' dir='ltr'><strong><em>probat</em></strong></span> <span class='ocrx_word' id='word_1_526' title='bbox 2945 1421 3156 1476; x_wconf 86' lang='lat' dir='ltr'><strong><em>utiliora</em></strong></span> <span class='ocrx_word' id='word_1_527' title='bbox 3195 1421 3248 1477; x_wconf 90' lang='lat' dir='ltr'><strong><em>in</em></strong></span> <span class='ocrx_word' id='word_1_528' title='bbox 3286 1421 3408 1492; x_wconf 83' lang='lat' dir='ltr'><strong><em>lege</em></strong></span> 
     </span>
    </p>
   </div>
   <div class='ocr_carea' id='block_1_70' title="bbox 1832 1509 3406 1582">
    <p class='ocr_par' dir='ltr' id='par_1_70' title="bbox 1832 1509 3406 1582">
     <span class='ocr_line' id='line_1_70' title="bbox 1832 1509 3406 1582; baseline 0.002 -18"><span class='ocrx_word' id='word_1_529' title='bbox 1832 1509 2022 1581; x_wconf 64' lang='lat' dir='ltr'><strong><em>Moysi.</em></strong></span> <span class='ocrx_word' id='word_1_530' title='bbox 2062 1509 2118 1567; x_wconf 88' lang='lat' dir='ltr'><strong><em>In</em></strong></span> <span class='ocrx_word' id='word_1_531' title='bbox 2142 1509 2459 1579; x_wconf 81' lang='lat' dir='ltr'><strong><em>legeautem</em></strong></span> <span class='ocrx_word' id='word_1_532' title='bbox 2490 1511 2725 1569; x_wconf 88' lang='lat' dir='ltr'><strong><em>naturali</em></strong></span> <span class='ocrx_word' id='word_1_533' title='bbox 2750 1512 2903 1568; x_wconf 87' lang='lat' dir='ltr'><strong><em>utilia</em></strong></span> <span class='ocrx_word' id='word_1_534' title='bbox 2939 1520 3065 1569; x_wconf 88' lang='lat' dir='ltr'><strong><em>sunt</em></strong></span> <span class='ocrx_word' id='word_1_535' title='bbox 3088 1528 3210 1582; x_wconf 61' lang='lat' dir='ltr'><strong><em>qua;</em></strong></span> <span class='ocrx_word' id='word_1_536' title='bbox 3237 1512 3406 1569; x_wconf 85' lang='lat' dir='ltr'><strong><em>dicit:</em></strong></span> 
     </span>
    </p>
   </div>
   <div class='ocr_carea' id='block_1_71' title="bbox 1904 1600 3408 1675">
    <p class='ocr_par' dir='ltr' id='par_1_71' title="bbox 1904 1600 3408 1675">
     <span class='ocr_line' id='line_1_71' title="bbox 1904 1600 3408 1675; baseline 0.005 -21"><span class='ocrx_word' id='word_1_537' title='bbox 1904 1600 2059 1666; x_wconf 83' lang='lat' dir='ltr'><strong><em>Quod</em></strong></span> <span class='ocrx_word' id='word_1_538' title='bbox 2080 1600 2180 1655; x_wconf 84' lang='lat' dir='ltr'><strong><em>tibi</em></strong></span> <span class='ocrx_word' id='word_1_539' title='bbox 2204 1616 2308 1656; x_wconf 79' lang='lat' dir='ltr'><strong><em>non</em></strong></span> <span class='ocrx_word' id='word_1_540' title='bbox 2335 1602 2411 1656; x_wconf 81' lang='lat' dir='ltr'><strong><em>vis</em></strong></span> <span class='ocrx_word' id='word_1_541' title='bbox 2435 1602 2576 1672; x_wconf 75' lang='lat' dir='ltr'><strong><em>ﬁeri,</em></strong></span> <span class='ocrx_word' id='word_1_542' title='bbox 2610 1602 2723 1657; x_wconf 82' lang='lat' dir='ltr'><strong><em>alii</em></strong></span> <span class='ocrx_word' id='word_1_543' title='bbox 2752 1619 2816 1658; x_wconf 89' lang='lat' dir='ltr'><strong><em>ne</em></strong></span> <span class='ocrx_word' id='word_1_544' title='bbox 2842 1605 3047 1674; x_wconf 81' lang='lat' dir='ltr'><strong><em>feceris,</em></strong></span> <span class='ocrx_word' id='word_1_545' title='bbox 3082 1608 3177 1671; x_wconf 79' lang='lat' dir='ltr'><strong><em>sed</em></strong></span> <span class='ocrx_word' id='word_1_546' title='bbox 3206 1605 3259 1660; x_wconf 87' lang='lat' dir='ltr'><strong><em>in</em></strong></span> <span class='ocrx_word' id='word_1_547' title='bbox 3286 1605 3408 1675; x_wconf 77' lang='lat' dir='ltr'><strong><em>lege</em></strong></span> 
     </span>
    </p>
   </div>
   <div class='ocr_carea' id='block_1_72' title="bbox 1832 1694 3405 1769">
    <p class='ocr_par' dir='ltr' id='par_1_72' title="bbox 1832 1694 3405 1769">
     <span class='ocr_line' id='line_1_72' title="bbox 1832 1694 3405 1769; baseline -0.001 -18"><span class='ocrx_word' id='word_1_548' title='bbox 1832 1695 2036 1766; x_wconf 87' lang='lat' dir='ltr'><strong><em>scripta</em></strong></span> <span class='ocrx_word' id='word_1_549' title='bbox 2078 1705 2237 1751; x_wconf 81' lang='lat' dir='ltr'><strong><em>eram</em></strong></span> <span class='ocrx_word' id='word_1_550' title='bbox 2280 1697 2517 1762; x_wconf 85' lang='lat' dir='ltr'><strong><em>utiliora,</em></strong></span> <span class='ocrx_word' id='word_1_551' title='bbox 2544 1698 2670 1769; x_wconf 88' lang='lat' dir='ltr'><strong><em>quia</em></strong></span> <span class='ocrx_word' id='word_1_552' title='bbox 2699 1697 2773 1753; x_wconf 91' lang='lat' dir='ltr'><strong><em>ibi</em></strong></span> <span class='ocrx_word' id='word_1_553' title='bbox 2802 1706 2885 1753; x_wconf 89' lang='lat' dir='ltr'><strong><em>est</em></strong></span> <span class='ocrx_word' id='word_1_554' title='bbox 2912 1697 3144 1769; x_wconf 83' lang='lat' dir='ltr'><strong><em>cognitio</em></strong></span> <span class='ocrx_word' id='word_1_555' title='bbox 3171 1694 3307 1762; x_wconf 87' lang='lat' dir='ltr'><strong><em>Dei,</em></strong></span> <span class='ocrx_word' id='word_1_556' title='bbox 3352 1695 3405 1750; x_wconf 91' lang='lat' dir='ltr'><strong><em>in</em></strong></span> 
     </span>
    </p>
   </div>
   <div class='ocr_carea' id='block_1_73' title="bbox 1837 1786 3407 1859">
    <p class='ocr_par' dir='ltr' id='par_1_73' title="bbox 1837 1786 3407 1859">
     <span class='ocr_line' id='line_1_73' title="bbox 1837 1786 3407 1859; baseline 0.001 -19"><span class='ocrx_word' id='word_1_557' title='bbox 1837 1786 2126 1856; x_wconf 83' lang='lat' dir='ltr'><strong><em>Evangelia</em></strong></span> <span class='ocrx_word' id='word_1_558' title='bbox 2159 1795 2340 1842; x_wconf 84' lang='lat' dir='ltr'><strong><em>autem</em></strong></span> <span class='ocrx_word' id='word_1_559' title='bbox 2388 1788 2636 1845; x_wconf 87' lang='lat' dir='ltr'><strong><em>utillima.</em></strong></span> <span class='ocrx_word' id='word_1_560' title='bbox 2682 1788 2925 1855; x_wconf 79' lang='lat' dir='ltr'><strong><em>Gentiles</em></strong></span> <span class='ocrx_word' id='word_1_561' title='bbox 2956 1788 3104 1844; x_wconf 89' lang='lat' dir='ltr'><strong><em>enim</em></strong></span> <span class='ocrx_word' id='word_1_562' title='bbox 3146 1787 3407 1859; x_wconf 76' lang='lat' dir='ltr'><strong><em>quodam-</em></strong></span> 
     </span>
    </p>
   </div>
   <div class='ocr_carea' id='block_1_74' title="bbox 1764 1860 3406 1952">
    <p class='ocr_par' dir='ltr' id='par_1_74' title="bbox 1764 1860 3406 1952">
     <span class='ocr_line' id='line_1_74' title="bbox 1764 1860 3406 1952; baseline 0.004 -22"><span class='ocrx_word' id='word_1_563' title='bbox 1764 1860 1806 1919; x_wconf 75' lang='grc' dir='ltr'><strong><em>Β</em></strong></span> <span class='ocrx_word' id='word_1_564' title='bbox 1832 1865 1993 1934; x_wconf 86' lang='lat' dir='ltr'><strong><em>modo</em></strong></span> <span class='ocrx_word' id='word_1_565' title='bbox 2021 1878 2177 1932; x_wconf 85' lang='lat' dir='ltr'><strong><em>utilia</em></strong></span> <span class='ocrx_word' id='word_1_566' title='bbox 2202 1880 2601 1949; x_wconf 84' lang='lat' dir='ltr'><strong><em>cognoscebant</em></strong></span> <span class='ocrx_word' id='word_1_567' title='bbox 2630 1895 2726 1949; x_wconf 82' lang='lat' dir='ltr'><strong><em>per</em></strong></span> <span class='ocrx_word' id='word_1_568' title='bbox 2759 1880 3060 1936; x_wconf 85' lang='lat' dir='ltr'><strong><em>naturalem</em></strong></span> <span class='ocrx_word' id='word_1_569' title='bbox 3087 1880 3283 1952; x_wconf 85' lang='lat' dir='ltr'><strong><em>legem,</em></strong></span> <span class='ocrx_word' id='word_1_570' title='bbox 3306 1878 3406 1935; x_wconf 82' lang='lat' dir='ltr'><strong><em>Ju-</em></strong></span> 
     </span>
    </p>
   </div>
   <div class='ocr_carea' id='block_1_75' title="bbox 1830 1968 3405 2044">
    <p class='ocr_par' dir='ltr' id='par_1_75' title="bbox 1830 1968 3405 2044">
     <span class='ocr_line' id='line_1_75' title="bbox 1830 1968 3405 2044; baseline 0.004 -22"><span class='ocrx_word' id='word_1_571' title='bbox 1830 1968 1933 2023; x_wconf 80' lang='lat' dir='ltr'><strong><em>daei</em></strong></span> <span class='ocrx_word' id='word_1_572' title='bbox 1972 1984 2102 2024; x_wconf 74' lang='lat' dir='ltr'><strong><em>vero</em></strong></span> <span class='ocrx_word' id='word_1_573' title='bbox 2137 1984 2236 2039; x_wconf 88' lang='lat' dir='ltr'><strong><em>per</em></strong></span> <span class='ocrx_word' id='word_1_574' title='bbox 2276 1970 2449 2041; x_wconf 81' lang='lat' dir='ltr'><strong><em>legem</em></strong></span> <span class='ocrx_word' id='word_1_575' title='bbox 2490 1971 2795 2031; x_wconf 84' lang='lat' dir='ltr'><strong><em>naturalem</em></strong></span> <span class='ocrx_word' id='word_1_576' title='bbox 2822 1981 2879 2029; x_wconf 87' lang='lat' dir='ltr'><strong><em>et</em></strong></span> <span class='ocrx_word' id='word_1_577' title='bbox 2900 1987 2999 2042; x_wconf 85' lang='lat' dir='ltr'><strong><em>per</em></strong></span> <span class='ocrx_word' id='word_1_578' title='bbox 3025 1973 3199 2044; x_wconf 81' lang='lat' dir='ltr'><strong><em>legem</em></strong></span> <span class='ocrx_word' id='word_1_579' title='bbox 3238 1971 3405 2044; x_wconf 76' lang='lat' dir='ltr'><strong><em>Moysi</em></strong></span> 
     </span>
    </p>
   </div>
   <div class='ocr_carea' id='block_1_76' title="bbox 1830 2061 3410 2129">
    <p class='ocr_par' dir='ltr' id='par_1_76' title="bbox 1830 2061 3410 2129">
     <span class='ocr_line' id='line_1_76' title="bbox 1830 2061 3410 2129; baseline 0.001 -13"><span class='ocrx_word' id='word_1_580' title='bbox 1830 2061 2090 2129; x_wconf 84' lang='lat' dir='ltr'><strong><em>scriptam</em></strong></span> <span class='ocrx_word' id='word_1_581' title='bbox 2118 2061 2367 2127; x_wconf 82' lang='lat' dir='ltr'><strong><em>utiliora,</em></strong></span> <span class='ocrx_word' id='word_1_582' title='bbox 2392 2062 2578 2119; x_wconf 81' lang='lat' dir='ltr'><strong><em>ﬁdeles</em></strong></span> <span class='ocrx_word' id='word_1_583' title='bbox 2601 2071 2780 2118; x_wconf 88' lang='lat' dir='ltr'><strong><em>autem</em></strong></span> <span class='ocrx_word' id='word_1_584' title='bbox 2803 2063 2857 2118; x_wconf 87' lang='lat' dir='ltr'><strong><em>in</em></strong></span> <span class='ocrx_word' id='word_1_585' title='bbox 2880 2062 3031 2119; x_wconf 80' lang='lat' dir='ltr'><strong><em>Novo</em></strong></span> <span class='ocrx_word' id='word_1_586' title='bbox 3046 2064 3410 2121; x_wconf 74' lang='lat' dir='ltr'><strong><em>Testamento</em></strong></span> 
     </span>
    </p>
   </div>
   <div class='ocr_carea' id='block_1_77' title="bbox 1830 2151 3375 2223">
    <p class='ocr_par' dir='ltr' id='par_1_77' title="bbox 1830 2151 3375 2223">
     <span class='ocr_line' id='line_1_77' title="bbox 1830 2151 3375 2223; baseline 0.003 -19"><span class='ocrx_word' id='word_1_587' title='bbox 1830 2151 2061 2206; x_wconf 87' lang='lat' dir='ltr'><strong><em>utillima</em></strong></span> <span class='ocrx_word' id='word_1_588' title='bbox 2091 2162 2444 2222; x_wconf 85' lang='lat' dir='ltr'><strong><em>cognoscunt,</em></strong></span> <span class='ocrx_word' id='word_1_589' title='bbox 2467 2152 2827 2223; x_wconf 33' lang='lat' dir='ltr'><strong><em>quia‘habeut</em></strong></span> <span class='ocrx_word' id='word_1_590' title='bbox 2853 2153 3016 2210; x_wconf 79' lang='lat' dir='ltr'><strong><em>ﬁdem</em></strong></span> <span class='ocrx_word' id='word_1_591' title='bbox 3051 2162 3254 2217; x_wconf 70' lang='lat' dir='ltr'><strong><em>sanctae</em></strong></span> <span class='ocrx_word' id='word_1_592' title='bbox 3282 2154 3375 2209; x_wconf 87' lang='lat' dir='ltr'><strong><em>Tri</em></strong></span> 
     </span>
    </p>
   </div>
   <div class='ocr_carea' id='block_1_78' title="bbox 1826 2243 3146 2298">
    <p class='ocr_par' dir='ltr' id='par_1_78' title="bbox 1826 2243 3146 2298">
     <span class='ocr_line' id='line_1_78' title="bbox 1826 2243 3146 2298; baseline -0.008 0"><span class='ocrx_word' id='word_1_593' title='bbox 1826 2243 2032 2298; x_wconf 82' lang='lat' dir='ltr'><strong><em>uitatis.</em></strong></span> <span class='ocrx_word' id='word_1_594' title='bbox 3048 2278 3055 2287; x_wconf 95' lang='lat'><strong><em>.</em></strong></span> <span class='ocrx_word' id='word_1_595' title='bbox 3142 2272 3146 2276; x_wconf 72' lang='grc'>.</span> 
     </span>
    </p>
   </div>
   <div class='ocr_carea' id='block_1_79' title="bbox 1901 2334 3409 2408">
    <p class='ocr_par' dir='ltr' id='par_1_79' title="bbox 1901 2334 3409 2408">
     <span class='ocr_line' id='line_1_79' title="bbox 1901 2334 3409 2408; baseline 0 -20"><span class='ocrx_word' id='word_1_596' title='bbox 1901 2334 2005 2400; x_wconf 97' lang='lat' dir='ltr'><strong><em>Qui</em></strong></span> <span class='ocrx_word' id='word_1_597' title='bbox 2047 2352 2170 2406; x_wconf 76' lang='lat' dir='ltr'><strong><em>ergo</em></strong></span> <span class='ocrx_word' id='word_1_598' title='bbox 2212 2334 2378 2390; x_wconf 73' lang='lat' dir='ltr'><strong><em>alium</em></strong></span> <span class='ocrx_word' id='word_1_599' title='bbox 2406 2336 2585 2403; x_wconf 85' lang='lat' dir='ltr'><strong><em>doces,</em></strong></span> <span class='ocrx_word' id='word_1_600' title='bbox 2613 2338 2836 2408; x_wconf 77' lang='lat' dir='ltr'><strong><em>teipsum</em></strong></span> <span class='ocrx_word' id='word_1_601' title='bbox 2874 2352 3040 2408; x_wconf 73' lang='lat' dir='ltr'><strong><em>quare</em></strong></span> <span class='ocrx_word' id='word_1_602' title='bbox 3070 2351 3177 2395; x_wconf 75' lang='lat' dir='ltr'><strong><em>non</em></strong></span> <span class='ocrx_word' id='word_1_603' title='bbox 3211 2335 3362 2399; x_wconf 83' lang='lat' dir='ltr'><strong><em>doces</em></strong></span> <span class='ocrx_word' id='word_1_604' title='bbox 3383 2337 3409 2389; x_wconf 71' lang='lat'><strong><em>.9</em></strong></span> 
     </span>
    </p>
   </div>
   <div class='ocr_carea' id='block_1_80' title="bbox 1826 2423 3405 2497">
    <p class='ocr_par' dir='ltr' id='par_1_80' title="bbox 1826 2423 3405 2497">
     <span class='ocr_line' id='line_1_80' title="bbox 1826 2423 3405 2497; baseline -0.001 -18"><span class='ocrx_word' id='word_1_605' title='bbox 1826 2423 1943 2479; x_wconf 84' lang='lat' dir='ltr'><strong><em>Hoc</em></strong></span> <span class='ocrx_word' id='word_1_606' title='bbox 1975 2424 2305 2494; x_wconf 89' lang='lat' dir='ltr'><strong><em>increpative</em></strong></span> <span class='ocrx_word' id='word_1_607' title='bbox 2327 2433 2411 2481; x_wconf 90' lang='lat' dir='ltr'><strong><em>est</em></strong></span> <span class='ocrx_word' id='word_1_608' title='bbox 2441 2425 2724 2497; x_wconf 85' lang='lat' dir='ltr'><strong><em>legendum</em></strong></span> <span class='ocrx_word' id='word_1_609' title='bbox 2768 2433 2827 2483; x_wconf 89' lang='lat' dir='ltr'><strong><em>et</em></strong></span> <span class='ocrx_word' id='word_1_610' title='bbox 2864 2441 2987 2488; x_wconf 84' lang='lat' dir='ltr'><strong><em>cum</em></strong></span> <span class='ocrx_word' id='word_1_611' title='bbox 3029 2424 3405 2488; x_wconf 83' lang='lat' dir='ltr'><strong><em>subauditione</em></strong></span> 
     </span>
    </p>
   </div>
   <div class='ocr_carea' id='block_1_81' title="bbox 1827 2514 3406 2587">
    <p class='ocr_par' dir='ltr' id='par_1_81' title="bbox 1827 2514 3406 2587">
     <span class='ocr_line' id='line_1_81' title="bbox 1827 2514 3406 2587; baseline -0.003 -17"><span class='ocrx_word' id='word_1_612' title='bbox 1827 2514 2151 2582; x_wconf 72' lang='lat' dir='ltr'><strong><em>huiusmodi.</em></strong></span> <span class='ocrx_word' id='word_1_613' title='bbox 2174 2515 2218 2572; x_wconf 90' lang='grc'>0</span> <span class='ocrx_word' id='word_1_614' title='bbox 2241 2515 2443 2582; x_wconf 77' lang='lat' dir='ltr'><strong><em>Juilaee,</em></strong></span> <span class='ocrx_word' id='word_1_615' title='bbox 2464 2517 2558 2587; x_wconf 88' lang='lat' dir='ltr'><strong><em>qui</em></strong></span> <span class='ocrx_word' id='word_1_616' title='bbox 2578 2516 2741 2573; x_wconf 86' lang='lat' dir='ltr'><strong><em>alium</em></strong></span> <span class='ocrx_word' id='word_1_617' title='bbox 2769 2516 2950 2578; x_wconf 84' lang='lat' dir='ltr'><strong><em>doces,</em></strong></span> <span class='ocrx_word' id='word_1_618' title='bbox 2979 2514 3210 2584; x_wconf 79' lang='lat' dir='ltr'><strong><em>teip8um</em></strong></span> <span class='ocrx_word' id='word_1_619' title='bbox 3237 2526 3406 2582; x_wconf 85' lang='lat' dir='ltr'><strong><em>quare</em></strong></span> 
     </span>
    </p>
   </div>
   <div class='ocr_carea' id='block_1_82' title="bbox 1826 2602 3408 2675">
    <p class='ocr_par' dir='ltr' id='par_1_82' title="bbox 1826 2602 3408 2675">
     <span class='ocr_line' id='line_1_82' title="bbox 1826 2602 3408 2675; baseline -0.002 -16"><span class='ocrx_word' id='word_1_620' title='bbox 1826 2621 1933 2669; x_wconf 87' lang='lat' dir='ltr'><strong><em>non</em></strong></span> <span class='ocrx_word' id='word_1_621' title='bbox 1979 2606 2175 2661; x_wconf 85' lang='lat' dir='ltr'><strong><em>doces?</em></strong></span> <span class='ocrx_word' id='word_1_622' title='bbox 2210 2605 2313 2671; x_wconf 89' lang='lat' dir='ltr'><strong><em>Qui</em></strong></span> <span class='ocrx_word' id='word_1_623' title='bbox 2342 2606 2599 2675; x_wconf 78' lang='lat' dir='ltr'><strong><em>prwdicas</em></strong></span> <span class='ocrx_word' id='word_1_624' title='bbox 2641 2623 2743 2660; x_wconf 82' lang='lat' dir='ltr'><strong><em>non</em></strong></span> <span class='ocrx_word' id='word_1_625' title='bbox 2775 2605 3097 2675; x_wconf 80' lang='lat' dir='ltr'><strong><em>furandum,</em></strong></span> <span class='ocrx_word' id='word_1_626' title='bbox 3123 2618 3293 2675; x_wconf 79' lang='lat' dir='ltr'><strong><em>quare</em></strong></span> <span class='ocrx_word' id='word_1_627' title='bbox 3322 2602 3408 2671; x_wconf 79' lang='lat' dir='ltr'><strong><em>fu-</em></strong></span> 
     </span>
    </p>
   </div>
   <div class='ocr_carea' id='block_1_83' title="bbox 1828 2694 3403 2767">
    <p class='ocr_par' dir='ltr' id='par_1_83' title="bbox 1828 2694 3403 2767">
     <span class='ocr_line' id='line_1_83' title="bbox 1828 2694 3403 2767; baseline -0.005 -12"><span class='ocrx_word' id='word_1_628' title='bbox 1828 2697 1964 2755; x_wconf 77' lang='lat' dir='ltr'><strong><em>roris</em></strong></span> <span class='ocrx_word' id='word_1_629' title='bbox 2013 2697 2156 2752; x_wconf 89' lang='lat' dir='ltr'><strong><em>bona</em></strong></span> <span class='ocrx_word' id='word_1_630' title='bbox 2204 2697 2445 2763; x_wconf 88' lang='lat' dir='ltr'><strong><em>alterius,</em></strong></span> <span class='ocrx_word' id='word_1_631' title='bbox 2480 2697 2564 2754; x_wconf 86' lang='lat' dir='ltr'><strong><em>vel</em></strong></span> <span class='ocrx_word' id='word_1_632' title='bbox 2591 2697 2755 2755; x_wconf 87' lang='lat' dir='ltr'><strong><em>etiam</em></strong></span> <span class='ocrx_word' id='word_1_633' title='bbox 2798 2697 2889 2767; x_wconf 90' lang='lat' dir='ltr'><strong><em>qui</em></strong></span> <span class='ocrx_word' id='word_1_634' title='bbox 2918 2696 3182 2767; x_wconf 66' lang='lat' dir='ltr'><strong><em>praedicas</em></strong></span> <span class='ocrx_word' id='word_1_635' title='bbox 3208 2694 3403 2767; x_wconf 84' lang='lat' dir='ltr'><strong><em>legem,</em></strong></span> 
     </span>
    </p>
   </div>
   <div class='ocr_carea' id='block_1_84' title="bbox 1826 2774 3262 2860">
    <p class='ocr_par' dir='ltr' id='par_1_84' title="bbox 1826 2774 3262 2860">
     <span class='ocr_line' id='line_1_84' title="bbox 1826 2774 3262 2860; baseline 0.001 -21"><span class='ocrx_word' id='word_1_636' title='bbox 1826 2802 1989 2856; x_wconf 86' lang='lat' dir='ltr'><strong><em>guare</em></strong></span> <span class='ocrx_word' id='word_1_637' title='bbox 2017 2786 2214 2854; x_wconf 79' lang='lat' dir='ltr'><strong><em>{uraris</em></strong></span> <span class='ocrx_word' id='word_1_638' title='bbox 2247 2787 2314 2843; x_wconf 89' lang='lat' dir='ltr'><strong><em>de</em></strong></span> <span class='ocrx_word' id='word_1_639' title='bbox 2338 2774 2455 2859; x_wconf 82' lang='lat' dir='ltr'><strong><em>lege</em></strong></span> <span class='ocrx_word' id='word_1_640' title='bbox 2478 2788 2775 2859; x_wconf 68' lang='lat' dir='ltr'><strong><em>spiritalem</em></strong></span> <span class='ocrx_word' id='word_1_641' title='bbox 2804 2787 3262 2860; x_wconf 65' lang='lat' dir='ltr'><strong><em>intelligentiam?</em></strong></span> 
     </span>
    </p>
   </div>
   <div class='ocr_carea' id='block_1_85' title="bbox 1900 2875 3407 2951">
    <p class='ocr_par' dir='ltr' id='par_1_85' title="bbox 1900 2875 3407 2951">
     <span class='ocr_line' id='line_1_85' title="bbox 1900 2875 3407 2951; baseline 0.001 -21"><span class='ocrx_word' id='word_1_642' title='bbox 1900 2875 2003 2943; x_wconf 88' lang='lat' dir='ltr'><strong><em>Qui</em></strong></span> <span class='ocrx_word' id='word_1_643' title='bbox 2033 2878 2165 2932; x_wconf 84' lang='lat' dir='ltr'><strong><em>dicis</em></strong></span> <span class='ocrx_word' id='word_1_644' title='bbox 2197 2895 2302 2934; x_wconf 87' lang='lat' dir='ltr'><strong><em>non</em></strong></span> <span class='ocrx_word' id='word_1_645' title='bbox 2329 2879 2711 2947; x_wconf 69' lang='lat' dir='ltr'><strong><em>maritandum,</em></strong></span> <span class='ocrx_word' id='word_1_646' title='bbox 2739 2893 2908 2951; x_wconf 86' lang='lat' dir='ltr'><strong><em>quare</em></strong></span> <span class='ocrx_word' id='word_1_647' title='bbox 2935 2878 3248 2945; x_wconf 73' lang='lat' dir='ltr'><strong><em>macellaris?</em></strong></span> <span class='ocrx_word' id='word_1_648' title='bbox 3275 2877 3407 2931; x_wconf 74' lang='lat' dir='ltr'><strong><em>Mte-</em></strong></span> 
     </span>
    </p>
   </div>
   <div class='ocr_carea' id='block_1_86' title="bbox 1828 2954 3406 3033">
    <p class='ocr_par' dir='ltr' id='par_1_86' title="bbox 1828 2954 3406 3033">
     <span class='ocr_line' id='line_1_86' title="bbox 1828 2954 3406 3033; baseline -0.001 -9"><span class='ocrx_word' id='word_1_649' title='bbox 1828 2967 1963 3024; x_wconf 85' lang='lat' dir='ltr'><strong><em>chus</em></strong></span> <span class='ocrx_word' id='word_1_650' title='bbox 1986 2974 2074 3020; x_wconf 88' lang='lat' dir='ltr'><strong><em>est</em></strong></span> <span class='ocrx_word' id='word_1_651' title='bbox 2099 2966 2332 3032; x_wconf 90' lang='lat' dir='ltr'><strong><em>adulter,</em></strong></span> <span class='ocrx_word' id='word_1_652' title='bbox 2361 2975 2416 3022; x_wconf 91' lang='lat' dir='ltr'><strong><em>et</em></strong></span> <span class='ocrx_word' id='word_1_653' title='bbox 2454 2983 2560 3023; x_wconf 91' lang='lat' dir='ltr'><strong><em>non</em></strong></span> <span class='ocrx_word' id='word_1_654' title='bbox 2593 2954 2764 3022; x_wconf 86' lang='lat' dir='ltr'><strong><em>solum</em></strong></span> <span class='ocrx_word' id='word_1_655' title='bbox 2806 2967 2897 3022; x_wconf 90' lang='lat' dir='ltr'><strong><em>ille</em></strong></span> <span class='ocrx_word' id='word_1_656' title='bbox 2933 2967 3127 3033; x_wconf 84' lang='lat' dir='ltr'><strong><em>dicitur</em></strong></span> <span class='ocrx_word' id='word_1_657' title='bbox 3161 2968 3406 3022; x_wconf 68' lang='lat' dir='ltr'><strong><em>moechus</em></strong></span> 
     </span>
    </p>
   </div>
   <div class='ocr_carea' id='block_1_87' title="bbox 1827 3056 3407 3126">
    <p class='ocr_par' dir='ltr' id='par_1_87' title="bbox 1827 3056 3407 3126">
     <span class='ocr_line' id='line_1_87' title="bbox 1827 3056 3407 3126; baseline 0.003 -19"><span class='ocrx_word' id='word_1_658' title='bbox 1827 3056 1918 3126; x_wconf 85' lang='lat' dir='ltr'><strong><em>qui</em></strong></span> <span class='ocrx_word' id='word_1_659' title='bbox 1945 3069 2168 3110; x_wconf 79' lang='lat' dir='ltr'><strong><em>uxorem</em></strong></span> <span class='ocrx_word' id='word_1_660' title='bbox 2202 3056 2426 3113; x_wconf 88' lang='lat' dir='ltr'><strong><em>alterius</em></strong></span> <span class='ocrx_word' id='word_1_661' title='bbox 2448 3057 2632 3121; x_wconf 83' lang='lat' dir='ltr'><strong><em>violat,</em></strong></span> <span class='ocrx_word' id='word_1_662' title='bbox 2663 3058 2757 3112; x_wconf 88' lang='lat' dir='ltr'><strong><em>sed</em></strong></span> <span class='ocrx_word' id='word_1_663' title='bbox 2784 3066 2837 3111; x_wconf 88' lang='lat' dir='ltr'><strong><em>et</em></strong></span> <span class='ocrx_word' id='word_1_664' title='bbox 2866 3057 2955 3112; x_wconf 88' lang='lat' dir='ltr'><strong><em>ille</em></strong></span> <span class='ocrx_word' id='word_1_665' title='bbox 2996 3058 3085 3126; x_wconf 88' lang='lat' dir='ltr'><strong><em>qui</em></strong></span> <span class='ocrx_word' id='word_1_666' title='bbox 3121 3056 3319 3111; x_wconf 89' lang='lat' dir='ltr'><strong><em>cultum</em></strong></span> <span class='ocrx_word' id='word_1_667' title='bbox 3351 3067 3407 3111; x_wconf 90' lang='lat' dir='ltr'><strong><em>et</em></strong></span> 
     </span>
    </p>
   </div>
   <div class='ocr_carea' id='block_1_88' title="bbox 1828 3143 3405 3216">
    <p class='ocr_par' dir='ltr' id='par_1_88' title="bbox 1828 3143 3405 3216">
     <span class='ocr_line' id='line_1_88' title="bbox 1828 3143 3405 3216; baseline 0.001 -17"><span class='ocrx_word' id='word_1_668' title='bbox 1828 3143 2140 3215; x_wconf 87' lang='lat' dir='ltr'><strong><em>religionem</em></strong></span> <span class='ocrx_word' id='word_1_669' title='bbox 2189 3160 2307 3213; x_wconf 83' lang='lat' dir='ltr'><strong><em>quae</em></strong></span> <span class='ocrx_word' id='word_1_670' title='bbox 2356 3145 2453 3200; x_wconf 89' lang='lat' dir='ltr'><strong><em>soli</em></strong></span> <span class='ocrx_word' id='word_1_671' title='bbox 2497 3145 2608 3200; x_wconf 86' lang='lat' dir='ltr'><strong><em>Deo</em></strong></span> <span class='ocrx_word' id='word_1_672' title='bbox 2652 3146 2935 3210; x_wconf 80' lang='lat' dir='ltr'><strong><em>convenit,</em></strong></span> <span class='ocrx_word' id='word_1_673' title='bbox 2978 3152 3239 3216; x_wconf 87' lang='lat' dir='ltr'><strong><em>quantum</em></strong></span> <span class='ocrx_word' id='word_1_674' title='bbox 3266 3145 3318 3198; x_wconf 93' lang='lat' dir='ltr'><strong><em>in</em></strong></span> <span class='ocrx_word' id='word_1_675' title='bbox 3348 3161 3405 3201; x_wconf 85' lang='lat' dir='ltr'><strong><em>se</em></strong></span> 
     </span>
    </p>
   </div>
   <div class='ocr_carea' id='block_1_89' title="bbox 1826 3230 3401 3302">
    <p class='ocr_par' dir='ltr' id='par_1_89' title="bbox 1826 3230 3401 3302">
     <span class='ocr_line' id='line_1_89' title="bbox 1826 3230 3401 3302; baseline -0.002 -13"><span class='ocrx_word' id='word_1_676' title='bbox 1826 3240 1911 3289; x_wconf 85' lang='lat' dir='ltr'><strong><em>est</em></strong></span> <span class='ocrx_word' id='word_1_677' title='bbox 1938 3274 1952 3297; x_wconf 94' lang='lat'><strong><em>,</em></strong></span> <span class='ocrx_word' id='word_1_678' title='bbox 1992 3230 2144 3288; x_wconf 84' lang='lat' dir='ltr'><strong><em>falsis</em></strong></span> <span class='ocrx_word' id='word_1_679' title='bbox 2187 3233 2656 3302; x_wconf 84' lang='lat' dir='ltr'><strong><em>superstitionibus</em></strong></span> <span class='ocrx_word' id='word_1_680' title='bbox 2701 3233 2906 3287; x_wconf 88' lang='lat' dir='ltr'><strong><em>tribuit.</em></strong></span> <span class='ocrx_word' id='word_1_681' title='bbox 2949 3232 3016 3299; x_wconf 85' lang='lat' dir='ltr'><strong><em>Et</em></strong></span> <span class='ocrx_word' id='word_1_682' title='bbox 3049 3241 3133 3288; x_wconf 90' lang='lat' dir='ltr'><strong><em>est</em></strong></span> <span class='ocrx_word' id='word_1_683' title='bbox 3173 3249 3401 3289; x_wconf 85' lang='lat' dir='ltr'><strong><em>sensus:</em></strong></span> 
     </span>
    </p>
   </div>
   <div class='ocr_carea' id='block_1_90' title="bbox 1827 3321 3403 3395">
    <p class='ocr_par' dir='ltr' id='par_1_90' title="bbox 1827 3321 3403 3395">
     <span class='ocr_line' id='line_1_90' title="bbox 1827 3321 3403 3395; baseline 0 -18"><span class='ocrx_word' id='word_1_684' title='bbox 1827 3322 1927 3390; x_wconf 85' lang='lat' dir='ltr'><strong><em>Qui</em></strong></span> <span class='ocrx_word' id='word_1_685' title='bbox 1973 3321 2109 3378; x_wconf 89' lang='lat' dir='ltr'><strong><em>dicis</em></strong></span> <span class='ocrx_word' id='word_1_686' title='bbox 2168 3322 2392 3381; x_wconf 88' lang='lat' dir='ltr'><strong><em>alterius</em></strong></span> <span class='ocrx_word' id='word_1_687' title='bbox 2439 3336 2661 3379; x_wconf 80' lang='lat' dir='ltr'><strong><em>uxorem</em></strong></span> <span class='ocrx_word' id='word_1_688' title='bbox 2698 3336 2803 3377; x_wconf 90' lang='lat' dir='ltr'><strong><em>non</em></strong></span> <span class='ocrx_word' id='word_1_689' title='bbox 2850 3322 3046 3382; x_wconf 84' lang='lat' dir='ltr'><strong><em>debere</em></strong></span> <span class='ocrx_word' id='word_1_690' title='bbox 3095 3321 3403 3395; x_wconf 75' lang='lat' dir='ltr'><strong><em>adulterari,</em></strong></span> 
     </span>
    </p>
   </div>
   <div class='ocr_carea' id='block_1_91' title="bbox 1827 3410 3401 3483">
    <p class='ocr_par' dir='ltr' id='par_1_91' title="bbox 1827 3410 3401 3483">
     <span class='ocr_line' id='line_1_91' title="bbox 1827 3410 3401 3483; baseline 0 -16"><span class='ocrx_word' id='word_1_691' title='bbox 1827 3428 1993 3483; x_wconf 89' lang='lat' dir='ltr'><strong><em>quare</em></strong></span> <span class='ocrx_word' id='word_1_692' title='bbox 2023 3413 2379 3469; x_wconf 85' lang='lat' dir='ltr'><strong><em>adulteraris?</em></strong></span> <span class='ocrx_word' id='word_1_693' title='bbox 2402 3411 2484 3467; x_wconf 88' lang='lat' dir='ltr'><strong><em>vel</em></strong></span> <span class='ocrx_word' id='word_1_694' title='bbox 2510 3413 2673 3468; x_wconf 89' lang='lat' dir='ltr'><strong><em>etiam</em></strong></span> <span class='ocrx_word' id='word_1_695' title='bbox 2709 3411 2839 3483; x_wconf 91' lang='lat' dir='ltr'><strong><em>quid</em></strong></span> <span class='ocrx_word' id='word_1_696' title='bbox 2873 3412 3009 3471; x_wconf 90' lang='lat' dir='ltr'><strong><em>dicis</em></strong></span> <span class='ocrx_word' id='word_1_697' title='bbox 3043 3411 3154 3467; x_wconf 86' lang='lat' dir='ltr'><strong><em>Deo</em></strong></span> <span class='ocrx_word' id='word_1_698' title='bbox 3184 3410 3401 3476; x_wconf 87' lang='lat' dir='ltr'><strong><em>debere,</em></strong></span> 
     </span>
    </p>
   </div>
   <div class='ocr_carea' id='block_1_92' title="bbox 1826 3505 2706 3576">
    <p class='ocr_par' dir='ltr' id='par_1_92' title="bbox 1826 3505 2706 3576">
     <span class='ocr_line' id='line_1_92' title="bbox 1826 3505 2706 3576; baseline -0.002 -16"><span class='ocrx_word' id='word_1_699' title='bbox 1826 3506 2030 3569; x_wconf 80' lang='lat' dir='ltr'><strong><em>servire</em></strong></span> <span class='ocrx_word' id='word_1_700' title='bbox 2054 3521 2225 3576; x_wconf 90' lang='lat' dir='ltr'><strong><em>quare</em></strong></span> <span class='ocrx_word' id='word_1_701' title='bbox 2256 3505 2498 3561; x_wconf 83' lang='lat' dir='ltr'><strong><em>deservis</em></strong></span> <span class='ocrx_word' id='word_1_702' title='bbox 2527 3505 2706 3563; x_wconf 82' lang='lat' dir='ltr'><strong><em>vitiis?</em></strong></span> 
     </span>
    </p>
   </div>
   <div class='ocr_carea' id='block_1_93' title="bbox 1899 3594 3407 3666">
    <p class='ocr_par' dir='ltr' id='par_1_93' title="bbox 1899 3594 3407 3666">
     <span class='ocr_line' id='line_1_93' title="bbox 1899 3594 3407 3666; baseline -0.003 -16"><span class='ocrx_word' id='word_1_703' title='bbox 1899 3596 2005 3663; x_wconf 87' lang='lat' dir='ltr'><strong><em>Qui</em></strong></span> <span class='ocrx_word' id='word_1_704' title='bbox 2060 3598 2402 3664; x_wconf 81' lang='lat' dir='ltr'><strong><em>abominaris,</em></strong></span> <span class='ocrx_word' id='word_1_705' title='bbox 2449 3596 2503 3652; x_wconf 91' lang='lat' dir='ltr'><strong><em>id</em></strong></span> <span class='ocrx_word' id='word_1_706' title='bbox 2553 3606 2635 3651; x_wconf 85' lang='lat' dir='ltr'><strong><em>est</em></strong></span> <span class='ocrx_word' id='word_1_707' title='bbox 2693 3596 2905 3666; x_wconf 82' lang='lat' dir='ltr'><strong><em>respuis</em></strong></span> <span class='ocrx_word' id='word_1_708' title='bbox 2942 3594 3028 3650; x_wconf 87' lang='lat' dir='ltr'><strong><em>vel</em></strong></span> <span class='ocrx_word' id='word_1_709' title='bbox 3065 3595 3190 3650; x_wconf 89' lang='lat' dir='ltr'><strong><em>odio</em></strong></span> <span class='ocrx_word' id='word_1_710' title='bbox 3235 3594 3407 3649; x_wconf 84' lang='lat' dir='ltr'><strong><em>habes</em></strong></span> 
     </span>
    </p>
   </div>
   <div class='ocr_carea' id='block_1_94' title="bbox 1825 3688 3403 3761">
    <p class='ocr_par' dir='ltr' id='par_1_94' title="bbox 1825 3688 3403 3761">
     <span class='ocr_line' id='line_1_94' title="bbox 1825 3688 3403 3761; baseline -0.001 -18"><span class='ocrx_word' id='word_1_711' title='bbox 1825 3689 1988 3755; x_wconf 86' lang='lat' dir='ltr'><strong><em>idola,</em></strong></span> <span class='ocrx_word' id='word_1_712' title='bbox 2012 3704 2182 3759; x_wconf 90' lang='lat' dir='ltr'><strong><em>quare</em></strong></span> <span class='ocrx_word' id='word_1_713' title='bbox 2201 3690 2334 3759; x_wconf 83' lang='lat' dir='ltr'><strong><em>facis</em></strong></span> <span class='ocrx_word' id='word_1_714' title='bbox 2356 3688 2727 3759; x_wconf 74' lang='lat' dir='ltr'><strong><em>sacrilegium?</em></strong></span> <span class='ocrx_word' id='word_1_715' title='bbox 2746 3688 2951 3761; x_wconf 77' lang='lat' dir='ltr'><strong><em>Legere</em></strong></span> <span class='ocrx_word' id='word_1_716' title='bbox 2971 3689 3084 3744; x_wconf 82' lang='lat' dir='ltr'><strong><em>sive</em></strong></span> <span class='ocrx_word' id='word_1_717' title='bbox 3103 3688 3403 3759; x_wconf 86' lang='lat' dir='ltr'><strong><em>sublegere,</em></strong></span> 
     </span>
    </p>
   </div>
   <div class='ocr_carea' id='block_1_95' title="bbox 1823 3780 3401 3850">
    <p class='ocr_par' dir='ltr' id='par_1_95' title="bbox 1823 3780 3401 3850">
     <span class='ocr_line' id='line_1_95' title="bbox 1823 3780 3401 3850; baseline -0.004 -14"><span class='ocrx_word' id='word_1_718' title='bbox 1823 3792 1908 3837; x_wconf 88' lang='lat' dir='ltr'><strong><em>est</em></strong></span> <span class='ocrx_word' id='word_1_719' title='bbox 1937 3780 2126 3835; x_wconf 79' lang='lat' dir='ltr'><strong><em>furari.</em></strong></span> <span class='ocrx_word' id='word_1_720' title='bbox 2158 3780 2289 3837; x_wconf 86' lang='lat' dir='ltr'><strong><em>Inde</em></strong></span> <span class='ocrx_word' id='word_1_721' title='bbox 2312 3780 2651 3850; x_wconf 84' lang='lat' dir='ltr'><strong><em>sacrilegium</em></strong></span> <span class='ocrx_word' id='word_1_722' title='bbox 2687 3780 2886 3835; x_wconf 88' lang='lat' dir='ltr'><strong><em>dicitur</em></strong></span> <span class='ocrx_word' id='word_1_723' title='bbox 2909 3794 3190 3837; x_wconf 71' lang='lat' dir='ltr'><strong><em>sacrarum</em></strong></span> <span class='ocrx_word' id='word_1_724' title='bbox 3219 3794 3401 3834; x_wconf 87' lang='lat' dir='ltr'><strong><em>rerum</em></strong></span> 
     </span>
    </p>
   </div>
   <div class='ocr_carea' id='block_1_96' title="bbox 1825 3870 3403 3943">
    <p class='ocr_par' dir='ltr' id='par_1_96' title="bbox 1825 3870 3403 3943">
     <span class='ocr_line' id='line_1_96' title="bbox 1825 3870 3403 3943; baseline -0.001 -17"><span class='ocrx_word' id='word_1_725' title='bbox 1825 3872 2045 3937; x_wconf 72' lang='lat' dir='ltr'><strong><em>furtum.</em></strong></span> <span class='ocrx_word' id='word_1_726' title='bbox 2074 3871 2237 3928; x_wconf 79' lang='lat' dir='ltr'><strong><em>Verbi</em></strong></span> <span class='ocrx_word' id='word_1_727' title='bbox 2262 3873 2431 3943; x_wconf 80' lang='lat' dir='ltr'><strong><em>gratia</em></strong></span> <span class='ocrx_word' id='word_1_728' title='bbox 2460 3890 2473 3925; x_wconf 93' lang='lat'><strong><em>:</em></strong></span> <span class='ocrx_word' id='word_1_729' title='bbox 2502 3872 2757 3941; x_wconf 80' lang='lat' dir='ltr'><strong><em>Quisquis</em></strong></span> <span class='ocrx_word' id='word_1_730' title='bbox 2782 3872 2849 3926; x_wconf 90' lang='lat' dir='ltr'><strong><em>de</em></strong></span> <span class='ocrx_word' id='word_1_731' title='bbox 2880 3872 3131 3927; x_wconf 86' lang='lat' dir='ltr'><strong><em>thesauro</em></strong></span> <span class='ocrx_word' id='word_1_732' title='bbox 3152 3870 3403 3927; x_wconf 73' lang='lat' dir='ltr'><strong><em>Ecclesiae</em></strong></span> 
     </span>
    </p>
   </div>
   <div class='ocr_carea' id='block_1_97' title="bbox 1823 3947 3405 4029">
    <p class='ocr_par' dir='ltr' id='par_1_97' title="bbox 1823 3947 3405 4029">
     <span class='ocr_line' id='line_1_97' title="bbox 1823 3947 3405 4029; baseline 0 -15"><span class='ocrx_word' id='word_1_733' title='bbox 1823 3963 1907 4016; x_wconf 90' lang='lat' dir='ltr'><strong><em>vel</em></strong></span> <span class='ocrx_word' id='word_1_734' title='bbox 1955 3963 2021 4018; x_wconf 85' lang='lat' dir='ltr'><strong><em>de</em></strong></span> <span class='ocrx_word' id='word_1_735' title='bbox 2069 3962 2375 4019; x_wconf 86' lang='lat' dir='ltr'><strong><em>substantia</em></strong></span> <span class='ocrx_word' id='word_1_736' title='bbox 2425 3961 2537 4017; x_wconf 89' lang='lat' dir='ltr'><strong><em>Deo</em></strong></span> <span class='ocrx_word' id='word_1_737' title='bbox 2560 3947 2936 4018; x_wconf 77' lang='lat' dir='ltr'><strong><em>famulanlium</em></strong></span> <span class='ocrx_word' id='word_1_738' title='bbox 2968 3960 3169 4029; x_wconf 85' lang='lat' dir='ltr'><strong><em>aliquid</em></strong></span> <span class='ocrx_word' id='word_1_739' title='bbox 3196 3960 3405 4014; x_wconf 86' lang='lat' dir='ltr'><strong><em>occulte</em></strong></span> 
     </span>
    </p>
   </div>
   <div class='ocr_carea' id='block_1_98' title="bbox 1825 4050 3404 4127">
    <p class='ocr_par' dir='ltr' id='par_1_98' title="bbox 1825 4050 3404 4127">
     <span class='ocr_line' id='line_1_98' title="bbox 1825 4050 3404 4127; baseline -0.003 -19"><span class='ocrx_word' id='word_1_740' title='bbox 1825 4053 2112 4127; x_wconf 78' lang='lat' dir='ltr'><strong><em>abstrahit,</em></strong></span> <span class='ocrx_word' id='word_1_741' title='bbox 2162 4052 2505 4122; x_wconf 85' lang='lat' dir='ltr'><strong><em>sacrilegium</em></strong></span> <span class='ocrx_word' id='word_1_742' title='bbox 2549 4059 2844 4121; x_wconf 89' lang='lat' dir='ltr'><strong><em>perpetrat.</em></strong></span> <span class='ocrx_word' id='word_1_743' title='bbox 2888 4050 3251 4122; x_wconf 86' lang='lat' dir='ltr'><strong><em>Spiritualiter</em></strong></span> <span class='ocrx_word' id='word_1_744' title='bbox 3274 4065 3404 4105; x_wconf 86' lang='lat' dir='ltr'><strong><em>vero</em></strong></span> 
     </span>
    </p>
   </div>
   <div class='ocr_carea' id='block_1_99' title="bbox 1818 4140 3309 4214">
    <p class='ocr_par' dir='ltr' id='par_1_99' title="bbox 1818 4140 3309 4214">
     <span class='ocr_line' id='line_1_99' title="bbox 1818 4140 3309 4214; baseline -0.003 -15"><span class='ocrx_word' id='word_1_745' title='bbox 1818 4143 2167 4214; x_wconf 87' lang='lat' dir='ltr'><strong><em>sacrilegium</em></strong></span> <span class='ocrx_word' id='word_1_746' title='bbox 2188 4150 2272 4198; x_wconf 91' lang='lat' dir='ltr'><strong><em>est</em></strong></span> <span class='ocrx_word' id='word_1_747' title='bbox 2297 4156 2573 4206; x_wconf 87' lang='lat' dir='ltr'><strong><em>sacrorum</em></strong></span> <span class='ocrx_word' id='word_1_748' title='bbox 2601 4141 2888 4198; x_wconf 84' lang='lat' dir='ltr'><strong><em>verborum</em></strong></span> <span class='ocrx_word' id='word_1_749' title='bbox 2914 4140 3309 4214; x_wconf 60' lang='lat' dir='ltr'><strong><em>praevaricatio.</em></strong></span> 
     </span>
    </p>
   </div>
   <div class='ocr_carea' id='block_1_100' title="bbox 1895 4231 3403 4315">
    <p class='ocr_par' dir='ltr' id='par_1_100' title="bbox 1895 4231 3403 4315">
     <span class='ocr_line' id='line_1_100' title="bbox 1895 4231 3403 4315; baseline 0 -29"><span class='ocrx_word' id='word_1_750' title='bbox 1895 4233 2001 4298; x_wconf 89' lang='lat' dir='ltr'><strong><em>Qui</em></strong></span> <span class='ocrx_word' id='word_1_751' title='bbox 2047 4234 2103 4287; x_wconf 88' lang='lat' dir='ltr'><strong><em>in</em></strong></span> <span class='ocrx_word' id='word_1_752' title='bbox 2138 4231 2248 4303; x_wconf 83' lang='lat' dir='ltr'><strong><em>lege</em></strong></span> <span class='ocrx_word' id='word_1_753' title='bbox 2273 4231 2540 4303; x_wconf 68' lang='lat' dir='ltr'><strong><em>gloriaris,</em></strong></span> <span class='ocrx_word' id='word_1_754' title='bbox 2582 4247 2749 4315; x_wconf 84' lang='lat' dir='ltr'><strong><em>quare</em></strong></span> <span class='ocrx_word' id='word_1_755' title='bbox 2792 4249 2883 4303; x_wconf 88' lang='lat' dir='ltr'><strong><em>per</em></strong></span> <span class='ocrx_word' id='word_1_756' title='bbox 2920 4231 3403 4308; x_wconf 63' lang='lat' dir='ltr'><strong><em>prwgaricationem</em></strong></span> 
     </span>
    </p>
   </div>
   <div class='ocr_carea' id='block_1_101' title="bbox 1823 4324 3399 4396">
    <p class='ocr_par' dir='ltr' id='par_1_101' title="bbox 1823 4324 3399 4396">
     <span class='ocr_line' id='line_1_101' title="bbox 1823 4324 3399 4396; baseline -0.001 -17"><span class='ocrx_word' id='word_1_757' title='bbox 1823 4325 1952 4396; x_wconf 87' lang='lat' dir='ltr'><strong><em>legis</em></strong></span> <span class='ocrx_word' id='word_1_758' title='bbox 1983 4326 2152 4391; x_wconf 81' lang='lat' dir='ltr'><strong><em>Deum</em></strong></span> <span class='ocrx_word' id='word_1_759' title='bbox 2182 4325 2467 4394; x_wconf 76' lang='lat' dir='ltr'><strong><em>inhonorus</em></strong></span> <span class='ocrx_word' id='word_1_760' title='bbox 2489 4326 2516 4381; x_wconf 80' lang='lat'><strong><em>?</em></strong></span> <span class='ocrx_word' id='word_1_761' title='bbox 2558 4326 2698 4384; x_wconf 85' lang='lat' dir='ltr'><strong><em>Deus</em></strong></span> <span class='ocrx_word' id='word_1_762' title='bbox 2735 4325 3111 4390; x_wconf 88' lang='lat' dir='ltr'><strong><em>inhonoratur,</em></strong></span> <span class='ocrx_word' id='word_1_763' title='bbox 3149 4324 3275 4379; x_wconf 88' lang='lat' dir='ltr'><strong><em>dum</em></strong></span> <span class='ocrx_word' id='word_1_764' title='bbox 3303 4340 3399 4379; x_wconf 82' lang='lat' dir='ltr'><strong><em>vo-</em></strong></span> 
     </span>
    </p>
   </div>
   <div class='ocr_carea' id='block_1_102' title="bbox 1824 4416 3376 4488">
    <p class='ocr_par' dir='ltr' id='par_1_102' title="bbox 1824 4416 3376 4488">
     <span class='ocr_line' id='line_1_102' title="bbox 1824 4416 3376 4488; baseline -0.001 -16"><span class='ocrx_word' id='word_1_765' title='bbox 1824 4418 2001 4474; x_wconf 86' lang='lat' dir='ltr'><strong><em>luntas</em></strong></span> <span class='ocrx_word' id='word_1_766' title='bbox 2028 4427 2084 4473; x_wconf 89' lang='lat' dir='ltr'><strong><em>et</em></strong></span> <span class='ocrx_word' id='word_1_767' title='bbox 2106 4416 2279 4487; x_wconf 89' lang='lat' dir='ltr'><strong><em>jussio</em></strong></span> <span class='ocrx_word' id='word_1_768' title='bbox 2308 4417 2452 4474; x_wconf 90' lang='lat' dir='ltr'><strong><em>illius</em></strong></span> <span class='ocrx_word' id='word_1_769' title='bbox 2477 4417 2721 4477; x_wconf 86' lang='lat' dir='ltr'><strong><em>calcatur</em></strong></span> <span class='ocrx_word' id='word_1_770' title='bbox 2748 4427 2803 4473; x_wconf 86' lang='lat' dir='ltr'><strong><em>et</em></strong></span> <span class='ocrx_word' id='word_1_771' title='bbox 2840 4432 2941 4488; x_wconf 89' lang='lat' dir='ltr'><strong><em>pro</em></strong></span> <span class='ocrx_word' id='word_1_772' title='bbox 2970 4416 3141 4472; x_wconf 87' lang='lat' dir='ltr'><strong><em>nihilo</em></strong></span> <span class='ocrx_word' id='word_1_773' title='bbox 3162 4416 3376 4472; x_wconf 89' lang='lat' dir='ltr'><strong><em>ducitur</em></strong></span> 
     </span>
    </p>
   </div>
   <div class='ocr_carea' id='block_1_103' title="bbox 1824 4507 3401 4580">
    <p class='ocr_par' dir='ltr' id='par_1_103' title="bbox 1824 4507 3401 4580">
     <span class='ocr_line' id='line_1_103' title="bbox 1824 4507 3401 4580; baseline -0.003 -15"><span class='ocrx_word' id='word_1_774' title='bbox 1824 4510 1915 4573; x_wconf 88' lang='lat' dir='ltr'><strong><em>Sic</em></strong></span> <span class='ocrx_word' id='word_1_775' title='bbox 1961 4510 2160 4566; x_wconf 89' lang='lat' dir='ltr'><strong><em>dicitur</em></strong></span> <span class='ocrx_word' id='word_1_776' title='bbox 2209 4510 2522 4565; x_wconf 88' lang='lat' dir='ltr'><strong><em>inhonorari</em></strong></span> <span class='ocrx_word' id='word_1_777' title='bbox 2569 4525 2665 4579; x_wconf 74' lang='lat' dir='ltr'><strong><em>rex</em></strong></span> <span class='ocrx_word' id='word_1_778' title='bbox 2708 4509 2793 4570; x_wconf 81' lang='lat' dir='ltr'><strong><em>vel</em></strong></span> <span class='ocrx_word' id='word_1_779' title='bbox 2838 4507 3088 4580; x_wconf 76' lang='lat' dir='ltr'><strong><em>quaelibet</em></strong></span> <span class='ocrx_word' id='word_1_780' title='bbox 3123 4516 3401 4578; x_wconf 71' lang='lat' dir='ltr'><strong><em>potestas,</em></strong></span> 
     </span>
    </p>
   </div>
   <div class='ocr_carea' id='block_1_104' title="bbox 1824 4598 3403 4673">
    <p class='ocr_par' dir='ltr' id='par_1_104' title="bbox 1824 4598 3403 4673">
     <span class='ocr_line' id='line_1_104' title="bbox 1824 4598 3403 4673; baseline -0.003 -18"><span class='ocrx_word' id='word_1_781' title='bbox 1824 4600 1950 4669; x_wconf 84' lang='lat' dir='ltr'><strong><em>dum</em></strong></span> <span class='ocrx_word' id='word_1_782' title='bbox 1994 4598 2219 4673; x_wconf 78' lang='lat' dir='ltr'><strong><em>epistola</em></strong></span> <span class='ocrx_word' id='word_1_783' title='bbox 2259 4599 2402 4663; x_wconf 83' lang='lat' dir='ltr'><strong><em>illius</em></strong></span> <span class='ocrx_word' id='word_1_784' title='bbox 2441 4615 2549 4657; x_wconf 89' lang='lat' dir='ltr'><strong><em>non</em></strong></span> <span class='ocrx_word' id='word_1_785' title='bbox 2597 4601 2935 4664; x_wconf 83' lang='lat' dir='ltr'><strong><em>observatur,</em></strong></span> <span class='ocrx_word' id='word_1_786' title='bbox 2967 4606 3403 4669; x_wconf 63' lang='lat' dir='ltr'><strong><em>praeceptumque</em></strong></span> 
     </span>
    </p>
   </div>
   <div class='ocr_carea' id='block_1_105' title="bbox 1820 4686 3401 4759">
    <p class='ocr_par' dir='ltr' id='par_1_105' title="bbox 1820 4686 3401 4759">
     <span class='ocr_line' id='line_1_105' title="bbox 1820 4686 3401 4759; baseline -0.002 -13"><span class='ocrx_word' id='word_1_787' title='bbox 1820 4689 1938 4759; x_wconf 84' lang='lat' dir='ltr'><strong><em>ejus</em></strong></span> <span class='ocrx_word' id='word_1_788' title='bbox 1967 4706 2072 4747; x_wconf 90' lang='lat' dir='ltr'><strong><em>non</em></strong></span> <span class='ocrx_word' id='word_1_789' title='bbox 2101 4690 2424 4754; x_wconf 83' lang='lat' dir='ltr'><strong><em>custoditur.</em></strong></span> <span class='ocrx_word' id='word_1_790' title='bbox 2462 4689 2669 4759; x_wconf 80' lang='lat' dir='ltr'><strong><em>Nomen</em></strong></span> <span class='ocrx_word' id='word_1_791' title='bbox 2698 4690 2842 4745; x_wconf 86' lang='lat' dir='ltr'><strong><em>enim</em></strong></span> <span class='ocrx_word' id='word_1_792' title='bbox 2887 4688 2981 4751; x_wconf 88' lang='lat' dir='ltr'><strong><em>Dei</em></strong></span> <span class='ocrx_word' id='word_1_793' title='bbox 3007 4704 3105 4759; x_wconf 89' lang='lat' dir='ltr'><strong><em>per</em></strong></span> <span class='ocrx_word' id='word_1_794' title='bbox 3145 4701 3241 4744; x_wconf 87' lang='lat' dir='ltr'><strong><em>vos</em></strong></span> <span class='ocrx_word' id='word_1_795' title='bbox 3287 4686 3401 4743; x_wconf 86' lang='lat' dir='ltr'><strong><em>bla-</em></strong></span> 
     </span>
    </p>
   </div>
   <div class='ocr_carea' id='block_1_106' title="bbox 1818 4778 3395 4853">
    <p class='ocr_par' dir='ltr' id='par_1_106' title="bbox 1818 4778 3395 4853">
     <span class='ocr_line' id='line_1_106' title="bbox 1818 4778 3395 4853; baseline -0.005 -16"><span class='ocrx_word' id='word_1_796' title='bbox 1818 4783 2136 4853; x_wconf 89' lang='lat' dir='ltr'><strong><em>sphematur</em></strong></span> <span class='ocrx_word' id='word_1_797' title='bbox 2158 4783 2301 4837; x_wconf 90' lang='lat' dir='ltr'><strong><em>inter</em></strong></span> <span class='ocrx_word' id='word_1_798' title='bbox 2332 4789 2550 4852; x_wconf 84' lang='lat' dir='ltr'><strong><em>gentes,</em></strong></span> <span class='ocrx_word' id='word_1_799' title='bbox 2572 4781 2715 4836; x_wconf 90' lang='lat' dir='ltr'><strong><em>sicut</em></strong></span> <span class='ocrx_word' id='word_1_800' title='bbox 2745 4781 3002 4852; x_wconf 89' lang='lat' dir='ltr'><strong><em>scriptum</em></strong></span> <span class='ocrx_word' id='word_1_801' title='bbox 3031 4787 3114 4837; x_wconf 86' lang='lat' dir='ltr'><strong><em>est</em></strong></span> <span class='ocrx_word' id='word_1_802' title='bbox 3142 4779 3196 4835; x_wconf 91' lang='lat' dir='ltr'><strong><em>in</em></strong></span> <span class='ocrx_word' id='word_1_803' title='bbox 3218 4778 3357 4834; x_wconf 87' lang='lat' dir='ltr'><strong><em>Isaia</em></strong></span> <span class='ocrx_word' id='word_1_804' title='bbox 3392 4822 3395 4829; x_wconf 25' lang='lat' dir='ltr'><strong><em>l</em></strong></span> 
     </span>
    </p>
   </div>
   <div class='ocr_carea' id='block_1_107' title="bbox 1821 4868 3397 4943">
    <p class='ocr_par' dir='ltr' id='par_1_107' title="bbox 1821 4868 3397 4943">
     <span class='ocr_line' id='line_1_107' title="bbox 1821 4868 3397 4943; baseline -0.002 -16"><span class='ocrx_word' id='word_1_805' title='bbox 1821 4872 1891 4927; x_wconf 88' lang='lat' dir='ltr'><strong><em>Ca</em></strong></span> <span class='ocrx_word' id='word_1_806' title='bbox 1900 4874 2135 4942; x_wconf 80' lang='lat' dir='ltr'><strong><em>ptivatus</em></strong></span> <span class='ocrx_word' id='word_1_807' title='bbox 2153 4878 2237 4926; x_wconf 89' lang='lat' dir='ltr'><strong><em>est</em></strong></span> <span class='ocrx_word' id='word_1_808' title='bbox 2259 4871 2485 4941; x_wconf 88' lang='lat' dir='ltr'><strong><em>populus</em></strong></span> <span class='ocrx_word' id='word_1_809' title='bbox 2510 4871 2676 4931; x_wconf 87' lang='lat' dir='ltr'><strong><em>Israel</em></strong></span> <span class='ocrx_word' id='word_1_810' title='bbox 2704 4870 2759 4926; x_wconf 85' lang='lat' dir='ltr'><strong><em>in</em></strong></span> <span class='ocrx_word' id='word_1_811' title='bbox 2782 4870 3035 4943; x_wconf 82' lang='lat' dir='ltr'><strong><em>Assyrios</em></strong></span> <span class='ocrx_word' id='word_1_812' title='bbox 3055 4878 3114 4926; x_wconf 90' lang='lat' dir='ltr'><strong><em>et</em></strong></span> <span class='ocrx_word' id='word_1_813' title='bbox 3140 4870 3192 4925; x_wconf 90' lang='lat' dir='ltr'><strong><em>ill</em></strong></span> <span class='ocrx_word' id='word_1_814' title='bbox 3218 4868 3397 4941; x_wconf 86' lang='lat' dir='ltr'><strong><em>Baby-</em></strong></span> 
     </span>
    </p>
   </div>
   <div class='ocr_carea' id='block_1_108' title="bbox 1820 4959 3396 5033">
    <p class='ocr_par' dir='ltr' id='par_1_108' title="bbox 1820 4959 3396 5033">
     <span class='ocr_line' id='line_1_108' title="bbox 1820 4959 3396 5033; baseline -0.002 -18"><span class='ocrx_word' id='word_1_815' title='bbox 1820 4963 2000 5017; x_wconf 89' lang='lat' dir='ltr'><strong><em>lonem</em></strong></span> <span class='ocrx_word' id='word_1_816' title='bbox 2035 4969 2365 5032; x_wconf 54' lang='lat' dir='ltr'><strong><em>exterasque</em></strong></span> <span class='ocrx_word' id='word_1_817' title='bbox 2400 4972 2608 5033; x_wconf 82' lang='lat' dir='ltr'><strong><em>gentes.</em></strong></span> <span class='ocrx_word' id='word_1_818' title='bbox 2652 4959 2854 5017; x_wconf 83' lang='lat' dir='ltr'><strong><em>Nomen</em></strong></span> <span class='ocrx_word' id='word_1_819' title='bbox 2884 4963 2977 5017; x_wconf 90' lang='lat' dir='ltr'><strong><em>Dei</em></strong></span> <span class='ocrx_word' id='word_1_820' title='bbox 3007 4977 3104 5032; x_wconf 86' lang='lat' dir='ltr'><strong><em>per</em></strong></span> <span class='ocrx_word' id='word_1_821' title='bbox 3131 4960 3249 5017; x_wconf 90' lang='lat' dir='ltr'><strong><em>illos</em></strong></span> <span class='ocrx_word' id='word_1_822' title='bbox 3277 4960 3396 5016; x_wconf 88' lang='lat' dir='ltr'><strong><em>bla-</em></strong></span> 
     </span>
    </p>
   </div>
   <div class='ocr_carea' id='block_1_109' title="bbox 1819 5052 3397 5121">
    <p class='ocr_par' dir='ltr' id='par_1_109' title="bbox 1819 5052 3397 5121">
     <span class='ocr_line' id='line_1_109' title="bbox 1819 5052 3397 5121; baseline 0 -15"><span class='ocrx_word' id='word_1_823' title='bbox 1819 5052 2201 5121; x_wconf 85' lang='lat' dir='ltr'><strong><em>sphemabatur</em></strong></span> <span class='ocrx_word' id='word_1_824' title='bbox 2225 5054 2369 5121; x_wconf 88' lang='lat' dir='ltr'><strong><em>quod</em></strong></span> <span class='ocrx_word' id='word_1_825' title='bbox 2396 5053 2648 5113; x_wconf 86' lang='lat' dir='ltr'><strong><em>dicebant</em></strong></span> <span class='ocrx_word' id='word_1_826' title='bbox 2668 5054 2850 5113; x_wconf 85' lang='lat' dir='ltr'><strong><em>hostes</em></strong></span> <span class='ocrx_word' id='word_1_827' title='bbox 2880 5054 3094 5113; x_wconf 86' lang='lat' dir='ltr'><strong><em>illorum</em></strong></span> <span class='ocrx_word' id='word_1_828' title='bbox 3121 5069 3246 5109; x_wconf 91' lang='lat' dir='ltr'><strong><em>cum</em></strong></span> <span class='ocrx_word' id='word_1_829' title='bbox 3271 5052 3397 5108; x_wconf 83' lang='lat' dir='ltr'><strong><em>irri-</em></strong></span> 
     </span>
    </p>
   </div>
   <div class='ocr_carea' id='block_1_110' title="bbox 1817 5142 3397 5215">
    <p class='ocr_par' dir='ltr' id='par_1_110' title="bbox 1817 5142 3397 5215">
     <span class='ocr_line' id='line_1_110' title="bbox 1817 5142 3397 5215; baseline 0.001 -18"><span class='ocrx_word' id='word_1_830' title='bbox 1817 5144 1969 5197; x_wconf 86' lang='lat' dir='ltr'><strong><em>sione</em></strong></span> <span class='ocrx_word' id='word_1_831' title='bbox 1990 5160 2002 5195; x_wconf 94' lang='lat'><strong><em>:</em></strong></span> <span class='ocrx_word' id='word_1_832' title='bbox 2023 5142 2161 5215; x_wconf 83' lang='lat' dir='ltr'><strong><em>Ecce</em></strong></span> <span class='ocrx_word' id='word_1_833' title='bbox 2182 5158 2341 5213; x_wconf 75' lang='lat' dir='ltr'><strong><em>quem</em></strong></span> <span class='ocrx_word' id='word_1_834' title='bbox 2368 5142 2536 5199; x_wconf 88' lang='lat' dir='ltr'><strong><em>Deum</em></strong></span> <span class='ocrx_word' id='word_1_835' title='bbox 2558 5144 2839 5214; x_wconf 84' lang='lat' dir='ltr'><strong><em>colebatis,</em></strong></span> <span class='ocrx_word' id='word_1_836' title='bbox 2856 5146 2946 5215; x_wconf 90' lang='lat' dir='ltr'><strong><em>qui</em></strong></span> <span class='ocrx_word' id='word_1_837' title='bbox 2972 5161 3082 5200; x_wconf 90' lang='lat' dir='ltr'><strong><em>non</em></strong></span> <span class='ocrx_word' id='word_1_838' title='bbox 3107 5143 3276 5199; x_wconf 89' lang='lat' dir='ltr'><strong><em>valuit</em></strong></span> <span class='ocrx_word' id='word_1_839' title='bbox 3302 5158 3397 5198; x_wconf 82' lang='lat' dir='ltr'><strong><em>vos</em></strong></span> 
     </span>
    </p>
   </div>
   <div class='ocr_carea' id='block_1_111' title="bbox 1817 5232 3393 5311">
    <p class='ocr_par' dir='ltr' id='par_1_111' title="bbox 1817 5232 3393 5311">
     <span class='ocr_line' id='line_1_111' title="bbox 1817 5232 3393 5311; baseline 0.001 -26"><span class='ocrx_word' id='word_1_840' title='bbox 1817 5232 2046 5289; x_wconf 88' lang='lat' dir='ltr'><strong><em>liberare</em></strong></span> <span class='ocrx_word' id='word_1_841' title='bbox 2078 5234 2144 5289; x_wconf 86' lang='lat' dir='ltr'><strong><em>de</em></strong></span> <span class='ocrx_word' id='word_1_842' title='bbox 2178 5236 2429 5311; x_wconf 83' lang='lat' dir='ltr'><strong><em>manibus</em></strong></span> <span class='ocrx_word' id='word_1_843' title='bbox 2475 5236 2678 5296; x_wconf 80' lang='lat' dir='ltr'><strong><em>nostris</em></strong></span> <span class='ocrx_word' id='word_1_844' title='bbox 2700 5277 2714 5301; x_wconf 92' lang='lat'><strong><em>,</em></strong></span> <span class='ocrx_word' id='word_1_845' title='bbox 2751 5252 2875 5303; x_wconf 85' lang='lat' dir='ltr'><strong><em>vere</em></strong></span> <span class='ocrx_word' id='word_1_846' title='bbox 2903 5235 3040 5292; x_wconf 90' lang='lat' dir='ltr'><strong><em>idola</em></strong></span> <span class='ocrx_word' id='word_1_847' title='bbox 3085 5245 3271 5295; x_wconf 88' lang='lat' dir='ltr'><strong><em>nostra</em></strong></span> <span class='ocrx_word' id='word_1_848' title='bbox 3315 5234 3393 5288; x_wconf 90' lang='lat' dir='ltr'><strong><em>vi-</em></strong></span> 
     </span>
    </p>
   </div>
   <div class='ocr_carea' id='block_1_112' title="bbox 1817 5323 3396 5407">
    <p class='ocr_par' dir='ltr' id='par_1_112' title="bbox 1817 5323 3396 5407">
     <span class='ocr_line' id='line_1_112' title="bbox 1817 5323 3396 5407; baseline 0 -29"><span class='ocrx_word' id='word_1_849' title='bbox 1817 5323 2004 5378; x_wconf 89' lang='lat' dir='ltr'><strong><em>ctricia</em></strong></span> <span class='ocrx_word' id='word_1_850' title='bbox 2027 5323 2243 5384; x_wconf 84' lang='lat' dir='ltr'><strong><em>fuerunt</em></strong></span> <span class='ocrx_word' id='word_1_851' title='bbox 2266 5326 2359 5380; x_wconf 91' lang='lat' dir='ltr'><strong><em>Dei</em></strong></span> <span class='ocrx_word' id='word_1_852' title='bbox 2387 5327 2569 5395; x_wconf 68' lang='lat' dir='ltr'><strong><em>vestri,</em></strong></span> <span class='ocrx_word' id='word_1_853' title='bbox 2594 5327 2873 5403; x_wconf 80' lang='lat' dir='ltr'><strong><em>Similiter,</em></strong></span> <span class='ocrx_word' id='word_1_854' title='bbox 2895 5324 3110 5407; x_wconf 87' lang='lat' dir='ltr'><strong><em>quando</em></strong></span> <span class='ocrx_word' id='word_1_855' title='bbox 3124 5326 3396 5399; x_wconf 67' lang='lat' dir='ltr'><strong><em>depraeda-</em></strong></span> 
     </span>
    </p>
   </div>
   <div class='ocr_carea' id='block_1_113' title="bbox 1817 5418 3393 5491">
    <p class='ocr_par' dir='ltr' id='par_1_113' title="bbox 1817 5418 3393 5491">
     <span class='ocr_line' id='line_1_113' title="bbox 1817 5418 3393 5491; baseline -0.01 -3"><span class='ocrx_word' id='word_1_856' title='bbox 1817 5426 1905 5487; x_wconf 64' lang='grc' dir='ltr'><strong><em>ων</em></strong></span> <span class='ocrx_word' id='word_1_857' title='bbox 1943 5428 2130 5474; x_wconf 55' lang='lat' dir='ltr'><strong><em>saneta</em></strong></span> <span class='ocrx_word' id='word_1_858' title='bbox 2175 5419 2417 5482; x_wconf 70' lang='lat' dir='ltr'><strong><em>ECCICSia.</em></strong></span> <span class='ocrx_word' id='word_1_859' title='bbox 2458 5420 2528 5479; x_wconf 79' lang='lat' dir='ltr'><strong><em>ab</em></strong></span> <span class='ocrx_word' id='word_1_860' title='bbox 2576 5421 2931 5490; x_wconf 73' lang='lat' dir='ltr'><strong><em>IlOSlibtts,et</em></strong></span> <span class='ocrx_word' id='word_1_861' title='bbox 2957 5418 3173 5490; x_wconf 85' lang='lat' dir='ltr'><strong><em>quando</em></strong></span> <span class='ocrx_word' id='word_1_862' title='bbox 3197 5418 3273 5483; x_wconf 91' lang='lat' dir='ltr'><strong><em>illi</em></strong></span> <span class='ocrx_word' id='word_1_863' title='bbox 3302 5418 3393 5491; x_wconf 83' lang='lat' dir='ltr'><strong><em>qui</em></strong></span> 
     </span>
    </p>
   </div>
   <div class='ocr_carea' id='block_1_114' title="bbox 1814 5507 3391 5589">
    <p class='ocr_par' dir='ltr' id='par_1_114' title="bbox 1814 5507 3391 5589">
     <span class='ocr_line' id='line_1_114' title="bbox 1814 5507 3391 5589; baseline -0.002 -24"><span class='ocrx_word' id='word_1_864' title='bbox 1814 5525 2013 5575; x_wconf 87' lang='lat' dir='ltr'><strong><em>nomen</em></strong></span> <span class='ocrx_word' id='word_1_865' title='bbox 2072 5512 2377 5567; x_wconf 87' lang='lat' dir='ltr'><strong><em>sanctitatis</em></strong></span> <span class='ocrx_word' id='word_1_866' title='bbox 2432 5511 2690 5589; x_wconf 80' lang='lat' dir='ltr'><strong><em>deberent</em></strong></span> <span class='ocrx_word' id='word_1_867' title='bbox 2738 5511 2940 5573; x_wconf 84' lang='lat' dir='ltr'><strong><em>habere</em></strong></span> <span class='ocrx_word' id='word_1_868' title='bbox 2990 5508 3129 5567; x_wconf 86' lang='lat' dir='ltr'><strong><em>male</em></strong></span> <span class='ocrx_word' id='word_1_869' title='bbox 3180 5507 3391 5572; x_wconf 84' lang='lat' dir='ltr'><strong><em>vivunt,</em></strong></span> 
     </span>
    </p>
   </div>
   <div class='ocr_carea' id='block_1_115' title="bbox 1814 5599 3391 5683">
    <p class='ocr_par' dir='ltr' id='par_1_115' title="bbox 1814 5599 3391 5683">
     <span class='ocr_line' id='line_1_115' title="bbox 1814 5599 3391 5683; baseline 0.001 -30"><span class='ocrx_word' id='word_1_870' title='bbox 1814 5600 2217 5673; x_wconf 80' lang='lat' dir='ltr'><strong><em>blasphematur</em></strong></span> <span class='ocrx_word' id='word_1_871' title='bbox 2249 5616 2443 5683; x_wconf 85' lang='lat' dir='ltr'><strong><em>nomen</em></strong></span> <span class='ocrx_word' id='word_1_872' title='bbox 2482 5602 2596 5666; x_wconf 86' lang='lat' dir='ltr'><strong><em>Dei,</em></strong></span> <span class='ocrx_word' id='word_1_873' title='bbox 2631 5602 2755 5672; x_wconf 87' lang='lat' dir='ltr'><strong><em>quia</em></strong></span> <span class='ocrx_word' id='word_1_874' title='bbox 2799 5602 2985 5657; x_wconf 89' lang='lat' dir='ltr'><strong><em>dicunt</em></strong></span> <span class='ocrx_word' id='word_1_875' title='bbox 3020 5599 3191 5669; x_wconf 68' lang='lat' dir='ltr'><strong><em>Judaei</em></strong></span> <span class='ocrx_word' id='word_1_876' title='bbox 3231 5607 3391 5670; x_wconf 89' lang='lat' dir='ltr'><strong><em>atque</em></strong></span> 
     </span>
    </p>
   </div>
   <div class='ocr_carea' id='block_1_116' title="bbox 207 5660 3392 5789">
    <p class='ocr_par' dir='ltr' id='par_1_116' title="bbox 207 5660 3392 5789">
     <span class='ocr_line' id='line_1_116' title="bbox 207 5660 3392 5789; baseline 0.003 -52"><span class='ocrx_word' id='word_1_877' title='bbox 207 5681 276 5738; x_wconf 83' lang='lat' dir='ltr'><strong><em>Et</em></strong></span> <span class='ocrx_word' id='word_1_878' title='bbox 307 5685 444 5789; x_wconf 66' lang='lat' dir='ltr'><strong><em>nosti</em></strong></span> <span class='ocrx_word' id='word_1_879' title='bbox 470 5684 784 5789; x_wconf 80' lang='lat' dir='ltr'><strong><em>voluntatem</em></strong></span> <span class='ocrx_word' id='word_1_880' title='bbox 803 5688 939 5789; x_wconf 63' lang='lat' dir='ltr'><strong><em>ejus,</em></strong></span> <span class='ocrx_word' id='word_1_881' title='bbox 963 5702 1065 5759; x_wconf 85' lang='lat' dir='ltr'><strong><em>per</em></strong></span> <span class='ocrx_word' id='word_1_882' title='bbox 1087 5688 1257 5760; x_wconf 90' lang='lat' dir='ltr'><strong><em>ipsam</em></strong></span> <span class='ocrx_word' id='word_1_883' title='bbox 1286 5688 1479 5760; x_wconf 86' lang='lat' dir='ltr'><strong><em>legem,</em></strong></span> <span class='ocrx_word' id='word_1_884' title='bbox 1506 5699 1556 5745; x_wconf 79' lang='lat' dir='ltr'><strong><em>et</em></strong></span> <span class='ocrx_word' id='word_1_885' title='bbox 1587 5660 1707 5789; x_wconf 39' lang='lat' dir='ltr'><strong><em>prof</em></strong></span> <span class='ocrx_word' id='word_1_886' title='bbox 1810 5660 2004 5767; x_wconf 72' lang='lat' dir='ltr'><strong><em>pagani</em></strong></span> <span class='ocrx_word' id='word_1_887' title='bbox 2034 5713 2050 5752; x_wconf 92' lang='lat'><strong><em>:</em></strong></span> <span class='ocrx_word' id='word_1_888' title='bbox 2082 5662 2218 5752; x_wconf 83' lang='lat' dir='ltr'><strong><em>Ecce</em></strong></span> <span class='ocrx_word' id='word_1_889' title='bbox 2254 5674 2484 5768; x_wconf 82' lang='lat' dir='ltr'><strong><em>populus</em></strong></span> <span class='ocrx_word' id='word_1_890' title='bbox 2520 5660 2758 5764; x_wconf 46' lang='lat' dir='ltr'><strong><em>Dom-ini,</em></strong></span> <span class='ocrx_word' id='word_1_891' title='bbox 2786 5686 2929 5753; x_wconf 77' lang='lat' dir='ltr'><strong><em>ecce</em></strong></span> <span class='ocrx_word' id='word_1_892' title='bbox 2953 5660 3392 5789; x_wconf 33' lang='lat' dir='ltr'><strong><em>apparct&#39;guales</em></strong></span> 
     </span>
    </p>
   </div>
   <div class='ocr_carea' id='block_1_117' title="bbox 126 5777 1706 5867">
    <p class='ocr_par' dir='ltr' id='par_1_117' title="bbox 126 5777 1706 5867">
     <span class='ocr_line' id='line_1_117' title="bbox 126 5777 1706 5867; baseline 0.002 -34"><span class='ocrx_word' id='word_1_893' title='bbox 126 5777 224 5839; x_wconf 74' lang='lat' dir='ltr'><strong><em>has</em></strong></span> <span class='ocrx_word' id='word_1_894' title='bbox 249 5778 459 5845; x_wconf 78' lang='lat' dir='ltr'><strong><em>utiliora</em></strong></span> <span class='ocrx_word' id='word_1_895' title='bbox 488 5780 769 5837; x_wconf 78' lang='lat' dir='ltr'><strong><em>instructus</em></strong></span> <span class='ocrx_word' id='word_1_896' title='bbox 788 5797 884 5852; x_wconf 83' lang='lat' dir='ltr'><strong><em>per</em></strong></span> <span class='ocrx_word' id='word_1_897' title='bbox 906 5780 1109 5863; x_wconf 78' lang='lat' dir='ltr'><strong><em>legem,_</em></strong></span> <span class='ocrx_word' id='word_1_898' title='bbox 1129 5790 1182 5837; x_wconf 90' lang='lat' dir='ltr'><strong><em>et</em></strong></span> <span class='ocrx_word' id='word_1_899' title='bbox 1216 5790 1410 5839; x_wconf 66' lang='lat' dir='ltr'><strong><em>caetera</em></strong></span> <span class='ocrx_word' id='word_1_900' title='bbox 1442 5797 1611 5867; x_wconf 81' lang='lat' dir='ltr'><strong><em>usque</em></strong></span> <span class='ocrx_word' id='word_1_901' title='bbox 1640 5782 1706 5838; x_wconf 88' lang='lat' dir='ltr'><strong><em>ad</em></strong></span> 
     </span>
    </p>
   </div>
   <div class='ocr_carea' id='block_1_118' title="bbox 1813 5787 2615 5871">
    <p class='ocr_par' dir='ltr' id='par_1_118' title="bbox 1813 5787 2615 5871">
     <span class='ocr_line' id='line_1_118' title="bbox 1813 5787 2615 5871; baseline 0.004 -28"><span class='ocrx_word' id='word_1_902' title='bbox 1813 5804 1999 5845; x_wconf 82' lang='lat' dir='ltr'><strong><em>servos</em></strong></span> <span class='ocrx_word' id='word_1_903' title='bbox 2031 5789 2192 5847; x_wconf 87' lang='lat' dir='ltr'><strong><em>habet</em></strong></span> <span class='ocrx_word' id='word_1_904' title='bbox 2237 5787 2392 5871; x_wconf 81' lang='lat' dir='ltr'><strong><em>Jesus</em></strong></span> <span class='ocrx_word' id='word_1_905' title='bbox 2423 5798 2615 5855; x_wconf 80' lang='lat' dir='ltr'><strong><em>vester.</em></strong></span> 
     </span>
    </p>
   </div>
  </div>
