3950 6456
544 397 648 456 383

1038 388 1391 446 llAYllONlS
1427 385 1906 444 HALBERSTAT.
1946 385 2125 442 EPISC

2232 385 2349 440 ιΡΡ.
2389 383 2573 440 PARS
2609 385 2651 440 1.
2690 416 2759 426 -
2795 383 3149 440 ΟΟΜΜΕΝΤ.
3191 384 3361 439 BIBL.

3700 390 3803 445 δει

615 511 957 569 Circumcisia
994 506 1202 579 quidem
1244 506 1453 573 prodest
1490 505 1534 559 si
1577 503 1740 575 legem
1776 503 2025 557 observes.
2057 499 2112 554 In
2143 503 2187 560 Α
2218 499 2427 554 sionem
2462 496 2732 555 carnalem
2762 497 2932 567 legem
2962 500 3381 567 praevaricaris?
3410 499 3605 571 Utique
3652 502 3803 557 dam-

546 602 653 661 hoc
681 604 803 657 loco
839 614 944 655 non
987 607 1070 653 est
1110 595 1417 667 sequendus
1456 593 1712 649 Claudius
1736 632 1752 657 ,
1797 592 1892 648 sed
1939 590 2117 661 potius

545 691 884 751 Ambrosius.
924 685 1242 757 Huiusmodi
1286 683 1749 747 circumcisionem
1788 682 1891 738 hoc
1916 681 1971 734 in
2000 680 2118 734 loco

546 798 645 856 pro
674 784 793 854 ipso
820 792 1018 852 genere
1058 777 1235 849 gentis
1270 775 1475 846 accipe,
1510 776 1615 830 hoc
1657 782 1742 829 est
1780 788 1879 844 pro
1922 786 2118 843 genere

548 874 779 931 Abrahae
804 885 835 926 a
859 886 966 942 quo
997 869 1083 923 ille
1106 866 1334 938 populus
1355 866 1623 937 originem
1666 864 1845 920 carnis
1871 862 2057 927 trahit,
2088 877 2118 916 a

546 980 653 1035 quo
672 964 836 1020 etiam
861 962 978 1032 ipsa
1003 957 1345 1015 circumcisio
1377 956 1657 1011 exordium
1687 953 1933 1024 sumpsit.
1968 952 2121 1009 Hanc

544 1034 691 1110 enim
737 1052 905 1108 habet
948 1034 1238 1120 Apostolus
1280 1046 1759 1110 consuetudinem,
1805 1050 1865 1099 ut
1907 1042 2122 1098 Judazos

547 1145 1048 1209 circumcisionem,
1085 1147 1272 1212 gentes
1297 1147 1477 1194 autem
1514 1138 1835 1208 praeputium
1868 1136 2117 1207 appellet.

551 1238 617 1292 Et
654 1243 742 1292 est
773 1249 964 1296 sensus
992 1250 1009 1287 :
1035 1231 1080 1289 0
1107 1230 1312 1297 Iudaee,
1340 1238 1471 1284 tunc
1488 1229 1712 1299 prodest
1738 1228 1835 1283 tibi
1873 1227 2018 1297 quod
2055 1226 2122 1283 de

549 1338 747 1396 genere
767 1323 999 1379 Abrahae
1027 1336 1088 1377 es
1109 1332 1166 1375 et
1184 1320 1251 1375 de
1278 1331 1474 1389 genere
1502 1316 1931 1373 circumcisionis
1955 1331 1993 1371 a
2012 1331 2122 1386 quo
2142 1307 2148 1317 ’

550 1418 667 1486 ipsa
697 1414 1038 1472 circumcisio
1076 1413 1358 1472 exordium
1394 1412 1660 1483 sumpsit,
1691 1412 1736 1466 si
1761 1411 1931 1483 legem
1965 1412 2124 1483 spiri-

548 1508 774 1565 tualiter
806 1507 1113 1577 intelligens
1142 1506 1318 1562 credis
1347 1506 1399 1560 in
1425 1505 1724 1571 Christum,
1752 1505 1839 1560 cui
1859 1504 1945 1559 lex
1969 1504 2119 1559 testi-

553 1600 793 1657 monium
821 1598 1090 1670 perhibet,
1118 1604 1173 1652 et
1198 1597 1242 1651 si
1269 1596 1738 1656 circumcisionem
1764 1610 1871 1649 non
1895 1595 2123 1650 carnali-

550 1703 656 1758 ter,
680 1692 775 1747 sed
806 1690 1165 1763 Spiritualiter
1188 1689 1465 1747 observas.
1490 1687 1745 1759 Alioquin
1776 1703 1884 1744 non
1906 1689 2125 1759 prodest

546 1797 673 1840 esse
700 1783 987 1852 degenere
1018 1779 1252 1834 Abrahae
1273 1820 1288 1845 ,
1316 1779 1413 1834 sed
1456 1779 1629 1849 magis
1652 1779 1808 1835 obest
1837 1780 1956 1835 tibi.
1986 1780 2122 1835 Pro~

2217 590 2365 646 nabit
2392 599 2478 656 te,
2507 591 2648 659 sicut
2683 589 2947 654 diximus,
2976 589 3102 659 quia
3133 589 3223 647 ille
3262 590 3601 660 spiritualem
3650 593 3804 649 intel-

2219 681 2496 751 ligentiam
2553 680 2606 736 in
2653 678 2769 750 lege
2820 680 3112 737 scrutando
3158 679 3387 756 requirit
3426 698 3441 734 :
3482 690 3546 736 tu
3587 696 3805 754 semper

2217 769 2425 824 carnali
2451 768 2724 824 intellectu
2774 768 3023 840 requiris,
3056 767 3397 839 superﬁciem
3426 773 3805 829 tantummodo

2219 860 2462 933 legendo.
2870 852 2875 857 ’
3084 909 3094 918 .

2291 953 2414 1022 Non
2454 951 2590 1007 enim
2625 953 2719 1023 qui
2752 953 2808 1009 in
2849 952 3127 1022 manifesto
3156 948 3381 1019 Judwus
3409 962 3521 1023 est,
3551 954 3806 1011 subaudis

2219 1042 2394 1117 placet
2413 1044 2553 1108 Deo;
2580 1059 2741 1112 neque
2762 1043 3087 1098 circumcisio
3129 1059 3247 1115 qua:
3269 1043 3324 1096 in
3372 1043 3665 1123 manifesto
3688 1055 3737 1099 ct
3757 1045 3805 1098 in

2221 1152 2378 1191 carne
2395 1145 2502 1201 est,
2536 1135 2710 1206 placet
2738 1136 2868 1191 Deo.

2294 1226 2402 1293 Sed
2434 1228 2524 1297 qui
2555 1227 2610 1281 in
2645 1226 2965 1290 abscondito,
2994 1225 3048 1282 id
3072 1233 3156 1282 est
3182 1225 3277 1296 qui
3308 1226 3361 1293 in
3389 1225 3563 1289 corde
3588 1224 3805 1285 ludus

2222 1327 2296 1388 es;
2322 1317 2496 1389 placet
2522 1316 2653 1372 Deo.
2685 1313 2754 1369 Et
2794 1316 3124 1376 circumcisio
3170 1301 3346 1383 cordis
3371 1316 3428 1371 in
3457 1317 3684 1386 spiritu,
3712 1335 3805 1371 non

2223 1405 2418 1473 littera,
2450 1405 2706 1461 subaudis
2739 1404 2918 1475 placet
2947 1405 3079 1471 Deo,
3106 1406 3283 1475 cujus,
3314 1405 3586 1472 subaudis
3620 1405 3804 1472 Jndzi,

2222 1497 2340 1552 laus
2368 1513 2473 1567 non
2498 1513 2564 1551 ea:
2585 1496 2904 1559 hominibus,
2930 1495 3023 1550 sed
3057 1513 3121 1557 ex
3141 1495 3262 1562 Deo.
3280 1506 3391 1566 est...
3411 1495 3677 1565 Carnalis
3715 1498 3806 1552 cir-

2223 1589 2484 1663 cumcisio
2521 1602 2643 1658 quae
2686 1585 2971 1643 manifesta
3017 1595 3178 1658 atque
3226 1589 3526 1643 secundum
3579 1588 3806 1647 litteram

2223 1680 2562 1751 explanatio,
2592 1679 2678 1733 vel
2700 1679 3018 1750 exspoliatio
3053 1680 3233 1734 carnis
3272 1689 3378 1744 est,
3436 1679 3531 1749 illa
3565 1680 3807 1749 laudatur

2226 1774 2295 1836 ab
2317 1773 2567 1830 omnibus
2592 1770 2810 1827 Judmis.
2839 1770 3192 1827 Circumcisio
3218 1787 3348 1825 vero
3369 1772 3585 1841 cordis,
3618 1787 3739 1852 qua
3759 1773 3810 1828 it

550 1875 772 1932 mittens
819 1874 964 1930 enim
1007 1872 1095 1928 lex
1119 1870 1418 1939 Christum,
1461 1872 1592 1928 dicit
1627 1888 1726 1944 per
1759 1872 1964 1930 Iacob:
2000 1856 2124 1929 Non
2154 1865 2198 1924 Β
2227 1872 2280 1942 in
2311 1871 2581 1942 spiritum,
2612 1876 2696 1924 est
2719 1867 2920 1923 ablatio
2941 1866 3275 1922 infidelitatis
3301 1874 3356 1922 et
3384 1868 3677 1936 susceptio
3701 1867 3807 1923 ﬁdei

543 1975 758 2043 deﬁciet
779 1975 1018 2046 princeps
1051 1989 1117 2028 ar
1147 1971 1316 2036 Iuda,
1360 1987 1522 2041 neque
1545 1969 1655 2024 dua:
1679 1968 1745 2023 de
1773 1967 1967 2036 femore
1987 1967 2121 2038 ejus,

549 2064 715 2117 donec
737 2063 908 2118 ueniat
929 2063 1019 2133 qui
1045 2061 1325 2115 mittendus
1352 2068 1446 2125 est,
1475 2069 1523 2113 et
1553 2060 1659 2129 ipse
1683 2059 1779 2112 erit
1811 2058 2123 2128 exspectatio

549 2154 784 2223 gentium
806 2152 961 2225 (Ceu.
997 2152 1169 2224 xux),
1196 2159 1252 2208 et
1275 2166 1372 2222 per
1402 2151 1576 2221 ipsum
1606 2147 1968 2220 legislatorem
1994 2163 2121 2218 prov

486 2252 492 2257 ’
551 2247 771 2316 phetam
792 2245 1076 2303 suscitabit
1094 2244 1353 2300 Dominus
1371 2242 1522 2297 vobis
1541 2241 1606 2296 de
1630 2239 1888 2313 fratribus
1905 2239 2121 2305 vestris,

553 2347 809 2408 tanquam
830 2350 919 2392 me
940 2337 1116 2407 ipsum
1145 2335 1378 2391 audietis
1397 2332 1552 2403 juxta
1578 2331 1759 2387 omnia
1783 2344 1905 2400 qute
1928 2330 2126 2391 dixerit

551 2429 722 2490 vobis.
739 2429 819 2483 De
842 2427 1253 2483 circumcisione
1273 2439 1487 2495 quoque
1512 2422 1805 2492 spirituali,
1828 2423 1884 2477 in
1910 2421 2124 2484 diebus.

549 2518 753 2593 inquit,
782 2519 1094 2576 novissimis
1118 2511 1470 2576 circumcidet
1493 2516 1754 2572 Dominus
1777 2531 1873 2581 cor
1900 2524 2050 2572 tuum
2072 2524 2126 2569 et

550 2626 658 2679 pun
679 2624 901 2667 carnem
929 2618 1100 2666 tuam.

622 2717 685 2794 Si
706 2727 881 2775 autem
898 2721 1272 2792 prmaricator
1295 2719 1420 2791 legis
1442 2721 1535 2787 sis,
1559 2720 1611 2776 id
1632 2728 1735 2785 est,
1753 2720 1795 2789 si
1822 2734 1926 2788 non
1949 2719 2124 2773 credis

550 2811 607 2881 in
636 2808 914 2886 Christum
942 2825 1105 2880 quem
1146 2810 1233 2866 lex
1271 2798 1559 2883 promittit,
1589 2818 1646 2867 et
1671 2811 1716 2866 si
1755 2808 2124 2881 circumcisio-

550 2916 677 2957 nem
704 2901 1058 2973 spiritualiter
1082 2917 1189 2969 non
1216 2892 1434 2979 servas.~

620 3010 961 3081 Circumcisio
982 3021 1074 3067 tua
1092 3014 1402 3083 prtcputium
1426 3013 1570 3083 facta
1592 3022 1691 3079 est.
1720 3013 1771 3081 id
1801 3021 1882 3076 est
1916 3012 2037 3077 talis
2067 3018 2125 3082 es

549 3101 724 3189 qualis
764 3110 820 3159 et
846 3103 1060 3175 gentilis
1090 3105 1182 3179 qui
1212 3103 1380 3177 legem
1407 3120 1519 3173 non
1545 3106 1732 3181 habet,
1763 3105 1886 3176 quia
1915 3104 2006 3175 qui
2032 3105 2123 3159 de-

549 3196 892 3267 buerasesse
917 3193 1422 3265 Judmuscredendo
1450 3196 1505 3252 in
1539 3196 1842 3271 Christum,
1868 3204 1923 3267 et
1951 3197 2122 3269 legem

552 3368 783 3451 ideoque
807 3379 861 3452 in
896 3378 1248 3450 gentilitatem
1277 3380 1637 3450 reputaberis.
1680 3378 1832 3435 Unde
1863 3379 1994 3435 dicit
2017 3377 2125 3441 Do,-

553 3470 734 3528 rninus
770 3486 870 3542 per
901 3471 1222 3542 pr0phetam
1250 3487 1265 3523 :
1295 3468 1532 3536 Cnet-mel
1580 3471 1637 3526 in
1668 3470 1862 3529 saltum
1910 3480 2127 3542 reputa,-

552 3563 695 3633 bitur
741 3561 885 3633 (lsa.
929 3560 1150 3633 ηιμ),
1198 3560 1538 3631 circumcisio
1558 3560 1811 3634 videlicet
1838 3561 1891 3634 in
1918 3560 2130 3639 gentili-

553 3663 746 3729 tatem.
1984 3669 1993 3674 -

625 3765 689 3824 Si
711 3767 875 3840 igitur
893 3767 1206 3838 prteputium
1226 3765 1354 3837 legis
1377 3767 1615 3838 justitias
1648 3766 1929 3832 custodiat,
1959 3782 2129 3827 nonne

550 3860 864 3932 prteputium
885 3858 1027 3914 illius
1055 3859 1109 3913 in
1138 3859 1582 3914 circumcisionem
1607 3858 1970 3931 reputabitur?
1995 3858 2130 3915 Sen-

553 3973 649 4013 sus
675 3956 780 4014 istc
805 3964 923 4012 est:
950 3954 1007 4010 Si
1034 3954 1248 4026 gentilis
1268 3954 1496 4025 quilibet
1521 3954 1693 4025 legem
1718 3940 1989 4009 custodiat
2012 3967 2131 4008 cre-

550 4049 727 4105 dendo
754 4049 807 4104 in
838 4047 1110 4111 Christum
1129 4088 1146 4113 ,
1168 4046 1636 4113 circumcisionem
1663 4045 2016 4117 Spiritualiter
2039 4045 2131 4100 ob-

552 4141 854 4206 seriando,
912 4149 1215 4209 caeteraquc
1262 4155 1385 4210 quae
1433 4138 1521 4194 lex
1573 4138 1821 4210 praecipit
1861 4136 2128 4207 spirituali

552 4229 904 4300 intelligentia
918 4229 1291 4294 custodiendo,
1308 4228 1550 4298 nunquid
1572 4228 1845 4298 gentilitas
1864 4227 2006 4281 illius
2021 4242 2128 4290 non

554 4321 983 4392 reputabitur'iu
1019 4321 1521 4376 circumcisionem?
1553 4319 1753 4390 Utiqu‘e
1784 4319 1928 4389 quod
1969 4331 2131 4373 verus

555 4411 643 4465 ille
672 4409 890 4466 Judzeus
939 4411 1063 4477 erit,
1118 4409 1171 4466 id
1208 4419 1292 4466 est
1331 4411 1594 4467 conﬁtens
1637 4409 1935 4465 Christum.
1977 4408 2131 4465 Unde

555 4501 817 4570 propheta
870 4500 1002 4557 dicit
1047 4515 1062 4554 t
1109 4498 1447 4556 Convertelur
1503 4498 1733 4556 Libanus
1788 4499 1846 4553 in
1890 4496 2130 4552 Chermel

2224 1962 2450 2028 Christi,
2481 1971 2643 2032 atque
2671 1959 2991 2029 exspoliatio
3018 1959 3291 2014 vitiorum.
3336 1957 3406 2012 Et
3444 1968 3535 2012 est
3580 1974 3806 2014 sensus:

2227 2056 2331 2130 Qui
2364 2053 2737 2118 tantummodo
2765 2066 2961 2123 genere
3001 2058 3056 2108 et
3100 2051 3318 2106 nomine
3358 2061 3443 2106 est
3483 2050 3737 2116 Iudaeus,
3764 2060 3810 2107 et

2223 2145 2690 2217 circumcisionem
2714 2142 3005 2213 c:n'naliter
3029 2142 3299 2207 observat,
3329 2156 3437 2196 non
3464 2141 3659 2212 placet
3692 2141 3807 2209 Deo,

2229 2249 2403 2305 neque
2430 2241 2672 2305 meretur
2703 2232 2912 2299 laudari
2940 2233 3007 2288 ab
3034 2231 3125 2299 illo
3156 2250 3169 2287 :
3197 2247 3511 2303 quanquam
3544 2234 3620 2288 ab
3651 2235 3808 2290 homi-

2224 2330 2384 2385 nibus
2429 2329 2719 2401 laudetur-t
2740 2327 2839 2396 qui
2879 2342 3008 2382 vero
3047 2327 3101 2382 in
3149 2326 3379 2393 occulto,
3415 2326 3470 2381 in
3521 2328 3701 2383 corde
3741 2337 3809 2383 est

2223 2422 2462 2487 Judzeus,
2491 2421 2544 2476 id
2569 2430 2658 2492 est
2684 2420 2946 2479 conﬁtens
2975 2418 3267 2485 Christum,
3310 2428 3365 2477 et
3415 2418 3472 2473 in
3523 2420 3703 2475 corde
3740 2430 3807 2476 est

2224 2511 2579 2569 circumcisus
2609 2511 2679 2583 ab
2715 2511 2862 2566 omni
2907 2510 3222 2566 inﬁdelitate
3266 2519 3327 2581 et.
3369 2511 3439 2565 ab
3484 2512 3650 2566 omni
3682 2511 3803 2566 mala

2225 2602 2503 2657 voluntate
2532 2608 2588 2655 et
2613 2599 2940 2670 cogitatione
2958 2639 2973 2664 ,
3003 2599 3180 2670 placet
3204 2600 3317 2655 Deo
3339 2606 3395 2666 et
3422 2608 3684 2665 meretur
3711 2601 3808 2655 Ian.

2226 2693 2344 2748 dari
2370 2709 2401 2748 a
2432 2694 2564 2759 Deo,
2589 2694 2814 2749 audit-ns
2840 2694 2908 2750 ab
2932 2694 3023 2749 illo
3049 2712 3062 2748 :
3094 2692 3261 2764 Euge,
3291 2695 3421 2753 bone
3446 2711 3604 2750 serve
3630 2708 3677 2750 ct
3696 2695 3809 2765 ﬁde-

2225 2782 2312 2853 lis,
2339 2784 2481 2847 intra
2507 2784 2573 2855 in,
2588 2784 2841 2858 gaudium
2867 2782 3080 2853 Domini
3100 2786 3178 2840 tui
3204 2784 3421 2854 (Matth.
3457 2787 3624 2856 ιμ’).

2833 2938 3058 3001 CAPUT
3115 2938 3203 3005 Ill.

2298 3054 2447 3120 Quid.
2464 3070 2585 3126 ergo
2609 3053 2835 3125 amplius
2857 3062 2931 3109 est
2950 3053 3160 3110 Judteo.
3192 3052 3469 3111 Subaudis
3491 3072 3671 3127 quam
3699 3072 3810 3129 ges-

2229 3145 2308 3211 tili
2362 3155 2585 3217 propter
2628 3145 3117 3203 circumcisionem.
3154 3148 3258 3202 Aut
3299 3165 3420 3218 qua:
3456 3150 3674 3215 utilitas
3719 3150 3808 3204 cit-

551 3235 892 3300 ”‘E",”"""
917 3235 1425 3301 '2‘““‘""“’""“_~’"‘f",
1541 3235 1842 3271 “""""‘""’-
1868 3235 1923 3267 ‘~"
1951 3235 2122 3300 “9”,”
2153 3247 2199 3308 ς
2229 3236 2566 3292 cumcisionis
2589 3236 2616 3292 τ
2639 3235 2865 3293 Multum
2884 3254 2977 3308 per
2997 3253 3200 3293 omnem
3240 3237 3483 3304 modum,
3510 3239 3571 3293 id
3610 3248 3696 3295 est
3731 3252 3812 3309 per

551 3287 906 3360 spirituallter
952 3286 1222 3358 implendo
1266 3287 1465 3351 similis
1508 3288 1733 3357 ell'ectns
1787 3303 1855 3355 es,
1898 3288 2081 3360 gentili
2108 3328 2124 3355 ,
2231 3325 2427 3360 "nam
2468 3342 2660 3360 MM”
2739 3326 2967 3360 nam,”
3019 3328 3222 3360 Mum
3293 3327 3347 3360 ,η
3394 3329 3504 3360 LM
3566 3329 3811 3360 θηλυνηέ

2231 3325 2431 3387 multas
2466 3342 2683 3397 causas.
2734 3326 2970 3391 Primum
3017 3328 3244 3399 quidem.
3293 3327 3350 3383 In
3394 3329 3506 3389 hoc
3566 3329 3812 3385 subs-1&5

2230 3415 2434 3487 profuit
2474 3417 2609 3486 illis,
2653 3418 2779 3489 quia
2826 3418 3027 3486 credita
3084 3428 3205 3478 sunt
3261 3418 3381 3483 illis_
3425 3419 3650 3491 eloquia
3710 3419 3810 3473 Dei.

2231 3507 2402 3577 Erant
2428 3510 2566 3579 apud
2597 3510 2869 3565 Romanos
2900 3507 3070 3575 Judaei
3096 3518 3152 3566 et
3184 3510 3410 3580 gentiles
3449 3510 3506 3565 in
3540 3511 3815 3566 Christum

2232 3600 2549 3671 credentes,
2593 3601 2688 3656 sed
2721 3600 2841 3672 plus
2884 3602 3181 3658 habuerunt
3214 3601 3384 3669 Judaei
3433 3610 3574 3673 ante

2233 3692 2525 3761 adventum
2538 3707 2699 3763 quam
2717 3693 2963 3764 gentiles,
2980 3695 3104 3764 quia
3119 3694 3222 3750 illis
3242 3694 3448 3751 credita
3464 3695 3813 3765 sunteloquia

2232 3782 2348 3849 Dei.
2380 3783 2457 3853 Et.
2484 3790 2569 3849 est
2591 3798 2782 3849 sensus
2808 3802 2821 3838 :
2853 3784 2992 3853 Quid
3012 3785 3137 3841 boni
3166 3786 3405 3857 percepit
3434 3783 3672 3841 ludens
3701 3800 3812 3857 pro-

2231 3885 2354 3947 pter
2400 3875 2867 3947 circnmcisionem
2922 3878 3205 3949 plusquam
3250 3877 3504 3949 gentilis,
3569 3888 3673 3933 aut
3711 3894 3815 3949 qua

2233 3966 2405 4037 major
2455 3968 2788 4043 utilitasest
2828 3968 3014 4026 Iudam
3056 3969 3375 4025 circumciso
3413 3983 3595 4047 quam
3645 3970 3815 4041 gentili

2230 4062 2647 4134 incircumciso?
2676 4062 2896 4125 Multum
2920 4078 3019 4133 per
3048 4076 3238 4127 omnes
3265 4076 3461 4118 causas
3486 4060 3708 4130 profuit
3732 4060 3814 4122 ΗΕ,

2231 4156 2357 4226 quia
2384 4155 2585 4211 meruit
2632 4155 2804 4227 legem
2846 4155 3125 4229 accipere,
3169 4168 3363 4223 manna
3408 4153 3712 4223 suscipere
3754 4154 3810 4208 de

2231 4247 2391 4313 cmlo,
2407 4247 2460 4302 in
2475 4256 2673 4303 terram
2686 4247 3151 4316 intrarcomnibus
3170 4244 3474 4309 meliorem,
3497 4261 3746 4317 regum
3766 4255 3812 4299 et

2231 4340 2595 4396 sacerdotium
2622 4341 2917 4410 possidere.
2953 4339 3107 4409 Unde
3137 4340 3268 4395 dicit
3295 4338 3601 4408 Apostolus
3633 4358 3650 4394 :
3689 4340 3816 4408 Quid

2231 4432 2465 4501 primum
2495 4431 2696 4502 proluit
2725 4432 2975 4503 eisquod
3018 4430 3192 4502 legem
3235 4439 3292 4487 et
3328 4430 3689 4508 prophetiam
3716 4446 3816 4487 ne-

2232 4532 2460 4580 ruernnt
2485 4525 2776 4595 accipere?

554 4590 691 4662 (lsa.
720 4591 894 4664 nu),
925 4593 980 4650 id
1018 4600 1103 4648 est
1138 4594 1408 4664 gentilitas
1447 4594 1500 4648 in
1541 4590 2006 4684 circumcisionem
2038 4605 2128 4655 γε·
2160 4621 2211 4681 D
2304 4612 2446 4681 Quid
2656 4612 2912 4675 subaudis
2933 4613 3138 4680 mit,
3158 4614 3206 4669 τί
3230 4613 3445 4684 quidam
3467 4612 3701 4679 "(om
3729 4630 3820 4669 ,ω

554 4703 693 4742 ram.
731 4686 966 4748 Libanus
1002 4687 1146 4743 enim
1181 4686 1455 4776 dealbotio
1473 4685 1690 4776 dicitur,
1722 4682 2127 4776 Chermcljero
2233 4704 2565 4771 quidem,"
2583 4706 2608 4759 γ
2638 4704 2893 4776 Nunquid
2914 4682 3254 4762 ίηενεαηιίιαέ
3287 4703 3501 4758 quorum
3530 4704 3710 4772 ﬁdem
3736 4705 3821 4759 Da-

553 4778 771 4834 scienlia
809 4794 938 4834 verte
975 4778 1403 4839 circumcisionis.
1434 4775 1673 4830 Libanus
1703 4772 1831 4844 ergo
1861 4773 1916 4828 in
1957 4771 2130 4839 Chere

553 4873 662 4931 mel
700 4887 994 4930 conversus
1018 4880 1122 4938 est,
1155 4870 1368 4942 quando
1391 4868 1662 4940 gentilitas
1682 4866 1925 4947 dealbata
1951 4867 2004 4920 in
2033 4868 2131 4921 ba-

556 4967 810 5036 ptismate
834 4966 1015 5022 locum
1042 4964 1277 5020 obtinuit
1300 4962 1610 5035 Judzeorum
1629 5002 1645 5029 ,
1674 4960 1956 5018 scientiam
1986 4974 2128 5015 vene

552 5055 985 5111 circumcisionis
1013 5055 1238 5111 habens.

626 5167 695 5222 Et
710 5168 971 5238 judicabit
996 5167 1051 5222 id
1087 5167 1227 5237 quod
1262 5183 1327 5238 ea:
1349 5177 1537 5222 natura
1554 5152 1977 5239 estprtrputium;
2002 5163 2129 5233 legis

555 5279 946 5334 consummatis,
968 5262 1024 5317 id
1043 5270 1125 5317 est
1144 5262 1453 5333 perﬁcicns,
1478 5263 1567 5332 qui
1586 5276 1679 5330 per
1698 5260 1923 5327 litteram
1945 5268 1992 5312 et
2022 5246 2128 5325 cir-

554 5356 922 5411 cumcisionem
944 5354 1316 5424 prtcvaricator
1339 5352 1466 5421 legis
1489 5342 1569 5419 es.
1588 5348 1976 5404 Prmvaricator
1999 5348 2131 5418 legis

552 5455 638 5502 est
676 5448 768 5518 qui
811 5446 1083 5502 Christum
1121 5458 1227 5511 non
1268 5442 1459 5498 credit.
1509 5441 1577 5494 Et
1616 5438 1983 5509 superioribus
2028 5428 2129 5492 ista

552 5540 807 5612 pendent,
834 5547 889 5594 et
915 5546 999 5594 est
1020 5552 1211 5593 sensus
1234 5552 1248 5589 :
1269 5532 1522 5603 Nunquid
1565 5531 1656 5586 ille
1692 5529 1783 5600 qui
1812 5528 2131 5585 naturaliter

554 5611 769 5706 gentilis
796 5611 983 5698 est,'et
1000 5630 1171 5701 legem
1191 5634 1550 5697 consummat,
1581 5626 1694 5681 sive
1722 5624 1934 5696 perﬁcit
1960 5632 2016 5680 ct
2040 5624 2132 5679 oh-

554 5710 756 5789 servat,
800 5738 906 5778 non
927 5720 1192 5789 iudicabit
1221 5728 1275 5775 te
1298 5718 1722 5787 comparatione,
1755 5715 1849 5772 sed
1890 5714 2129 5771 melioris

556 5814 680 5870 iam
725 5814 846 5885 quia
887 5830 981 5884 per
1011 5812 1295 5869 littcralem
1327 5809 1729 5883 intelligentiam
1761 5817 1811 5865 et
1838 5807 2123 5864 circumci-

2237 4796 2498 4861 evacuavit
2515 4793 2717 4849 lAbsit.
2741 4794 2853 4860 lioc
2880 4795 3163 4865 tripliciter
3182 4802 3357 4866 potest
3379 4794 3641 4867 intelligi.
3670 4796 3818 4864 Quid,

2237 4884 2442 4955 inquit,
2466 4886 2651 4947 nocuit
2685 4884 2870 4950 Iosue,
2893 4895 2947 4941 et
2978 4884 3202 4956 Caleph,
3235 4886 3463 4956 aliisque
3491 4886 3593 4955 qui
3628 4896 3820 4941 terram

2236 4975 2670 5044 repromissionis
2739 4985 3050 5042 meruerunt
3108 4976 3351 5046 accipere
3382 5016 3397 5041 ,
3453 4977 3501 5032 si
3558 4989 3821 5034 sexcenta

2235 5064 2400 5119 millia
2439 5081 2543 5119 non
2585 5064 2946 5128 crediderunt,
2970 5066 3063 5119 sed
3089 5066 3367 5135 perierunt
3395 5074 3635 5136 propter
3678 5082 3822 5123 suam

2232 5154 2700 5227 incredulitatem?
2725 5152 2975 5224 Nunquid
2998 5155 3346 5210 incredulitas
3359 5162 3413 5210 et
3438 5158 3695 5224 perditio
3718 5157 3823 5212 illo-

2235 5263 2354 5317 rum
2385 5246 2544 5301 ﬁdem
2570 5245 2684 5310 Dei,
2711 5245 2762 5303 id
2791 5232 2882 5301 est
2902 5246 3373 5317 repromissipncm
3396 5246 3493 5301 Dei
3506 5251 3823 5307 evacuavit.

2232 5348 2325 5394 aut
2354 5339 2569 5393 inanem
2604 5336 2729 5391 fecit
2760 5337 2900 5408 quod
2932 5324 3067 5391 dixit
3093 5337 3323 5392 Abrahae
3354 5356 3365 5391 :
3394 5336 3637 5393 Terram
3670 5343 3824 5396 istan:

2234 5432 2330 5503 tibi
2365 5430 2502 5486 dabo
2530 5440 2584 5485 et
2620 5430 2810 5484 semini
2858 5429 2990 5483 tuo?
3016 5429 3157 5483 Nihil
3186 5429 3265 5483 eis
3305 5430 3510 5494 nocuit,
3553 5434 3701 5502 quia
3734 5433 3825 5502 ipsi

2234 5540 2342 5579 non
2382 5531 2510 5579 sunt
2550 5520 2794 5576 frustrati
2822 5521 3183 5592 promissione
3210 5521 3324 5575 Dei.
3353 5520 3567 5575 Aliter:
3616 5523 3667 5577 si
3715 5524 3831 5593 qui-

2234 5617 2357 5671 dam
2410 5614 2621 5670 illorum
2669 5627 2777 5668 non
2827 5611 3210 5676 crediderunt,
3240 5612 3333 5665 sed
3376 5610 3579 5664 mortui
3615 5621 3751 5666 sunt
3780 5613 3831 5664 in

2235 5711 2481 5773 deserto,
2531 5705 2776 5776 nunquid
2819 5719 2968 5760 mors
3002 5703 3227 5759 illorum
3271 5701 3706 5773 promissionem
3742 5702 3832 5758 Dei

2232 5804 2445 5859 inanem
2471 5798 2617 5866 fecit,
2640 5810 2801 5869 quam
2823 5795 3071 5865 promisit
3094 5793 3342 5862 Abrahae,
3366 5793 3555 5850 dicens
3580 5796 3660 5852 de
3682 5795 3831 5850 Clui-
