3950 6346
149 393 254 448 585

771 350 776 356 ’
860 382 1218 440 ΕΧΡΟΞΓΠΟ
1257 382 1322 436 lN
1361 379 1504 436 EPP.
1549 380 1606 436 s.
1651 381 1737 436 ΡΑ

1845 383 1876 437 l.
1915 357 1981 423 J—
2015 382 2081 436 IN
2123 381 2343 438 EPIST.
2385 383 2478 437 AD
2519 382 2686 438 nou.

3300 381 3403 440 586

150 519 238 563 sto
265 524 277 562 :
306 505 377 562 In
397 503 596 560 semine
619 510 706 556 tuo
739 499 1104 553 benedicentur
1138 513 1314 550 omnes
1357 504 1530 567 gentes
1574 493 1729 566 (Cen.
1762 499 1810 558 Λ
1839 495 2062 549 laudari.
2095 495 2379 566 Subjungit
2402 511 2530 565 ergo
2559 505 2615 552 et
2645 495 2777 552 dicit
2808 515 2821 552 :
2872 495 3126 571 Nunquid
3159 497 3404 570 iniquitas

151 599 303 670 xxvi)
326 598 351 651 ?
378 596 568 652 Nonne
596 594 719 663 quia
750 597 1124 646 remanserunt
1149 604 1215 644 ex
1243 590 1374 658 ipsis
1407 590 1472 644 de
1502 602 1732 658 quorum

145 690 410 762 progenie
463 684 805 757 postmodum
856 681 1108 736 Christus
1158 689 1316 735 natus
1366 688 1468 736 est.
1514 680 1728 734 Aliter:

149 779 415 848 Quamvis
453 776 739 830 multitudo
785 773 1091 828 Judreorum
1147 772 1200 826 in
1249 772 1482 825 adventu
1532 769 1734 825 Christi

147 884 260 923 non
298 866 614 931 crediderit,
646 874 824 918 tamen
853 877 958 915 non
987 870 1068 916 est
1091 870 1409 915 evacuatum
1435 859 1577 930 quod
1607 873 1733 928 pro-

148 958 382 1012 missum
431 953 606 1008 fuerat
645 951 814 1006 David
845 967 857 1004 :
891 950 968 1003 De
999 949 1174 1017 [ructu
1212 947 1403 1002 antris
1439 947 1515 1000 tui
1542 962 1734 1018 ponam

147 1065 309 1117 super
337 1047 509 1101 sedem
538 1054 682 1098 tuam
727 1041 897 1113 (Psal.
930 1042 1135 1110 cxxn),
1167 1041 1292 1111 quia
1326 1054 1488 1110 super
1509 1038 1733 1092 creden-

150 1149 234 1193 tes
264 1153 332 1192 ex
362 1135 560 1191 Judzeis
601 1133 782 1188 sedem
827 1133 1160 1203 principatus
1207 1130 1417 1199 accepit
1464 1127 1731 1183 Christus.

149 1227 263 1282 Sed
313 1240 486 1295 neque
515 1223 644 1278 illud
674 1231 991 1277 evacuatum
1039 1229 1124 1276 est
1167 1221 1309 1290 quod
1350 1207 1596 1290 promisit
1637 1233 1736 1288 per

147 1318 447 1389 prophetas
478 1334 490 1370 :
527 1315 588 1372 Si
630 1314 785 1384 fuerit
818 1330 1066 1368 numerus
1107 1313 1340 1382 ﬁliorum
1382 1309 1552 1366 Israel
1585 1311 1736 1381 quasi

149 1428 316 1466 arena
340 1411 524 1474 maris,
551 1407 781 1478 reliquiae
809 1405 938 1460 salvi
962 1406 1108 1475 ﬁent.

219 1500 321 1555 Est
348 1509 522 1554 autem
546 1497 683 1553 Deus
709 1512 885 1562 uerax,
913 1495 1078 1550 omnis
1103 1503 1274 1548 autem
1309 1493 1461 1546 homo
1489 1489 1731 1545 mendax.

149 1592 300 1645 Deus
327 1598 508 1644 autem
543 1602 710 1642 verax
731 1594 831 1649 est,
864 1586 988 1654 quia
1017 1585 1159 1654 quod
1196 1583 1444 1652 promisit
1473 1581 1578 1635 illis
1607 1581 1736 1634 dare

150 1689 361 1734 terram
412 1675 847 1747 repromissionis
895 1689 1059 1745 Opere
1117 1671 1421 1741 complevit.
1473 1669 1736 1724 Similiter

149 1771 300 1838 quod
342 1769 592 1839 promisit
629 1767 859 1821 Abrahae
897 1766 964 1820 de
1007 1764 1222 1819 Christo
1249 1763 1393 1834 quod
1428 1763 1482 1816 in
1531 1762 1736 1816 semine

1833 595 1909 640 est
1941 585 2080 655 apud
2121 585 2287 639 Deum
2321 587 2410 656 qui
2451 587 2605 656 infert
2655 589 2815 653 iram,
2839 581 2842 584 ’
2870 589 2924 642 id
2964 597 3047 643 est
3091 590 3402 646 vindictam.

1834 675 1902 752 Et
1949 685 2035 730 est
2078 690 2304 730 sensus:
2337 675 2394 729 Si
2441 687 2620 731 nostra
2666 678 2920 748 iniquitas
2965 687 3020 734 et
3065 680 3405 736 mendacium

1835 766 2004 820 Deum
2046 757 2367 820 laudabilem
2391 765 2538 830 facit,
2567 767 2623 820 et
2649 767 2690 822 si
2723 777 2920 837 quanto
2947 769 3175 838 amplius
3221 785 3409 839 pecca-

1835 871 1956 910 mus
1985 864 2134 910 tanto
2173 857 2222 910 ei
2262 855 2462 925 placet,
2491 866 2546 910 et
2571 849 2639 912 ’(ιό
2664 843 2891 927 amplius
2919 859 3032 930 ipse
3057 846 3201 915 solus
3229 849 3410 930 justus

1833 950 1888 1002 et
1916 951 2079 1001 verax
2115 956 2339 1016 apparet
2370 988 2386 1014 ,
2424 937 2663 1018 nunquid
2712 943 2926 1021 iniquus
2967 961 3049 1006 est
3089 949 3227 1008 Deus
3263 953 3408 1009 infe-

1835 1036 2001 1090 rendo
2028 1035 2314 1091 vindictam
2335 1051 2432 1106 pro
2457 1031 2613 1091 malis
2633 1041 2752 1106 quze
2774 1038 2862 1093 ille
2893 1039 3003 1091 vult
3025 1043 3084 1093 ut
3113 1039 3405 1107 faciamus;

1835 1127 2127 1183 secundum
2163 1127 2304 1197 quod
2347 1129 2650 1183 stultissimi
2693 1129 2919 1184 dicunt:
2952 1129 3182 1187 omnino
3229 1133 3274 1188 si
3319 1134 3408 1189 ille

1833 1216 1950 1271 Vult
1977 1225 2035 1270 ut
2061 1231 2378 1288 peccemus,
2429 1217 2571 1272 sicut
2612 1220 2827 1287 quidam
2871 1219 3157 1275 stultorum
3197 1221 3407 1288 dieunt,

1835 1306 1976 1376 quod
2000 1307 2152 1362 nefas
2177 1316 2260 1362 est
2281 1307 2500 1377 insuper
2526 1309 2761 1377 cogitare
2785 1310 2997 1379 quando
3025 1307 3281 1368 damnant
3307 1314 3407 1367 ho-

1833 1400 2034 1455 minem
2057 1407 2396 1470 peccatorum
2423 1415 2436 1452 :
2463 1400 2677 1470 iniquus
2689 1408 2792 1466 est,
2814 1401 2938 1470 quia
2960 1399 3407 1474 injuslejudicat;

1833 1493 2011 1562 potius
2039 1493 2181 1546 enim
2211 1493 2432 1546 deberet
2470 1492 2615 1546 illum
2659 1494 2946 1558 honorare,
2975 1495 3126 1566 cujus
3153 1493 3410 1566 iniquitas

1835 1568 1983 1637 illum
2008 1583 2325 1637 laudabilem
2361 1581 2506 1638 facit.
2541 1582 2648 1638 Sed
2671 1587 2796 1654 quia
2827 1586 2926 1640 hoc
2951 1601 3136 1642 verum
3166 1602 3272 1642 non
3301 1598 3405 1652 cst,

1838 1675 2019 1730 subdit
2041 1674 2328 1744 Apostolus
2352 1691 2366 1728 :

1910 1766 2210 1822 Secundum
2234 1767 2489 1822 hominem
2524 1768 2640 1822 dico
2662 1809 2676 1835 ,
2704 1769 2757 1824 id
2785 1777 2885 1835 est,
2916 1770 3211 1826 secundum
3243 1772 3404 1827 intel-

149 1863 271 1932 ejus
298 1861 681 1916 benedicenda:
705 1859 879 1914 forent
904 1873 1091 1914 omnes
1121 1867 1328 1929 gentes,
1358 1866 1411 1912 et
1432 1857 1572 1927 quod
1609 1871 1734 1926 pro-
1763 1852 1808 1911 Β
1836 1859 2106 1931 Ιίεειῐειὶοηι
2127 1860 2362 1915 carnalis
2380 1861 2633 1938 hominis,
2649 1863 2740 1932 qui
2757 1863 2970 1918 hilbo‘ni
2991 1866 3229 1936 cogitare
3244 1865 3405 1921 valet.

153 1942 306 2007 misit
351 1953 521 2007 Davld
551 1951 618 2006 de
645 1950 820 2006 fructu
864 1950 1030 2005 lumbi
1073 1949 1190 2018 ejus
1237 1963 1512 2005 sessurum
1551 1961 1733 2019 regem

151 2061 320 2114 super
358 2045 536 2099 sedem
575 2044 726 2114 regni
760 2043 894 2112 ejus,
930 2050 984 2098 et
1009 2048 1106 2112 per
1131 2042 1292 2095 alium
1323 2041 1640 2111 prophetam
1667 2040 1734 2095 de

153 2135 330 2190 salute
359 2128 705 2204 reliquiarum
749 2140 916 2186 totum
960 2131 1267 2200 complevit.
1320 2129 1510 2185 Omnis
1548 2136 1730 2183 autem

156 2230 321 2282 homo
345 2226 721 2281 contradicens
746 2223 1190 2294 promissionibus
1213 2221 1326 2285 Dei,
1362 2220 1588 2276 mendax
1619 2229 1732 2285 est;

156 2321 242 2375 vel
285 2321 466 2376 omnis
506 2320 668 2374 homo
705 2318 756 2372 in
785 2322 1046 2388 quantum
1085 2331 1114 2370 a
1145 2315 1322 2386 seipse
1351 2323 1455 2380 est,
1504 2313 1733 2369 mendax

154 2421 272 2478 est;
303 2412 360 2466 in
393 2420 652 2481 quantum
680 2424 864 2474 veras,
889 2423 919 2462 a
954 2407 1082 2463 Deo.

225 2502 381 2559 Sicut
407 2503 656 2572 scriptum
691 2509 764 2555 est
803 2519 820 2558 :
867 2498 933 2553 Ut
976 2500 1283 2569 iustiﬁceris
1321 2501 1374 2553 i'n
1413 2498 1735 2553 sermonibus

155 2601 284 2665 tuis,
329 2610 380 2653 et
434 2601 608 2653 uincas
654 2611 769 2650 cum
815 2595 1096 2665 judicaris.
1142 2594 1495 2656 Justiﬁceris,
1549 2594 1602 2648 id
1652 2601 1736 2648 est

146 2693 333 2759 justus
361 2689 694 2760 prmdiceris,
725 2694 779 2742 et
807 2701 970 2740 verax
999 2687 1050 2741 in
1083 2686 1187 2741 tuis
1217 2685 1660 2756 promissionibus
1684 2692 1740 2738 et

157 2797 323 2837 verax
347 2778 774 2850 explendoillas,
801 2779 925 2832 dum
950 2777 1212 2847 judicaris
1235 2793 1265 2831 a
1293 2777 1520 2847 populis.
1547 2776 1734 2842 David,

158 2881 448 2941 postquam
498 2869 668 2923 factus
701 2876 784 2923 est
813 2867 1026 2922 adulter
1070 2877 1126 2921 et
1171 2867 1467 2932 homicida,
1513 2881 1736 2920 uxorem

161 2962 302 3016 Uriae
333 2960 668 3031 accipiendo,
695 2968 750 3014 et
778 2958 924 3012 illum
957 2957 1133 3029 gladio
1175 2958 1408 3013 ﬁliorum
1444 2956 1618 3011 Amon
1650 2957 1735 3011 in-

159 3054 501 3118 terficiendo,-
524 3053 776 3106 dicebant
803 3051 955 3106 multi
984 3055 998 3104 ἑ
1027 3051 1206 3106 Vacua
1230 3050 1490 3106 elﬁcietur
1509 3050 1739 3121 promis-

157 3147 240 3201 sio
266 3145 656 3215 omnipotentis
687 3144 812 3206 Dei,
847 3130 968 3213 quae
999 3142 1139 3198 facta
1169 3151 1251 3198 est
1278 3143 1345 3197 ad
1378 3142 1567 3207 David,
1593 3141 1734 3212 quod

1833 1946 1998 2006 Addi.
2017 1951 2191 2006 adhuc
2209 1968 2222 2004 :
2240 1951 2405 2006 Absit.
2430 1951 2541 2008 Hoc
2559 1951 2888 2024 jungendum
2910 1963 2991 2010 est
3012 1957 3079 2010 ad
3102 1957 3403 2027 superiora,

1836 2040 1926 2094 ubi
1954 2035 2090 2094 dixit
2121 2057 2135 2092 :
2165 2040 2416 2110 Nunquid
2445 2043 2659 2112 iniquus
2687 2050 2771 2099 est
2807 2044 2948 2101 Deus
2965 2046 3056 2116 qui
3089 2046 3255 2102 infert
3289 2049 3410 2102 vin-

1837 2133 2070 2189 dictam?
2098 2133 2274 2200 Absit,
2315 2135 2572 2190 subaudis
2608 2135 2712 2192 hoc
2750 2138 2891 2207 quod
2934 2137 3128 2208 aliquis
3169 2138 3405 2194 fidelium

1836 2222 2036 2293 cogitet
2067 2240 2080 2276 :
2109 2223 2236 2294 quia
2279 2224 2420 2280 Deus
2467 2225 2684 2294 iniquus
2720 2228 2822 2292 sit,
2850 2236 2904 2282 et
2933 2228 3056 2297 quia
3091 2237 3277 2284 nostra
3311 2229 3410 2284 ini-

1837 2317 2018 2385 quitas
2043 2318 2206 2372 faciat
2234 2318 2382 2372 illum
2409 2319 2752 2373 laudabilem.

1906 2410 2150 2482 Alioquin
2189 2411 2446 2482 quomodo
2468 2411 2727 2480 judicabit
2755 2412 2896 2468 Deus
2935 2413 3072 2467 hunc
3102 2413 3356 2467 mundum
3381 2415 3410 2465 -.’

1837 2501 1895 2556 ld
1917 2511 2018 2567 est,
2051 2502 2096 2556 si
2127 2503 2269 2556 Deus
2294 2503 2397 2557 hoc
2422 2502 2536 2557 vult
2563 2513 2624 2557 ut
2657 2519 2755 2559 nos
2782 2505 2964 2576 injusti
3010 2507 3178 2562 simus
3198 2547 3214 2572 ,
3241 2520 3411 2576 quare

1831 2591 2094 2664 judicabit
2122 2593 2367 2648 homines
2403 2593 2492 2662 qui
2524 2595 2739 2662 quando
2769 2604 2993 2664 peccant
3024 2595 3142 2665 ejus
3165 2596 3410 2651 volunta-

1840 2691 1945 2738 tem
1972 2683 2267 2754 adimplent
2292 2692 2346 2738 et
2370 2699 2598 2754 quorum
2631 2685 2888 2756 iniquitas
2910 2687 3060 2742 illum
3087 2687 3408 2742 laudabilem

1838 2775 1984 2831 facit.

1911 2865 1973 2921 Si
1994 2867 2128 2921 enim
2151 2869 2339 2922 veritas
2369 2867 2466 2922 Dei
2500 2869 2554 2921 in
2589 2884 2704 2923 meo
2741 2870 3010 2924 mendacio
3046 2869 3329 2924 abundavit
3359 2871 3414 2924 in

1836 2956 2060 3027 gloriam
2106 2959 2286 3028 ipsius,
2323 2959 2449 3029 quid
2484 2959 2656 3012 adhuc
2699 2969 2944 3030 tanquam
2977 2970 3022 3014 et
3047 2977 3140 3031 ego
3175 2969 3416 3031 peccator

1830 3047 2092 3118 judicor?
2116 3048 2184 3102 Et
2223 3056 2307 3102 est
2333 3063 2562 3104 sensus:
2598 3048 2654 3102 Si
2691 3051 2831 3104 Deus
2873 3051 2928 3104 in
2971 3065 3088 3105 meo
3129 3051 3416 3106 mendacio

1839 3151 2004 3191 verax
2032 3145 2274 3210 apparet,
2305 3149 2362 3193 et
2388 3139 2514 3192 dum
2542 3154 2640 3208 ego
2670 3127 2901 3193 mentior
2934 3139 3050 3208 ipse
3076 3139 3223 3194 solus
3249 3155 3412 3194 verus

158 3255 224 3293 ex
251 3237 462 3302 semine
503 3236 644 3289 illius
687 3244 830 3289 esset
855 3235 1103 3290 Christus
1130 3235 1457 3300 nasciturus,
1486 3233 1608 3302 quia
1632 3249 1736 3288 non
1766 3204 1808 3267 C
1841 3234 1960 3315 esse
1999 3227 2341 3297 prmdicatur,
2386 3235 2555 3297 Quare
2593 3229 2810 3282 damnat
2849 3239 2902 3284 et
2933 3229 3142 3299 judicat
3177 3245 3263 3284 me
3296 3237 3413 3283 tan-

159 3327 416 3382 convenit
443 3325 719 3379 Christum
753 3325 900 3378 nasci
951 3325 1017 3379 de
1061 3325 1330 3379 homicida
1367 3333 1422 3379 et
1457 3324 1732 3388 adultero;

155 3417 250 3472 sed
279 3415 478 3470 falsum
503 3413 606 3470 erit
636 3414 776 3483 quod
799 3414 899 3468 sibi
927 3400 1222 3483 pollicitum
1254 3413 1550 3469 asserebat.
1583 3413 1736 3480 Quod

156 3509 198 3562 si
227 3515 284 3563 et
314 3505 570 3561 Christus
597 3504 664 3558 de
687 3503 804 3573 ejus
829 3505 1035 3559 semine
1064 3502 1228 3558 fuerit
1259 3513 1419 3560 natus
1439 3543 1456 3570 ,
1477 3502 1740 3572 injustum

157 3607 318 3668 atque
347 3595 628 3666 indignum
658 3595 764 3648 erit
789 3601 848 3647 ut
871 3594 937 3648 de
977 3592 1222 3648 maleﬁco
1247 3601 1299 3647 et
1328 3601 1612 3662 peccatore
1643 3591 1737 3646 ho-

157 3689 304 3744 mine
339 3687 610 3757 originem
641 3687 820 3740 ducat.
849 3683 952 3751 Qui
973 3698 1002 3738 e
1026 3693 1212 3738 contra
1241 3684 1530 3739 conﬁtetur
1551 3698 1739 3754 pecca-

154 3791 268 3834 tum
293 3795 476 3843 suum,
507 3779 692 3832 dicens
715 3777 1026 3832 humiliter:
1063 3775 1177 3830 Tibi
1211 3777 1310 3830 soli
1345 3777 1568 3847 peccaui,
1611 3775 1736 3846 quia

154 3886 254 3924 res
286 3885 435 3934 sum,
461 3879 508 3922 et
527 3868 723 3922 malum
745 3885 921 3922 coram
951 3876 1000 3922 te
1030 3867 1130 3936 feci
1166 3867 1340 3938 (Psal.
1371 3867 1443 3938 ι),
1471 3876 1525 3922 et
1551 3867 1739 3936 depre-

155 3968 326 4015 catur
359 3969 420 4015 ut
440 3960 578 4015 Deus
605 3962 744 4031 quod
773 3961 1024 4032 promisit
1060 3974 1223 4032 opere
1262 3960 1562 4030 compleat,
1610 3974 1740 4014 con-

152 4051 600 4120 tradicentesque
648 4052 937 4107 mendaces
972 4052 1244 4106 ostendat.
1285 4050 1455 4106 Aliter
1484 4068 1496 4103 :
1527 4048 1736 4104 Justiti-

151 4140 303 4194 ceris
335 4138 722 4209 indulgentiam
766 4139 978 4208 peccati
1023 4140 1198 4195 dando
1245 4141 1312 4193 ad
1362 4149 1413 4194 te
1458 4139 1740 4194 conversis

151 4235 298 4288 sicut
335 4233 642 4301 promittis,
677 4243 734 4288 et
761 4234 944 4288 vincas
991 4235 1313 4290 remittendo
1351 4245 1571 4305 peccata
1609 4235 1739 4290 dum

75 4379 84 4394 ,
145 4313 420 4390 iudicaris
448 4338 554 4377 non
586 4337 746 4392 posse
768 4308 1056 4379 dimittere.

227 4411 290 4467 Si
318 4423 492 4465 autem
512 4411 763 4480 iniquitas
789 4422 967 4466 nostra
981 4412 1245 4482 justitiam
1267 4412 1363 4467 Dei
1391 4414 1736 4479 commendat,

151 4503 282 4572 quid
304 4502 582 4556 dicemus?
610 4502 774 4560 Erant
804 4503 1022 4572 quidam
1053 4505 1227 4558 minus
1253 4503 1480 4574 perfecti
1522 4505 1613 4573 qui
1655 4506 1737 4559 di-

154 4596 357 4649 cebant
405 4593 526 4648 ideo
578 4594 715 4650 velle
755 4593 922 4650 Deum
957 4605 1015 4650 ut
1054 4611 1152 4650 nos
1194 4610 1497 4665 peccemus,
1531 4607 1590 4650 ut
1626 4598 1739 4668 ipse

152 4686 304 4740 solus
330 4687 736 4755 comparatione
765 4687 932 4742 nostri
957 4687 1138 4756 justus
1161 4698 1444 4759 appareret
1465 4689 1590 4744 dum
1619 4704 1740 4758 pec-

150 4785 338 4828 eatum
365 4775 522 4830 nobis
551 4767 868 4840 dimitteret,
910 4787 963 4832 et
999 4766 1124 4847 quia
1165 4767 1476 4834 misericors
1498 4780 1566 4834 sit
1594 4787 1744 4848 pate-

153 4865 368 4920 faceret
397 4888 410 4918 :
445 4866 750 4921 ideoetiam
777 4869 914 4924 velle
941 4885 1061 4924 eum
1089 4878 1150 4924 ut
1177 4887 1274 4926 nos
1302 4871 1649 4935 mentiamur,
1683 4877 1742 4924 ut

151 4955 272 5022 ipse
298 4954 446 5008 solus
475 4961 635 5026 veras
665 4958 987 5012 inveniatur.
1006 4959 1159 5026 Qttod
1187 4961 1230 5015 si
1260 4948 1331 5016 ita
1355 4969 1520 5028 esset,
1547 4949 1743 5032 injuste

150 5045 549 5099 damnaremur
579 5047 645 5101 ab
675 5041 762 5102 illo
791 5049 880 5118 qui
922 5049 1061 5104 ntalo
1101 5059 1284 5106 nostro
1311 5062 1602 5116 cresceret,
1629 5068 1741 5106 ma-

149 5151 405 5206 gnusque
428 5129 599 5193 fieret.
628 5139 830 5194 Contra
869 5141 988 5194 illos
1013 5143 1148 5196 tales
1168 5143 1402 5212 loquitur
1429 5144 1738 5214 Apostolus,

149 5242 451 5297 personam
479 5229 629 5282 stulti
665 5221 896 5284 botninis
929 5248 1210 5287 assumens
1235 5232 1502 5303 simulque
1531 5235 1743 5302 sapien-

153 5318 244 5382 tis,
282 5327 338 5374 et
386 5333 702 5387 perversam
751 5314 965 5376 illorum
1014 5323 1335 5378 sententiam
1372 5323 1619 5378 destruit.
1653 5324 1740 5388 Si,

151 5409 360 5480 inquit,
389 5403 652 5479 iniquitas
677 5419 863 5466 no‘stra‘
884 5423 938 5468 et
969 5413 1308 5468 mendacium
1349 5405 1441 5467 Dei
1475 5411 1742 5481 justitiam

149 5511 206 5556 et
234 5518 295 5556 sa
305 5502 588 5557 nctitatem
604 5513 767 5573 atque
786 5505 1066 5560 veritatem
1082 5505 1445 5570 commendat,
1463 5506 1516 5559 id
1530 5514 1614 5560 est
1635 5493 1746 5558 lau-

150 5594 398 5650 dabilem
417 5594 564 5655 facit,
585 5596 713 5664 quid
735 5592 1011 5652 dicemus?
1031 5596 1440 5654 Commendatio
1460 5596 1747 5666 aliquando

149 5699 256 5753 pro
285 5683 448 5739 laude
475 5686 716 5756 ponitur,
742 5697 800 5740 ut
825 5687 1005 5754 in.hoc
1037 5687 1175 5743 loco.
1197 5688 1263 5742 Et
1289 5688 1414 5742 alibi
1440 5688 1579 5743 idem
1599 5688 1746 5756 Apo-

151 5779 332 5835 stolus
379 5780 455 5833 ait
499 5798 510 5810 ·
555 5778 668 5849 qu
699 5780 854 5835 debui
892 5798 923 5834 a
966 5781 1107 5836 uobis
1151 5782 1530 5846 commendari,
1568 5782 1619 5835 id
1666 5790 1750 5837 est

1766 4557 1818 4616 D

1839 3333 2001 3387 quam
2052 3321 2426 3389 peccatorcm?
2455 3319 2582 3374 Hzec
2630 3317 2790 3374 verba
2837 3336 2940 3374 non
2974 3321 3226 3376 dicuntur
3272 3319 3415 3374 allir-

1837 3411 2036 3466 mando
2052 3451 2068 3477 ,
2099 3411 2193 3466 sed
2218 3411 2396 3482 potius
2419 3410 2769 3482 denegando;
2790 3426 2886 3465 nec
2915 3411 3072 3466 debet
3097 3412 3201 3466 hoc
3224 3410 3416 3482 aliquis

1837 3519 1937 3573 pro
1971 3503 2201 3558 veritate
2227 3503 2494 3573 accipere,
2525 3502 2665 3574 quod
2696 3491 2864 3564 Deus,
2894 3503 2984 3572 qui
3021 3503 3338 3558 naturaliter
3363 3512 3418 3558 et

1837 3593 2198 3650 essentialiter
2237 3592 2416 3662 justus
2454 3600 2560 3660 est,
2602 3595 2910 3649 misericors
2933 3602 2988 3648 et
3018 3609 3206 3660 verax,
3230 3603 3416 3650 nostro

1838 3692 2082 3755 peccato,
2108 3693 2295 3740 nostro
2319 3684 2597 3740 mendacio
2624 3694 2832 3740 crescat
2862 3686 2911 3739 in
2942 3685 3152 3740 tandem
3178 3693 3235 3740 et
3253 3684 3412 3753 justi-

1839 3776 2008 3841 tiam,
2058 3777 2183 3846 quia
2220 3780 2326 3830 non
2367 3775 2545 3846 placet
2579 3777 2628 3831 ei
2673 3777 2994 3846 quandoque
3035 3791 3320 3846 peccamus
3363 3784 3417 3831 et

1839 3868 2152 3923 mentimur.

1912 3959 1979 4012 Et
2005 3974 2110 4013 non
2149 3957 2506 4028 praedicamus
2532 3941 2663 4012 sicut
2694 3957 3135 4027 blasphemamur,
3163 3957 3418 4011 subaudis

1840 4047 1908 4101 ab
1937 4034 2258 4112 infidelibus,
2287 4056 2334 4101 et
2373 4048 2504 4101 sicut
2532 4049 2699 4109 aiunt,
2735 4063 2832 4101 nos
2859 4047 3076 4116 quidam
3118 4047 3413 4102 inﬁdelium

1842 4138 2042 4200 dicere,
2070 4137 2328 4206 faciamus
2350 4136 2490 4190 mala
2513 4147 2566 4191 ut
2592 4138 2792 4192 veniant
2819 4137 2951 4190 bona
2975 4153 2992 4191 :
3020 4153 3242 4207 quorum
3264 4137 3419 4191 dam-

1843 4228 1988 4280 na:io
2023 4227 2170 4296 justo
2197 4236 2290 4281 est.
2333 4226 2562 4292 Quidam
2611 4226 2931 4296 simplicium
2978 4227 3263 4297 minusque
3294 4242 3418 4298 per-

1841 4307 2007 4380 fecti,
2056 4315 2335 4371 audientes
2381 4299 2817 4386 prmdicationezn
2870 4315 3020 4371 Pauli
3075 4326 3130 4372 et
3187 4317 3416 4374 aliorum

1843 4407 2206 4477 apostolorum
2249 4423 2356 4478 qua
2395 4407 2688 4464 dicebant:
2716 4406 2817 4461 Ubi
2856 4409 3137 4463 abundavit
3173 4410 3422 4482 iniquitas

1841 4500 2278 4570 superabundavit
2302 4502 2472 4571 gratia
2501 4501 2642 4572 (qua:
2671 4501 2990 4556 sententiola
3017 4488 3074 4556 in
3097 4502 3425 4573 subsequen-

1845 4592 1987 4646 tibus
2008 4592 2322 4661 esponenda
2345 4591 2472 4662 est),
2493 4579 2585 4646 ubi
2603 4591 2903 4647 debuerunt
2925 4593 3172 4662 accipere
3191 4593 3422 4650 salutem

1844 4691 1899 4737 et
1937 4682 2106 4736 vitam
2131 4721 2146 4746 ,
2181 4667 2252 4736 ibi
2299 4685 2626 4752 acceperunt
2659 4683 3058 4738 damnationem
3087 4704 3099 4739 :
3126 4701 3233 4741 non
3272 4696 3420 4743 recte

1846 4763 2203 4842 intrat-ligentes
2239 4760 2398 4837 illud,
2432 4773 2681 4828 dicebant
2707 4774 2854 4828 enim
2886 4793 2898 4828 :
2931 4775 3216 4832 Faciamus
3254 4778 3420 4842 mala,

1847 4851 1987 4918 sicut
2013 4863 2235 4936 apostoli
2267 4864 2437 4918 nostri
2471 4865 2784 4934 przedicant,
2813 4867 2937 4936 quia
2965 4877 3168 4936 quanto
3195 4869 3426 4938 amplius

1849 4956 2051 5025 majora
2095 4954 2322 5010 crimina
2357 4957 2815 5024 commiserimus,
2850 4968 2998 5014 tanto
3040 4961 3270 5030 amplius
3307 4977 3424 5015 nta-

1836 5046 1957 5114 jora
2003 5046 2144 5101 bona
2193 5047 2556 5116 percipiemus
2599 5055 2653 5104 et
2694 5049 2952 5118 majorem
2999 5052 3256 5123 gloriam;
3299 5052 3425 5121 quia

1847 5127 1986 5192 Deus
2016 5136 2129 5191 vult
2164 5147 2222 5190 ut
2267 5141 2574 5206 peccemus,
2609 5141 2668 5193 ut
2697 5156 2791 5209 per
2821 5141 2923 5195 hoc
2958 5141 3154 5196 habeat
3179 5141 3320 5210 quod
3348 5141 3428 5196 di-

1847 5231 2047 5290 mittat,
2097 5245 2162 5283 ac
2203 5245 2300 5298 per
2347 5231 2447 5285 hec
2471 5231 2650 5298 justus
2697 5244 2750 5287 et
2797 5235 3104 5288 misericors
3145 5245 3424 5304 appareat.

1849 5321 2046 5375 Contra
2104 5309 2240 5376 tales
2289 5323 2510 5391 protulit
2547 5323 2833 5392 Apostolus
2878 5325 3018 5380 hanc
3059 5325 3424 5380 sententiam:

1853 5405 2080 5480 Quidam
2130 5417 2314 5472 dicunt
2364 5417 2506 5484 quod
2554 5433 2651 5470 nos
2696 5417 2795 5469 ista
2839 5417 3119 5484 dicamus;
3176 5416 3270 5472 sed
3320 5431 3427 5472 non

1854 5521 2040 5560 sumus
2067 5491 2200 5560 tales
2229 5507 2416 5577 quales
2445 5533 2468 5558 ε,
2483 5507 2674 5562 icimur
2695 5519 2748 5562 et
2774 5509 3227 5578 hlasphemamur,
3255 5523 3429 5578 neque

1854 5595 2110 5652 docemus
2137 5597 2225 5650 illa
2257 5613 2375 5667 qua:
2403 5613 2500 5652 nos
2544 5598 2729 5652 dicunt
2764 5599 2994 5665 docere;
3023 5614 3252 5668 quorum
3279 5599 3430 5654 dam-

1856 5691 2002 5746 natio
2045 5699 2128 5745 est
2141 5689 2286 5759 justa
2308 5692 2356 5746 si
2383 5692 2454 5744 illi
2495 5692 2548 5745 in
2583 5691 2776 5745 talibus
2797 5693 3216 5762 permanserint,
3248 5701 3310 5747 ut
3336 5709 3430 5762 per

1859 5782 1994 5839 mala
2026 5791 2244 5853 sperent
2271 5784 2510 5854 accipere
2540 5785 2676 5838 bona
2717 5793 2769 5838 et
2817 5784 3033 5856 insuper
3061 5785 3186 5856 quia
3217 5783 3431 5839 menda-

3941 1109 3943 1162 ι

3941 1681 3943 1770 1

3941 1809 3943 1880 Α

3941 1921 3943 1972 t

3941 1999 3943 2084 l

3942 2117 3943 2178 l

3941 3149 3943 3206 t
