3950 6434
651 402 755 455 38'!

657 632 818 671 cere:
851 612 1135 669 Faciamus
1163 611 1302 667 mala
1343 619 1400 668 ut
1443 612 1662 667 veniant
1694 608 1864 676 bona;
1891 611 1983 666 sed
2012 609 2235 665 fecimus

657 705 795 758 mala
838 713 891 759 et
932 710 1197 758 venerunt
1243 701 1399 757 nobis
1437 700 1578 756 bona
1613 717 1709 773 per
1747 701 1975 773 gratiam
2018 694 2142 765 Dei;
2179 708 2235 754 et

659 813 799 853 nunc
832 796 1092 851 faciamtts
1115 796 1256 851 bona
1286 804 1346 849 ut
1373 796 1591 850 veniant
1615 795 1858 851 meliora.
2084 789 2093 799 “

727 906 865 972 Quid
894 906 1090 976 igitur?
1114 903 1469 959 Prtecellimus
1491 906 1617 959 eos?
1638 904 2003 976 Nequaquam.
2026 902 2230 958 Rever-

656 997 787 1051 titur
818 996 1017 1051 iterum
1045 996 1115 1051 ad
1139 996 1414 1066 superiora
1442 1015 1454 1050 :
1482 996 1573 1050 ubi
1601 997 1728 1052 dicit
1748 997 1889 1066 quod
1908 1004 1990 1050 est
2005 995 2233 1065 amplius

651 1086 837 1144 Judzeo
864 1096 1026 1158 quam
1062 1086 1272 1143 Graeco.
1315 1086 1454 1155 Quid
1483 1087 1678 1158 igitur?
1705 1085 2062 1141 Pra'cellimus
2104 1088 2233 1141 eos?

652 1177 707 1232 id
736 1186 824 1233 est
852 1193 1127 1248 nunquam
1157 1178 1566 1233 excellentiores
1592 1194 1776 1236 sumus
1798 1194 1896 1233 nos
1916 1176 2083 1234 Judzei
2109 1196 2235 1251 gen~

653 1269 858 1324 tilibus.
917 1269 1268 1342 Nequaquam
1297 1284 1316 1323 :
1347 1271 1473 1340 quia
1504 1287 1606 1326 non
1651 1282 1726 1327 est
1776 1289 2117 1342 personarum
2144 1291 2233 1329 ac-

652 1360 816 1430 ceptio
847 1360 986 1430 apud
1009 1360 1174 1414 Deum
1197 1378 1218 1426 ;
1241 1360 1330 1414 sed
1351 1363 1405 1414 in
1429 1362 1569 1416 omni
1604 1371 1752 1432 gente
1780 1363 1870 1432 qui
1897 1363 2038 1417 timet
2066 1353 2230 1418 Deum

646 1463 892 1525 gcceptus
922 1463 995 1508 est
1020 1454 1099 1508 illi
1124 1452 1260 1525 (Act.
1288 1453 1362 1529 ι).

630 1559 634 1565 ⁷
720 1554 940 1621 Causati
968 1569 1107 1623 enim
1126 1580 1308 1633 suntne
1333 1565 1552 1627 Iudaeos
1577 1578 1625 1624 et
1652 1566 1882 1635 Cruces,
1914 1558 1970 1626 id
1997 1570 2080 1628 est
2104 1587 2230 1628 cau-

650 1671 766 1713 sam
814 1654 1151 1715 ostendimus
1180 1659 1280 1725 eis,~
1323 1665 1379 1714 et
1424 1660 1661 1715 diximus
1711 1677 1887 1715 omnes
1932 1661 2145 1718 Indicos
2174 1671 2231 1717 et

649 1748 878 1818 gentiles
911 1749 1004 1804 sub
1044 1760 1254 1820 peccato
1298 1765 1436 1812 esse,
1466 1750 1593 1821 quia
1620 1749 1787 1807 Judtci
1824 1752 2228 1822 praevaricando

650 1838 821 1909 legem
844 1840 1143 1896 naturalem
1185 1849 1241 1897 et
1274 1842 1547 1911 scriptam,
1575 1851 1629 1896 et
1657 1843 1885 1911 gentiles
1924 1846 2223 1901 naturalem
2255 1876 2302 1938 Β

649 1934 1112 2005 transgrediendo,
1142 1934 1341 1988 inventi
1369 1941 1492 1988 sunt
1518 1928 1844 2004 peccatores.

719 2043 864 2100 Sicut
897 2045 1149 2115 scriptum
1174 2055 1249 2098 est
1281 2060 1300 2099 :
1327 2043 1463 2109 Quia
1491 2060 1593 2099 non
1616 2055 1690 2099 est
1713 2046 1892 2115 justus
1925 2048 2223 2118 quisquam,

648 2137 905 2191 subaudis
931 2139 961 2190 ιι
984 2151 1063 2199 se,
1091 2136 1176 2191 vel
1198 2137 1252 2191 in
1285 2136 1535 2192 omnibus
1564 2136 1724 2191 malis
1748 2138 2058 2194 numinibus
2087 2157 2100 2193 :
2131 2134 2223 2195 Ju-

649 2226 780 2281 daais
808 2235 862 2282 et
900 2227 1172 2297 gentibus,
1198 2238 1305 2281 non
1335 2236 1419 2282 est
1439 2228 1617 2298 justus
1641 2229 1949 2299 quisquam.
1984 2230 2111 2284 Tale
2140 2240 2226 2286 est

648 2326 705 2373 et
728 2318 854 2373 illud
881 2337 895 2373 :
921 2319 1305 2375 TestimOnium
1334 2317 1453 2388 ejus
1476 2322 1635 2376 nemd
1660 2323 1890 2390 accepit,
1918 2338 2041 2378 cum
2069 2324 2224 2379 multi

646 2406 941 2462 electorum
974 2410 1303 2477 acceperint,
1328 2410 1683 2479 reprobOrutu
1711 2422 1841 2466 Vero
1866 2426 2043 2468 nemo.

717 2497 833 2554 Non
865 2504 949 2555 est
972 2501 1278 2570 intelligens
1323 2502 1489 2556 Deum
1520 2518 1535 2555 :
1568 2516 1674 2555 non
1724 2511 1807 2556 est
1845 2504 1939 2572 qui
1984 2505 2227 2573 requirat

648 2588 818 2644 illum;
842 2590 940 2646 Ille
964 2593 1210 2663 intelligit
1229 2604 1283 2648 et
1305 2595 1531 2663 requirit
1546 2595 1732 2660 Deum,
1751 2597 1865 2667 qui;
1896 2597 2224 2655 voluntatem

650 2681 796 2738 illius
820 2683 1017 2749 sciens;
1045 2685 1227 2741 studet
1252 2686 1466 2755 placere
1497 2688 1625 2742 Deo.

722 2790 943 2873 Omnes,
975 2793 1142 2850 Judaei
1191 2804 1246 2850 et
1284 2796 1540 2866 gentiles,
1586 2796 2005 2865 declinaverunt;
2045 2798 2097 2853 id
2140 2804 2251 2885 est.

651 2894 993 2939 recesserunt
1028 2900 1059 2940 a
1110 2886 1220 2942 Deo
1261 2886 1589 2943 voluntatem
1631 2889 1748 2959 ejus
1790 2906 1895 2945 non
1945 2890 2222 2957 faciendo;

649 2973 810 3027 simul
836 2974 1046 3031 inutiles
1080 2977 1209 3047 facti
1228 2988 1368 3042 sunt,
1401 2979 1455 3034 id
1481 2981 1721 3055 estnihil
1753 2981 1877 3037 facti
1902 2991 2048 3047 sunt,-
2073 2998 2226 3038 crea-

650 3072 828 3119 turam
865 3066 1150 3122 adorantes
1197 3082 1295 3138 pro
1337 3067 1613 3125 Creatore.
1656 3071 1780 3126 Non
1818 3082 1893 3127 est
1932 3076 2024 3144 qui
2060 3075 2224 3144 faciat

648 3154 838 3209 bonum
866 3157 1076 3227 aliquod
1094 3169 1151 3213 et
1174 3176 1278 3214 non
1308 3168 1513 3231 peccet,
1538 3178 1643 3217 non
1661 3172 1735 3218 est
1759 3180 1920 3235 usque
1945 3166 2014 3219 ad
2036 3181 2219 3232 unum,

1140 396 1489 453 il.\Y-Tll().\'iS
1530 394 2003 451 HALBERSTAT.
2048 394 2222 449 ΕΗΒ(

2306 393 2448 450 UPP.
2488 393 2668 449 PARS
2706 394 2744 448 Ι.
2777 424 2847 434 --
2871 393 3220 451 COMMENT.
3262 395 3425 451 DIBL.
3721 404 3784 461 533

570 582 573 583 ν
657 527 799 579 cium
828 524 894 579 de
922 521 1075 579 nobis
1102 522 1359 578 sentiunt.
1392 521 1500 576 Nos
1522 528 1703 577 autem
1730 536 1837 576 non
1863 520 2119 575 debemus
2145 520 2229 573 di-
2259 522 2307 581 Α
2336 533 2533 572 nonum
2578 519 2972 587 quodammodo
3005 519 3206 573 erroris
3233 527 3290 573 et
3312 522 3582 589 suasionis,
3610 527 3702 582 dum
3741 530 3783 580 Ia—

2338 609 2551 677 quendo
2575 616 2631 663 et
2668 608 2989 665 blandiendo
3024 611 3412 667 iuterﬁciebant
3451 628 3563 670 suos
3602 622 3784 679 auditoris

2337 700 2393 753 in
2426 701 2633 765 anima,
2664 711 2720 755 et
2748 705 2855 756 non
2880 702 3052 757 solum
3077 703 3129 757 in
3151 704 3304 770 alios,
3339 708 3429 762 sed
3455 710 3594 765 etiam
3613 715 3782 773 adversm

2336 788 2610 846 Christum
2642 794 3012 850 crudelissima
3046 799 3254 854 exstitit
3296 815 3475 857 eorum
3515 807 3691 863 malitia.
3719 811 3782 866 Sub

2334 879 2488 937 labiis
2532 894 2709 939 autem
2758 885 2908 969 dicit,
2955 888 3006 942 id
3057 897 3137 944 est
3175 892 3335 947 corde
3361 911 3375 947 :
3404 894 3486 949 ubi
3521 900 3784 969 concipiuntar

2337 973 2543 1027 semina
2599 962 2819 1033 malitiﬁ
2861 989 2915 1033 et
2957 979 3422 1053 blasphemarum’,
3463 1004 3519 1043 ac
3550 962 3782 1059 postmodum:

2333 1065 2683 1136 proferuntur
2717 1086 2812 1125 ore
2838 1070 2993 1140 juxta
3020 1075 3160 1143 quod
3190 1074 3400 1134 Veritas
3427 1080 3574 1135 dicit:
3598 1082 3656 1138 De
3676 1088 3782 1147 corde,

2334 1158 2604 1229 inquiens,
2628 1173 2816 1217 exeunt
2840 1166 3175 1235 cogitationes
3197 1168 3350 1223 mala?
3379 1170 3572 1241 (Matth.
3596 1176 3681 1246 xv),
3700 1186 3763 1232 ett.

2405 1272 2642 1338 Quorum
2669 1290 2725 1329 os
2753 1262 3117 1339 maledictio'ne
3139 1290 3185 1334 et
3213 1284 3548 1339 amaritudine
3563 1285 3779 1356 plenumst.

2333 1362 2407 1421 Os
2452 1360 2763 1422 Judmorum
2814 1370 3029 1439 plenum
3076 1373 3500 1442 maledictionis,
3528 1378 3781 1445 inﬁdelitatis,

2329 1464 2702 1528 perversteque
2728 1459 2982 1516 dectrinae
3002 1472 3139 1529 erat,
3158 1466 3377 1533 quando
3405 1466 3623 1523 dicebant
3639 1470 3783 1524 deflui-

2331 1554 2417 1603 sto
2449 1564 2462 1600 :
2498 1547 2825 1605 Da’monium
2861 1551 3013 1606 habet
3044 1540 3259 1626 (Matth.
3296 1556 3400 1627 ιιι),
3421 1566 3474 1612 et
3495 1560 3668 1627 quando
3688 1561 3782 1615 maia-

2330 1632 2582 1696 dicebaut
2624 1657 2803 1709 caeco,
2855 1628 3147 1700 dicentes:
3188 1644 3265 1701 Tu
3312 1646 3577 1719 discipulus
3621 1650 3720 1704 illius
3744 1654 3783 1704 si:

2331 1730 2512 1804 (Joan.
2544 1734 2665 1806 Ix),
2711 1735 2804 1806 qui
2845 1744 2899 1791 et
2942 1736 3080 1792 fabri
3127 1736 3269 1793 filius
3315 1746 3398 1795 est
3432 1752 3484 1793 et
3523 1738 3782 1795 Samaritanus

2332 1826 2548 1899 (Matth.
2573 1845 2693 1895 xm;
2720 1829 2881 1886 Joan.
2900 1830 2998 1902 xi),
3027 1840 3132 1887 etc.
3164 1818 3340 1898 Talia,
3370 1833 3551 1902 quibus
3576 1833 3707 1888 verbis
3720 1849 3783 1902 pm

2330 1919 2600 1974 vocabant
2620 1922 2789 1975 Deum
2818 1923 2886 1977 ad
2909 1923 3345 1979 amaritudinem.
3377 1922 3470 1979 Vel
3495 1932 3618 1979 certe
3638 1933 3681 1978 ut
3700 1940 3783 1977 ann-

2329 2009 2615 2063 ritudinem
2670 2011 2968 2069 referamus
3040 2013 3109 2067 ad
3184 2013 3396 2071 Domini
3448 2016 3783 2087 passionem,us

2326 2095 2633 2155 iud-morum
2675 2101 2937 2172 repletum
2982 2102 3083 2158 fuit
3116 2105 3501 2175 amaritudine,
3540 2106 3783 2177 quandocu-

2327 2199 2609 2246 maverunt
2648 2193 2887 2251 dicentes
2917 2211 2931 2248 :
2961 2191 3252 2265 Cruciﬁge,
3298 2197 3533 2269 cruciﬁge
3571 2213 3694 2252 cum:
3716 2214 3779 2250 ms

2325 2290 2399 2336 est
2433 2282 2611 2336 mortis
2635 2270 2816 2356 (Ιοιιη.
2846 2300 2965 2351 xxx;
3000 2284 3190 2340 Matth.
3217 2288 3386 2357 xxvr).

2411 2391 2617 2449 Veloces
2642 2396 2798 2466 pedes
2820 2395 3041 2453 fuerunt
3065 2414 3243 2454 eorum
3280 2400 3356 2454 ad
3385 2401 3693 2471 eﬂ'endenaust
3711 2418 3779 2454 m-

2325 2484 2555 2553 guinem,
2583 2487 2711 2556 quia
2741 2502 2955 2560 semper
2982 2488 3200 2546 fuerunt
3228 2494 3460 2564 prompti
3500 2493 3561 2548 ad
3599 2493 3779 2549 etfunden-

2326 2576 2455 2631 dum
2500 2579 2816 2650 sanguinem
2857 2583 3240 2653 prophetarum
3275 2594 3336 2640 et
3362 2584 3622 2654 iustorum.
3651 2586 3697 2640 Et
3721 2601 3779 2638 nu

2326 2669 2498 2724 solum
2541 2672 2857 2729 occiderunt
2887 2691 3106 2742 servos,
3133 2677 3274 2732 sicut
3299 2677 3508 2745 lsaiam,
3530 2678 3776 2737 Ezechiele“.

2324 2760 2613 2821 Jeremiam
2642 2771 2805 2836 atque
2829 2767 3169 2833 Zachariam,
3199 2771 3294 2826 sed
3322 2772 3480 2827 etiam
3508 2774 3778 2843 prophetarum

2326 2851 2634 2910 Dominum.
2675 2856 2817 2927 Ergo
2846 2859 2971 2928 quia
3001 2861 3103 2916 hoc
3152 2860 3417 2927 fecerunt,
3446 2865 3579 2920 venit
3598 2875 3778 2932 superus

2396 2942 2677 3012 Contritio,
2707 2947 2760 3003 id
2788 2958 2872 3005 est
2900 2949 3116 3006 afﬂictio
3143 2968 3172 3006 a
3203 2952 3482 3022 Romanis,
3508 2970 3642 3026 quam
3674 2962 3778 3023 perm

2326 3030 2507 3106 lerunt
2530 3035 2585 3089 in
2610 3038 2945 3107 corporibus.
2986 3038 3056 3094 Et
3102 3042 3383 3112 infelicitas
3409 3047 3461 3099 in
3488 3047 3570 3099 aiis
3600 3040 3778 3103 eorum,“

2324 3130 2410 3178 est
2447 3125 2665 3183 miseria
2690 3143 2852 3198 quam
2877 3131 3249 3188 sustinuerunt
3271 3134 3327 3189 in
3355 3148 3569 3206 corpore
3588 3144 3632 3190 et
3651 3133 3778 3188 anim.

648 3245 700 3300 id
729 3254 813 3301 est
838 3220 1035 3317 pratia
1072 3220 1367 3316 Christum,
1398 3254 1483 3309 vel
1501 3220 1683 3324 usque
1708 3257 1771 3309 ad
1802 3220 2098 3312 Christum.
2131 3220 2221 3312 Sic
2251 3252 2295 3317 C
2328 3228 2428 3284 pro
2455 3233 2578 3284 ms’
2604 3220 2659 3275 id
2695 3228 2793 3314 ea.
2806 3223 3111 3279 actionibus
3140 3225 3253 3280 suis
3284 3229 3460 3284 malis‘

646 3336 790 3391 enim
822 3334 963 3391 soliti
993 3354 1180 3394 sumus
1207 3341 1385 3396 dicere
1420 3360 1432 3396 :
1475 3342 1617 3413 Ager
1657 3344 1745 3398 ille
1772 3346 2032 3416 pertingit
2055 3352 2223 3415 usque

646 3418 716 3480 ad
731 3427 896 3480 mare.
921 3427 1040 3493 Quo
1069 3426 1214 3483 dicto
1245 3443 1351 3484 non
1372 3433 1879 3503 comprehendimus
1902 3450 2068 3502 mare,
2096 3439 2223 3507 quia

644 3532 753 3570 non
798 3516 964 3571 intrat
998 3518 1054 3573 in
1086 3534 1263 3587 mare,
1297 3521 1390 3576 sed
1416 3521 1589 3578 locum
1632 3525 2024 3598 pertingentcm
2053 3544 2224 3599 usque

647 3607 714 3659 ad
746 3622 914 3661 mare.
945 3607 1061 3664 Non
1099 3610 1184 3665 est
1208 3626 1337 3682 ergo
1365 3613 1458 3682 qui
1505 3612 1670 3669 faciat
1704 3616 1906 3672 bonum
1946 3634 2113 3690 usque
2156 3621 2223 3676 ad

624 3692 944 3763 'Christum,
968 3697 1020 3753 id
1041 3692 1124 3753 est
1143 3707 1423 3770 qualisque
1445 3702 1509 3758 ad
1533 3703 1679 3759 illum
1723 3700 1902 3762 veniat
1933 3710 2220 3778 credendo,

646 3801 746 3857 per
772 3793 932 3857 quem
976 3788 1135 3845 datur
1180 3791 1312 3847 ﬁdes
1359 3803 1415 3848 et
1456 3793 1683 3851 facultas
1716 3797 1971 3868 operandi
1997 3800 2217 3856 bonum.

647 3879 759 3934 Nisi
797 3882 941 3937 enim
987 3884 1054 3939 ad
1102 3885 1377 3941 Christum
1422 3888 1604 3943 veniat
1640 3890 1910 3947 credendo
1955 3895 2005 3948 in
2047 3895 2215 3959 illum,

645 3972 805 4027 aliter
845 3974 1043 4030 bonum
1090 3980 1226 4047 opus
1261 3964 1483 4049 iinplere
1517 3986 1624 4035 neu
1651 3980 1822 4050 valet,
1854 3992 1913 4038 ut
1939 3992 2021 4039 cst
2059 4000 2218 4056 agen-

643 4062 791 4119 dum.
1746 4086 1749 4089 '
1788 4088 1793 4095 ί

716 4154 1026 4226 Sepulcrum
1047 4168 1227 4229 patens
1251 4169 1325 4216 est
1350 4171 1530 4233 guttur
1556 4179 1756 4219 eorum.
1788 4164 1900 4221 Hoc
1933 4166 1998 4221 de
2018 4165 2217 4223 .ludaais

643 4246 859 4316 proprie
885 4248 1200 4320 intelligitur
1225 4269 1238 4305 :
1263 4255 1510 4324 quamvis
1535 4256 1674 4311 etde
1693 4256 2025 4328 philosophis
2048 4260 2219 4329 possit

644 4337 836 4407 accipi.
877 4338 1194 4408 Sepulcrum
1221 4344 1286 4397 ad
1311 4344 1413 4399 hoc
1444 4354 1609 4415 patet,
1639 4356 1702 4403 ut
1725 4357 2058 4402 mortuorum
2097 4364 2219 4404 cor-

643 4438 775 4497 pora
800 4431 1072 4500 suscipiat.
1105 4432 1261 4490 Tales
1292 4444 1417 4491 sunt
1445 4438 1535 4508 qui
1568 4440 1681 4494 suis
1709 4440 1981 4495 erroribus
2010 4448 2062 4494 et
2088 4448 2214 4496 sna-
2240 4436 2253 4443 ’

646 4520 886 4576 sionibus
926 4522 1059 4578 alios
1094 4525 1395 4596 decipiunt,
1443 4537 1496 4584 et
1529 4528 1662 4585 alios
1701 4531 1767 4584 ad
1806 4529 2002 4584 malum
2036 4531 2216 4603 deglu-

2398 3333 2466 3388 Et
2488 3336 2623 3390 tiam
2660 3338 2805 3407 pacis
2832 3354 2934 3392 non
2963 3349 3330 3409 cognoverunt,
3366 3341 3417 3395 id
3441 3346 3518 3397 est
3539 3338 3779 3395 mediatoreu

2325 3426 2420 3481 Dei
2447 3435 2500 3482 et
2519 3427 2818 3493 hominum,
2851 3430 2941 3499 qui
2970 3444 3155 3499 pacem
3183 3430 3368 3486 attulit
3400 3427 3778 3497 mundo,etdixit-

2325 3516 2440 3588 Ego
2466 3534 2582 3573 sum
2623 3519 2707 3573 via
2750 3519 2929 3591 (Joan.
2958 3521 3133 3593 xxrv),
3165 3534 3272 3577 non
3309 3517 3780 3595 cognoveruntadhor

2324 3612 2385 3660 ut
2412 3608 2464 3662 in
2493 3622 2616 3662 eum
2645 3609 2947 3675 crederent,
2978 3609 3284 3681 ignorantes
3311 3628 3437 3669 eum
3467 3614 3528 3668 ad
3548 3614 3633 3668 hoc
3654 3608 3782 3663 venisse

2322 3708 2384 3754 ut
2407 3713 2505 3770 per
2535 3715 2688 3755 suam
2714 3702 3020 3770 passionem
3047 3704 3426 3761 reconciliaret
3455 3705 3565 3759 illas
3583 3697 3782 3758 DeoPalﬁ~

2323 3791 2422 3848 Vel
2466 3795 2610 3864 pacis
2649 3796 2783 3849 viam
2815 3796 2977 3862 dicit,
3012 3797 3063 3852 id
3100 3804 3185 3851 est
3230 3799 3496 3854 actionem
3534 3797 3693 3866 justam
3725 3805 3782 3843 που

2322 3882 2633 3953 elegerunt,
2665 3892 2725 3939 ut
2761 3893 2983 3955 agerent
3029 3886 3350 3957 condignam
3390 3885 3706 3958 pmnitentiam
3733 3891 3784 3947 pr?

2306 3979 2487 4050 ἰιιιαιη
2520 3974 2871 4043 paciﬁcamur
2912 3975 3024 4030 Deo
3064 3975 3235 4043 Patri,
3268 3976 3427 4046 juxta
3459 3976 3588 4048 quod
3620 3970 3783 4027 Dominus

2320 4062 2453 4118 dicit
2481 4081 2494 4117 :
2528 4062 2892 4121 Pwnitentiant
2935 4069 3072 4138 a’gite
3098 4083 3118 4122 :
3145 4068 3572 4141 appropinquabit
3596 4063 3711 4120 vobis
3740 4074 3782 4111 rt-

2318 4171 2477 4228 gnum
2506 4155 2753 4211 caelorum
2783 4157 2994 4228 (Matth.
3033 4158 3136 4229 ιιι).

2392 4264 2515 4320 Νυη
2545 4272 2620 4320 est
2666 4267 2824 4320 timor
2863 4266 2960 4321 Dei
2997 4276 3117 4322 ante
3153 4267 3331 4324 oculos
3372 4286 3565 4325 eorum.
3596 4250 3783 4321 'l'imorea!

2319 4354 2413 4409 Dei
2443 4369 2553 4425 prae
2580 4356 2751 4411 oculis
2796 4356 2993 4411 mentis
3033 4371 3246 4428 semper
3290 4359 3472 4426 habet,
3503 4358 3583 4429 qui
3618 4355 3736 4409 Deum
3759 4359 3787 4396 η

2316 4443 2605 4500 Dominum
2650 4462 2806 4501 suum
2845 4452 3165 4517 prmse'ntem
3210 4450 3515 4506 considerat
3540 4461 3641 4504 esse
3661 4452 3701 4499 et
3718 4437 3785 4492 ulzi-

2318 4551 2443 4606 que,
2470 4545 2526 4591 et
2553 4537 2677 4591 dum
2719 4538 3060 4607 prmscntiam
3112 4539 3253 4595 illius
3293 4541 3498 4605 recolit,
3523 4544 3787 4612 peccarent-

644 4613 787 4667 tiunt
817 4631 829 4666 :
863 4615 1244 4674 interficienles
1286 4634 1379 4675 eos
1427 4621 1481 4675 in
1525 4623 1701 4676 anima
1744 4626 1885 4680 sicut
1925 4628 2116 4682 scribre
2159 4637 2214 4682 et
2245 4610 2293 4671 D
2320 4626 2453 4692 tuit,
2496 4626 2723 4696 ideoque
2764 4640 3101 4697 nequaquam
3144 4629 3291 4684 illum
3331 4610 3565 4686 offendit.
3604 4624 3687 4682 Sed
3715 4619 3785 4690 φῦ

644 4701 898 4760 Pharisaei
926 4716 982 4762 et
1007 4708 1306 4779 philosophi
1336 4712 1596 4781 gentium,
1635 4728 1863 4782 quorum
1891 4732 1983 4771 ora
2017 4726 2071 4774 et
2098 4718 2210 4772 fau-

644 4809 735 4850 ccs
766 4796 833 4850 ad
859 4795 963 4853 hoc
990 4801 1278 4869 patebant,
1321 4809 1380 4856 ut
1425 4790 1780 4872 simpliciores
1826 4824 2066 4880 quosque
2114 4827 2211 4868 sua

641 4902 807 4958 prava
838 4889 1080 4944 doctrina
1117 4884 1500 4948 interficerent.
1534 4893 1738 4951 Aliter:
1764 4901 2065 4970 sepulcrum
2094 4904 2213 4973 qui-

641 4980 772 5037 libet
800 4989 989 5049 patens
1024 4983 1227 5050 existit,
1265 4984 1354 5055 qui
1396 4985 1590 5042 malum
1628 4991 1826 5060 apertis
1868 4992 2078 5047 indiciis
2117 4998 2212 5048 ‘co-

640 5068 862 5140 gitando
908 5072 1196 5128 meditatur
1225 5116 1238 5139 ,
1301 5092 1364 5132 ac
1409 5077 1600 5135 deinde
1650 5080 1703 5135 in
1759 5084 2042 5152 praesentia
2090 5084 2209 5138 sine

639 5158 818 5230 aliquo
848 5171 993 5218 metu
1026 5173 1119 5218 aut
1142 5168 1462 5224 verecundia
1489 5178 1763 5241 Operatur.

709 5252 925 5324 Linguis
955 5256 1065 5310 suis
1093 5255 1268 5312 dolose
1287 5260 1522 5330 agebant.
1552 5261 1745 5317 Dolose
1766 5263 1996 5332 agebant
2019 5259 2207 5331 Judmi,

637 5343 853 5411 quando
895 5345 1144 5403 volebant
1182 5350 1462 5405 Dominum
1493 5352 1683 5406 callide
1707 5352 1818 5406 suis
1871 5355 2210 5411 sermonibus

639 5432 887 5504 decipere
930 5436 1210 5493 dicentes:
1254 5439 1522 5510 Magister,
1549 5443 1743 5495 scimus
1787 5444 1911 5511 quia
1952 5461 2107 5500 verax
2155 5463 2209 5501 es

639 5524 856 5595 (Matth.
880 5527 1038 5601 χχιι),
1064 5542 1168 5586 etc.

723 5617 985 5675 Venenum
1031 5625 1274 5693 aspidem
1321 5621 1416 5677 sub
1445 5612 1596 5678 labiis
1625 5630 1822 5681 eorum.
1869 5618 2028 5699 Aspis
2062 5640 2210 5683 mor-

639 5710 814 5766 dendo
836 5712 1066 5768 infundit
1088 5728 1377 5777 venenum,
1399 5714 1538 5783 quod
1561 5728 1694 5786 pene
1720 5719 1970 5775 omnibus
1992 5716 2211 5775 venenis

634 5803 884 5858 acerbius
918 5812 1001 5857 est
1034 5821 1045 5859 :
1080 5803 1151 5859 ita
1188 5802 1354 5860 Jud:ei
1396 5807 1689 5864 mordcndo
1734 5810 2085 5867 infundebant
2123 5826 2211 5866 ve-

2314 4714 2483 4773 ludaai
2534 4718 2693 4773 istum
2749 4719 2994 4775 timorem
3036 4729 3163 4776 ante
3192 4722 3375 4779 oculos
3412 4739 3515 4778 non
3557 4718 3787 4776 habuerunt

2315 4810 2437 4865 ideo
2461 4810 2815 4867 oll‘enderunt.

2390 4900 2597 4956 Scimus
2645 4911 2817 4957 autent
2847 4905 3097 4975 quoniam
3132 4910 3454 4979 qutcct‘mque
3497 4908 3574 4961 tea:
3613 4908 3787 4974 tomum“

2316 4994 2396 5048 his
2426 4995 2515 5065 qui
2542 4994 2596 5048 in
2626 4994 2734 5066 lege
2762 5006 2882 5051 sunt
2926 4996 3173 5069 loquitur.
3208 4999 3319 5054 Lex
3360 4999 3658 5071 generaliter
3677 4985 3788 5059 apti?“

2306 5085 2456 5141 latur
2486 5086 2652 5143 Vetus
2680 5088 3116 5156 Testamentum;
3148 5090 3435 5162 aliquando
3465 5102 3627 5146 tamen
3662 5086 3700 5138 in
3730 5076 3787 5132 ιτίλ

2312 5177 2589 5245 dividitur,
2611 5180 2734 5234 utin
2758 5180 3064 5251 Evangelio,
3083 5181 3173 5236 ubi
3196 5182 3452 5237 Dominus
3478 5182 3597 5237 dicit
3616 5195 3627 5229 :
3645 5174 3789 5229 Νείεεει

2311 5281 2383 5326 est
2412 5272 2616 5342 impleri
2638 5273 2812 5326 omnia
2850 5282 2965 5344 qua:
3005 5275 3198 5345 scripta
3239 5284 3355 5329 sunt
3386 5276 3440 5329 in
3470 5273 3574 5345 lege
3604 5263 3791 5345 MoySM‘

2311 5363 2592 5432 praphctis,
2634 5372 2680 5414 et
2711 5361 2938 5415 Psalmis
2970 5362 3033 5416 de
3065 5344 3144 5417 me
3168 5363 3319 5434 (Luc.
3365 5362 3529 5434 xxiv).
3576 5344 3791 5425 Aliquamh

2313 5464 2441 5506 vero
2472 5451 2523 5504 in
2553 5452 2681 5514 duo,
2712 5461 2770 5505 ut
2799 5453 2869 5506 ibi
2899 5454 2912 5505 ἑ
2947 5451 3052 5505 Lca:
3079 5456 3125 5507 e‘t
3148 5455 3409 5522 propheta:
3444 5468 3595 5523 usque
3616 5446 3672 5502 ad
3687 5441 3792 5497 «ἶσαι

2306 5540 2429 5596 nem
2454 5541 2598 5612 (Luc.
2622 5541 2757 5615 ιιι),
2775 5544 2824 5595 id
2847 5551 2930 5597 est
2950 5558 3119 5612 usque
3143 5545 3207 5596 ad
3226 5540 3515 5606 Christum,
3538 5541 3613 5597 cui
3634 5536 3793 5591 Joaiinﬁ
3852 5526 3853 5575 ἶ

2312 5632 2678 5686 testimonium
2713 5633 2979 5702 perhibet.
3022 5633 3414 5706 Nonnunquam
3445 5630 3627 5689 Psalmi
3651 5627 3774 5680 lexw

2312 5732 2521 5777 cantur.
2550 5723 2702 5779 Sicut
2732 5726 2988 5780 Dominus
3013 5726 3145 5780 dixit
3172 5743 3186 5779 :
3222 5727 3286 5780 In
3310 5727 3414 5797 lege
3436 5738 3592 5781 vestra
3619 5717 3792 5807 scriptam

2312 5821 2384 5865 est
2412 5828 2429 5866 :
2457 5811 2567 5884 Ego
2595 5813 2705 5869 dixi
2722 5827 2739 5867 :
2760 5815 2844 5869 Dii
2874 5815 2991 5869 estis
3019 5813 3199 5888 (Joan.
3219 5817 3293 5889 κ).
3318 5816 3383 5873 Et
3403 5815 3553 5871 alibi:
3578 5809 3663 5866 Sed
3680 5813 3720 5858 ut
3738 5813 3780 5851 ua
