3950 6440
172 415 281 472 589
904 416 1267 474 EXPOSITIO
1304 413 1371 469 IN
1412 415 1557 471 EPP.
1601 415 1657 471 S.
1698 416 1719 472 Ι

1824 418 1921 473 lLl.
1953 420 2118 475 -ΙΝ
2159 423 2375 480 EPIST.
2418 426 2509 480 AD
2552 427 2717 485 ΒΟΜ.
3339 436 3445 496 390

170 536 386 607 pleatur
420 551 590 592 sermo
633 536 722 607 qui
765 537 819 590 in
840 535 949 607 lege
981 554 1160 592 eorum
1206 539 1427 610 scriptus
1464 547 1539 592 est
1563 552 1583 593 :
1613 537 1751 605 Quia
1779 544 1831 604 Α
1857 548 2042 597 reatur
2073 561 2086 597 :
2120 552 2299 599 tamen
2325 548 2465 617 apud
2487 549 2655 604 Deum
2687 551 2818 607 satis
2835 550 3017 624 justus
3039 568 3145 610 non
3179 564 3283 624 est,
3312 560 3437 615 dum

168 629 297 684 odio
318 628 611 684 habuerunt
639 645 720 682 me
739 628 902 699 gratis
926 627 1105 701 (Joan.
1136 628 1246 701 xv).
1278 629 1356 686 Ita
1382 639 1437 686 et
1466 631 1555 686 hic
1581 630 1754 702 legem
1858 632 2058 688 bonum
2102 644 2428 707 praeceptum
2475 639 2593 708 ejus
2637 655 2701 695 ex
2751 644 3096 712 necessitate,
3135 653 3190 701 et
3224 662 3330 703 non
3369 664 3437 706 ex

169 718 409 791 appellat
451 719 742 790 Apostolus
784 717 1065 784 Psalmos,
1105 718 1159 775 in
1197 718 1392 790 quibus
1437 720 1754 791 praedictum
1856 734 2042 778 amore
2069 726 2327 795 probatur
2356 726 2600 797 implere.
2634 729 2770 786 Dum
2800 746 2930 807 ergo
2969 750 3078 791 non
3105 734 3437 808 justiﬂcatur

168 809 355 866 fuerat
388 810 455 866 de
497 806 698 867 Iudaeis
730 826 744 866 :
780 809 929 864 Dixit
975 810 1259 881 insipiens,
1300 810 1353 865 id
1390 819 1473 865 est
1523 810 1752 882 populus
1853 825 2038 867 coram
2053 808 2181 880 Deo,
2204 806 3035 881 licetvideaturcoramhumano
3055 806 3234 896 oculo,
3251 836 3430 886 tamen

164 901 483 958 Iudaeorum
531 901 724 958 videns
775 900 1049 957 Christum
1100 911 1423 989 prazsgitem
1466 904 1522 959 in
1561 919 1748 972 carne,
1853 898 1908 953 in
1950 911 2243 972 conspectu
2282 902 2477 960 divinae
2508 907 2807 977 majestatis
2850 912 3002 983 ejus,
3039 916 3218 974 minus
3250 917 3432 989 justus

164 991 298 1048 Non
323 1001 402 1049 est
422 989 567 1049 Deus
588 990 762 1065 (Psal.
786 993 906 1067 ut).
922 988 1066 1067 Ergo
1088 970 1397 1066 Aposrolus,
1424 1004 1483 1053 ut
1501 970 1751 1053 ostende;
1850 970 2104 1047 habetur:
2135 990 2235 1048 Πίο
2262 1002 2440 1050 amem
2469 970 2769 1066 quaem“:
2797 970 3044 1073 Νυῖιίιιίίά
3079 970 3428 1080 “Oli—565;];

164 1092 256 1140 ret
278 1099 345 1141 ea
374 1098 495 1156 qua:
519 1084 769 1156 superius
795 1084 934 1140 dixit
975 1088 1042 1142 de
1075 1085 1291 1144 Psalmo
1318 1089 1536 1159 proprie
1559 1089 1626 1144 ad
1648 1087 1744 1145 Iu—
1846 1095 1965 1149 sue,
1993 1082 2160 1139 David
2211 1085 2411 1157 aliique
2452 1086 2800 1159 quamplures
2827 1108 2891 1147 ex
2923 1094 3038 1166 lege
3066 1110 3173 1153 non
3207 1100 3429 1158 fuerunt

159 1174 312 1232 dseos
339 1176 642 1247 pertinere,
671 1176 763 1246 qui
783 1176 1153 1249 gloriabantur
1178 1179 1246 1237 de
1266 1179 1549 1236 nobilitate
1579 1194 1745 1252 gene-
1839 1170 2159 1241 iustiﬁcati?
2187 1175 2428 1234 Fuerunt
2454 1178 2671 1250 quidem
2710 1180 2866 1253 justi,
2894 1185 2987 1240 sed
3018 1201 3123 1241 non
3153 1200 3218 1242 ex
3246 1193 3426 1262 operi-

162 1265 263 1332 ris,
289 1275 347 1323 et
367 1266 494 1323 vita:
517 1267 748 1332 meritis,
778 1267 933 1339 quasi
959 1266 1235 1327 Christum
1261 1270 1365 1342 ipsi
1391 1286 1499 1327 non
1522 1271 1742 1328 occide-

159 1352 271 1409 rint
297 1352 378 1410 vel
411 1353 816 1423 damnaverint;
850 1356 948 1413 sed
971 1357 1349 1418 observatores
1383 1371 1568 1420 essent
1606 1362 1742 1436 legis

158 1444 542 1502 mandatorum
551 1486 566 1511 ,
582 1455 803 1518 propter
823 1462 944 1518 qua:
955 1450 1137 1506 omnia
1151 1465 1212 1508 se
1228 1451 1480 1509 volebant
1493 1453 1741 1524 gentibus

154 1550 493 1610 praeponere,
509 1536 647 1593 dixit
675 1553 694 1594 :
721 1536 932 1594 Scimus
955 1550 1128 1595 autem
1145 1542 1393 1613 quoniam
1418 1559 1740 1615 quwcunque

152 1627 259 1694 lex,
305 1629 361 1685 id
398 1637 482 1685 est
515 1627 716 1684 Psalmi
752 1629 858 1685 isto
890 1629 1108 1697 inloco,
1153 1631 1406 1703 loquitur,
1436 1632 1517 1688 his
1552 1634 1642 1704 qui
1681 1634 1763 1691 in.

148 1716 263 1788 lege
295 1725 419 1774 sunt
454 1717 705 1790 loquitur,
734 1717 788 1773 id
827 1727 911 1775 est
952 1716 1152 1778 Iudaeis
1176 1720 1347 1794 legem
1376 1722 1731 1792 habentibus;

153 1810 393 1887 ideoque
418 1825 528 1866 non
558 1809 756 1867 debent
782 1811 1003 1882 gloriari
1028 1812 1199 1869 Judaei
1252 1814 1308 1869 in
1355 1829 1451 1870 sua
1494 1815 1730 1886 justitia,

1844 1263 1945 1320 bus
1971 1264 2123 1336 legis.
2157 1266 2312 1323 Unde
2341 1266 2534 1326 Petrus
2555 1271 2829 1341 apostolus
2855 1291 2868 1327 :
2895 1273 3056 1341 Quid,
3080 1275 3286 1348 inquit,
3312 1290 3401 1336 ten

1842 1354 1965 1409 latis
1987 1355 2179 1424 Deum,
2209 1357 2472 1445 imponere
2500 1361 2692 1432 liugum
2731 1362 2857 1434 legis
2884 1377 3040 1436 super
3068 1368 3287 1423 cervices
3311 1367 3424 1437 fra-

1842 1451 1985 1501 trum
2010 1448 2368 1516 credentium,
2384 1452 2524 1523 quod
2544 1469 2706 1524 neque
2730 1470 2846 1521 nos,
2874 1468 3037 1527 neque
3055 1469 3229 1529 patres
3255 1450 3420 1516 nostri

1836 1545 2050 1608 portare
2075 1538 2378 1609 potuimus?
2401 1539 2504 1597 Sed
2522 1558 2614 1614 per
2634 1546 2860 1615 gratiam
2880 1546 3091 1604 Domini
3109 1548 3239 1606 Iesu
3251 1551 3418 1607 credi-

1836 1644 1954 1683 mus
1996 1628 2213 1697 salvari,
2258 1632 2699 1702 quemadmodum
2738 1644 2787 1690 et
2832 1635 2913 1691 illi
2953 1637 3092 1710 (Act,
3122 1640 3233 1709 xv).
3266 1638 3418 1696 Sicut

1834 1733 1963 1791 ergo
1992 1733 2090 1775 nos
2114 1721 2386 1777 salvamur
2411 1725 2570 1780 modo
2587 1740 2686 1795 per
2717 1728 2944 1799 gratiam
2970 1729 3064 1785 Dei
3096 1730 3151 1786 in
3178 1731 3282 1788 ﬁde
3312 1733 3415 1789 Do.

1833 1806 1964 1863 mini
1997 1809 2167 1865 nostri
2191 1808 2320 1866 Iesu
2362 1810 2607 1879 Christi;
2641 1814 2719 1871 sic
2744 1825 2799 1872 et
2826 1817 2902 1872 illi
2931 1819 3280 1875 salvabantur
3317 1838 3416 1893 per

153 1915 259 1958 uec
280 1901 542 1972 praeferre
567 1916 628 1959 se
653 1903 938 1974 gentibus;
969 1905 1065 1962 sed
1093 1906 1273 1976 potius
1294 1921 1353 1963 se
1392 1919 1514 1963 reos
1534 1907 1731 1964 intelli-
1760 1899 1807 1959 B
1834 1897 2079 1952 eamdem
2108 1901 2339 1971 εηιιῑίηη
2367 1936 2381 1969 ,
2413 1916 2512 1973 Per
2554 1905 2801 1961 eamdem
2848 1907 3039 1977 ﬁdem»
3070 1912 3193 1980 quia
3224 1913 3411 1968 crede-

147 1998 360 2059 gentes,
394 1992 625 2050 subdere
668 2009 728 2050 se
765 1994 964 2052 debent
1006 1996 1150 2064 Deo,
1180 1996 1339 2069 cujus
1383 1999 1562 2070 gratia
1603 2002 1732 2057 sunt

150 2084 355 2150 vocati,
394 2085 533 2142 sicut
583 2093 640 2142 et
682 2094 872 2158 gentes
913 2088 1006 2157 qui
1052 2104 1245 2145 revera
1283 2091 1731 2161 praevaricatores

150 2172 396 2229 existunt
417 2176 630 2246 scripta:
654 2184 710 2233 et
730 2177 994 2234 naturalis
1014 2178 1164 2251 legis.
1186 2178 1268 2237 Ac
1292 2181 1336 2237 si
1360 2182 1567 2241 diceret
1587 2183 1730 2255 Δρο-

146 2266 321 2323 stolus
349 2286 363 2323 :
399 2268 446 2326 Ο
475 2262 666 2339 Iudaei,
689 2272 856 2329 nolite
876 2274 1125 2345 gloriari,
1155 2278 1322 2335 nolite
1344 2288 1443 2336 Vos
1469 2281 1728 2338 extollere

144 2355 413 2414 adversus
428 2359 676 2429 gentiles,
703 2363 829 2431 quia
861 2363 965 2419 ista
994 2373 1116 2436 quae
1147 2366 1259 2421 dixi
1280 2368 1348 2423 de
1375 2365 1616 2438 Psalmo,
1654 2372 1724 2429 ad

142 2460 246 2502 vos
299 2448 608 2518 specialiter
649 2453 941 2522 pertinent.
970 2454 1135 2512 Vobis
1173 2458 1319 2513 enim
1370 2457 1606 2531 loquitur
1640 2461 1724 2518 lex

141 2536 341 2605 quibus
368 2539 678 2609 specialiter
704 2541 828 2598 data
856 2552 958 2600 est.

217 2654 285 2711 Ut
306 2672 455 2713 omne
492 2676 548 2714 os
585 2659 905 2729 obstruatur,
920 2673 969 2719 et
990 2662 1230 2723 subditus
1249 2662 1344 2738 fiat
1371 2673 1539 2727 omnis
1567 2686 1722 2729 murt-

139 2746 245 2800 dus
264 2747 392 2802 Deo.
423 2748 499 2804 Ac
530 2749 575 2805 si
606 2751 810 2809 diceret
834 2753 954 2811 aliis
994 2758 1172 2814 verbis
1196 2775 1211 2815 :
1235 2758 1444 2816 Idcirco
1466 2760 1603 2818 dixit
1633 2763 1722 2819 lex

140 2836 500 2904 Psalmorum,
529 2842 656 2911 quia
686 2855 794 2898 non
825 2854 909 2900 est
931 2844 1111 2915 justus
1159 2850 1477 2920 quisquam,
1506 2868 1609 2907 non
1640 2863 1724 2909 est

138 2927 236 2997 qui
263 2926 426 2984 faciat
444 2930 644 2987 bonum
661 2973 677 3000 ,
699 2941 759 2988 ut
781 2949 940 2991 omne
961 2953 1023 2993 os
1042 2934 1348 2996 Iudaeorum
1373 2949 1428 2997 et
1446 2943 1721 3013 gentilium

138 3020 444 3087 claudatur,
472 3038 542 3078 ne
580 3026 700 3094 quis
736 3027 908 3095 possit
937 3027 1154 3099 gloriari
1178 3046 1235 3087 se
1257 3032 1371 3087 suis
1398 3048 1518 3090 esse
1551 3035 1725 3090 salva-

139 3120 258 3167 tum
287 3113 510 3176 meritis,
534 3130 640 3171 non
666 3117 836 3187 gratia
867 3117 993 3183 Dei,
1023 3121 1279 3191 quoniam
1303 3138 1491 3180 omnes
1514 3124 1721 3181 inventi
1777 3164 1791 3172 ο

139 3213 270 3261 sunt
295 3218 633 3276 peccatores,
667 3217 723 3264 et
751 3210 1046 3281 gratia’Dei
1079 3224 1206 3269 sunt
1236 3215 1445 3282 salvati,
1477 3233 1583 3273 non
1610 3219 1722 3274 suis

138 3296 371 3352 meritis.
423 3296 680 3354 Subditus
728 3300 887 3357 debet
925 3316 1043 3360 esse
1096 3306 1274 3364 omnis
1313 3309 1545 3366 mttndus
1584 3302 1715 3378 Deo,

138 3395 349 3445 reatum
376 3405 532 3446 suum
558 3394 917 3462 agnoscendo,
939 3404 993 3451 et
1011 3396 1333 3454 medicinam
1354 3400 1545 3457 salutis
1571 3418 1717 3472 quae»

138 3482 327 3538 renda.
359 3481 470 3538 Lex
496 3483 677 3553 itaque
698 3482 1005 3542 Iudaeorum
1030 3495 1116 3545 est
1142 3490 1380 3561 proprie,
1407 3492 1503 3548 sed
1530 3496 1716 3547 eatena

139 3574 288 3628 ditur
309 3584 523 3645 quoque
551 3576 619 3631 ad
643 3576 894 3647 gentiles,
914 3579 1071 3647 quasi
1097 3579 1165 3635 ad
1194 3581 1423 3646 alienos,
1452 3582 1576 3654 quia
1613 3583 1717 3654 ipsi

140 3664 394 3720 dixerunt
426 3665 566 3722 idola
593 3666 835 3723 colentes
860 3684 872 3720 :
909 3668 1030 3723 Non
1063 3679 1139 3724 est
1162 3670 1324 3736 Deus,
1349 3670 1555 3728 scilicet
1575 3688 1715 3743 price

140 3765 225 3809 ter
258 3755 375 3811 illos
403 3771 542 3827 quos
567 3757 795 3813 colimus
816 3766 871 3815 et
898 3774 1241 3819 veneramur.

213 3879 351 3945 Quia
372 3896 437 3934 ea:
458 3879 696 3950 operibus
723 3879 850 3951 legis
872 3893 974 3936 non
991 3874 1374 3953 justiﬁeabitur
1394 3887 1564 3941 omnis
1593 3900 1717 3941 caro

133 3988 315 4027 coram
336 3971 448 4025 illo.
475 3972 582 4027 Lex
611 3972 779 4043 Moysi
809 3973 1058 4030 bifariam
1080 3976 1357 4055 diyiditur,
1380 3981 1633 4047 quoniam
1661 3979 1715 4033 in

128 4060 412 4132 mysteriis
422 4068 475 4115 et
491 4063 770 4131 praeceptis
792 4063 1115 4119 continetur.
1134 4066 1440 4122 Secundum
1459 4069 1716 4139 mysteria

130 4160 543 4207 etsacramcnta
565 4153 800 4207 cessavit
823 4153 1141 4210 adveniente
1165 4156 1403 4223 Christo,
1442 4159 1569 4227 quia
1594 4159 1716 4215 linis

130 4240 255 4296 sive
291 4239 579 4310 completio
623 4240 759 4311 legis
795 4250 881 4298 est
922 4242 1190 4302 Christus.
1236 4244 1540 4303 Secundum
1572 4264 1715 4319 pree-

132 4339 294 4401 cepta
344 4340 523 4387 autem
568 4333 749 4389 adhuc
792 4342 1008 4399 manet,
1040 4335 1166 4404 quia
1217 4337 1539 4393 servandum
1585 4345 1712 4394 est:

138 4421 264 4475 Non
284 4420 531 4476 adorabis
576 4422 699 4477 deos
733 4422 969 4490 alienos;
1002 4424 1201 4479 honora
1240 4435 1439 4493 patrem
1485 4437 1631 4483 tuum
1664 4437 1716 4483 et

130 4522 376 4578 matrem,
400 4522 455 4569 et
481 4524 674 4570 caetera
711 4525 1100 4587 praeceptorum
1128 4518 1290 4575 dicta.
1316 4519 1457 4588 Ergo
1485 4535 1550 4574 ex
1578 4534 1709 4590 ope-

1831 1985 1966 2043 bant
1992 1989 2048 2044 in
2080 1988 2279 2047 Filium
2310 1992 2407 2048 Dei
2446 2009 2606 2064 quem
2637 1999 3022 2067 exspectabant
3050 1999 3409 2069 Salvatorem,

1830 2090 1994 2148 quem
2034 2094 2134 2135 nos
2166 2079 2280 2148 jam
2311 2084 2618 2156 accepimus
2660 2087 3090 2158 propitiatorem.
3130 2091 3201 2146 Et
3243 2107 3410 2164 quare

1829 2180 1937 2223 non
1958 2167 2399 2237 justiﬂcabantur
2424 2188 2491 2228 ex
2524 2175 2779 2245 operibus
2809 2176 2976 2248 legis?
3004 2180 3270 2244 Quoniam
3310 2181 3411 2236 im-

1827 2260 2085 2329 possibile
2111 2264 2513 2335 eratsanguine
2541 2266 2816 2322 hircorum
2854 2268 3053 2325 auferri
3086 2272 3406 2342 peccatum,

1827 2359 1882 2406 et
1901 2352 2144 2422 quisQuis
2173 2366 2433 2424 operatur
2452 2355 2719 2427 justitiam
2749 2369 2805 2418 et
2832 2362 2975 2417 inea
3003 2364 3246 2432 cunlidit,
3279 2381 3407 2421 con-

1829 2451 1911 2497 tra
1955 2444 2124 2500 Deum
2156 2448 2411 2503 tumendo
2453 2451 2715 2520 superbit,
2765 2451 2879 2509 Lex
2930 2455 3078 2511 enim
3122 2470 3235 2514 non
3259 2460 3409 2514 venit

1824 2545 2108 2606 peccatum
2139 2538 2346 2606 tollere,
2374 2542 2470 2596 sed
2498 2544 2784 2599 ostendere
2802 2553 2859 2599 et
2882 2547 3097 2615 punire.

1895 2624 2003 2682 Per
2040 2626 2201 2699 legem
2230 2632 2367 2683 enim
2393 2632 2616 2702 cognitio
2650 2636 2869 2702 peccati.
2897 2635 3150 2707 Nunquid
3177 2646 3303 2695 ante
3325 2638 3405 2695 leo

1822 2730 1943 2788 gem
1968 2718 2396 2790 cognoscebatur
2422 2724 2748 2792 peccatum?
2780 2725 2845 2780 Et
2884 2726 2933 2782 si
2987 2737 3269 2799 peccatum
3298 2745 3403 2787 non

1822 2811 2276 2881 cognoscebatur,
2325 2827 2492 2883 quare
2526 2813 2746 2885 Ioseph,
2780 2815 2907 2873 licet
2943 2816 3141 2887 injuste
3162 2859 3180 2887 ,
3206 2820 3405 2878 missus

1795 2908 1906 2955 'est
1932 2901 1987 2956 in
2015 2904 2325 2957 carcerem?
2356 2903 2607 2974 Nunquid
2631 2921 2738 2961 non
2754 2916 2837 2963 est
2864 2919 3151 2967 accusatus
3189 2910 3258 2968 de
3297 2916 3403 2970 cri-

1826 2990 1971 3045 mine
1989 3008 2002 3043 :
2018 3000 2074 3046 et
2085 2990 2283 3047 fratres
2302 2992 2417 3063 ejus
2435 2997 2675 3065 nunquid
2688 3012 2792 3051 non
2807 3003 3203 3069 cognoscebant
3213 3018 3403 3072 pecca-

1825 3087 1960 3146 tum,
2006 3082 2222 3150 quando
2272 3082 2566 3138 dixerunt:
2604 3083 2794 3140 Merito
2837 3088 3240 3160 hwc.patimur,
3277 3095 3401 3162 quia

1821 3173 2144 3242 peccavimus
2166 3173 2220 3229 in
2240 3173 2457 3243 fratrem
2481 3185 2714 3229 nostrum
2739 3176 2891 3247 (Gen.
2917 3178 3076 3249 xw)?
3102 3179 3405 3251 Cognosce-

1748 3254 1791 3317 C
1824 3262 1982 3317 batur
2007 3278 2136 3333 ergo
2177 3271 2484 3334 peccatum,
2512 3265 2608 3320 sed
2636 3274 2896 3335 quantum
2925 3266 3125 3322 malum
3151 3278 3312 3333 esset,
3332 3281 3401 3329 ,ct

1820 3368 1980 3423 quam
2020 3353 2312 3409 vindictam
2330 3352 2478 3424 juste
2507 3364 2787 3425 expeteret
2816 3356 3204 3428 ignorabatur.
3235 3359 3402 3431 Igitur

1818 3458 1916 3515 per
1951 3443 2121 3515 legem
2159 3452 2214 3499 et
2247 3444 2418 3513 major
2455 3445 2691 3517 cognitio
2717 3447 2922 3516 peccati
2962 3455 3045 3502 est
3081 3463 3243 3518 quam
3273 3462 3401 3505 ante

1818 3532 1993 3604 legem
2012 3574 2027 3599 ,
2051 3533 2176 3603 quia
2206 3534 2293 3590 lex
2323 3533 2493 3590 dicit:
2522 3534 2577 3590 Ν
2582 3552 2645 3590 on
2680 3537 2915 3603 occides,
2943 3554 3048 3593 non
3079 3538 3398 3594 adulterium

1817 3624 2014 3695 facies,
2070 3636 2126 3682 et
2165 3627 2401 3697 cognitio
2444 3641 2583 3698 pene
2628 3627 2797 3699 ipsius
2844 3630 3050 3699 peccati
3087 3646 3184 3701 per
3224 3631 3397 3703 legem

1818 3719 2142 3785 ostenditur,
2171 3735 2294 3790 quae
2322 3728 2590 3775 monstrat
2615 3724 2888 3791 quomodo
2907 3733 3188 3793 peccatum
3219 3724 3397 3794 p‘umri

1817 3811 2034 3878 debeat,
2065 3812 2293 3885 dicendo
2321 3829 2338 3869 :
2370 3812 2428 3868 Si
2454 3813 2575 3883 quis
2601 3814 2705 3869 hoc
2737 3814 2823 3871 vel
2864 3816 2966 3877 hoc
3007 3815 3217 3883 fecerit,
3247 3818 3395 3872 occi-

1818 3898 1995 3955 datur.
2033 3900 2217 3958 Potest
2259 3912 2316 3957 et
2359 3903 2435 3958 ita
2482 3903 2738 3975 intelligi,
2791 3905 2918 3975 quia
2954 3915 3112 3961 erant
3151 3911 3395 3977 quaedam

1819 3988 1959 4043 mala
1988 4004 2108 4058 quae
2139 4006 2247 4045 non
2272 3992 2741 4062 cognoscebantur
2778 3979 3064 4063 peccatum
3091 4010 3232 4058 esse,
3258 3997 3399 4050 sicut

1819 4079 2250 4147 concupiscentia
2298 4089 2450 4146 erat,
2502 4081 2570 4137 de
2611 4097 2714 4151 qua
2762 4083 2901 4139 idem
2946 4084 3236 4153 Apostolus
3274 4086 3391 4139 ait:

1818 4166 1954 4222 Nam
1982 4169 2475 4240 concupiscentiam
2502 4173 2806 4228 nesciebam
2824 4183 3106 4245 peccatum
3130 4189 3267 4241 esse,
3293 4177 3395 4231 nisi

1818 4258 1903 4314 lex
1934 4260 2136 4315 diceret
2162 4278 2176 4315 :
2206 4260 2331 4315 Non
2355 4264 2705 4333 concupisces.

1894 4348 2053 4404 llunc
2078 4359 2275 4417 autem,
2305 4353 2358 4407 id
2377 4362 2461 4410 est
2490 4354 2545 4409 in
2572 4354 2785 4411 Domini
2820 4356 3074 4422 adventu,
3102 4365 3157 4414 et
3179 4358 3231 4412 in
3258 4375 3396 4431 prm-

1818 4440 1956 4495 senti
1991 4448 2229 4511 tempore
2248 4443 2462 4513 justitia
2500 4445 2594 4499 Dei
2636 4447 2971 4518 manifestata
3008 4458 3083 4503 est
3115 4453 3228 4504 sine
3263 4451 3408 4523 lege.

1815 4532 2034 4590 Iustitia
2079 4534 2173 4591 Dei
2221 4535 2274 4590 in
2302 4524 2583 4606 [praesenti
2630 4548 2868 4611 tempore
2905 4541 3023 4597 sine
3061 4541 3177 4615 lege
3220 4544 3394 4598 mani-

132 4603 286 4659 τίδιιδ
310 4603 445 4676 ιεείε
464 4644 480 4670 ν
506 4607 558 4661 id
585 4614 670 4662 εει
709 4622 776 4662 8X
818 4609 1234 4667 CirCﬂmCiSiOﬂe
1259 4612 1464 4668 carnali
1490 4621 1547 4668 ει
1580 4614 1709 4667 sab-
1739 4603 1789 4663 D
1817 4621 2011 4679 Testata
2037 4631 2123 4680 est
2157 4642 2169 4681 :
2201 4641 2307 4680 non
2328 4603 2411 4681 ea
2449 4628 2787 4684 solummodo
2812 4647 2918 4700 qua
2948 4631 3256 4703 ipsejustus
3286 4642 3391 4699 est,

131 4694 247 4749 bati
273 4698 535 4763 custodia,
564 4707 618 4752 et
646 4699 875 4756 victimis
903 4700 1163 4772 legalibus
1192 4719 1295 4758 non
1330 4704 1714 4775 justi/icabitur

130 4792 257 4853 post
301 4785 509 4842 Domini
563 4788 855 4844 adventum
903 4793 1071 4846 omnis
1117 4809 1276 4857 caro,
1310 4794 1363 4848 id
1407 4803 1494 4850 est
1534 4796 1712 4851 omnis

128 4875 319 4941 homo,
349 4877 435 4932 vel
463 4879 640 4934 omnis
669 4880 960 4937 carnaliter
1001 4884 1207 4949 vivens,
1250 4892 1303 4939 ct
1329 4886 1619 4943 carnaliter
1646 4901 1710 4941 ea

126 4968 449 5033 observans,
479 4969 603 5039 quia
626 4970 805 5027 omnia
831 4971 1048 5028 Christo
1078 4974 1395 5031 adveniente
1423 4976 1565 5033 velut
1594 4993 1711 5031 um:-

124 5055 228 5110 bra
256 5067 624 5113 cessaverunt.

202 5166 314 5223 Lex
334 5170 478 5226 enim
499 5182 545 5226 et
565 5174 825 5244 propheta:
846 5186 1006 5248 usque
1025 5179 1095 5231 ad
1114 5177 1371 5234 Joannem
1396 5180 1545 5252 (Luc.
1570 5180 1703 5252 xu).

124 5259 305 5315 Aliter
326 5260 461 5333 legis
481 5278 617 5332 opus
640 5272 727 5320 est
753 5284 765 5319 :
806 5265 1027 5322 Honora
1054 5278 1256 5338 patrem
1283 5279 1331 5325 et
1354 5281 1591 5326 matrem.
1643 5274 1706 5328 Et

122 5349 259 5407 alibi
281 5351 483 5409 dicitur
518 5372 531 5407 :
568 5353 673 5421 Qui
697 5356 1023 5413 maledixerit
1057 5360 1195 5429 patri
1222 5359 1297 5415 vel
1322 5362 1501 5427 matri,
1543 5374 1705 5417 morte

119 5447 411 5501 moriatur.
434 5447 493 5503 Si
509 5450 629 5518 quis
647 5451 765 5507 btet:
784 5461 1047 5522 prtecepta
1069 5463 1285 5525 propter
1300 5470 1517 5525 paruam
1537 5473 1699 5527 quam

118 5535 366 5591 minatur
395 5547 450 5594 et
476 5539 789 5611 vindictam,
823 5541 909 5597 vel
928 5552 1179 5612 parentes
1202 5546 1581 5621 honoraverit,
1615 5550 1699 5607 vel

121 5641 233 5680 non
260 5628 550 5695 occiderit,
591 5637 645 5685 et
673 5646 780 5685 non
806 5643 1026 5702 propter
1052 5644 1290 5691 amorem
1332 5639 1426 5693 Dei
1464 5622 1518 5694 et
1539 5638 1700 5708 justia

1815 4724 1909 4769 aut
1937 4731 2042 4785 qua
2061 4715 2389 4784 justilicetur
2413 4719 2505 4787 qui
2531 4720 2888 4775 cssentialitcr
2913 4722 3026 4792 ipsa
3048 4722 3255 4792 justitia
3284 4732 3390 4787 est,

1814 4809 1911 4864 sed
1951 4823 2059 4878 qua
2113 4809 2287 4862 induit
2339 4809 2593 4879 impium,
2624 4813 2836 4881 quando
2879 4814 3299 4871 misericorditer
3324 4816 3391 4871 de

1816 4903 2016 4960 infideli
2040 4905 2171 4960 facit
2190 4906 2423 4974 ﬁdelem,
2451 4909 2516 4965 de
2545 4904 2793 4967 adultero
2818 4920 2870 4966 et
2899 4912 3226 4970 fornicatore
3260 4915 3393 4971 facit

1813 5012 2023 5057 castum
2054 5011 2110 5058 et
2142 5002 2525 5067 continentem,
2552 5004 2618 5060 de
2646 5005 2844 5076 injusto
2872 5017 2925 5063 et
2954 5018 3237 5078 peccatore
3263 5007 3392 5064 facit

1807 5090 2013 5160 justum
2042 5100 2099 5147 et
2117 5101 2412 5150 amatorem
2442 5095 2720 5152 virtutum.
2757 5098 2886 5165 Quae
2908 5099 3116 5170 justitia
3148 5099 3205 5154 in
3231 5098 3389 5156 Chri-

1815 5189 1898 5236 sto
1926 5190 2009 5236 cst
2036 5182 2292 5248 revelata,
2324 5193 2381 5238 et
2405 5184 2529 5243 data
2553 5186 2664 5241 sine
2694 5186 2823 5259 lege,
2855 5190 2909 5244 id
2939 5198 3021 5244 cst
3050 5189 3168 5265 sine
3203 5190 3389 5247 obser-

1814 5272 2027 5327 vatione
2046 5271 2221 5343 legali,
2238 5275 2363 5344 quia
2386 5276 2515 5330 nulli
2540 5277 2625 5332 lex
2650 5280 2945 5334 secundum
2962 5279 3216 5353 mysteria
3234 5288 3288 5334 et
3309 5297 3388 5336 sa-

1814 5364 2021 5421 criﬁcia
2073 5366 2303 5421 traditur
2342 5366 2451 5436 jam
2503 5369 2869 5438 observanda;
2923 5374 3018 5430 sed
3069 5374 3198 5430 dicit
3235 5391 3249 5428 :
3282 5373 3386 5440 Qui

1811 5458 2086 5513 crediderit
2108 5469 2156 5513 et
2183 5458 2472 5531 baptizatus
2497 5462 2674 5531 fuerit,
2700 5464 2873 5521 salvus
2897 5468 2994 5520 erit
3025 5465 3220 5537 (Marc.
3244 5482 3331 5522 xv:
3348 5478 3378 5518 ι.

1806 5545 1919 5601 Hoc
1945 5556 2028 5601 est
2051 5546 2231 5617 justus
2256 5550 2381 5607 erit.
2412 5549 2704 5609 Possumus
2732 5556 2895 5609 etiam
2926 5554 3098 5625 ipsam
3118 5555 3381 5637 justitiam

1803 5637 1899 5692 Dei
1933 5636 2128 5702 Patris,
2173 5638 2224 5693 id
2258 5648 2342 5695 est
2393 5640 2588 5696 Filium
2632 5643 2931 5714 intelligere
2963 5658 2993 5699 a
3030 5661 3137 5716 quo
3183 5655 3240 5701 et
3286 5642 3384 5717 per

122 5715 259 5770 tiam
307 5717 419 5773 iure
465 5719 640 5788 potius
684 5723 1080 5790 observaverit.
1126 5726 1434 5784 hominibus
1476 5731 1697 5799 quidem
1801 5741 1961 5797 quem
1989 5726 2376 5798 justiﬁcamur,
2409 5733 2532 5801 quia
2562 5734 2678 5789 sine
2717 5736 3094 5793 observatione
3124 5738 3262 5810 legis
3272 5754 3379 5809 ,pcr

111 5806 305 5875 justus
333 5809 564 5877 videtur,
594 5810 719 5866 dum
749 5827 857 5868 non
892 5815 1184 5870 committit
1208 5818 1350 5872 unde
1383 5820 1555 5874 occich
1586 5836 1699 5876 me-

1801 5836 1965 5890 opera
1997 5823 2219 5881 deitatis
2249 5824 2625 5881 manifestutus
2662 5836 2745 5882 est
2774 5827 2939 5885 Filius
2970 5829 3061 5884 Dei
3091 5846 3234 5886 esse.
