3950 6444
552 374 652 430 591

1033 364 1387 424 ΠΑΥΜΟΝΙΒ
1427 359 1897 419 HALBERSTAT.
1942 353 2153 411 EPiSC.
2194 352 2341 408 OPP.
2382 349 2561 405 PARS
2599 349 2639 403 1.
2666 378 2706 389 —-
2766 339 3121 400 COMMENT.
3162 335 3333 392 BiBL.

3708 316 3823 376 592

630 490 929 561 Testiﬁcata
956 507 988 544 a
1011 490 1117 559 lege
1142 498 1189 542 et
1214 486 1492 558 Prophetis.
1523 481 1739 537 iustitia
1765 477 2123 551 baptismatis,
2156 480 2200 537 A
2232 481 2284 528 et
2315 470 2529 541 Quando
2555 468 2699 522 vitiis
2727 476 2781 523 et
2810 463 2964 520 idolis
2992 457 3174 561 coepit.
3197 449 3600 561 servirenliaee
3634 449 3827 561 aciem:

560 600 663 655 qua
680 582 1057 653 iustiﬁcamur,
1082 596 1177 649 per
1197 579 1367 650 legem
1397 575 1735 655 testiﬁcatur,
1751 573 1879 626 dum
1899 570 2123 625 dicitur:

559 674 616 729 In
649 672 956 730 novissimis
979 672 1166 726 diebus
1188 667 1537 724 circumcidet
1565 650 1823 721 Domitius
1844 677 1935 717 cor
1956 662 2126 721 tuum,

560 763 611 817 id
665 774 748 818 est
801 745 1008 839 auferet
1057 762 1280 831 peccata
1336 768 1456 833 tua,
1485 764 1539 811 et
1566 754 1886 826 justiticabit
1942 762 1991 805 te
2032 756 2128 821 per

556 854 875 924 baptismum
904 851 1079 923 (Deut.
1123 848 1277 920 xxx).
1314 847 1658 903 Testilicatur
1686 853 1741 900 et
1774 860 1868 913 per
1898 842 2128 913 prophe-

556 952 667 1008 tas,
697 945 825 999 dom
860 943 1059 998 dicitur
1088 959 1102 996 :
1132 939 1251 1011 ipse
1282 939 1594 1008 iniquitates
1628 944 1839 991 nostras
1867 932 2125 1004 portabit,

553 1043 608 1088 et
636 1041 859 1105 peccata
905 1042 1091 1088 nostra
1140 1031 1255 1102 ipse
1307 1029 1457 1085 tollet
1495 1026 1630 1100 (Isa.
1678 1026 1818 1097 Llil).
1859 1024 1927 1079 Et
1951 1023 2124 1103 alibi:

554 1120 843 1194 Effundam
866 1124 1024 1195 super
1042 1139 1128 1177 vos
1154 1098 1345 1190 aquam
1375 1098 1650 1182 mundam,
1672 1127 1719 1170 et
1749 1098 2129 1168 mundabimin’i

554 1217 618 1270 ab
638 1217 877 1271 omnibus
898 1213 1299 1287 inquinamentis
1327 1210 1506 1265 vestris
1535 1209 1751 1279 (Ezech.
1777 1206 1982 1278 mm).
2012 1206 2130 1274 ipse

553 1322 767 1377 quoque
794 1306 1044 1362 Christus
1062 1305 1292 1377 justitia,
1319 1302 1507 1359 no'stra
1548 1300 1934 1364 testimonium,
1967 1296 2130 1352 habet

546 1392 584 1450 'a
612 1396 730 1468 lege
763 1405 820 1452 et
844 1393 1140 1468 prophetis.

626 1517 845 1572 Iustitia
867 1526 1041 1571 autem
1061 1515 1179 1581 Dei,
1216 1514 1271 1570 id
1290 1522 1373 1570 est
1392 1510 1713 1585 justiﬁcatio
1737 1524 1845 1579 qua
1867 1506 2132 1577 iustiﬁca—

554 1623 680 1663 mur
699 1622 731 1661 a
750 1607 859 1662 Deo
886 1622 1046 1676 super
1071 1620 1259 1661 omnes
1281 1602 1495 1660 Judreos
1517 1610 1572 1658 et
1595 1601 1823 1673 gentiles
1849 1598 2133 1667 credentes

554 1699 725 1754 venit.
769 1698 876 1753 Per
918 1699 1075 1767 ﬁdem
1112 1696 1241 1751 Jesu
1283 1695 1499 1755 Christi.
1544 1709 1651 1764 qua
1685 1692 1956 1748 credimus
1982 1689 2130 1743 illum

553 1776 747 1847 Filium
768 1791 863 1846 Dei
884 1804 1004 1846 esse
1022 1789 1200 1844 Patris
1217 1828 1233 1855 ,
1255 1770 1501 1856 reditque
1544 1799 1766 1840 causam
1788 1796 1956 1853 quare
1979 1780 2131 1836 dixe-
2157 1824 2206 1883 Β

553 1884 626 1938 rit
653 1901 667 1937 :
700 1900 855 1955 super
877 1899 1051 1937 omnes
1073 1882 1164 1951 qui
1183 1879 1401 1935 credunt
1415 1876 1680 1947 justitiam
1704 1876 1798 1932 Dei
1820 1882 2125 1936 venturam,

552 1986 677 2029 cum
700 1973 946 2043 protinus
974 1972 1195 2043 subdit:
1228 1968 1353 2023 Non
1370 1979 1447 2023 est
1483 1969 1619 2022 enim
1647 1966 1936 2029 distinctio,
1968 1964 2021 2018 id
2048 1970 2132 2019 est

556 2063 703 2118 nulla
723 2072 807 2118 est
833 2061 1141 2119 diﬂ‘erentia
1166 2060 1309 2115 inter
1326 2058 1542 2114 Judzeos
1566 2066 1622 2112 et
1641 2056 1888 2128 gentiles,
1918 2054 2046 2124 quia
2072 2060 2134 2107 ut

553 2149 724 2207 Judaei
750 2160 1076 2221 peccatores
1108 2158 1236 2206 sunt
1260 2147 1485 2214 inventi,
1518 2147 1593 2202 ita
1616 2155 1673 2202 et
1698 2144 1945 2218 gentiles.
1977 2141 2134 2199 Unde

555 2244 803 2313 sequitur
824 2260 838 2295 :

628 2358 822 2413 0mm
843 2358 980 2414 enim
1004 2354 1342 2429 peccaverunt
1370 2362 1418 2411 et
1438 2352 1583 2426 egent
1612 2353 1781 2424 gloria
1817 2350 1935 2417 Dei,
1969 2349 2022 2405 id
2050 2355 2136 2404 est

559 2450 887 2521 indulgentia
931 2460 987 2506 et
1036 2452 1190 2506 venia
1224 2456 1568 2521 peccatorum
1620 2445 1861 2516 indigent
1906 2455 2134 2505 omnes,

559 2549 668 2595 tam
713 2540 885 2595 Judaei
926 2555 1088 2610 quam
1145 2540 1411 2612 gentiles:
1440 2552 1539 2608 pro
1599 2550 1705 2605 qua
1753 2531 2136 2604 gloriﬁcandus

561 2640 648 2685 est
684 2631 845 2687 Deus.

632 2730 923 2814 Iusti/icati
943 2732 1105 2818 gratis
1131 2762 1223 2816 per
1242 2742 1469 2816 grdtiam'
1498 2722 1659 2814 ipsius
1682 2730 1701 2792 ἐ
1724 2756 1815 2806 per
1835 2724 2140 2807 redemptio.

567 2853 705 2903 nem,
726 2854 843 2907 qum
872 2850 943 2891 est
967 2838 1023 2891 in
1045 2836 1252 2891 Christo
1266 2835 1412 2890 Jesu.
1446 2830 1623 2887 Gratis
1650 2831 1801 2894 dicit,
1833 2828 1886 2883 id
1912 2837 1996 2882 est
2024 2826 2140 2880 sine

564 2928 686 2984 ullis
730 2927 1157 2999 prrecedenlibus
1200 2927 1429 2982 meritis.
1480 2922 1640 2979 Verbi
1679 2921 1873 2993 gratia.
1923 2918 2027 2986 Qui
2068 2917 2137 2971 ad

563 3020 889 3090 baptismum
909 3019 1076 3085 venit,
1099 3018 1231 3073 nihil
1251 3032 1486 3087 unquam
1510 3016 1634 3070 boni
1650 3013 1795 3078 fecit,
1813 3012 2134 3081 baptizatur,

563 3110 858 3180 statimque
891 3099 1237 3179 justiiicatur.
1281 3106 1418 3162 Ecce
1464 3101 1632 3177 gratis
1664 3103 1995 3172 justiticatur
2043 3104 2142 3171 per

2231 522 2518 631 capiivitas
2544 560 2719 612 soluta
2763 563 2865 620 est,
2914 554 3041 608 dum
3081 522 3302 604 animus
3331 545 3399 599 ad
3427 544 3602 631 Deum
3628 522 3828 597 rediit,

2230 663 2284 708 et
2302 629 2373 705 ise
2402 632 2693 710 inﬁrmum,
2727 630 2872 700 illum
2907 658 3038 717 vero
3061 639 3332 697 medicum
3359 629 3632 688 intellexit
3645 642 3671 717 :7
3691 640 3823 696 per-

2231 740 2482 810 fectaque
2538 737 2836 807 redemptio
2891 734 2945 788 in
3003 714 3269 788 eﬂ'usione’
3329 722 3551 794 sanguis
3610 714 3821 774 Christi

2229 832 2420 901 patuit.

2303 921 2467 987 Quem
2483 919 2751 1009 proposm't
2768 916 2909 972 Deus
2926 914 3087 1002 Pater
3115 902 3512 1009 prapitiaiot‘er:
3534 899 3821 1009 pernities

2228 1012 2284 1065 in
2308 1010 2561 1080 sanguine
2585 989 2768 1079 ipsi‘u's.‘
2795 1006 2985 1061 Filium
2999 996 3152 1058 suum
3169 994 3452 1072 proposuit
3464 994 3621 1049 Deus
3636 989 3819 1046 Pater.

2231 1102 2284 1156 id
2313 1109 2395 1155 est
2421 1099 2662 1155 decrevit
2689 1106 2746 1153 et
2768 1093 3053 1167 praelinivii
3079 1088 3493 1163 propitiatorem
3532 1089 3598 1138 et
3628 1094 3822 1135 recon-

2231 1190 2527 1246 ciliatorem
2550 1228 2565 1252 ,
2609 1197 2666 1243 ut
2710 1188 2823 1257 ipse
2862 1184 3018 1240 nobis
3060 1180 3355 1252 propitium
3394 1175 3612 1229 iaceret
3654 1169 3818 1224 Deum

2174 1278 2183 1285 ’
2231 1281 2445 1336 Patrem
2461 1288 2516 1333 et
2535 1277 2851 1349 placabilem
2880 1289 2978 1345 per
3001 1272 3159 1327 iidem
3184 1267 3455 1340 passionis
3480 1277 3628 1328 suae,
3658 1258 3747 1313 vel
3772 1258 3818 1349 in

2229 1379 2480 1443 promptu
2518 1348 2642 1425 ante
2679 1368 2862 1423 oculos
2900 1365 3138 1420 nuntium
3165 1359 3365 1431 posuit,
3395 1364 3458 1411 ut
3486 1366 3693 1410 omnes
3718 1348 3820 1404 sal-

2230 1470 2387 1517 varet
2414 1462 2466 1515 in
2491 1475 2550 1516 se
2578 1460 2893 1523 credentes,
2923 1456 3050 1527 quia
3087 1454 3216 1508 dum
3254 1452 3309 1505 in
3344 1460 3477 1504 eum
3519 1443 3820 1503 credimus,

2232 1561 2287 1607 et
2319 1553 2437 1622 ejus
2462 1550 2777 1622 sanguinem
2802 1563 2903 1620 pro
2931 1547 3087 1602 nobis
3117 1544 3295 1599 fusum
3320 1538 3682 1622 conﬁtemur,
3714 1532 3823 1587 sine

2233 1619 2637 1714 quojustiiicari
2655 1649 2760 1696 non
2778 1619 3089 1711 possumus,
3109 1648 3177 1690 ex
3198 1619 3816 1714 integrojustiﬁcamer.

2234 1713 2317 1789 Ad
2348 1734 2691 1789 ostensione":
2725 1724 2948 1802 justitiae
2988 1718 3132 1792 suae,
3165 1722 3423 1780 subaudis
3448 1719 3523 1773 ab
3551 1713 3823 1791 inferiori-

2232 1826 2352 1880 bus.
2379 1824 2444 1878 In
2474 1824 2570 1877 laet:
2597 1833 2843 1893 tempore,
2869 1820 2922 1875 id
2944 1827 3029 1875 est
3053 1818 3106 1873 in
3133 1813 3429 1871 novissima
3455 1804 3820 1865 πεπελεκιιί-

2232 1916 2305 1969 tia
2328 1916 2381 1969 in
2399 1907 2503 1970 hoc
2526 1914 2647 1969 loco
2674 1911 2872 1982 duplici
2900 1910 3059 1964 modo
3085 1913 3266 1977 potest
3285 1902 3548 1971 intelligi:
3566 1896 3823 1953 videlicet

2233 2005 2317 2061 Vel
2345 2004 2461 2076 ipse
2487 2003 2737 2061 Christus
2768 2002 2859 2072 qui
2888 2001 3151 2072 justilicat
3180 2012 3316 2064 nos,
3339 1995 3427 2049 vel
3460 1991 3693 2060 justiti:
3723 2002 3821 2056 qua

2226 2092 2492 2167 juStiiicat
2543 2096 2683 2150 Deus
2731 2093 2892 2147 Pater
2941 2090 3225 2146 credentes
3276 2089 3333 2140 in
3378 2083 3587 2139 Filium
3643 2092 3817 2135 suum.

2233 2188 2481 2245 Ostendit
2504 2201 2634 2258 ergo
2662 2184 2949 2240 manifeste
2982 2183 3123 2237 Deus
3148 2180 3310 2234 Pater
3331 2177 3614 2246 justitiam
3648 2187 3819 2235 suam,

2234 2279 2289 2334 id
2310 2286 2394 2333 est
2420 2276 2617 2331 Filium
2653 2290 2831 2339 suum,
2872 2273 2957 2328 vel
2991 2272 3115 2342 quia
3153 2285 3254 2324 nos
3290 2267 3562 2337 iustiﬁcat
3598 2265 3665 2318 in
3699 2263 3823 2317 etfu-

2236 2367 2386 2422 sione
2434 2364 2710 2436 sanguinis
2742 2362 2866 2417 Filii
2894 2362 2979 2416 sui
3023 2363 3078 2414 in
3124 2360 3221 2412 hoc
3267 2369 3519 2428 tempore,
3551 2355 3609 2410 id
3652 2342 3821 2408 estalt

2238 2456 2471 2510 adventu
2510 2453 2655 2508 illius
2677 2455 2850 2521 usque
2890 2450 2942 2506 in
2985 2450 3144 2503 linem
3186 2447 3397 2511 saeculi,
3425 2445 3558 2515 quia
3584 2443 3700 2498 nisi
3735 2456 3821 2496 nos

2230 2547 2531 2618 iustiﬁcare
2581 2546 2875 2609 voluisset,
2906 2545 2974 2599 ad
3003 2554 3232 2599 mortem
3274 2540 3470 2595 Filium
3517 2553 3686 2593 suum
3732 2551 3821 2606 pro

2239 2640 2393 2694 nobis
2428 2652 2535 2717 non
2570 2637 2897 2700 tradidisset,
2927 2635 3020 2705 qui
3049 2649 3152 2688 non
3185 2631 3389 2714 fecerat
3420 2629 3594 2683 ullum
3633 2641 3820 2696 pecea-

2240 2742 2374 2787 tum.
2419 2710 2705 2802 i’roposuit
2732 2729 2896 2799 etiam
2929 2727 3078 2801 illum
3120 2710 3308 2780 venire
3353 2731 3410 2777 et
3456 2721 3576 2790 pati
3620 2730 3822 2789 propter

2242 2822 2596 2876 remissionem
2637 2818 3042 2891 prmcedentium
3090 2816 3431 2877 delictorum,
3464 2811 3522 2865 id
3556 2822 3646 2865 esu.
3673 2809 3821 2878 origi-

2241 2915 2442 2969 nalium
2477 2928 2596 2984 quae
2626 2925 2690 2965 ex
2721 2910 3034 2980 parentibus
3072 2907 3340 2963 trahimus
3385 2912 3691 2976 antequam
3738 2914 3822 2953 na-

2242 3020 2477 3069 scamur,
2514 3005 2597 3058 vel
2634 3003 2877 3059 omnium
2915 3008 3256 3071 peccatorum
3286 3011 3406 3067 qua:
3430 2992 3824 3050 committimus

2242 3103 2366 3152 ante
2391 3095 2738 3165 baptismum.

564 3178 814 3270 Enniani,
844 3178 903 3254 id,
927 3209 1010 3255 εει
1051 3212 1149 3270 Per
1182 3199 1401 3254 domum
1431 3197 1526 3251 Dei
1558 3198 1571 3249 έ
1604 3204 1655 3250 ei
1688 3186 1791 3252 hoc
1816 3208 1910 3266 Ρεν
1940 3195 2138 3247 νεάεῖπ·
2165 3178 2211 3240 C
2314 3208 2383 3263 In
2435 3207 2806 3263 sustentatione
2844 3204 2942 3260 Dei
2966 3230 2985 3270 ,-
3030 3203 3083 3258 id
3117 3209 3202 3257 est
3247 3200 3315 3255 ad
3360 3196 3695 3269 patientiam
3737 3192 3823 3247 Dei

562 3292 790 3361 ption'em
838 3294 953 3361 quis
990 3294 1063 3344 est
1094 3291 1150 3344 in
1179 3287 1389 3342 Christo
1426 3287 1589 3353 Jesu,
1636 3302 1740 3340 non
1785 3287 1837 3340 in
1886 3285 2143 3354 cperibus

564 3381 716 3450 legis.
766 3376 1081 3448 Redemptio
1130 3384 1315 3432 uestra
1359 3392 1464 3445 qua
1515 3390 1701 3441 sumus
1746 3374 2034 3443 redempti,
2087 3379 2142 3427 et

562 3485 834 3540 perquam
850 3471 1233 3541 juStiﬁcamur,
1261 3468 1440 3539 passio
1455 3466 1655 3522 Christi
1684 3474 1767 3521 est
1786 3481 1927 3535 quae,
1954 3465 2142 3536 juncta

567 3561 850 3629 baptismo,
861 3560 1120 3628 juStilicat
1132 3560 1404 3615 hominem
1416 3572 1513 3629 per
1529 3556 1688 3612 iidem
1708 3575 1719 3609 :
1739 3566 1795 3611 et
1807 3556 2143 3627 postmodum

565 3667 662 3721 per
686 3651 1078 3720 paetiitcntiam.
1114 3652 1191 3706 ita
1219 3650 1360 3705 enim
1395 3646 1481 3705 illa
1511 3650 1616 3704 duo
1651 3654 1834 3703 mutuo
1860 3655 1986 3702 sunt
2018 3639 2144 3701 con-

560 3739 785 3811 juncta,
836 3750 896 3795 ut
935 3757 1100 3797 unum
1145 3741 1261 3795 sine
1296 3740 1467 3797 altero
1511 3741 1781 3795 hominem
1825 3730 1932 3793 non
1977 3738 2146 3807 possit

560 3831 879 3902 justilicare.
910 3830 1041 3885 Nam
1067 3848 1239 3901 neque
1270 3831 1402 3887 ildes
1424 3831 1714 3886 Dominic'ac
1739 3830 2005 3899 passionis
2031 3829 2145 3883 sine

567 3938 705 3993 aqua
745 3922 1081 3995 baptismatis
1131 3925 1402 3979 hominem
1455 3924 1706 3988 mundat,
1748 3912 1850 3977 nisi
1904 3922 2040 3975 forte
2091 3921 2143 3974 in

565 4017 826 4089 martyrio
878 4017 1022 4089 quod
1079 4026 1179 4088 pro
1232 4017 1553 4087 baptismate
1606 4007 1869 4088 accipitur
1914 4032 1926 4067 :
1975 4024 2147 4081 neque

566 4104 763 4180 aquam
793 4108 1041 4178 baptismi
1077 4108 1193 4164 sine
1220 4106 1324 4163 fide
1350 4108 1641 4162 Dominiczc
1668 4105 1934 4177 passionis
1958 4101 2147 4175 purifi-

569 4210 695 4253 care'
732 4197 1006 4252 hominem
1056 4197 1218 4252 valet.
1258 4195 1560 4268 Jungantur
1589 4211 1718 4267 ergo
1762 4195 1923 4250 simul
1963 4195 2147 4260 sicque

569 4289 903 4361 praestabunt
927 4288 1221 4358 perfectam
1258 4287 1681 4359 redemptionem
1701 4328 1716 4352 ,
1743 4285 2148 4356 perfectamque

569 4379 995 4434 mundationem.
1026 4378 1212 4448 Itaque
1243 4390 1417 4447 neque
1460 4377 1697 4441 Jiulzeus,
1733 4386 1906 4446 neque
1935 4374 2148 4446 gentilis

568 4471 682 4525 suis
722 4468 1049 4540 jiistilicatitr
1100 4470 1393 4540 operibus,
1442 4468 1563 4525 cuin
1610 4475 1837 4537 uterque
1888 4467 1959 4521 sit
2005 4470 2146 4534 prte-

569 4561 840 4617 varicamr
877 4576 988 4616 suae
1024 4560 1158 4632 legis
1187 4561 1205 4618 ἐ
1233 4554 1449 4616 Judaeus
1500 4558 1752 4613 videlicet
1796 4556 2055 4611 naturalis
2092 4566 2146 4611 et

570 4652 822 4721 scriptae;
868 4651 1083 4723 gentilis
1120 4659 1297 4706 autem
1338 4650 1617 4704 naturalis.
1647 4647 1752 4703 Sed
1781 4648 2146 4716 redemptione

564 4752 676 4815 qua
723 4742 970 4800 Christus
1007 4756 1104 4797 nos
1148 4742 1376 4797 redemit
1406 4752 1504 4795 suo
1531 4739 1793 4808 sanguine
1817 4747 1869 4792 et
1898 4738 2033 4803 ﬁde;
2091 4744 2148 4791 et

573 4851 713 4908 aqua
755 4834 1117 4907 baptismatis,
1165 4848 1269 4905 qna
1315 4833 1542 4903 quisque
1590 4837 1840 4895 renatns,
1871 4828 1917 4884 si
1962 4826 2145 4884 statim

570 4928 801 4994 obierit,
833 4927 1128 4983 salvahitur
1160 4924 1212 4981 in
1253 4926 1362 4980 vita
1395 4942 1410 4979 :
1443 4924 1486 4979 si
1517 4931 1696 4977 autem
1725 4922 1955 4987 vixerit,
1986 4919 2147 4974 debet

571 5026 772 5078 amare
821 5020 978 5076 ﬁdem
1042 5019 1330 5088 operibus,
1380 5016 1502 5087 quia
1555 5016 1686 5085 ﬁdes
1735 5016 1848 5067 sine
1911 5011 2150 5082 operibus

571 5121 780 5168 mortua
832 5121 926 5168 est.
971 5108 1274 5164 Notandum
1317 5120 1446 5162 vero
1479 5106 1620 5176 quod
1664 5104 1797 5157 dicit
1831 5117 1924 5170 per
1953 5100 2153 5153 redem-

574 5213 798 5280 ptionem
829 5222 947 5276 qure
992 5215 1064 5259 est
1112 5206 1167 5258 in
1207 5202 1414 5258 Christo
1444 5202 1591 5255 Jesu.
1625 5198 1757 5252 Nam
1802 5212 1896 5267 per
1936 5196 2151 5249 redem-

574 5298 812 5366 ptionem
844 5296 1044 5366 captivi
1076 5294 1413 5349 redimuntur
1462 5290 1555 5361 qui
1601 5291 1668 5343 ab
1717 5288 1964 5343 hostibus
1987 5285 2155 5354 capti-

576 5392 751 5446 v'atur.
797 5386 1079 5454 Quomodo
1119 5400 1248 5457 ergo
1286 5385 1450 5438 homo
1495 5381 1752 5450 captivari
1796 5379 2000 5449 potuit,
2031 5393 2153 5433 cum

576 5480 718 5536 Deus
736 5481 935 5549 ubique
961 5479 1071 5535 sit?
1093 5477 1202 5533 Sed
1228 5475 1529 5546 captivatns
1558 5481 1642 5527 est
1667 5473 1845 5527 animo
1865 5488 1896 5525 a
1924 5471 2155 5536 diabolo,

575 5570 794 5638 quando
819 5568 1033 5625 diabolo
1062 5582 1121 5623 se
1147 5565 1385 5621 subdidit
1411 5563 1816 5634 prmvaricando
1844 5563 2013 5632 legem
2039 5558 2156 5627 Dei,

646 5754 675 5786 ⁸
703 5743 829 5801 “(CC
860 5740 1161 5798 redundare
1194 5739 1471 5795 vident-ur.-

2242 3299 2728 3363 manifestandam,‘
2786 3296 2912 3367 quia
2964 3310 3087 3350 cum
3141 3305 3428 3363 peccamus
3476 3303 3595 3344 non
3650 3287 3823 3343 statim

2242 3392 2529 3463 punimur;
2583 3389 2679 3446 sed
2726 3387 2843 3459 ejus
2888 3383 3155 3456 patientia
3198 3391 3358 3451 atque
3407 3378 3731 3435 suﬂ‘erentia
3767 3379 3824 3429 ad

2242 3483 2619 3555 paenitentiam
2661 3488 3060 3552 exspectantur.
3105 3476 3237 3543 Quae
3279 3473 3609 3529 sustentatio
3650 3470 3756 3524 nisi
3800 3486 3825 3519 ε

2243 3572 2356 3629 Deo
2399 3581 2567 3637 esset,
2600 3571 2652 3626 in
2681 3571 2856 3642 primo
2882 3568 3100 3624 homine
3140 3565 3267 3620 finis
3301 3563 3589 3618 hominum
3626 3575 3735 3629 per
3751 3559 3827 3625 ju‘

2245 3664 2444 3719 dicium
2476 3662 2685 3719 fuisset.

2317 3774 2396 3830 Ad
2419 3775 2766 3831 esten-iouem
2795 3772 3022 3843 justitia:
3059 3785 3171 3825 sure
3207 3784 3260 3822 ιη
3289 3769 3385 3822 hoc
3419 3772 3683 3837 (erupere,
3713 3765 3827 3818 sub-

2244 3865 2401 3920 audis
2444 3865 2759 3929 novissimo,
2788 3863 2843 3919 id
2886 3870 2971 3918 est
3007 3861 3076 3917 ad
3110 3861 3214 3916 hoc
3244 3857 3535 3930 praeﬁnivit
3570 3856 3826 3926 propitia-

2248 3966 2419 4013 torem
2470 3955 2588 4012 ﬁeri
2633 3953 2867 4017 nobis!
2873 3954 3024 4009 ilium
3067 3966 3260 4015 suum,
3289 3958 3349 4004 ut
3375 3964 3535 4004 suam
3571 3947 3827 4017 justitiam

2245 4049 2553 4105 ostenderet
2577 4063 2674 4119 per
2713 4039 2860 4102 illu'r'n
2883 4084 2899 4113 ,
2927 4054 2984 4100 et
3018 4039 3444 4100 misericordiam
3468 4056 3580 4111 qua
3608 4054 3718 4094 nos
3744 4050 3827 4092 ex-

2247 4148 2460 4211 spectat
2492 4139 2560 4197 ad
2590 4137 2985 4210 pteniteutiam.

2317 4266 2344 4298 α
2368 4255 2438 4309 Ut
2468 4256 2575 4324 ipse
2599 4252 2666 4308 sit
2687 4252 2886 4322 justus.
2933 4248 3123 4305 Justus
3151 4253 3238 4301 est
3263 4244 3355 4314 qui
3380 4257 3504 4313 (με
3541 4241 3829 4313 promittit,

2247 4347 2458 4403 tribuit.
2512 4344 2588 4403 Ita
2639 4354 2696 4398 et
2737 4330 2878 4398 Deus
2924 4340 3086 4395 Pater
3134 4336 3387 4409 promisit
3430 4334 3593 4390 nobis
3638 4332 3828 4387 Filium

2248 4454 2427 4503 suum,-
2471 4445 2527 4492 et
2567 4437 2622 4490 in
2664 4449 2729 4490 eo
2751 4432 3196 4501 justiﬁeationem
3228 4446 3242 4483 :
3271 4427 3417 4499 quod
3439 4426 3636 4495 utique
3669 4424 3833 4477 adias-

2176 4529 2224 4587 D
2250 4530 2437 4601 plevit,
2470 4528 2690 4581 mittens
2721 4526 2869 4580 illum
2919 4524 2973 4578 in
3018 4521 3277 4576 mundum
3307 4532 3409 4589 per
3450 4512 3837 4571 incarnationis

2252 4620 2572 4693 mysterium
2594 4641 2613 4684 ,η
2640 4618 2800 4685 cuius
2825 4615 3099 4688 passionis
3120 4614 3226 4670 ﬁde
3247 4612 3644 4680 iustiﬁcamur,
3679 4609 3836 4663 abluti

2252 4724 2393 4779 aqua
2420 4707 2777 4778 baptismatis.
2810 4705 2962 4760 Unde
2989 4702 3235 4771 sequitur
3259 4717 3273 4753 :
3311 4700 3379 4753 Et
3397 4698 3836 4768 justiﬁcman

2253 4801 2347 4874 qui
2370 4816 2434 4855 ex
2463 4799 2568 4870 ﬁde
2584 4808 2660 4853 est
2684 4797 2814 4851 Iesu
2845 4794 3061 4859 Christi,
3089 4795 3194 4848 hoc
3224 4800 3310 4846 est
3340 4788 3647 4860 quemlibet
3674 4786 3836 4841 boari—

2253 4907 2379 4948 nem
2413 4891 2573 4946 iidem
2619 4888 2746 4944 Iesu
2791 4886 2997 4943 Christi
3021 4886 3308 4940 habentem
3341 4898 3361 4936 ε
3390 4896 3499 4935 non
3540 4889 3727 4934 tamen
3751 4892 3840 4945 per

2254 4996 2419 5052 opera
2465 4980 2599 5051 legis
2648 4978 2912 5050 iustiﬁcat
2960 4975 3150 5040 illum,
3202 4972 3299 5028 sed
3350 4972 3452 5041 per
3504 4969 3677 5024 ﬁdem
3719 4966 3840 5021 ιω

2254 5073 2481 5140 Christi,
2506 5074 2762 5144 quoniam
2785 5072 2988 5140 absque
3015 5067 3131 5136 ejus
3152 5064 3257 5120 fide
3282 5080 3392 5120 non
3420 5061 3674 5117 valemus
3694 5059 3841 5129 insn-

2256 5167 2433 5224 ﬁca‘ri.

2329 5282 2431 5337 Ubi
2459 5297 2582 5353 ergo
2617 5289 2691 5335 est
2739 5278 2983 5351 gloriatio
3029 5274 3161 5329 tua?
3202 5269 3437 5327 Erclusa
3470 5268 3573 5322 est.
3607 5265 3845 5322 Judaeum

2265 5375 2556 5446 alloquitur
2573 5381 2629 5426 et
2655 5371 2962 5432 conﬁrmat,
2991 5366 3114 5436 quia
3132 5379 3241 5419 non
3267 5362 3411 5416 valet
3437 5360 3733 5430 quisquam
3757 5371 3850 5425 per

2264 5483 2426 5539 Opera
2456 5466 2591 5536 legis
2620 5463 2929 5535 iustificari.
2968 5460 3046 5515 Ac
3075 5459 3120 5513 si
3154 5457 3299 5511 dicat
3323 5472 3339 5508 τ
3372 5454 3417 5509 0
3441 5452 3657 5516 Jndee,
3684 5449 3774 5521 qui

2268 5538 2375 5614 tuis
2399 5557 2654 5627 operibus
2700 5553 2950 5625 gloriaris
2968 5590 2983 5616 ,
3013 5550 3135 5604 vide
3157 5545 3582 5618 justiiicationes
3604 5542 3727 5600 sine
3752 5538 3850 5591 Mt
