  <div class='ocr_page' id='page_1' title='image "/cluster/home/n/w/nwhite01/storage/ocr_20150623/117/hvd.32044015466899/202.png"; bbox 0 0 3950 6440; ppageno 0'>
   <div class='ocr_carea' id='block_1_1' title="bbox 155 470 250 528">
    <p class='ocr_par' dir='ltr' id='par_1_1' title="bbox 155 470 250 528">
     <span class='ocr_line' id='line_1_1' title="bbox 155 470 250 528; baseline 0.021 -2"><span class='ocrx_word' id='word_1_1' title='bbox 155 470 250 528; x_wconf 81' lang='lat'><strong>595</strong></span> 
     </span>
    </p>
   </div>
   <div class='ocr_carea' id='block_1_2' title="bbox 855 461 2672 526">
    <p class='ocr_par' dir='ltr' id='par_1_2' title="bbox 855 461 2672 526">
     <span class='ocr_line' id='line_1_2' title="bbox 855 461 2672 526; baseline -0.003 -2"><span class='ocrx_word' id='word_1_2' title='bbox 855 468 1218 526; x_wconf 75' lang='lat' dir='ltr'><strong>EXPOSlTlO</strong></span> <span class='ocrx_word' id='word_1_3' title='bbox 1254 468 1320 525; x_wconf 83' lang='grc' dir='ltr'><strong>ΙΝ</strong></span> <span class='ocrx_word' id='word_1_4' title='bbox 1355 467 1504 524; x_wconf 83' lang='grc' dir='ltr'><strong>ΕΡΡ.</strong></span> <span class='ocrx_word' id='word_1_5' title='bbox 1546 468 1604 524; x_wconf 90' lang='lat' dir='ltr'><strong>S.</strong></span> <span class='ocrx_word' id='word_1_6' title='bbox 1644 465 1872 523; x_wconf 87' lang='lat' dir='ltr'><strong>PAULI.</strong></span> <span class='ocrx_word' id='word_1_7' title='bbox 1911 496 1980 506; x_wconf 91' lang='lat'><strong>--</strong></span> <span class='ocrx_word' id='word_1_8' title='bbox 2015 464 2084 522; x_wconf 86' lang='lat' dir='ltr'><strong>IN</strong></span> <span class='ocrx_word' id='word_1_9' title='bbox 2121 465 2340 522; x_wconf 86' lang='lat' dir='ltr'><strong>EPIST.</strong></span> <span class='ocrx_word' id='word_1_10' title='bbox 2377 466 2469 521; x_wconf 99' lang='lat' dir='ltr'><strong>AD</strong></span> <span class='ocrx_word' id='word_1_11' title='bbox 2505 461 2672 522; x_wconf 79' lang='lat' dir='ltr'><strong>ROM.</strong></span> 
     </span>
    </p>
   </div>
   <div class='ocr_carea' id='block_1_3' title="bbox 3291 463 3393 520">
    <p class='ocr_par' dir='ltr' id='par_1_3' title="bbox 3291 463 3393 520">
     <span class='ocr_line' id='line_1_3' title="bbox 3291 463 3393 520; baseline -0.02 0"><span class='ocrx_word' id='word_1_12' title='bbox 3291 463 3393 520; x_wconf 68' lang='lat' dir='ltr'><strong>59L</strong></span> 
     </span>
    </p>
   </div>
   <div class='ocr_carea' id='block_1_4' title="bbox 156 577 3397 654">
    <p class='ocr_par' dir='ltr' id='par_1_4' title="bbox 156 577 3397 654">
     <span class='ocr_line' id='line_1_4' title="bbox 156 577 3397 654; baseline -0.003 -13"><span class='ocrx_word' id='word_1_13' title='bbox 156 586 242 641; x_wconf 86' lang='lat' dir='ltr'><strong>Dei</strong></span> <span class='ocrx_word' id='word_1_14' title='bbox 271 598 391 640; x_wconf 85' lang='lat' dir='ltr'><strong>esse</strong></span> <span class='ocrx_word' id='word_1_15' title='bbox 418 599 526 638; x_wconf 92' lang='lat' dir='ltr'><strong>non</strong></span> <span class='ocrx_word' id='word_1_16' title='bbox 576 595 766 653; x_wconf 84' lang='lat' dir='ltr'><strong>posse.‘</strong></span> <span class='ocrx_word' id='word_1_17' title='bbox 780 582 989 650; x_wconf 88' lang='lat' dir='ltr'><strong>Quare?</strong></span> <span class='ocrx_word' id='word_1_18' title='bbox 1027 583 1164 651; x_wconf 89' lang='lat' dir='ltr'><strong>Quia</strong></span> <span class='ocrx_word' id='word_1_19' title='bbox 1195 584 1416 639; x_wconf 87' lang='lat' dir='ltr'><strong>exclusa</strong></span> <span class='ocrx_word' id='word_1_20' title='bbox 1441 591 1496 639; x_wconf 90' lang='lat' dir='ltr'><strong>et</strong></span> <span class='ocrx_word' id='word_1_21' title='bbox 1536 579 1725 654; x_wconf 84' lang='lat' dir='ltr'><strong>procul</strong></span> <span class='ocrx_word' id='word_1_22' title='bbox 1749 586 1805 648; x_wconf 79' lang='grc' dir='ltr'><strong>Α</strong></span> <span class='ocrx_word' id='word_1_23' title='bbox 1828 579 2115 636; x_wconf 74' lang='lat' dir='ltr'><strong>statuimus</strong></span> <span class='ocrx_word' id='word_1_24' title='bbox 2157 595 2258 636; x_wconf 90' lang='lat' dir='ltr'><strong>nos</strong></span> <span class='ocrx_word' id='word_1_25' title='bbox 2297 587 2542 635; x_wconf 89' lang='lat' dir='ltr'><strong>sanctam</strong></span> <span class='ocrx_word' id='word_1_26' title='bbox 2567 595 2722 645; x_wconf 84' lang='lat' dir='ltr'><strong>esse,</strong></span> <span class='ocrx_word' id='word_1_27' title='bbox 2751 577 2879 648; x_wconf 83' lang='lat' dir='ltr'><strong>quia</strong></span> <span class='ocrx_word' id='word_1_28' title='bbox 2912 592 2944 630; x_wconf 91' lang='lat' dir='ltr'><strong>a</strong></span> <span class='ocrx_word' id='word_1_29' title='bbox 2984 577 3092 632; x_wconf 90' lang='lat' dir='ltr'><strong>Deo</strong></span> <span class='ocrx_word' id='word_1_30' title='bbox 3129 577 3252 632; x_wconf 90' lang='lat' dir='ltr'><strong>data</strong></span> <span class='ocrx_word' id='word_1_31' title='bbox 3293 587 3397 643; x_wconf 88' lang='lat' dir='ltr'><strong>est,</strong></span> 
     </span>
    </p>
   </div>
   <div class='ocr_carea' id='block_1_5' title="bbox 155 673 1719 748">
    <p class='ocr_par' dir='ltr' id='par_1_5' title="bbox 155 673 1719 748">
     <span class='ocr_line' id='line_1_5' title="bbox 155 673 1719 748; baseline -0.003 -16"><span class='ocrx_word' id='word_1_32' title='bbox 155 678 355 748; x_wconf 89' lang='lat' dir='ltr'><strong>ahjecta</strong></span> <span class='ocrx_word' id='word_1_33' title='bbox 391 683 475 730; x_wconf 91' lang='lat' dir='ltr'><strong>est</strong></span> <span class='ocrx_word' id='word_1_34' title='bbox 509 673 596 730; x_wconf 80' lang='lat' dir='ltr'><strong>lex</strong></span> <span class='ocrx_word' id='word_1_35' title='bbox 637 673 1041 743; x_wconf 87' lang='lat' dir='ltr'><strong>justiﬁeationis</strong></span> <span class='ocrx_word' id='word_1_36' title='bbox 1087 675 1477 732; x_wconf 90' lang='lat' dir='ltr'><strong>sacriﬁciorum</strong></span> <span class='ocrx_word' id='word_1_37' title='bbox 1512 674 1568 729; x_wconf 92' lang='lat' dir='ltr'><strong>in</strong></span> <span class='ocrx_word' id='word_1_38' title='bbox 1613 687 1719 743; x_wconf 91' lang='lat' dir='ltr'><strong>qua</strong></span> 
     </span>
    </p>
   </div>
   <div class='ocr_carea' id='block_1_6' title="bbox 155 767 1722 845">
    <p class='ocr_par' dir='ltr' id='par_1_6' title="bbox 155 767 1722 845">
     <span class='ocr_line' id='line_1_6' title="bbox 155 767 1722 845; baseline -0.003 -19"><span class='ocrx_word' id='word_1_39' title='bbox 155 769 486 845; x_wconf 86' lang='lat' dir='ltr'><strong>gloriabaris.</strong></span> <span class='ocrx_word' id='word_1_40' title='bbox 518 768 624 824; x_wconf 89' lang='lat' dir='ltr'><strong>Per</strong></span> <span class='ocrx_word' id='word_1_41' title='bbox 646 784 803 839; x_wconf 88' lang='lat' dir='ltr'><strong>quam</strong></span> <span class='ocrx_word' id='word_1_42' title='bbox 827 767 988 838; x_wconf 81' lang='lat' dir='ltr'><strong>legem</strong></span> <span class='ocrx_word' id='word_1_43' title='bbox 1028 767 1242 823; x_wconf 77' lang='lat' dir='ltr'><strong>exclusa</strong></span> <span class='ocrx_word' id='word_1_44' title='bbox 1278 768 1396 823; x_wconf 81' lang='lat' dir='ltr'><strong>est?</strong></span> <span class='ocrx_word' id='word_1_45' title='bbox 1419 767 1722 838; x_wconf 87' lang='lat' dir='ltr'><strong>lnterrogat</strong></span> 
     </span>
    </p>
   </div>
   <div class='ocr_carea' id='block_1_7' title="bbox 155 860 1722 931">
    <p class='ocr_par' dir='ltr' id='par_1_7' title="bbox 155 860 1722 931">
     <span class='ocr_line' id='line_1_7' title="bbox 155 860 1722 931; baseline -0.003 -13"><span class='ocrx_word' id='word_1_46' title='bbox 155 865 347 920; x_wconf 91' lang='lat' dir='ltr'><strong>iterum</strong></span> <span class='ocrx_word' id='word_1_47' title='bbox 368 860 612 919; x_wconf 66' lang='lat' dir='ltr'><strong>Judaeum</strong></span> <span class='ocrx_word' id='word_1_48' title='bbox 637 869 699 914; x_wconf 92' lang='lat' dir='ltr'><strong>ut</strong></span> <span class='ocrx_word' id='word_1_49' title='bbox 727 860 1030 915; x_wconf 78' lang='lat' dir='ltr'><strong>consideret</strong></span> <span class='ocrx_word' id='word_1_50' title='bbox 1079 875 1177 931; x_wconf 90' lang='lat' dir='ltr'><strong>per</strong></span> <span class='ocrx_word' id='word_1_51' title='bbox 1201 876 1366 931; x_wconf 91' lang='lat' dir='ltr'><strong>quam</strong></span> <span class='ocrx_word' id='word_1_52' title='bbox 1408 860 1578 930; x_wconf 83' lang='lat' dir='ltr'><strong>legem</strong></span> <span class='ocrx_word' id='word_1_53' title='bbox 1628 875 1722 915; x_wconf 84' lang='lat' dir='ltr'><strong>ex-</strong></span> 
     </span>
    </p>
   </div>
   <div class='ocr_carea' id='block_1_8' title="bbox 154 951 1724 1023">
    <p class='ocr_par' dir='ltr' id='par_1_8' title="bbox 154 951 1724 1023">
     <span class='ocr_line' id='line_1_8' title="bbox 154 951 1724 1023; baseline -0.003 -14"><span class='ocrx_word' id='word_1_54' title='bbox 154 955 295 1010; x_wconf 89' lang='lat' dir='ltr'><strong>clusa</strong></span> <span class='ocrx_word' id='word_1_55' title='bbox 342 961 428 1008; x_wconf 90' lang='lat' dir='ltr'><strong>est</strong></span> <span class='ocrx_word' id='word_1_56' title='bbox 471 951 559 1008; x_wconf 95' lang='lat' dir='ltr'><strong>lex</strong></span> <span class='ocrx_word' id='word_1_57' title='bbox 600 951 654 1006; x_wconf 93' lang='lat' dir='ltr'><strong>in</strong></span> <span class='ocrx_word' id='word_1_58' title='bbox 699 966 805 1022; x_wconf 91' lang='lat' dir='ltr'><strong>qua</strong></span> <span class='ocrx_word' id='word_1_59' title='bbox 851 951 1201 1022; x_wconf 75' lang='lat' dir='ltr'><strong>gloriabatur.</strong></span> <span class='ocrx_word' id='word_1_60' title='bbox 1233 952 1536 1023; x_wconf 86' lang='lat' dir='ltr'><strong>lnterrogat</strong></span> <span class='ocrx_word' id='word_1_61' title='bbox 1563 951 1724 1007; x_wconf 91' lang='lat' dir='ltr'><strong>etiam</strong></span> 
     </span>
    </p>
   </div>
   <div class='ocr_carea' id='block_1_9' title="bbox 155 1041 1720 1117">
    <p class='ocr_par' dir='ltr' id='par_1_9' title="bbox 155 1041 1720 1117">
     <span class='ocr_line' id='line_1_9' title="bbox 155 1041 1720 1117; baseline 0.001 -19"><span class='ocrx_word' id='word_1_62' title='bbox 155 1045 341 1100; x_wconf 84' lang='lat' dir='ltr'><strong>adhuc.</strong></span> <span class='ocrx_word' id='word_1_63' title='bbox 371 1041 700 1098; x_wconf 76' lang='lat' dir='ltr'><strong>Factorum?</strong></span> <span class='ocrx_word' id='word_1_64' title='bbox 725 1043 781 1098; x_wconf 89' lang='lat' dir='ltr'><strong>id</strong></span> <span class='ocrx_word' id='word_1_65' title='bbox 803 1053 888 1099; x_wconf 90' lang='lat' dir='ltr'><strong>est</strong></span> <span class='ocrx_word' id='word_1_66' title='bbox 925 1045 1168 1117; x_wconf 86' lang='lat' dir='ltr'><strong>nunquid</strong></span> <span class='ocrx_word' id='word_1_67' title='bbox 1197 1060 1294 1116; x_wconf 92' lang='lat' dir='ltr'><strong>per</strong></span> <span class='ocrx_word' id='word_1_68' title='bbox 1330 1044 1504 1117; x_wconf 81' lang='lat' dir='ltr'><strong>legem</strong></span> <span class='ocrx_word' id='word_1_69' title='bbox 1549 1043 1720 1100; x_wconf 87' lang='lat' dir='ltr'><strong>facto-</strong></span> 
     </span>
    </p>
   </div>
   <div class='ocr_carea' id='block_1_10' title="bbox 159 1133 1725 1207">
    <p class='ocr_par' dir='ltr' id='par_1_10' title="bbox 159 1133 1725 1207">
     <span class='ocr_line' id='line_1_10' title="bbox 159 1133 1725 1207; baseline 0.001 -19"><span class='ocrx_word' id='word_1_70' title='bbox 159 1149 268 1188; x_wconf 90' lang='lat' dir='ltr'><strong>rum</strong></span> <span class='ocrx_word' id='word_1_71' title='bbox 298 1133 517 1189; x_wconf 85' lang='lat' dir='ltr'><strong>exclusa</strong></span> <span class='ocrx_word' id='word_1_72' title='bbox 542 1141 659 1200; x_wconf 90' lang='lat' dir='ltr'><strong>est,</strong></span> <span class='ocrx_word' id='word_1_73' title='bbox 704 1141 760 1188; x_wconf 89' lang='lat' dir='ltr'><strong>ut</strong></span> <span class='ocrx_word' id='word_1_74' title='bbox 789 1133 894 1190; x_wconf 90' lang='lat' dir='ltr'><strong>alia</strong></span> <span class='ocrx_word' id='word_1_75' title='bbox 933 1135 1021 1190; x_wconf 90' lang='lat' dir='ltr'><strong>lex</strong></span> <span class='ocrx_word' id='word_1_76' title='bbox 1049 1151 1148 1207; x_wconf 89' lang='lat' dir='ltr'><strong>pro</strong></span> <span class='ocrx_word' id='word_1_77' title='bbox 1177 1136 1292 1207; x_wconf 90' lang='lat' dir='ltr'><strong>ipsa</strong></span> <span class='ocrx_word' id='word_1_78' title='bbox 1319 1135 1446 1192; x_wconf 91' lang='lat' dir='ltr'><strong>data</strong></span> <span class='ocrx_word' id='word_1_79' title='bbox 1473 1135 1573 1200; x_wconf 86' lang='lat' dir='ltr'><strong>sit,</strong></span> <span class='ocrx_word' id='word_1_80' title='bbox 1604 1150 1725 1206; x_wconf 74' lang='lat' dir='ltr'><strong>qua:</strong></span> 
     </span>
    </p>
   </div>
   <div class='ocr_carea' id='block_1_11' title="bbox 158 1225 1728 1295">
    <p class='ocr_par' dir='ltr' id='par_1_11' title="bbox 158 1225 1728 1295">
     <span class='ocr_line' id='line_1_11' title="bbox 158 1225 1728 1295; baseline 0 -16"><span class='ocrx_word' id='word_1_81' title='bbox 158 1225 406 1280; x_wconf 87' lang='lat' dir='ltr'><strong>similiter</strong></span> <span class='ocrx_word' id='word_1_82' title='bbox 446 1225 691 1281; x_wconf 91' lang='lat' dir='ltr'><strong>moribus</strong></span> <span class='ocrx_word' id='word_1_83' title='bbox 718 1226 1028 1282; x_wconf 82' lang='lat' dir='ltr'><strong>carnalibus</strong></span> <span class='ocrx_word' id='word_1_84' title='bbox 1076 1235 1309 1282; x_wconf 80' lang='lat' dir='ltr'><strong>constat.</strong></span> <span class='ocrx_word' id='word_1_85' title='bbox 1339 1226 1486 1293; x_wconf 91' lang='lat' dir='ltr'><strong>Non,</strong></span> <span class='ocrx_word' id='word_1_86' title='bbox 1512 1225 1602 1281; x_wconf 87' lang='lat' dir='ltr'><strong>sed</strong></span> <span class='ocrx_word' id='word_1_87' title='bbox 1635 1241 1728 1295; x_wconf 86' lang='lat' dir='ltr'><strong>per</strong></span> 
     </span>
    </p>
   </div>
   <div class='ocr_carea' id='block_1_12' title="bbox 157 1314 1725 1388">
    <p class='ocr_par' dir='ltr' id='par_1_12' title="bbox 157 1314 1725 1388">
     <span class='ocr_line' id='line_1_12' title="bbox 157 1314 1725 1388; baseline 0.002 -21"><span class='ocrx_word' id='word_1_88' title='bbox 157 1314 311 1386; x_wconf 89' lang='lat' dir='ltr'><strong>legem</strong></span> <span class='ocrx_word' id='word_1_89' title='bbox 341 1314 489 1384; x_wconf 88' lang='lat' dir='ltr'><strong>ﬁdei,</strong></span> <span class='ocrx_word' id='word_1_90' title='bbox 515 1315 570 1371; x_wconf 90' lang='lat' dir='ltr'><strong>id</strong></span> <span class='ocrx_word' id='word_1_91' title='bbox 595 1323 680 1372; x_wconf 88' lang='lat' dir='ltr'><strong>est</strong></span> <span class='ocrx_word' id='word_1_92' title='bbox 708 1331 815 1372; x_wconf 92' lang='lat' dir='ltr'><strong>non</strong></span> <span class='ocrx_word' id='word_1_93' title='bbox 849 1331 946 1388; x_wconf 87' lang='lat' dir='ltr'><strong>per</strong></span> <span class='ocrx_word' id='word_1_94' title='bbox 983 1315 1155 1388; x_wconf 84' lang='lat' dir='ltr'><strong>legem</strong></span> <span class='ocrx_word' id='word_1_95' title='bbox 1201 1317 1463 1374; x_wconf 90' lang='lat' dir='ltr'><strong>factorum</strong></span> <span class='ocrx_word' id='word_1_96' title='bbox 1508 1316 1725 1372; x_wconf 88' lang='lat' dir='ltr'><strong>exclusa</strong></span> 
     </span>
    </p>
   </div>
   <div class='ocr_carea' id='block_1_13' title="bbox 156 1405 1722 1478">
    <p class='ocr_par' dir='ltr' id='par_1_13' title="bbox 156 1405 1722 1478">
     <span class='ocr_line' id='line_1_13' title="bbox 156 1405 1722 1478; baseline 0.001 -18"><span class='ocrx_word' id='word_1_97' title='bbox 156 1412 259 1472; x_wconf 97' lang='grc' dir='ltr'>εει,</span> <span class='ocrx_word' id='word_1_98' title='bbox 309 1406 404 1461; x_wconf 90' lang='lat' dir='ltr'><strong>sed</strong></span> <span class='ocrx_word' id='word_1_99' title='bbox 439 1421 540 1478; x_wconf 91' lang='lat' dir='ltr'><strong>per</strong></span> <span class='ocrx_word' id='word_1_100' title='bbox 581 1405 753 1478; x_wconf 86' lang='lat' dir='ltr'><strong>legem</strong></span> <span class='ocrx_word' id='word_1_101' title='bbox 801 1406 926 1463; x_wconf 90' lang='lat' dir='ltr'><strong>ﬁdei</strong></span> <span class='ocrx_word' id='word_1_102' title='bbox 965 1416 1021 1463; x_wconf 91' lang='lat' dir='ltr'><strong>et</strong></span> <span class='ocrx_word' id='word_1_103' title='bbox 1061 1408 1270 1464; x_wconf 87' lang='lat' dir='ltr'><strong>Novum</strong></span> <span class='ocrx_word' id='word_1_104' title='bbox 1299 1407 1722 1464; x_wconf 89' lang='lat' dir='ltr'><strong>Testamentum.</strong></span> 
     </span>
    </p>
   </div>
   <div class='ocr_carea' id='block_1_14' title="bbox 158 1495 1728 1572">
    <p class='ocr_par' dir='ltr' id='par_1_14' title="bbox 158 1495 1728 1572">
     <span class='ocr_line' id='line_1_14' title="bbox 158 1495 1728 1572; baseline 0.002 -21"><span class='ocrx_word' id='word_1_105' title='bbox 158 1495 432 1567; x_wconf 88' lang='lat' dir='ltr'><strong>Simulque</strong></span> <span class='ocrx_word' id='word_1_106' title='bbox 473 1498 768 1553; x_wconf 90' lang='lat' dir='ltr'><strong>notandum</strong></span> <span class='ocrx_word' id='word_1_107' title='bbox 814 1499 1068 1568; x_wconf 89' lang='lat' dir='ltr'><strong>quoniam</strong></span> <span class='ocrx_word' id='word_1_108' title='bbox 1115 1516 1222 1556; x_wconf 91' lang='lat' dir='ltr'><strong>non</strong></span> <span class='ocrx_word' id='word_1_109' title='bbox 1285 1501 1436 1572; x_wconf 86' lang='lat' dir='ltr'><strong>jubet</strong></span> <span class='ocrx_word' id='word_1_110' title='bbox 1477 1501 1620 1558; x_wconf 90' lang='lat' dir='ltr'><strong>Deus</strong></span> <span class='ocrx_word' id='word_1_111' title='bbox 1667 1507 1728 1554; x_wconf 91' lang='lat' dir='ltr'><strong>ut</strong></span> 
     </span>
    </p>
   </div>
   <div class='ocr_carea' id='block_1_15' title="bbox 156 1589 1724 1666">
    <p class='ocr_par' dir='ltr' id='par_1_15' title="bbox 156 1589 1724 1666">
     <span class='ocr_line' id='line_1_15' title="bbox 156 1589 1724 1666; baseline 0.004 -22"><span class='ocrx_word' id='word_1_112' title='bbox 156 1589 445 1646; x_wconf 83' lang='lat' dir='ltr'><strong>carnaliter</strong></span> <span class='ocrx_word' id='word_1_113' title='bbox 487 1590 961 1659; x_wconf 91' lang='lat' dir='ltr'><strong>circumcidamur,</strong></span> <span class='ocrx_word' id='word_1_114' title='bbox 991 1593 1088 1650; x_wconf 89' lang='lat' dir='ltr'><strong>sed</strong></span> <span class='ocrx_word' id='word_1_115' title='bbox 1114 1602 1175 1649; x_wconf 92' lang='lat' dir='ltr'><strong>ut</strong></span> <span class='ocrx_word' id='word_1_116' title='bbox 1213 1594 1318 1651; x_wconf 89' lang='lat' dir='ltr'><strong>ﬁde</strong></span> <span class='ocrx_word' id='word_1_117' title='bbox 1361 1603 1509 1651; x_wconf 88' lang='lat' dir='ltr'><strong>recta</strong></span> <span class='ocrx_word' id='word_1_118' title='bbox 1548 1594 1724 1666; x_wconf 90' lang='lat' dir='ltr'><strong>bapti-</strong></span> 
     </span>
    </p>
   </div>
   <div class='ocr_carea' id='block_1_16' title="bbox 160 1680 1722 1755">
    <p class='ocr_par' dir='ltr' id='par_1_16' title="bbox 160 1680 1722 1755">
     <span class='ocr_line' id='line_1_16' title="bbox 160 1680 1722 1755; baseline 0.003 -21"><span class='ocrx_word' id='word_1_119' title='bbox 160 1695 368 1746; x_wconf 85' lang='lat' dir='ltr'><strong>zemur,</strong></span> <span class='ocrx_word' id='word_1_120' title='bbox 425 1680 517 1736; x_wconf 91' lang='lat' dir='ltr'><strong>ubi</strong></span> <span class='ocrx_word' id='word_1_121' title='bbox 590 1681 758 1754; x_wconf 89' lang='lat' dir='ltr'><strong>gratis</strong></span> <span class='ocrx_word' id='word_1_122' title='bbox 831 1691 1026 1738; x_wconf 90' lang='lat' dir='ltr'><strong>cuncta</strong></span> <span class='ocrx_word' id='word_1_123' title='bbox 1078 1683 1425 1740; x_wconf 90' lang='lat' dir='ltr'><strong>dimittuntur</strong></span> <span class='ocrx_word' id='word_1_124' title='bbox 1481 1693 1722 1755; x_wconf 87' lang='lat' dir='ltr'><strong>peccata.</strong></span> 
     </span>
    </p>
   </div>
   <div class='ocr_carea' id='block_1_17' title="bbox 160 1771 1727 1845">
    <p class='ocr_par' dir='ltr' id='par_1_17' title="bbox 160 1771 1727 1845">
     <span class='ocr_line' id='line_1_17' title="bbox 160 1771 1727 1845; baseline 0.001 -21"><span class='ocrx_word' id='word_1_125' title='bbox 160 1771 288 1827; x_wconf 90' lang='lat' dir='ltr'><strong>Dum</strong></span> <span class='ocrx_word' id='word_1_126' title='bbox 311 1772 457 1829; x_wconf 86' lang='lat' dir='ltr'><strong>enim</strong></span> <span class='ocrx_word' id='word_1_127' title='bbox 479 1771 616 1828; x_wconf 83' lang='lat' dir='ltr'><strong>dixit</strong></span> <span class='ocrx_word' id='word_1_128' title='bbox 649 1790 661 1826; x_wconf 90' lang='lat'>:</span> <span class='ocrx_word' id='word_1_129' title='bbox 693 1772 1060 1828; x_wconf 71' lang='lat' dir='ltr'><strong>Paenitentiam</strong></span> <span class='ocrx_word' id='word_1_130' title='bbox 1103 1773 1260 1844; x_wconf 87' lang='lat' dir='ltr'><strong>agite,</strong></span> <span class='ocrx_word' id='word_1_131' title='bbox 1297 1773 1727 1845; x_wconf 86' lang='lat' dir='ltr'><strong>appropinquabit</strong></span> 
     </span>
    </p>
   </div>
   <div class='ocr_carea' id='block_1_18' title="bbox 155 1861 1729 1936">
    <p class='ocr_par' dir='ltr' id='par_1_18' title="bbox 155 1861 1729 1936">
     <span class='ocr_line' id='line_1_18' title="bbox 155 1861 1729 1936; baseline 0 -17"><span class='ocrx_word' id='word_1_132' title='bbox 155 1865 287 1919; x_wconf 85' lang='lat' dir='ltr'><strong>enim</strong></span> <span class='ocrx_word' id='word_1_133' title='bbox 318 1879 532 1934; x_wconf 86' lang='lat' dir='ltr'><strong>regnum</strong></span> <span class='ocrx_word' id='word_1_134' title='bbox 556 1861 801 1918; x_wconf 73' lang='lat' dir='ltr'><strong>cwlorum</strong></span> <span class='ocrx_word' id='word_1_135' title='bbox 832 1862 1049 1936; x_wconf 83' lang='lat' dir='ltr'><strong>(Matth.</strong></span> <span class='ocrx_word' id='word_1_136' title='bbox 1080 1864 1186 1936; x_wconf 83' lang='lat' dir='ltr'><strong>tu).</strong></span> <span class='ocrx_word' id='word_1_137' title='bbox 1219 1863 1336 1921; x_wconf 84' lang='lat' dir='ltr'><strong>Non</strong></span> <span class='ocrx_word' id='word_1_138' title='bbox 1358 1865 1472 1920; x_wconf 90' lang='lat' dir='ltr'><strong>ait:</strong></span> <span class='ocrx_word' id='word_1_139' title='bbox 1504 1863 1729 1921; x_wconf 83' lang='lat' dir='ltr'><strong>Servate</strong></span> 
     </span>
    </p>
   </div>
   <div class='ocr_carea' id='block_1_19' title="bbox 157 1953 664 2026">
    <p class='ocr_par' dir='ltr' id='par_1_19' title="bbox 157 1953 664 2026">
     <span class='ocr_line' id='line_1_19' title="bbox 157 1953 664 2026; baseline 0.002 -18"><span class='ocrx_word' id='word_1_140' title='bbox 157 1954 323 2026; x_wconf 90' lang='lat' dir='ltr'><strong>legem</strong></span> <span class='ocrx_word' id='word_1_141' title='bbox 351 1953 664 2009; x_wconf 88' lang='lat' dir='ltr'><strong>carnaliter.</strong></span> 
     </span>
    </p>
   </div>
   <div class='ocr_carea' id='block_1_20' title="bbox 225 2043 1732 2114">
    <p class='ocr_par' dir='ltr' id='par_1_20' title="bbox 225 2043 1732 2114">
     <span class='ocr_line' id='line_1_20' title="bbox 225 2043 1732 2114; baseline 0.003 -14"><span class='ocrx_word' id='word_1_142' title='bbox 225 2045 574 2113; x_wconf 82' lang='lat' dir='ltr'><strong>Arbitramur,</strong></span> <span class='ocrx_word' id='word_1_143' title='bbox 596 2045 650 2101; x_wconf 91' lang='lat' dir='ltr'><strong>id</strong></span> <span class='ocrx_word' id='word_1_144' title='bbox 670 2053 756 2101; x_wconf 92' lang='lat' dir='ltr'><strong>est</strong></span> <span class='ocrx_word' id='word_1_145' title='bbox 774 2043 1100 2114; x_wconf 89' lang='lat' dir='ltr'><strong>judicamus,</strong></span> <span class='ocrx_word' id='word_1_146' title='bbox 1132 2048 1418 2105; x_wconf 89' lang='lat' dir='ltr'><strong>deﬁnimus</strong></span> <span class='ocrx_word' id='word_1_147' title='bbox 1445 2049 1557 2104; x_wconf 89' lang='lat' dir='ltr'><strong>sive</strong></span> <span class='ocrx_word' id='word_1_148' title='bbox 1586 2049 1732 2106; x_wconf 87' lang='lat' dir='ltr'><strong>testi-</strong></span> 
     </span>
    </p>
   </div>
   <div class='ocr_carea' id='block_1_21' title="bbox 161 2136 1730 2212">
    <p class='ocr_par' dir='ltr' id='par_1_21' title="bbox 161 2136 1730 2212">
     <span class='ocr_line' id='line_1_21' title="bbox 161 2136 1730 2212; baseline 0.002 -19"><span class='ocrx_word' id='word_1_149' title='bbox 161 2139 402 2204; x_wconf 82' lang='lat' dir='ltr'><strong>ﬁeamur,</strong></span> <span class='ocrx_word' id='word_1_150' title='bbox 440 2136 729 2208; x_wconf 85' lang='lat' dir='ltr'><strong>justiﬁcari</strong></span> <span class='ocrx_word' id='word_1_151' title='bbox 771 2136 1034 2195; x_wconf 79' lang='lat' dir='ltr'><strong>hominem</strong></span> <span class='ocrx_word' id='word_1_152' title='bbox 1075 2155 1168 2210; x_wconf 87' lang='lat' dir='ltr'><strong>per</strong></span> <span class='ocrx_word' id='word_1_153' title='bbox 1219 2139 1377 2212; x_wconf 89' lang='lat' dir='ltr'><strong>ﬁdem</strong></span> <span class='ocrx_word' id='word_1_154' title='bbox 1417 2137 1646 2208; x_wconf 80' lang='lat' dir='ltr'><strong>Christi,</strong></span> <span class='ocrx_word' id='word_1_155' title='bbox 1674 2139 1730 2196; x_wconf 90' lang='lat' dir='ltr'><strong>in</strong></span> 
     </span>
    </p>
   </div>
   <div class='ocr_carea' id='block_1_22' title="bbox 160 2227 1731 2304">
    <p class='ocr_par' dir='ltr' id='par_1_22' title="bbox 160 2227 1731 2304">
     <span class='ocr_line' id='line_1_22' title="bbox 160 2227 1731 2304; baseline 0.003 -19"><span class='ocrx_word' id='word_1_156' title='bbox 160 2227 496 2300; x_wconf 76' lang='lat' dir='ltr'><strong>baptismate,</strong></span> <span class='ocrx_word' id='word_1_157' title='bbox 519 2230 632 2285; x_wconf 88' lang='lat' dir='ltr'><strong>sine</strong></span> <span class='ocrx_word' id='word_1_158' title='bbox 651 2231 890 2302; x_wconf 86' lang='lat' dir='ltr'><strong>aperibus</strong></span> <span class='ocrx_word' id='word_1_159' title='bbox 918 2231 1065 2304; x_wconf 87' lang='lat' dir='ltr'><strong>legis,</strong></span> <span class='ocrx_word' id='word_1_160' title='bbox 1089 2232 1144 2288; x_wconf 92' lang='lat' dir='ltr'><strong>id</strong></span> <span class='ocrx_word' id='word_1_161' title='bbox 1167 2242 1251 2289; x_wconf 91' lang='lat' dir='ltr'><strong>est</strong></span> <span class='ocrx_word' id='word_1_162' title='bbox 1276 2233 1394 2290; x_wconf 83' lang='lat' dir='ltr'><strong>sine</strong></span> <span class='ocrx_word' id='word_1_163' title='bbox 1419 2233 1731 2290; x_wconf 87' lang='lat' dir='ltr'><strong>carnalibus</strong></span> 
     </span>
    </p>
   </div>
   <div class='ocr_carea' id='block_1_23' title="bbox 155 2318 1734 2396">
    <p class='ocr_par' dir='ltr' id='par_1_23' title="bbox 155 2318 1734 2396">
     <span class='ocr_line' id='line_1_23' title="bbox 155 2318 1734 2396; baseline 0.003 -22"><span class='ocrx_word' id='word_1_164' title='bbox 155 2318 638 2377; x_wconf 84' lang='lat' dir='ltr'><strong>observationibus.</strong></span> <span class='ocrx_word' id='word_1_165' title='bbox 695 2320 961 2377; x_wconf 89' lang='lat' dir='ltr'><strong>Arbitrari</strong></span> <span class='ocrx_word' id='word_1_166' title='bbox 999 2329 1082 2378; x_wconf 85' lang='lat' dir='ltr'><strong>est</strong></span> <span class='ocrx_word' id='word_1_167' title='bbox 1118 2325 1336 2395; x_wconf 87' lang='lat' dir='ltr'><strong>proprie</strong></span> <span class='ocrx_word' id='word_1_168' title='bbox 1373 2323 1620 2396; x_wconf 86' lang='lat' dir='ltr'><strong>judicare</strong></span> <span class='ocrx_word' id='word_1_169' title='bbox 1646 2325 1734 2381; x_wconf 88' lang='lat' dir='ltr'><strong>vel</strong></span> 
     </span>
    </p>
   </div>
   <div class='ocr_carea' id='block_1_24' title="bbox 160 2413 1730 2485">
    <p class='ocr_par' dir='ltr' id='par_1_24' title="bbox 160 2413 1730 2485">
     <span class='ocr_line' id='line_1_24' title="bbox 160 2413 1730 2485; baseline 0.003 -17"><span class='ocrx_word' id='word_1_170' title='bbox 160 2413 458 2470; x_wconf 87' lang='lat' dir='ltr'><strong>testiﬁcari.</strong></span> <span class='ocrx_word' id='word_1_171' title='bbox 490 2413 643 2470; x_wconf 89' lang='lat' dir='ltr'><strong>Unde</strong></span> <span class='ocrx_word' id='word_1_172' title='bbox 687 2413 879 2469; x_wconf 90' lang='lat' dir='ltr'><strong>arbitri</strong></span> <span class='ocrx_word' id='word_1_173' title='bbox 927 2415 1182 2471; x_wconf 90' lang='lat' dir='ltr'><strong>dicuntur</strong></span> <span class='ocrx_word' id='word_1_174' title='bbox 1204 2415 1416 2485; x_wconf 85' lang='lat' dir='ltr'><strong>judices</strong></span> <span class='ocrx_word' id='word_1_175' title='bbox 1451 2426 1507 2474; x_wconf 93' lang='lat' dir='ltr'><strong>et</strong></span> <span class='ocrx_word' id='word_1_176' title='bbox 1547 2425 1730 2474; x_wconf 90' lang='lat' dir='ltr'><strong>testes.</strong></span> 
     </span>
    </p>
   </div>
   <div class='ocr_carea' id='block_1_25' title="bbox 156 2503 1729 2579">
    <p class='ocr_par' dir='ltr' id='par_1_25' title="bbox 156 2503 1729 2579">
     <span class='ocr_line' id='line_1_25' title="bbox 156 2503 1729 2579; baseline 0.003 -21"><span class='ocrx_word' id='word_1_177' title='bbox 156 2503 372 2561; x_wconf 89' lang='lat' dir='ltr'><strong>Duobus</strong></span> <span class='ocrx_word' id='word_1_178' title='bbox 417 2506 594 2562; x_wconf 91' lang='lat' dir='ltr'><strong>modis</strong></span> <span class='ocrx_word' id='word_1_179' title='bbox 629 2505 962 2575; x_wconf 89' lang='lat' dir='ltr'><strong>justiﬁcatur</strong></span> <span class='ocrx_word' id='word_1_180' title='bbox 989 2507 1152 2564; x_wconf 90' lang='lat' dir='ltr'><strong>homo</strong></span> <span class='ocrx_word' id='word_1_181' title='bbox 1178 2524 1275 2579; x_wconf 89' lang='lat' dir='ltr'><strong>per</strong></span> <span class='ocrx_word' id='word_1_182' title='bbox 1301 2508 1465 2565; x_wconf 87' lang='lat' dir='ltr'><strong>ﬁdem</strong></span> <span class='ocrx_word' id='word_1_183' title='bbox 1505 2507 1729 2565; x_wconf 90' lang='lat' dir='ltr'><strong>Christi.</strong></span> 
     </span>
    </p>
   </div>
   <div class='ocr_carea' id='block_1_26' title="bbox 159 2593 1734 2670">
    <p class='ocr_par' dir='ltr' id='par_1_26' title="bbox 159 2593 1734 2670">
     <span class='ocr_line' id='line_1_26' title="bbox 159 2593 1734 2670; baseline 0.006 -22"><span class='ocrx_word' id='word_1_184' title='bbox 159 2593 316 2652; x_wconf 86' lang='lat' dir='ltr'><strong>Verbi</strong></span> <span class='ocrx_word' id='word_1_185' title='bbox 374 2597 566 2670; x_wconf 90' lang='lat' dir='ltr'><strong>gratia.</strong></span> <span class='ocrx_word' id='word_1_186' title='bbox 622 2595 682 2653; x_wconf 90' lang='lat' dir='ltr'><strong>Si</strong></span> <span class='ocrx_word' id='word_1_187' title='bbox 733 2597 898 2654; x_wconf 90' lang='lat' dir='ltr'><strong>fuerit</strong></span> <span class='ocrx_word' id='word_1_188' title='bbox 941 2599 1058 2655; x_wconf 89' lang='lat' dir='ltr'><strong>sine</strong></span> <span class='ocrx_word' id='word_1_189' title='bbox 1109 2601 1363 2670; x_wconf 84' lang='lat' dir='ltr'><strong>operibus</strong></span> <span class='ocrx_word' id='word_1_190' title='bbox 1409 2601 1567 2657; x_wconf 91' lang='lat' dir='ltr'><strong>bonis</strong></span> <span class='ocrx_word' id='word_1_191' title='bbox 1602 2610 1734 2660; x_wconf 86' lang='lat' dir='ltr'><strong>ante</strong></span> 
     </span>
    </p>
   </div>
   <div class='ocr_carea' id='block_1_27' title="bbox 153 2690 1732 2764">
    <p class='ocr_par' dir='ltr' id='par_1_27' title="bbox 153 2690 1732 2764">
     <span class='ocr_line' id='line_1_27' title="bbox 153 2690 1732 2764; baseline 0.003 -19"><span class='ocrx_word' id='word_1_192' title='bbox 153 2690 478 2761; x_wconf 84' lang='lat' dir='ltr'><strong>baptismum</strong></span> <span class='ocrx_word' id='word_1_193' title='bbox 527 2710 540 2744; x_wconf 89' lang='lat'><strong>:</strong></span> <span class='ocrx_word' id='word_1_194' title='bbox 593 2691 650 2746; x_wconf 91' lang='lat' dir='ltr'><strong>in</strong></span> <span class='ocrx_word' id='word_1_195' title='bbox 697 2691 816 2763; x_wconf 90' lang='lat' dir='ltr'><strong>ipso</strong></span> <span class='ocrx_word' id='word_1_196' title='bbox 859 2693 1180 2764; x_wconf 89' lang='lat' dir='ltr'><strong>baptismate</strong></span> <span class='ocrx_word' id='word_1_197' title='bbox 1230 2693 1592 2764; x_wconf 84' lang='lat' dir='ltr'><strong>justiﬁeatur,</strong></span> <span class='ocrx_word' id='word_1_198' title='bbox 1638 2703 1732 2751; x_wconf 89' lang='lat' dir='ltr'><strong>aut</strong></span> 
     </span>
    </p>
   </div>
   <div class='ocr_carea' id='block_1_28' title="bbox 153 2782 1731 2859">
    <p class='ocr_par' dir='ltr' id='par_1_28' title="bbox 153 2782 1731 2859">
     <span class='ocr_line' id='line_1_28' title="bbox 153 2782 1731 2859; baseline 0.004 -23"><span class='ocrx_word' id='word_1_199' title='bbox 153 2782 319 2837; x_wconf 88' lang='lat' dir='ltr'><strong>etiam</strong></span> <span class='ocrx_word' id='word_1_200' title='bbox 346 2792 466 2854; x_wconf 91' lang='lat' dir='ltr'><strong>post</strong></span> <span class='ocrx_word' id='word_1_201' title='bbox 493 2783 821 2854; x_wconf 90' lang='lat' dir='ltr'><strong>baptismum</strong></span> <span class='ocrx_word' id='word_1_202' title='bbox 846 2784 964 2840; x_wconf 89' lang='lat' dir='ltr'><strong>sine</strong></span> <span class='ocrx_word' id='word_1_203' title='bbox 992 2785 1128 2854; x_wconf 82' lang='lat' dir='ltr'><strong>legis</strong></span> <span class='ocrx_word' id='word_1_204' title='bbox 1146 2786 1400 2857; x_wconf 85' lang='lat' dir='ltr'><strong>operibus</strong></span> <span class='ocrx_word' id='word_1_205' title='bbox 1427 2803 1442 2840; x_wconf 89' lang='lat'><strong>:</strong></span> <span class='ocrx_word' id='word_1_206' title='bbox 1468 2803 1588 2858; x_wconf 89' lang='lat' dir='ltr'><strong>quae</strong></span> <span class='ocrx_word' id='word_1_207' title='bbox 1617 2787 1731 2859; x_wconf 86' lang='lat' dir='ltr'><strong>jam</strong></span> 
     </span>
    </p>
   </div>
   <div class='ocr_carea' id='block_1_29' title="bbox 154 2876 1729 2950">
    <p class='ocr_par' dir='ltr' id='par_1_29' title="bbox 154 2876 1729 2950">
     <span class='ocr_line' id='line_1_29' title="bbox 154 2876 1729 2950; baseline 0.002 -18"><span class='ocrx_word' id='word_1_208' title='bbox 154 2893 263 2932; x_wconf 90' lang='lat' dir='ltr'><strong>non</strong></span> <span class='ocrx_word' id='word_1_209' title='bbox 292 2886 417 2932; x_wconf 89' lang='lat' dir='ltr'><strong>sunt</strong></span> <span class='ocrx_word' id='word_1_210' title='bbox 447 2877 802 2945; x_wconf 89' lang='lat' dir='ltr'><strong>observanda,</strong></span> <span class='ocrx_word' id='word_1_211' title='bbox 828 2876 1008 2946; x_wconf 89' lang='lat' dir='ltr'><strong>justus</strong></span> <span class='ocrx_word' id='word_1_212' title='bbox 1028 2879 1279 2946; x_wconf 90' lang='lat' dir='ltr'><strong>habetur,</strong></span> <span class='ocrx_word' id='word_1_213' title='bbox 1306 2879 1352 2935; x_wconf 93' lang='lat' dir='ltr'><strong>si</strong></span> <span class='ocrx_word' id='word_1_214' title='bbox 1381 2888 1556 2935; x_wconf 90' lang='lat' dir='ltr'><strong>tamen</strong></span> <span class='ocrx_word' id='word_1_215' title='bbox 1589 2896 1729 2950; x_wconf 68' lang='lat' dir='ltr'><strong>prae-</strong></span> 
     </span>
    </p>
   </div>
   <div class='ocr_carea' id='block_1_30' title="bbox 152 2969 1733 3043">
    <p class='ocr_par' dir='ltr' id='par_1_30' title="bbox 152 2969 1733 3043">
     <span class='ocr_line' id='line_1_30' title="bbox 152 2969 1733 3043; baseline 0.001 -18"><span class='ocrx_word' id='word_1_216' title='bbox 152 2978 310 3039; x_wconf 90' lang='lat' dir='ltr'><strong>cepta</strong></span> <span class='ocrx_word' id='word_1_217' title='bbox 345 2969 523 3024; x_wconf 89' lang='lat' dir='ltr'><strong>divina</strong></span> <span class='ocrx_word' id='word_1_218' title='bbox 553 2970 894 3026; x_wconf 88' lang='lat' dir='ltr'><strong>custodierit.</strong></span> <span class='ocrx_word' id='word_1_219' title='bbox 937 2969 1138 3027; x_wconf 56' lang='lat' dir='ltr'><strong>ludatis</strong></span> <span class='ocrx_word' id='word_1_220' title='bbox 1173 2971 1529 3043; x_wconf 90' lang='lat' dir='ltr'><strong>gloriantibus</strong></span> <span class='ocrx_word' id='word_1_221' title='bbox 1556 2981 1613 3027; x_wconf 90' lang='lat' dir='ltr'><strong>et</strong></span> <span class='ocrx_word' id='word_1_222' title='bbox 1649 2973 1733 3027; x_wconf 94' lang='lat' dir='ltr'><strong>di-</strong></span> 
     </span>
    </p>
   </div>
   <div class='ocr_carea' id='block_1_31' title="bbox 154 3061 1738 3129">
    <p class='ocr_par' dir='ltr' id='par_1_31' title="bbox 154 3061 1738 3129">
     <span class='ocr_line' id='line_1_31' title="bbox 154 3061 1738 3129; baseline 0.001 -13"><span class='ocrx_word' id='word_1_223' title='bbox 154 3063 424 3129; x_wconf 86' lang='lat' dir='ltr'><strong>centibus,</strong></span> <span class='ocrx_word' id='word_1_224' title='bbox 449 3061 590 3118; x_wconf 89' lang='lat' dir='ltr'><strong>Deus</strong></span> <span class='ocrx_word' id='word_1_225' title='bbox 613 3079 777 3120; x_wconf 91' lang='lat' dir='ltr'><strong>verus</strong></span> <span class='ocrx_word' id='word_1_226' title='bbox 797 3071 853 3118; x_wconf 91' lang='lat' dir='ltr'><strong>et</strong></span> <span class='ocrx_word' id='word_1_227' title='bbox 876 3079 1013 3119; x_wconf 90' lang='lat' dir='ltr'><strong>unus</strong></span> <span class='ocrx_word' id='word_1_228' title='bbox 1032 3063 1340 3120; x_wconf 68' lang='lat' dir='ltr'><strong>Iudaeorum</strong></span> <span class='ocrx_word' id='word_1_229' title='bbox 1362 3072 1572 3119; x_wconf 88' lang='lat' dir='ltr'><strong>tantum</strong></span> <span class='ocrx_word' id='word_1_230' title='bbox 1593 3064 1738 3119; x_wconf 89' lang='lat' dir='ltr'><strong>Deus</strong></span> 
     </span>
    </p>
   </div>
   <div class='ocr_carea' id='block_1_32' title="bbox 153 3153 1737 3227">
    <p class='ocr_par' dir='ltr' id='par_1_32' title="bbox 153 3153 1737 3227">
     <span class='ocr_line' id='line_1_32' title="bbox 153 3153 1737 3227; baseline 0.001 -20"><span class='ocrx_word' id='word_1_231' title='bbox 153 3162 270 3219; x_wconf 89' lang='lat' dir='ltr'><strong>est,</strong></span> <span class='ocrx_word' id='word_1_232' title='bbox 308 3154 501 3224; x_wconf 89' lang='lat' dir='ltr'><strong>quibus</strong></span> <span class='ocrx_word' id='word_1_233' title='bbox 542 3153 690 3210; x_wconf 90' lang='lat' dir='ltr'><strong>dedit</strong></span> <span class='ocrx_word' id='word_1_234' title='bbox 728 3153 931 3226; x_wconf 86' lang='lat' dir='ltr'><strong>legem,</strong></span> <span class='ocrx_word' id='word_1_235' title='bbox 958 3163 1014 3210; x_wconf 92' lang='lat' dir='ltr'><strong>et</strong></span> <span class='ocrx_word' id='word_1_236' title='bbox 1063 3156 1260 3227; x_wconf 88' lang='lat' dir='ltr'><strong>quibus</strong></span> <span class='ocrx_word' id='word_1_237' title='bbox 1296 3155 1494 3211; x_wconf 89' lang='lat' dir='ltr'><strong>dicitur</strong></span> <span class='ocrx_word' id='word_1_238' title='bbox 1520 3169 1534 3208; x_wconf 91' lang='lat'><strong>:</strong></span> <span class='ocrx_word' id='word_1_239' title='bbox 1564 3153 1737 3209; x_wconf 84' lang='lat' dir='ltr'><strong>Notus</strong></span> 
     </span>
    </p>
   </div>
   <div class='ocr_carea' id='block_1_33' title="bbox 155 3243 1060 3318">
    <p class='ocr_par' dir='ltr' id='par_1_33' title="bbox 155 3243 1060 3318">
     <span class='ocr_line' id='line_1_33' title="bbox 155 3243 1060 3318; baseline 0.004 -20"><span class='ocrx_word' id='word_1_240' title='bbox 155 3245 216 3299; x_wconf 88' lang='lat' dir='ltr'><strong>in</strong></span> <span class='ocrx_word' id='word_1_241' title='bbox 239 3243 431 3300; x_wconf 70' lang='lat' dir='ltr'><strong>Iudaea</strong></span> <span class='ocrx_word' id='word_1_242' title='bbox 459 3245 620 3313; x_wconf 91' lang='lat' dir='ltr'><strong>Deus,</strong></span> <span class='ocrx_word' id='word_1_243' title='bbox 653 3245 728 3302; x_wconf 88' lang='lat' dir='ltr'><strong>ait</strong></span> <span class='ocrx_word' id='word_1_244' title='bbox 751 3247 1060 3318; x_wconf 84' lang='lat' dir='ltr'><strong>Apostolus.</strong></span> 
     </span>
    </p>
   </div>
   <div class='ocr_carea' id='block_1_34' title="bbox 1824 670 3399 746">
    <p class='ocr_par' dir='ltr' id='par_1_34' title="bbox 1824 670 3399 746">
     <span class='ocr_line' id='line_1_34' title="bbox 1824 670 3399 746; baseline -0.001 -16"><span class='ocrx_word' id='word_1_245' title='bbox 1824 691 1945 746; x_wconf 87' lang='lat' dir='ltr'><strong>quae</strong></span> <span class='ocrx_word' id='word_1_246' title='bbox 1971 673 2306 730; x_wconf 90' lang='lat' dir='ltr'><strong>observanda</strong></span> <span class='ocrx_word' id='word_1_247' title='bbox 2330 672 2432 728; x_wconf 86' lang='lat' dir='ltr'><strong>fuit</strong></span> <span class='ocrx_word' id='word_1_248' title='bbox 2456 673 2569 728; x_wconf 85' lang='lat' dir='ltr'><strong>suis</strong></span> <span class='ocrx_word' id='word_1_249' title='bbox 2596 672 2928 742; x_wconf 86' lang='lat' dir='ltr'><strong>temporibus</strong></span> <span class='ocrx_word' id='word_1_250' title='bbox 2947 712 2962 740; x_wconf 97' lang='lat'><strong>,</strong></span> <span class='ocrx_word' id='word_1_251' title='bbox 2993 671 3088 728; x_wconf 90' lang='lat' dir='ltr'><strong>sed</strong></span> <span class='ocrx_word' id='word_1_252' title='bbox 3117 670 3232 742; x_wconf 89' lang='lat' dir='ltr'><strong>jam</strong></span> <span class='ocrx_word' id='word_1_253' title='bbox 3276 688 3399 729; x_wconf 86' lang='lat' dir='ltr'><strong>ces-</strong></span> 
     </span>
    </p>
   </div>
   <div class='ocr_carea' id='block_1_35' title="bbox 1825 762 3402 836">
    <p class='ocr_par' dir='ltr' id='par_1_35' title="bbox 1825 762 3402 836">
     <span class='ocr_line' id='line_1_35' title="bbox 1825 762 3402 836; baseline -0.002 -17"><span class='ocrx_word' id='word_1_254' title='bbox 1825 764 1965 820; x_wconf 87' lang='lat' dir='ltr'><strong>savit</strong></span> <span class='ocrx_word' id='word_1_255' title='bbox 2009 763 2064 819; x_wconf 89' lang='lat' dir='ltr'><strong>in</strong></span> <span class='ocrx_word' id='word_1_256' title='bbox 2109 762 2416 834; x_wconf 88' lang='lat' dir='ltr'><strong>mysteriis,</strong></span> <span class='ocrx_word' id='word_1_257' title='bbox 2446 771 2632 817; x_wconf 89' lang='lat' dir='ltr'><strong>manet</strong></span> <span class='ocrx_word' id='word_1_258' title='bbox 2657 772 2839 818; x_wconf 91' lang='lat' dir='ltr'><strong>tamen</strong></span> <span class='ocrx_word' id='word_1_259' title='bbox 2876 763 2930 816; x_wconf 91' lang='lat' dir='ltr'><strong>in</strong></span> <span class='ocrx_word' id='word_1_260' title='bbox 2971 764 3283 836; x_wconf 74' lang='lat' dir='ltr'><strong>praeceptis;</strong></span> <span class='ocrx_word' id='word_1_261' title='bbox 3316 763 3402 818; x_wconf 85' lang='lat' dir='ltr'><strong>vel</strong></span> 
     </span>
    </p>
   </div>
   <div class='ocr_carea' id='block_1_36' title="bbox 1824 851 3403 926">
    <p class='ocr_par' dir='ltr' id='par_1_36' title="bbox 1824 851 3403 926">
     <span class='ocr_line' id='line_1_36' title="bbox 1824 851 3403 926; baseline -0.001 -15"><span class='ocrx_word' id='word_1_262' title='bbox 1824 855 2111 911; x_wconf 84' lang='lat' dir='ltr'><strong>statuimus</strong></span> <span class='ocrx_word' id='word_1_263' title='bbox 2130 869 2250 909; x_wconf 92' lang='lat' dir='ltr'><strong>eam</strong></span> <span class='ocrx_word' id='word_1_264' title='bbox 2276 868 2373 923; x_wconf 91' lang='lat' dir='ltr'><strong>per</strong></span> <span class='ocrx_word' id='word_1_265' title='bbox 2393 851 2571 918; x_wconf 91' lang='lat' dir='ltr'><strong>ﬁdem,</strong></span> <span class='ocrx_word' id='word_1_266' title='bbox 2597 854 2725 923; x_wconf 88' lang='lat' dir='ltr'><strong>quia</strong></span> <span class='ocrx_word' id='word_1_267' title='bbox 2753 853 3013 924; x_wconf 90' lang='lat' dir='ltr'><strong>quidquid</strong></span> <span class='ocrx_word' id='word_1_268' title='bbox 3039 854 3130 909; x_wconf 90' lang='lat' dir='ltr'><strong>illa</strong></span> <span class='ocrx_word' id='word_1_269' title='bbox 3151 855 3403 926; x_wconf 88' lang='lat' dir='ltr'><strong>promisit</strong></span> 
     </span>
    </p>
   </div>
   <div class='ocr_carea' id='block_1_37' title="bbox 1826 942 3402 1018">
    <p class='ocr_par' dir='ltr' id='par_1_37' title="bbox 1826 942 3402 1018">
     <span class='ocr_line' id='line_1_37' title="bbox 1826 942 3402 1018; baseline 0 -18"><span class='ocrx_word' id='word_1_270' title='bbox 1826 945 1893 1000; x_wconf 91' lang='lat' dir='ltr'><strong>de</strong></span> <span class='ocrx_word' id='word_1_271' title='bbox 1921 945 2164 1009; x_wconf 86' lang='lat' dir='ltr'><strong>Christo,</strong></span> <span class='ocrx_word' id='word_1_272' title='bbox 2217 959 2317 1000; x_wconf 91' lang='lat' dir='ltr'><strong>nos</strong></span> <span class='ocrx_word' id='word_1_273' title='bbox 2362 942 2743 998; x_wconf 88' lang='lat' dir='ltr'><strong>conﬁrmamus</strong></span> <span class='ocrx_word' id='word_1_274' title='bbox 2765 959 2956 999; x_wconf 90' lang='lat' dir='ltr'><strong>verum</strong></span> <span class='ocrx_word' id='word_1_275' title='bbox 2991 953 3047 1000; x_wconf 92' lang='lat' dir='ltr'><strong>et</strong></span> <span class='ocrx_word' id='word_1_276' title='bbox 3075 947 3402 1018; x_wconf 89' lang='lat' dir='ltr'><strong>completum</strong></span> 
     </span>
    </p>
   </div>
   <div class='ocr_carea' id='block_1_38' title="bbox 1828 1035 3403 1106">
    <p class='ocr_par' dir='ltr' id='par_1_38' title="bbox 1828 1035 3403 1106">
     <span class='ocr_line' id='line_1_38' title="bbox 1828 1035 3403 1106; baseline 0.001 -13"><span class='ocrx_word' id='word_1_277' title='bbox 1828 1052 1948 1093; x_wconf 88' lang='lat' dir='ltr'><strong>esse</strong></span> <span class='ocrx_word' id='word_1_278' title='bbox 1976 1055 1991 1090; x_wconf 88' lang='lat'><strong>:</strong></span> <span class='ocrx_word' id='word_1_279' title='bbox 2019 1047 2074 1092; x_wconf 91' lang='lat' dir='ltr'><strong>et</strong></span> <span class='ocrx_word' id='word_1_280' title='bbox 2095 1037 2366 1093; x_wconf 89' lang='lat' dir='ltr'><strong>credimus</strong></span> <span class='ocrx_word' id='word_1_281' title='bbox 2396 1037 2450 1090; x_wconf 94' lang='lat' dir='ltr'><strong>in</strong></span> <span class='ocrx_word' id='word_1_282' title='bbox 2473 1035 2622 1092; x_wconf 87' lang='lat' dir='ltr'><strong>illum</strong></span> <span class='ocrx_word' id='word_1_283' title='bbox 2656 1050 2818 1106; x_wconf 91' lang='lat' dir='ltr'><strong>quem</strong></span> <span class='ocrx_word' id='word_1_284' title='bbox 2839 1036 2930 1090; x_wconf 91' lang='lat' dir='ltr'><strong>illa</strong></span> <span class='ocrx_word' id='word_1_285' title='bbox 2957 1039 3221 1106; x_wconf 91' lang='lat' dir='ltr'><strong>promisit.</strong></span> <span class='ocrx_word' id='word_1_286' title='bbox 3249 1039 3403 1095; x_wconf 88' lang='lat' dir='ltr'><strong>Sicut</strong></span> 
     </span>
    </p>
   </div>
   <div class='ocr_carea' id='block_1_39' title="bbox 1829 1125 3404 1199">
    <p class='ocr_par' dir='ltr' id='par_1_39' title="bbox 1829 1125 3404 1199">
     <span class='ocr_line' id='line_1_39' title="bbox 1829 1125 3404 1199; baseline 0 -14"><span class='ocrx_word' id='word_1_287' title='bbox 1829 1138 1913 1185; x_wconf 91' lang='lat' dir='ltr'><strong>est</strong></span> <span class='ocrx_word' id='word_1_288' title='bbox 1957 1129 2134 1185; x_wconf 85' lang='lat' dir='ltr'><strong>illud:</strong></span> <span class='ocrx_word' id='word_1_289' title='bbox 2166 1128 2493 1199; x_wconf 88' lang='lat' dir='ltr'><strong>Prophetam</strong></span> <span class='ocrx_word' id='word_1_290' title='bbox 2519 1125 2808 1182; x_wconf 90' lang='lat' dir='ltr'><strong>suscitabit</strong></span> <span class='ocrx_word' id='word_1_291' title='bbox 2833 1127 2988 1182; x_wconf 88' lang='lat' dir='ltr'><strong>vobis</strong></span> <span class='ocrx_word' id='word_1_292' title='bbox 3017 1127 3157 1182; x_wconf 90' lang='lat' dir='ltr'><strong>Deus</strong></span> <span class='ocrx_word' id='word_1_293' title='bbox 3191 1130 3256 1184; x_wconf 91' lang='lat' dir='ltr'><strong>de</strong></span> <span class='ocrx_word' id='word_1_294' title='bbox 3294 1129 3404 1185; x_wconf 85' lang='lat' dir='ltr'><strong>fra-</strong></span> 
     </span>
    </p>
   </div>
   <div class='ocr_carea' id='block_1_40' title="bbox 1825 1219 3405 1292">
    <p class='ocr_par' dir='ltr' id='par_1_40' title="bbox 1825 1219 3405 1292">
     <span class='ocr_line' id='line_1_40' title="bbox 1825 1219 3405 1292; baseline 0.001 -16"><span class='ocrx_word' id='word_1_295' title='bbox 1825 1222 2002 1277; x_wconf 86' lang='lat' dir='ltr'><strong>tribus</strong></span> <span class='ocrx_word' id='word_1_296' title='bbox 2044 1222 2241 1278; x_wconf 89' lang='lat' dir='ltr'><strong>vestris</strong></span> <span class='ocrx_word' id='word_1_297' title='bbox 2285 1221 2464 1290; x_wconf 86' lang='lat' dir='ltr'><strong>(Deut.</strong></span> <span class='ocrx_word' id='word_1_298' title='bbox 2516 1219 2616 1292; x_wconf 82' lang='lat' dir='ltr'><strong>tx).</strong></span> <span class='ocrx_word' id='word_1_299' title='bbox 2665 1219 2734 1275; x_wconf 92' lang='lat' dir='ltr'><strong>Et</strong></span> <span class='ocrx_word' id='word_1_300' title='bbox 2775 1219 3010 1275; x_wconf 88' lang='lat' dir='ltr'><strong>iterum:</strong></span> <span class='ocrx_word' id='word_1_301' title='bbox 3045 1219 3170 1275; x_wconf 87' lang='lat' dir='ltr'><strong>Non</strong></span> <span class='ocrx_word' id='word_1_302' title='bbox 3203 1223 3405 1290; x_wconf 84' lang='lat' dir='ltr'><strong>deﬁciet</strong></span> 
     </span>
    </p>
   </div>
   <div class='ocr_carea' id='block_1_41' title="bbox 1826 1312 3406 1384">
    <p class='ocr_par' dir='ltr' id='par_1_41' title="bbox 1826 1312 3406 1384">
     <span class='ocr_line' id='line_1_41' title="bbox 1826 1312 3406 1384; baseline 0.002 -20"><span class='ocrx_word' id='word_1_303' title='bbox 1826 1314 2062 1384; x_wconf 77' lang='lat' dir='ltr'><strong>princeps</strong></span> <span class='ocrx_word' id='word_1_304' title='bbox 2109 1330 2174 1368; x_wconf 75' lang='lat' dir='ltr'><strong>ea:</strong></span> <span class='ocrx_word' id='word_1_305' title='bbox 2209 1312 2354 1368; x_wconf 82' lang='lat' dir='ltr'><strong>Juda</strong></span> <span class='ocrx_word' id='word_1_306' title='bbox 2381 1312 2544 1367; x_wconf 85' lang='lat' dir='ltr'><strong>donec</strong></span> <span class='ocrx_word' id='word_1_307' title='bbox 2583 1312 2750 1367; x_wconf 81' lang='lat' dir='ltr'><strong>veniat</strong></span> <span class='ocrx_word' id='word_1_308' title='bbox 2788 1312 2878 1382; x_wconf 89' lang='lat' dir='ltr'><strong>qui</strong></span> <span class='ocrx_word' id='word_1_309' title='bbox 2918 1312 3198 1366; x_wconf 87' lang='lat' dir='ltr'><strong>mittendus</strong></span> <span class='ocrx_word' id='word_1_310' title='bbox 3227 1323 3335 1377; x_wconf 86' lang='lat' dir='ltr'><strong>est,</strong></span> <span class='ocrx_word' id='word_1_311' title='bbox 3361 1325 3406 1366; x_wconf 89' lang='lat' dir='ltr'><strong>et</strong></span> 
     </span>
    </p>
   </div>
   <div class='ocr_carea' id='block_1_42' title="bbox 1827 1402 3404 1478">
    <p class='ocr_par' dir='ltr' id='par_1_42' title="bbox 1827 1402 3404 1478">
     <span class='ocr_line' id='line_1_42' title="bbox 1827 1402 3404 1478; baseline -0.001 -18"><span class='ocrx_word' id='word_1_312' title='bbox 1827 1407 1936 1476; x_wconf 89' lang='lat' dir='ltr'><strong>ipse</strong></span> <span class='ocrx_word' id='word_1_313' title='bbox 1977 1407 2075 1462; x_wconf 87' lang='lat' dir='ltr'><strong>erit</strong></span> <span class='ocrx_word' id='word_1_314' title='bbox 2123 1407 2437 1478; x_wconf 69' lang='lat' dir='ltr'><strong>exspectatio</strong></span> <span class='ocrx_word' id='word_1_315' title='bbox 2477 1405 2707 1478; x_wconf 87' lang='lat' dir='ltr'><strong>gentium</strong></span> <span class='ocrx_word' id='word_1_316' title='bbox 2737 1402 2904 1476; x_wconf 85' lang='lat' dir='ltr'><strong>(Gen.</strong></span> <span class='ocrx_word' id='word_1_317' title='bbox 2935 1403 3094 1476; x_wconf 81' lang='lat' dir='ltr'><strong>xux)</strong></span> <span class='ocrx_word' id='word_1_318' title='bbox 3118 1445 3132 1472; x_wconf 92' lang='lat'><strong>,</strong></span> <span class='ocrx_word' id='word_1_319' title='bbox 3163 1406 3218 1460; x_wconf 92' lang='lat' dir='ltr'><strong>in</strong></span> <span class='ocrx_word' id='word_1_320' title='bbox 3244 1421 3404 1476; x_wconf 83' lang='lat' dir='ltr'><strong>quem</strong></span> 
     </span>
    </p>
   </div>
   <div class='ocr_carea' id='block_1_43' title="bbox 1829 1498 2481 1570">
    <p class='ocr_par' dir='ltr' id='par_1_43' title="bbox 1829 1498 2481 1570">
     <span class='ocr_line' id='line_1_43' title="bbox 1829 1498 2481 1570; baseline -0.003 -16"><span class='ocrx_word' id='word_1_321' title='bbox 1829 1499 1991 1555; x_wconf 89' lang='lat' dir='ltr'><strong>modo</strong></span> <span class='ocrx_word' id='word_1_322' title='bbox 2014 1507 2204 1570; x_wconf 85' lang='lat' dir='ltr'><strong>gentes</strong></span> <span class='ocrx_word' id='word_1_323' title='bbox 2235 1498 2481 1554; x_wconf 91' lang='lat' dir='ltr'><strong>credunt.</strong></span> 
     </span>
    </p>
   </div>
   <div class='ocr_carea' id='block_1_44' title="bbox 2425 1609 2778 1668">
    <p class='ocr_par' dir='ltr' id='par_1_44' title="bbox 2425 1609 2778 1668">
     <span class='ocr_line' id='line_1_44' title="bbox 2425 1609 2778 1668; baseline -0.008 0"><span class='ocrx_word' id='word_1_324' title='bbox 2425 1609 2652 1668; x_wconf 84' lang='lat' dir='ltr'><strong>CAPUT</strong></span> <span class='ocrx_word' id='word_1_325' title='bbox 2687 1610 2778 1666; x_wconf 78' lang='grc' dir='ltr'>ιγ.</span> 
     </span>
    </p>
   </div>
   <div class='ocr_carea' id='block_1_45' title="bbox 1903 1681 3411 1754">
    <p class='ocr_par' dir='ltr' id='par_1_45' title="bbox 1903 1681 3411 1754">
     <span class='ocr_line' id='line_1_45' title="bbox 1903 1681 3411 1754; baseline 0 -18"><span class='ocrx_word' id='word_1_326' title='bbox 1903 1682 2044 1749; x_wconf 85' lang='lat' dir='ltr'><strong>Quid</strong></span> <span class='ocrx_word' id='word_1_327' title='bbox 2085 1683 2318 1739; x_wconf 89' lang='lat' dir='ltr'><strong>dicemus</strong></span> <span class='ocrx_word' id='word_1_328' title='bbox 2359 1698 2480 1753; x_wconf 87' lang='lat' dir='ltr'><strong>ergo</strong></span> <span class='ocrx_word' id='word_1_329' title='bbox 2518 1682 2770 1736; x_wconf 83' lang='lat' dir='ltr'><strong>invenisse</strong></span> <span class='ocrx_word' id='word_1_330' title='bbox 2807 1681 3073 1736; x_wconf 81' lang='lat' dir='ltr'><strong>Abraham</strong></span> <span class='ocrx_word' id='word_1_331' title='bbox 3101 1691 3300 1754; x_wconf 82' lang='lat' dir='ltr'><strong>patrem</strong></span> <span class='ocrx_word' id='word_1_332' title='bbox 3322 1699 3411 1736; x_wconf 82' lang='lat' dir='ltr'><strong>na-</strong></span> 
     </span>
    </p>
   </div>
   <div class='ocr_carea' id='block_1_46' title="bbox 1829 1775 3412 1848">
    <p class='ocr_par' dir='ltr' id='par_1_46' title="bbox 1829 1775 3412 1848">
     <span class='ocr_line' id='line_1_46' title="bbox 1829 1775 3412 1848; baseline -0.001 -16"><span class='ocrx_word' id='word_1_333' title='bbox 1829 1784 1995 1832; x_wconf 86' lang='lat' dir='ltr'><strong>strum</strong></span> <span class='ocrx_word' id='word_1_334' title='bbox 2027 1776 2310 1831; x_wconf 84' lang='lat' dir='ltr'><strong>secundum</strong></span> <span class='ocrx_word' id='word_1_335' title='bbox 2337 1791 2578 1831; x_wconf 88' lang='lat' dir='ltr'><strong>carnem:</strong></span> <span class='ocrx_word' id='word_1_336' title='bbox 2607 1775 2663 1830; x_wconf 91' lang='lat' dir='ltr'><strong>id</strong></span> <span class='ocrx_word' id='word_1_337' title='bbox 2695 1785 2780 1831; x_wconf 89' lang='lat' dir='ltr'><strong>est</strong></span> <span class='ocrx_word' id='word_1_338' title='bbox 2800 1776 2929 1846; x_wconf 93' lang='lat' dir='ltr'><strong>quid</strong></span> <span class='ocrx_word' id='word_1_339' title='bbox 2957 1776 3082 1832; x_wconf 91' lang='lat' dir='ltr'><strong>boni</strong></span> <span class='ocrx_word' id='word_1_340' title='bbox 3111 1777 3412 1848; x_wconf 89' lang='lat' dir='ltr'><strong>promeruit</strong></span> 
     </span>
    </p>
   </div>
   <div class='ocr_carea' id='block_1_47' title="bbox 1829 1867 3405 1941">
    <p class='ocr_par' dir='ltr' id='par_1_47' title="bbox 1829 1867 3405 1941">
     <span class='ocr_line' id='line_1_47' title="bbox 1829 1867 3405 1941; baseline -0.001 -17"><span class='ocrx_word' id='word_1_341' title='bbox 1829 1867 2104 1926; x_wconf 86' lang='lat' dir='ltr'><strong>Abraham</strong></span> <span class='ocrx_word' id='word_1_342' title='bbox 2136 1877 2359 1941; x_wconf 89' lang='lat' dir='ltr'><strong>propter</strong></span> <span class='ocrx_word' id='word_1_343' title='bbox 2399 1868 2865 1926; x_wconf 89' lang='lat' dir='ltr'><strong>circumcisionem</strong></span> <span class='ocrx_word' id='word_1_344' title='bbox 2897 1870 3206 1926; x_wconf 88' lang='lat' dir='ltr'><strong>carnalem?</strong></span> <span class='ocrx_word' id='word_1_345' title='bbox 3241 1869 3405 1926; x_wconf 79' lang='lat' dir='ltr'><strong>Nihil.</strong></span> 
     </span>
    </p>
   </div>
   <div class='ocr_carea' id='block_1_48' title="bbox 1752 1953 3406 2033">
    <p class='ocr_par' dir='ltr' id='par_1_48' title="bbox 1752 1953 3406 2033">
     <span class='ocr_line' id='line_1_48' title="bbox 1752 1953 3406 2033; baseline 0.002 -18"><span class='ocrx_word' id='word_1_346' title='bbox 1752 1953 1801 2015; x_wconf 90' lang='lat' dir='ltr'><strong>B</strong></span> <span class='ocrx_word' id='word_1_347' title='bbox 1828 1961 1966 2031; x_wconf 85' lang='lat' dir='ltr'><strong>Quia</strong></span> <span class='ocrx_word' id='word_1_348' title='bbox 1997 1962 2227 2019; x_wconf 91' lang='lat' dir='ltr'><strong>necdum</strong></span> <span class='ocrx_word' id='word_1_349' title='bbox 2267 1970 2385 2018; x_wconf 90' lang='lat' dir='ltr'><strong>erat</strong></span> <span class='ocrx_word' id='word_1_350' title='bbox 2419 1961 2770 2018; x_wconf 84' lang='lat' dir='ltr'><strong>circumcisus</strong></span> <span class='ocrx_word' id='word_1_351' title='bbox 2791 1962 3006 2033; x_wconf 86' lang='lat' dir='ltr'><strong>quando</strong></span> <span class='ocrx_word' id='word_1_352' title='bbox 3039 1961 3244 2031; x_wconf 89' lang='lat' dir='ltr'><strong>placuit</strong></span> <span class='ocrx_word' id='word_1_353' title='bbox 3271 1962 3406 2026; x_wconf 89' lang='lat' dir='ltr'><strong>Deo,</strong></span> 
     </span>
    </p>
   </div>
   <div class='ocr_carea' id='block_1_49' title="bbox 1831 2053 3408 2121">
    <p class='ocr_par' dir='ltr' id='par_1_49' title="bbox 1831 2053 3408 2121">
     <span class='ocr_line' id='line_1_49' title="bbox 1831 2053 3408 2121; baseline -0.001 -11"><span class='ocrx_word' id='word_1_354' title='bbox 1831 2062 1887 2110; x_wconf 91' lang='lat' dir='ltr'><strong>et</strong></span> <span class='ocrx_word' id='word_1_355' title='bbox 1909 2053 2100 2109; x_wconf 89' lang='lat' dir='ltr'><strong>audire</strong></span> <span class='ocrx_word' id='word_1_356' title='bbox 2128 2054 2328 2110; x_wconf 91' lang='lat' dir='ltr'><strong>meruit</strong></span> <span class='ocrx_word' id='word_1_357' title='bbox 2358 2070 2371 2106; x_wconf 90' lang='lat'><strong>:</strong></span> <span class='ocrx_word' id='word_1_358' title='bbox 2400 2053 2502 2108; x_wconf 83' lang='lat' dir='ltr'><strong>Exi</strong></span> <span class='ocrx_word' id='word_1_359' title='bbox 2545 2053 2611 2109; x_wconf 93' lang='lat' dir='ltr'><strong>de</strong></span> <span class='ocrx_word' id='word_1_360' title='bbox 2656 2061 2799 2109; x_wconf 90' lang='lat' dir='ltr'><strong>terra</strong></span> <span class='ocrx_word' id='word_1_361' title='bbox 2827 2062 2941 2121; x_wconf 88' lang='lat' dir='ltr'><strong>tua,</strong></span> <span class='ocrx_word' id='word_1_362' title='bbox 2970 2054 3242 2110; x_wconf 90' lang='lat' dir='ltr'><strong>etfaciam</strong></span> <span class='ocrx_word' id='word_1_363' title='bbox 3272 2063 3325 2110; x_wconf 93' lang='lat' dir='ltr'><strong>te</strong></span> <span class='ocrx_word' id='word_1_364' title='bbox 3354 2054 3408 2109; x_wconf 92' lang='lat' dir='ltr'><strong>in</strong></span> 
     </span>
    </p>
   </div>
   <div class='ocr_carea' id='block_1_50' title="bbox 1833 2143 3413 2220">
    <p class='ocr_par' dir='ltr' id='par_1_50' title="bbox 1833 2143 3413 2220">
     <span class='ocr_line' id='line_1_50' title="bbox 1833 2143 3413 2220; baseline -0.003 -16"><span class='ocrx_word' id='word_1_365' title='bbox 1833 2155 2050 2219; x_wconf 79' lang='lat' dir='ltr'><strong>gentem</strong></span> <span class='ocrx_word' id='word_1_366' title='bbox 2078 2160 2329 2219; x_wconf 86' lang='lat' dir='ltr'><strong>magnam</strong></span> <span class='ocrx_word' id='word_1_367' title='bbox 2353 2143 2504 2220; x_wconf 86' lang='lat' dir='ltr'><strong>(Cen.</strong></span> <span class='ocrx_word' id='word_1_368' title='bbox 2553 2146 2689 2218; x_wconf 84' lang='lat' dir='ltr'><strong>xu),</strong></span> <span class='ocrx_word' id='word_1_369' title='bbox 2724 2156 2778 2202; x_wconf 88' lang='lat' dir='ltr'><strong>et</strong></span> <span class='ocrx_word' id='word_1_370' title='bbox 2806 2147 2951 2216; x_wconf 90' lang='lat' dir='ltr'><strong>quod</strong></span> <span class='ocrx_word' id='word_1_371' title='bbox 2996 2147 3171 2216; x_wconf 84' lang='lat' dir='ltr'><strong>magis</strong></span> <span class='ocrx_word' id='word_1_372' title='bbox 3199 2143 3303 2200; x_wconf 88' lang='lat' dir='ltr'><strong>fuit</strong></span> <span class='ocrx_word' id='word_1_373' title='bbox 3345 2146 3413 2201; x_wconf 90' lang='lat' dir='ltr'><strong>de</strong></span> 
     </span>
    </p>
   </div>
   <div class='ocr_carea' id='block_1_51' title="bbox 1832 2239 3410 2310">
    <p class='ocr_par' dir='ltr' id='par_1_51' title="bbox 1832 2239 3410 2310">
     <span class='ocr_line' id='line_1_51' title="bbox 1832 2239 3410 2310; baseline -0.003 -14"><span class='ocrx_word' id='word_1_374' title='bbox 1832 2241 2050 2296; x_wconf 77' lang='lat' dir='ltr'><strong>Christo</strong></span> <span class='ocrx_word' id='word_1_375' title='bbox 2085 2257 2096 2292; x_wconf 90' lang='lat'><strong>:</strong></span> <span class='ocrx_word' id='word_1_376' title='bbox 2139 2239 2209 2295; x_wconf 89' lang='lat' dir='ltr'><strong>In</strong></span> <span class='ocrx_word' id='word_1_377' title='bbox 2244 2241 2437 2295; x_wconf 89' lang='lat' dir='ltr'><strong>semine</strong></span> <span class='ocrx_word' id='word_1_378' title='bbox 2478 2248 2568 2294; x_wconf 88' lang='lat' dir='ltr'><strong>tuo</strong></span> <span class='ocrx_word' id='word_1_379' title='bbox 2611 2239 2974 2294; x_wconf 79' lang='lat' dir='ltr'><strong>benedicentur</strong></span> <span class='ocrx_word' id='word_1_380' title='bbox 3021 2255 3196 2294; x_wconf 88' lang='lat' dir='ltr'><strong>onmes</strong></span> <span class='ocrx_word' id='word_1_381' title='bbox 3235 2248 3410 2310; x_wconf 84' lang='lat' dir='ltr'><strong>gentes</strong></span> 
     </span>
    </p>
   </div>
   <div class='ocr_carea' id='block_1_52' title="bbox 1832 2330 2178 2406">
    <p class='ocr_par' dir='ltr' id='par_1_52' title="bbox 1832 2330 2178 2406">
     <span class='ocr_line' id='line_1_52' title="bbox 1832 2330 2178 2406; baseline -0.006 -18"><span class='ocrx_word' id='word_1_382' title='bbox 1832 2330 2178 2406; x_wconf 68' lang='lat' dir='ltr'><strong>(Gem-xm).</strong></span> 
     </span>
    </p>
   </div>
   <div class='ocr_carea' id='block_1_53' title="bbox 1906 2422 3411 2498">
    <p class='ocr_par' dir='ltr' id='par_1_53' title="bbox 1906 2422 3411 2498">
     <span class='ocr_line' id='line_1_53' title="bbox 1906 2422 3411 2498; baseline -0.007 -15"><span class='ocrx_word' id='word_1_383' title='bbox 1906 2427 1967 2483; x_wconf 90' lang='lat' dir='ltr'><strong>Si</strong></span> <span class='ocrx_word' id='word_1_384' title='bbox 1991 2429 2130 2483; x_wconf 88' lang='lat' dir='ltr'><strong>enim</strong></span> <span class='ocrx_word' id='word_1_385' title='bbox 2156 2427 2425 2483; x_wconf 83' lang='lat' dir='ltr'><strong>Abraham</strong></span> <span class='ocrx_word' id='word_1_386' title='bbox 2447 2443 2513 2482; x_wconf 81' lang='lat' dir='ltr'><strong>ea:</strong></span> <span class='ocrx_word' id='word_1_387' title='bbox 2533 2425 2770 2498; x_wconf 73' lang='lat' dir='ltr'><strong>operibus</strong></span> <span class='ocrx_word' id='word_1_388' title='bbox 2785 2424 3112 2496; x_wconf 88' lang='lat' dir='ltr'><strong>justiﬁcatus</strong></span> <span class='ocrx_word' id='word_1_389' title='bbox 3136 2431 3231 2490; x_wconf 88' lang='lat' dir='ltr'><strong>est,</strong></span> <span class='ocrx_word' id='word_1_390' title='bbox 3261 2422 3411 2478; x_wconf 87' lang='lat' dir='ltr'><strong>habet</strong></span> 
     </span>
    </p>
   </div>
   <div class='ocr_carea' id='block_1_54' title="bbox 1832 2515 3410 2588">
    <p class='ocr_par' dir='ltr' id='par_1_54' title="bbox 1832 2515 3410 2588">
     <span class='ocr_line' id='line_1_54' title="bbox 1832 2515 3410 2588; baseline -0.002 -17"><span class='ocrx_word' id='word_1_391' title='bbox 1832 2517 2053 2588; x_wconf 71' lang='lat' dir='ltr'><strong>gloriam</strong></span> <span class='ocrx_word' id='word_1_392' title='bbox 2079 2558 2094 2585; x_wconf 97' lang='lat'><strong>,</strong></span> <span class='ocrx_word' id='word_1_393' title='bbox 2125 2518 2216 2574; x_wconf 88' lang='lat' dir='ltr'><strong>sed</strong></span> <span class='ocrx_word' id='word_1_394' title='bbox 2250 2535 2355 2574; x_wconf 88' lang='lat' dir='ltr'><strong>non</strong></span> <span class='ocrx_word' id='word_1_395' title='bbox 2383 2517 2524 2588; x_wconf 87' lang='lat' dir='ltr'><strong>apud</strong></span> <span class='ocrx_word' id='word_1_396' title='bbox 2563 2516 2752 2573; x_wconf 88' lang='lat' dir='ltr'><strong>Deum.</strong></span> <span class='ocrx_word' id='word_1_397' title='bbox 2783 2516 3012 2583; x_wconf 84' lang='lat' dir='ltr'><strong>Quidam</strong></span> <span class='ocrx_word' id='word_1_398' title='bbox 3049 2515 3265 2571; x_wconf 88' lang='lat' dir='ltr'><strong>codices</strong></span> <span class='ocrx_word' id='word_1_399' title='bbox 3311 2515 3410 2569; x_wconf 82' lang='lat' dir='ltr'><strong>ha-</strong></span> 
     </span>
    </p>
   </div>
   <div class='ocr_carea' id='block_1_55' title="bbox 1833 2603 3414 2682">
    <p class='ocr_par' dir='ltr' id='par_1_55' title="bbox 1833 2603 3414 2682">
     <span class='ocr_line' id='line_1_55' title="bbox 1833 2603 3414 2682; baseline -0.004 -16"><span class='ocrx_word' id='word_1_400' title='bbox 1833 2609 1964 2666; x_wconf 88' lang='lat' dir='ltr'><strong>bent</strong></span> <span class='ocrx_word' id='word_1_401' title='bbox 1986 2627 2051 2666; x_wconf 77' lang='lat' dir='ltr'><strong>ea:</strong></span> <span class='ocrx_word' id='word_1_402' title='bbox 2083 2611 2327 2682; x_wconf 77' lang='lat' dir='ltr'><strong>operibus</strong></span> <span class='ocrx_word' id='word_1_403' title='bbox 2357 2610 2518 2682; x_wconf 88' lang='lat' dir='ltr'><strong>legis,</strong></span> <span class='ocrx_word' id='word_1_404' title='bbox 2548 2609 2647 2666; x_wconf 85' lang='lat' dir='ltr'><strong>sed</strong></span> <span class='ocrx_word' id='word_1_405' title='bbox 2669 2607 2807 2664; x_wconf 80' lang='lat' dir='ltr'><strong>false</strong></span> <span class='ocrx_word' id='word_1_406' title='bbox 2844 2607 3106 2678; x_wconf 88' lang='lat' dir='ltr'><strong>scriptum</strong></span> <span class='ocrx_word' id='word_1_407' title='bbox 3148 2614 3248 2662; x_wconf 90' lang='lat' dir='ltr'><strong>est.</strong></span> <span class='ocrx_word' id='word_1_408' title='bbox 3295 2603 3414 2660; x_wconf 85' lang='lat' dir='ltr'><strong>Non</strong></span> 
     </span>
    </p>
   </div>
   <div class='ocr_carea' id='block_1_56' title="bbox 1832 2696 3414 2769">
    <p class='ocr_par' dir='ltr' id='par_1_56' title="bbox 1832 2696 3414 2769">
     <span class='ocr_line' id='line_1_56' title="bbox 1832 2696 3414 2769; baseline -0.005 -11"><span class='ocrx_word' id='word_1_409' title='bbox 1832 2701 1978 2758; x_wconf 91' lang='lat' dir='ltr'><strong>enim</strong></span> <span class='ocrx_word' id='word_1_410' title='bbox 2027 2701 2114 2758; x_wconf 88' lang='lat' dir='ltr'><strong>lex</strong></span> <span class='ocrx_word' id='word_1_411' title='bbox 2151 2703 2328 2758; x_wconf 90' lang='lat' dir='ltr'><strong>adhuc</strong></span> <span class='ocrx_word' id='word_1_412' title='bbox 2362 2703 2488 2758; x_wconf 90' lang='lat' dir='ltr'><strong>data</strong></span> <span class='ocrx_word' id='word_1_413' title='bbox 2515 2710 2654 2769; x_wconf 90' lang='lat' dir='ltr'><strong>erat,</strong></span> <span class='ocrx_word' id='word_1_414' title='bbox 2691 2699 2800 2756; x_wconf 90' lang='lat' dir='ltr'><strong>nisi</strong></span> <span class='ocrx_word' id='word_1_415' title='bbox 2840 2697 2980 2756; x_wconf 86' lang='lat' dir='ltr'><strong>forte</strong></span> <span class='ocrx_word' id='word_1_416' title='bbox 3006 2699 3081 2754; x_wconf 90' lang='lat' dir='ltr'><strong>ita</strong></span> <span class='ocrx_word' id='word_1_417' title='bbox 3112 2698 3183 2753; x_wconf 90' lang='lat' dir='ltr'><strong>sit</strong></span> <span class='ocrx_word' id='word_1_418' title='bbox 3216 2696 3414 2752; x_wconf 93' lang='lat' dir='ltr'><strong>intelli-</strong></span> 
     </span>
    </p>
   </div>
   <div class='ocr_carea' id='block_1_57' title="bbox 1831 2790 3418 2867">
    <p class='ocr_par' dir='ltr' id='par_1_57' title="bbox 1831 2790 3418 2867">
     <span class='ocr_line' id='line_1_57' title="bbox 1831 2790 3418 2867; baseline -0.004 -16"><span class='ocrx_word' id='word_1_419' title='bbox 1831 2795 2065 2867; x_wconf 85' lang='lat' dir='ltr'><strong>gendum</strong></span> <span class='ocrx_word' id='word_1_420' title='bbox 2091 2803 2153 2850; x_wconf 91' lang='lat' dir='ltr'><strong>ut</strong></span> <span class='ocrx_word' id='word_1_421' title='bbox 2172 2795 2408 2861; x_wconf 91' lang='lat' dir='ltr'><strong>dicatur,</strong></span> <span class='ocrx_word' id='word_1_422' title='bbox 2427 2809 2496 2850; x_wconf 88' lang='lat' dir='ltr'><strong>ex</strong></span> <span class='ocrx_word' id='word_1_423' title='bbox 2517 2793 2769 2864; x_wconf 84' lang='lat' dir='ltr'><strong>operibus</strong></span> <span class='ocrx_word' id='word_1_424' title='bbox 2793 2792 2927 2864; x_wconf 87' lang='lat' dir='ltr'><strong>legis</strong></span> <span class='ocrx_word' id='word_1_425' title='bbox 2957 2799 3143 2863; x_wconf 90' lang='lat' dir='ltr'><strong>postea</strong></span> <span class='ocrx_word' id='word_1_426' title='bbox 3167 2791 3323 2846; x_wconf 59' lang='lat' dir='ltr'><strong>datae.</strong></span> <span class='ocrx_word' id='word_1_427' title='bbox 3351 2790 3418 2844; x_wconf 83' lang='lat' dir='ltr'><strong>Et</strong></span> 
     </span>
    </p>
   </div>
   <div class='ocr_carea' id='block_1_58' title="bbox 1833 2884 3414 2956">
    <p class='ocr_par' dir='ltr' id='par_1_58' title="bbox 1833 2884 3414 2956">
     <span class='ocr_line' id='line_1_58' title="bbox 1833 2884 3414 2956; baseline -0.003 -14"><span class='ocrx_word' id='word_1_428' title='bbox 1833 2895 1919 2942; x_wconf 91' lang='lat' dir='ltr'><strong>est</strong></span> <span class='ocrx_word' id='word_1_429' title='bbox 1945 2903 2140 2945; x_wconf 89' lang='lat' dir='ltr'><strong>sensus</strong></span> <span class='ocrx_word' id='word_1_430' title='bbox 2170 2907 2183 2943; x_wconf 90' lang='lat'><strong>:</strong></span> <span class='ocrx_word' id='word_1_431' title='bbox 2223 2888 2283 2944; x_wconf 90' lang='lat' dir='ltr'><strong>Si</strong></span> <span class='ocrx_word' id='word_1_432' title='bbox 2316 2887 2594 2944; x_wconf 81' lang='lat' dir='ltr'><strong>Abraham</strong></span> <span class='ocrx_word' id='word_1_433' title='bbox 2627 2901 2694 2942; x_wconf 83' lang='lat' dir='ltr'><strong>ex</strong></span> <span class='ocrx_word' id='word_1_434' title='bbox 2727 2885 2981 2956; x_wconf 82' lang='lat' dir='ltr'><strong>Operibus</strong></span> <span class='ocrx_word' id='word_1_435' title='bbox 3005 2885 3122 2940; x_wconf 87' lang='lat' dir='ltr'><strong>suis</strong></span> <span class='ocrx_word' id='word_1_436' title='bbox 3147 2884 3414 2955; x_wconf 74' lang='lat' dir='ltr'><strong>iustiﬁca-</strong></span> 
     </span>
    </p>
   </div>
   <div class='ocr_carea' id='block_1_59' title="bbox 1837 2975 3418 3048">
    <p class='ocr_par' dir='ltr' id='par_1_59' title="bbox 1837 2975 3418 3048">
     <span class='ocr_line' id='line_1_59' title="bbox 1837 2975 3418 3048; baseline -0.008 -8"><span class='ocrx_word' id='word_1_437' title='bbox 1837 2993 1924 3040; x_wconf 92' lang='lat' dir='ltr'><strong>tus</strong></span> <span class='ocrx_word' id='word_1_438' title='bbox 1953 2981 2069 3036; x_wconf 88' lang='lat' dir='ltr'><strong>sine</strong></span> <span class='ocrx_word' id='word_1_439' title='bbox 2098 2977 2205 3033; x_wconf 81' lang='lat' dir='ltr'><strong>fide</strong></span> <span class='ocrx_word' id='word_1_440' title='bbox 2233 2979 2287 3033; x_wconf 78' lang='lat' dir='ltr'><strong>et</strong></span> <span class='ocrx_word' id='word_1_441' title='bbox 2315 2979 2432 3033; x_wconf 88' lang='lat' dir='ltr'><strong>sine</strong></span> <span class='ocrx_word' id='word_1_442' title='bbox 2455 2977 2628 3048; x_wconf 88' lang='lat' dir='ltr'><strong>gratia</strong></span> <span class='ocrx_word' id='word_1_443' title='bbox 2669 2976 2765 3031; x_wconf 92' lang='lat' dir='ltr'><strong>Dei</strong></span> <span class='ocrx_word' id='word_1_444' title='bbox 2796 2991 2856 3032; x_wconf 91' lang='lat' dir='ltr'><strong>se</strong></span> <span class='ocrx_word' id='word_1_445' title='bbox 2903 2975 3296 3046; x_wconf 85' lang='lat' dir='ltr'><strong>praeveniente,</strong></span> <span class='ocrx_word' id='word_1_446' title='bbox 3322 2975 3418 3028; x_wconf 91' lang='lat' dir='ltr'><strong>ha-</strong></span> 
     </span>
    </p>
   </div>
   <div class='ocr_carea' id='block_1_60' title="bbox 1836 3066 3418 3141">
    <p class='ocr_par' dir='ltr' id='par_1_60' title="bbox 1836 3066 3418 3141">
     <span class='ocr_line' id='line_1_60' title="bbox 1836 3066 3418 3141; baseline -0.008 -12"><span class='ocrx_word' id='word_1_447' title='bbox 1836 3074 1930 3130; x_wconf 88' lang='lat' dir='ltr'><strong>bet</strong></span> <span class='ocrx_word' id='word_1_448' title='bbox 1973 3070 2192 3141; x_wconf 90' lang='lat' dir='ltr'><strong>quidem</strong></span> <span class='ocrx_word' id='word_1_449' title='bbox 2219 3067 2444 3138; x_wconf 86' lang='lat' dir='ltr'><strong>gloriam</strong></span> <span class='ocrx_word' id='word_1_450' title='bbox 2487 3075 2542 3122; x_wconf 91' lang='lat' dir='ltr'><strong>et</strong></span> <span class='ocrx_word' id='word_1_451' title='bbox 2578 3066 2791 3121; x_wconf 91' lang='lat' dir='ltr'><strong>laudem</strong></span> <span class='ocrx_word' id='word_1_452' title='bbox 2821 3066 2961 3136; x_wconf 92' lang='lat' dir='ltr'><strong>apud</strong></span> <span class='ocrx_word' id='word_1_453' title='bbox 2990 3081 3050 3120; x_wconf 88' lang='lat' dir='ltr'><strong>se</strong></span> <span class='ocrx_word' id='word_1_454' title='bbox 3087 3066 3141 3120; x_wconf 94' lang='lat' dir='ltr'><strong>in</strong></span> <span class='ocrx_word' id='word_1_455' title='bbox 3168 3067 3418 3134; x_wconf 59' lang='lat' dir='ltr'><strong>praesenti</strong></span> 
     </span>
    </p>
   </div>
   <div class='ocr_carea' id='block_1_61' title="bbox 1839 3154 3415 3234">
    <p class='ocr_par' dir='ltr' id='par_1_61' title="bbox 1839 3154 3415 3234">
     <span class='ocr_line' id='line_1_61' title="bbox 1839 3154 3415 3234; baseline -0.008 -14"><span class='ocrx_word' id='word_1_456' title='bbox 1839 3173 1896 3221; x_wconf 91' lang='lat' dir='ltr'><strong>et</strong></span> <span class='ocrx_word' id='word_1_457' title='bbox 1929 3163 2070 3234; x_wconf 90' lang='lat' dir='ltr'><strong>apud</strong></span> <span class='ocrx_word' id='word_1_458' title='bbox 2097 3160 2364 3224; x_wconf 88' lang='lat' dir='ltr'><strong>homines,</strong></span> <span class='ocrx_word' id='word_1_459' title='bbox 2411 3173 2476 3213; x_wconf 87' lang='lat' dir='ltr'><strong>eo</strong></span> <span class='ocrx_word' id='word_1_460' title='bbox 2521 3155 2664 3226; x_wconf 93' lang='lat' dir='ltr'><strong>quod</strong></span> <span class='ocrx_word' id='word_1_461' title='bbox 2697 3154 2879 3223; x_wconf 88' lang='lat' dir='ltr'><strong>justus</strong></span> <span class='ocrx_word' id='word_1_462' title='bbox 2919 3154 3083 3210; x_wconf 89' lang='lat' dir='ltr'><strong>fuerit</strong></span> <span class='ocrx_word' id='word_1_463' title='bbox 3111 3155 3245 3224; x_wconf 89' lang='lat' dir='ltr'><strong>ipse,</strong></span> <span class='ocrx_word' id='word_1_464' title='bbox 3274 3155 3415 3223; x_wconf 90' lang='lat' dir='ltr'><strong>apud</strong></span> 
     </span>
    </p>
   </div>
   <div class='ocr_carea' id='block_1_62' title="bbox 1841 3245 3415 3318">
    <p class='ocr_par' dir='ltr' id='par_1_62' title="bbox 1841 3245 3415 3318">
     <span class='ocr_line' id='line_1_62' title="bbox 1841 3245 3415 3318; baseline -0.01 -4"><span class='ocrx_word' id='word_1_465' title='bbox 1841 3258 2012 3314; x_wconf 88' lang='lat' dir='ltr'><strong>Deum</strong></span> <span class='ocrx_word' id='word_1_466' title='bbox 2041 3269 2172 3311; x_wconf 88' lang='lat' dir='ltr'><strong>vero</strong></span> <span class='ocrx_word' id='word_1_467' title='bbox 2200 3268 2308 3308; x_wconf 90' lang='lat' dir='ltr'><strong>non</strong></span> <span class='ocrx_word' id='word_1_468' title='bbox 2351 3259 2438 3307; x_wconf 90' lang='lat' dir='ltr'><strong>est</strong></span> <span class='ocrx_word' id='word_1_469' title='bbox 2482 3248 2765 3304; x_wconf 88' lang='lat' dir='ltr'><strong>laudabilis</strong></span> <span class='ocrx_word' id='word_1_470' title='bbox 2810 3262 2984 3318; x_wconf 91' lang='lat' dir='ltr'><strong>neque</strong></span> <span class='ocrx_word' id='word_1_471' title='bbox 3015 3247 3118 3302; x_wconf 93' lang='lat' dir='ltr'><strong>erit</strong></span> <span class='ocrx_word' id='word_1_472' title='bbox 3151 3245 3415 3302; x_wconf 86' lang='lat' dir='ltr'><strong>futurum.</strong></span> 
     </span>
    </p>
   </div>
   <div class='ocr_carea' id='block_1_63' title="bbox 232 3330 3418 3418">
    <p class='ocr_par' dir='ltr' id='par_1_63' title="bbox 232 3330 3418 3418">
     <span class='ocr_line' id='line_1_63' title="bbox 232 3330 3418 3418; baseline 0 -25"><span class='ocrx_word' id='word_1_473' title='bbox 232 3339 312 3394; x_wconf 83' lang='lat' dir='ltr'><strong>An</strong></span> <span class='ocrx_word' id='word_1_474' title='bbox 358 3338 668 3394; x_wconf 75' lang='lat' dir='ltr'><strong>Judworum</strong></span> <span class='ocrx_word' id='word_1_475' title='bbox 707 3339 851 3395; x_wconf 88' lang='lat' dir='ltr'><strong>Deus</strong></span> <span class='ocrx_word' id='word_1_476' title='bbox 898 3351 1142 3395; x_wconf 86' lang='lat' dir='ltr'><strong>tantum:</strong></span> <span class='ocrx_word' id='word_1_477' title='bbox 1175 3341 1366 3397; x_wconf 84' lang='lat' dir='ltr'><strong>Nonne</strong></span> <span class='ocrx_word' id='word_1_478' title='bbox 1407 3350 1456 3397; x_wconf 90' lang='lat' dir='ltr'><strong>et</strong></span> <span class='ocrx_word' id='word_1_479' title='bbox 1505 3342 1736 3414; x_wconf 87' lang='lat' dir='ltr'><strong>gentium</strong></span> <span class='ocrx_word' id='word_1_480' title='bbox 1762 3330 1807 3394; x_wconf 87' lang='lat' dir='ltr'><strong>C</strong></span> <span class='ocrx_word' id='word_1_481' title='bbox 1839 3347 2052 3418; x_wconf 81' lang='lat' dir='ltr'><strong>Quare?</strong></span> <span class='ocrx_word' id='word_1_482' title='bbox 2093 3345 2229 3413; x_wconf 85' lang='lat' dir='ltr'><strong>Quia</strong></span> <span class='ocrx_word' id='word_1_483' title='bbox 2276 3344 2388 3398; x_wconf 86' lang='lat' dir='ltr'><strong>sine</strong></span> <span class='ocrx_word' id='word_1_484' title='bbox 2427 3341 2531 3410; x_wconf 87' lang='lat' dir='ltr'><strong>ﬁde</strong></span> <span class='ocrx_word' id='word_1_485' title='bbox 2578 3339 2892 3412; x_wconf 84' lang='lat' dir='ltr'><strong>impossibile</strong></span> <span class='ocrx_word' id='word_1_486' title='bbox 2936 3348 3013 3395; x_wconf 87' lang='lat' dir='ltr'><strong>est</strong></span> <span class='ocrx_word' id='word_1_487' title='bbox 3055 3337 3259 3409; x_wconf 84' lang='lat' dir='ltr'><strong>placere</strong></span> <span class='ocrx_word' id='word_1_488' title='bbox 3307 3337 3418 3393; x_wconf 84' lang='lat' dir='ltr'><strong>Deo</strong></span> 
     </span>
    </p>
   </div>
   <div class='ocr_carea' id='block_1_64' title="bbox 156 3430 1739 3504">
    <p class='ocr_par' dir='ltr' id='par_1_64' title="bbox 156 3430 1739 3504">
     <span class='ocr_line' id='line_1_64' title="bbox 156 3430 1739 3504; baseline 0.003 -18"><span class='ocrx_word' id='word_1_489' title='bbox 156 3431 304 3487; x_wconf 89' lang='lat' dir='ltr'><strong>Deus</strong></span> <span class='ocrx_word' id='word_1_490' title='bbox 326 3439 428 3498; x_wconf 90' lang='lat' dir='ltr'><strong>est,</strong></span> <span class='ocrx_word' id='word_1_491' title='bbox 460 3430 512 3486; x_wconf 94' lang='lat' dir='ltr'><strong>id</strong></span> <span class='ocrx_word' id='word_1_492' title='bbox 534 3440 617 3487; x_wconf 90' lang='lat' dir='ltr'><strong>est</strong></span> <span class='ocrx_word' id='word_1_493' title='bbox 645 3432 888 3504; x_wconf 87' lang='lat' dir='ltr'><strong>nunquid</strong></span> <span class='ocrx_word' id='word_1_494' title='bbox 909 3431 1120 3489; x_wconf 74' lang='lat' dir='ltr'><strong>Iudaeos</strong></span> <span class='ocrx_word' id='word_1_495' title='bbox 1149 3434 1290 3490; x_wconf 85' lang='lat' dir='ltr'><strong>solos</strong></span> <span class='ocrx_word' id='word_1_496' title='bbox 1321 3435 1550 3501; x_wconf 88' lang='lat' dir='ltr'><strong>creavit,</strong></span> <span class='ocrx_word' id='word_1_497' title='bbox 1586 3442 1646 3490; x_wconf 91' lang='lat' dir='ltr'><strong>ut</strong></span> <span class='ocrx_word' id='word_1_498' title='bbox 1673 3435 1739 3491; x_wconf 91' lang='lat' dir='ltr'><strong>de</strong></span> 
     </span>
    </p>
   </div>
   <div class='ocr_carea' id='block_1_65' title="bbox 158 3521 1740 3600">
    <p class='ocr_par' dir='ltr' id='par_1_65' title="bbox 158 3521 1740 3600">
     <span class='ocr_line' id='line_1_65' title="bbox 158 3521 1740 3600; baseline 0.003 -24"><span class='ocrx_word' id='word_1_499' title='bbox 158 3521 270 3578; x_wconf 86' lang='lat' dir='ltr'><strong>illis</strong></span> <span class='ocrx_word' id='word_1_500' title='bbox 308 3521 682 3579; x_wconf 89' lang='lat' dir='ltr'><strong>tantummodo</strong></span> <span class='ocrx_word' id='word_1_501' title='bbox 719 3537 908 3600; x_wconf 89' lang='lat' dir='ltr'><strong>curam</strong></span> <span class='ocrx_word' id='word_1_502' title='bbox 951 3525 1141 3596; x_wconf 87' lang='lat' dir='ltr'><strong>gerat?</strong></span> <span class='ocrx_word' id='word_1_503' title='bbox 1169 3524 1286 3580; x_wconf 85' lang='lat' dir='ltr'><strong>lmo</strong></span> <span class='ocrx_word' id='word_1_504' title='bbox 1321 3535 1370 3582; x_wconf 91' lang='lat' dir='ltr'><strong>et</strong></span> <span class='ocrx_word' id='word_1_505' title='bbox 1402 3527 1654 3597; x_wconf 86' lang='lat' dir='ltr'><strong>gentium,</strong></span> <span class='ocrx_word' id='word_1_506' title='bbox 1685 3525 1740 3581; x_wconf 92' lang='lat' dir='ltr'><strong>id</strong></span> 
     </span>
    </p>
   </div>
   <div class='ocr_carea' id='block_1_66' title="bbox 156 3614 1741 3686">
    <p class='ocr_par' dir='ltr' id='par_1_66' title="bbox 156 3614 1741 3686">
     <span class='ocr_line' id='line_1_66' title="bbox 156 3614 1741 3686; baseline 0.001 -18"><span class='ocrx_word' id='word_1_507' title='bbox 156 3623 246 3670; x_wconf 90' lang='lat' dir='ltr'><strong>est</strong></span> <span class='ocrx_word' id='word_1_508' title='bbox 282 3614 451 3670; x_wconf 88' lang='lat' dir='ltr'><strong>multo</strong></span> <span class='ocrx_word' id='word_1_509' title='bbox 493 3614 668 3686; x_wconf 89' lang='lat' dir='ltr'><strong>magis</strong></span> <span class='ocrx_word' id='word_1_510' title='bbox 705 3615 946 3686; x_wconf 85' lang='lat' dir='ltr'><strong>gentium</strong></span> <span class='ocrx_word' id='word_1_511' title='bbox 989 3614 1135 3672; x_wconf 91' lang='lat' dir='ltr'><strong>Deus</strong></span> <span class='ocrx_word' id='word_1_512' title='bbox 1182 3624 1300 3684; x_wconf 91' lang='lat' dir='ltr'><strong>est,</strong></span> <span class='ocrx_word' id='word_1_513' title='bbox 1328 3617 1580 3672; x_wconf 89' lang='lat' dir='ltr'><strong>videlicet</strong></span> <span class='ocrx_word' id='word_1_514' title='bbox 1615 3616 1741 3686; x_wconf 89' lang='lat' dir='ltr'><strong>quia</strong></span> 
     </span>
    </p>
   </div>
   <div class='ocr_carea' id='block_1_67' title="bbox 161 3703 1742 3780">
    <p class='ocr_par' dir='ltr' id='par_1_67' title="bbox 161 3703 1742 3780">
     <span class='ocr_line' id='line_1_67' title="bbox 161 3703 1742 3780; baseline 0.001 -20"><span class='ocrx_word' id='word_1_515' title='bbox 161 3703 316 3761; x_wconf 90' lang='lat' dir='ltr'><strong>multi</strong></span> <span class='ocrx_word' id='word_1_516' title='bbox 347 3705 694 3762; x_wconf 91' lang='lat' dir='ltr'><strong>crediderunt</strong></span> <span class='ocrx_word' id='word_1_517' title='bbox 738 3706 868 3772; x_wconf 89' lang='lat' dir='ltr'><strong>Deo,</strong></span> <span class='ocrx_word' id='word_1_518' title='bbox 898 3714 953 3761; x_wconf 90' lang='lat' dir='ltr'><strong>et</strong></span> <span class='ocrx_word' id='word_1_519' title='bbox 988 3706 1307 3778; x_wconf 89' lang='lat' dir='ltr'><strong>placuerunt</strong></span> <span class='ocrx_word' id='word_1_520' title='bbox 1345 3722 1408 3762; x_wconf 82' lang='lat' dir='ltr'><strong>ex</strong></span> <span class='ocrx_word' id='word_1_521' title='bbox 1455 3707 1742 3780; x_wconf 85' lang='lat' dir='ltr'><strong>gentilibus</strong></span> 
     </span>
    </p>
   </div>
   <div class='ocr_carea' id='block_1_68' title="bbox 164 3797 1742 3870">
    <p class='ocr_par' dir='ltr' id='par_1_68' title="bbox 164 3797 1742 3870">
     <span class='ocr_line' id='line_1_68' title="bbox 164 3797 1742 3870; baseline -0.001 -15"><span class='ocrx_word' id='word_1_522' title='bbox 164 3807 461 3870; x_wconf 89' lang='lat' dir='ltr'><strong>antequam</strong></span> <span class='ocrx_word' id='word_1_523' title='bbox 507 3799 678 3856; x_wconf 69' lang='lat' dir='ltr'><strong>Judaei</strong></span> <span class='ocrx_word' id='word_1_524' title='bbox 724 3800 781 3855; x_wconf 89' lang='lat' dir='ltr'><strong>in</strong></span> <span class='ocrx_word' id='word_1_525' title='bbox 814 3797 1089 3855; x_wconf 86' lang='lat' dir='ltr'><strong>Abraham</strong></span> <span class='ocrx_word' id='word_1_526' title='bbox 1140 3799 1368 3858; x_wconf 85' lang='lat' dir='ltr'><strong>fuissent</strong></span> <span class='ocrx_word' id='word_1_527' title='bbox 1399 3800 1556 3856; x_wconf 90' lang='lat' dir='ltr'><strong>electi</strong></span> <span class='ocrx_word' id='word_1_528' title='bbox 1594 3808 1649 3854; x_wconf 92' lang='lat' dir='ltr'><strong>et</strong></span> <span class='ocrx_word' id='word_1_529' title='bbox 1687 3801 1742 3855; x_wconf 92' lang='lat' dir='ltr'><strong>in</strong></span> 
     </span>
    </p>
   </div>
   <div class='ocr_carea' id='block_1_69' title="bbox 161 3891 1743 3964">
    <p class='ocr_par' dir='ltr' id='par_1_69' title="bbox 161 3891 1743 3964">
     <span class='ocr_line' id='line_1_69' title="bbox 161 3891 1743 3964; baseline -0.003 -13"><span class='ocrx_word' id='word_1_530' title='bbox 161 3905 367 3952; x_wconf 89' lang='lat' dir='ltr'><strong>sortem</strong></span> <span class='ocrx_word' id='word_1_531' title='bbox 395 3895 492 3952; x_wconf 91' lang='lat' dir='ltr'><strong>Dei</strong></span> <span class='ocrx_word' id='word_1_532' title='bbox 522 3893 783 3964; x_wconf 90' lang='lat' dir='ltr'><strong>assumpti</strong></span> <span class='ocrx_word' id='word_1_533' title='bbox 802 3933 818 3960; x_wconf 92' lang='lat'><strong>,</strong></span> <span class='ocrx_word' id='word_1_534' title='bbox 846 3893 984 3948; x_wconf 90' lang='lat' dir='ltr'><strong>sicut</strong></span> <span class='ocrx_word' id='word_1_535' title='bbox 1011 3892 1169 3958; x_wconf 89' lang='lat' dir='ltr'><strong>Abel,</strong></span> <span class='ocrx_word' id='word_1_536' title='bbox 1203 3891 1338 3958; x_wconf 85' lang='lat' dir='ltr'><strong>Noe,</strong></span> <span class='ocrx_word' id='word_1_537' title='bbox 1370 3891 1519 3959; x_wconf 91' lang='lat' dir='ltr'><strong>Sem,</strong></span> <span class='ocrx_word' id='word_1_538' title='bbox 1546 3891 1648 3947; x_wconf 84' lang='lat' dir='ltr'><strong>Job</strong></span> <span class='ocrx_word' id='word_1_539' title='bbox 1687 3901 1743 3946; x_wconf 92' lang='lat' dir='ltr'><strong>et</strong></span> 
     </span>
    </p>
   </div>
   <div class='ocr_carea' id='block_1_70' title="bbox 163 3982 1745 4057">
    <p class='ocr_par' dir='ltr' id='par_1_70' title="bbox 163 3982 1745 4057">
     <span class='ocr_line' id='line_1_70' title="bbox 163 3982 1745 4057; baseline -0.005 -14"><span class='ocrx_word' id='word_1_540' title='bbox 163 3988 330 4043; x_wconf 88' lang='lat' dir='ltr'><strong>amici</strong></span> <span class='ocrx_word' id='word_1_541' title='bbox 352 3987 492 4057; x_wconf 84' lang='lat' dir='ltr'><strong>ejus,</strong></span> <span class='ocrx_word' id='word_1_542' title='bbox 521 3985 720 4054; x_wconf 87' lang='lat' dir='ltr'><strong>aliique</strong></span> <span class='ocrx_word' id='word_1_543' title='bbox 743 3997 908 4052; x_wconf 92' lang='lat' dir='ltr'><strong>quam</strong></span> <span class='ocrx_word' id='word_1_544' title='bbox 931 3982 1115 4052; x_wconf 90' lang='lat' dir='ltr'><strong>plures</strong></span> <span class='ocrx_word' id='word_1_545' title='bbox 1136 3997 1272 4052; x_wconf 92' lang='lat' dir='ltr'><strong>quos</strong></span> <span class='ocrx_word' id='word_1_546' title='bbox 1293 3982 1575 4052; x_wconf 90' lang='lat' dir='ltr'><strong>Scriptura</strong></span> <span class='ocrx_word' id='word_1_547' title='bbox 1597 3996 1745 4036; x_wconf 90' lang='lat' dir='ltr'><strong>com-</strong></span> 
     </span>
    </p>
   </div>
   <div class='ocr_carea' id='block_1_71' title="bbox 160 4072 1746 4146">
    <p class='ocr_par' dir='ltr' id='par_1_71' title="bbox 160 4072 1746 4146">
     <span class='ocr_line' id='line_1_71' title="bbox 160 4072 1746 4146; baseline -0.005 -10"><span class='ocrx_word' id='word_1_548' title='bbox 160 4085 467 4143; x_wconf 89' lang='lat' dir='ltr'><strong>memorat,</strong></span> <span class='ocrx_word' id='word_1_549' title='bbox 497 4077 581 4133; x_wconf 92' lang='lat' dir='ltr'><strong>vel</strong></span> <span class='ocrx_word' id='word_1_550' title='bbox 606 4091 742 4146; x_wconf 92' lang='lat' dir='ltr'><strong>quos</strong></span> <span class='ocrx_word' id='word_1_551' title='bbox 767 4075 929 4129; x_wconf 92' lang='lat' dir='ltr'><strong>etiam</strong></span> <span class='ocrx_word' id='word_1_552' title='bbox 960 4074 1181 4139; x_wconf 89' lang='lat' dir='ltr'><strong>reticet,</strong></span> <span class='ocrx_word' id='word_1_553' title='bbox 1213 4074 1325 4130; x_wconf 89' lang='lat' dir='ltr'><strong>sive</strong></span> <span class='ocrx_word' id='word_1_554' title='bbox 1352 4075 1407 4128; x_wconf 92' lang='lat' dir='ltr'><strong>in</strong></span> <span class='ocrx_word' id='word_1_555' title='bbox 1428 4074 1531 4128; x_wconf 89' lang='lat' dir='ltr'><strong>hoc</strong></span> <span class='ocrx_word' id='word_1_556' title='bbox 1578 4072 1746 4128; x_wconf 92' lang='lat' dir='ltr'><strong>multo</strong></span> 
     </span>
    </p>
   </div>
   <div class='ocr_carea' id='block_1_72' title="bbox 163 4167 1748 4246">
    <p class='ocr_par' dir='ltr' id='par_1_72' title="bbox 163 4167 1748 4246">
     <span class='ocr_line' id='line_1_72' title="bbox 163 4167 1748 4246; baseline -0.006 -17"><span class='ocrx_word' id='word_1_557' title='bbox 163 4174 346 4246; x_wconf 88' lang='lat' dir='ltr'><strong>magis</strong></span> <span class='ocrx_word' id='word_1_558' title='bbox 383 4171 526 4226; x_wconf 89' lang='lat' dir='ltr'><strong>Deus</strong></span> <span class='ocrx_word' id='word_1_559' title='bbox 564 4169 802 4242; x_wconf 89' lang='lat' dir='ltr'><strong>gentium</strong></span> <span class='ocrx_word' id='word_1_560' title='bbox 829 4177 933 4233; x_wconf 90' lang='lat' dir='ltr'><strong>est,</strong></span> <span class='ocrx_word' id='word_1_561' title='bbox 964 4167 1222 4237; x_wconf 90' lang='lat' dir='ltr'><strong>quoniam</strong></span> <span class='ocrx_word' id='word_1_562' title='bbox 1257 4167 1608 4237; x_wconf 90' lang='lat' dir='ltr'><strong>multoplures</strong></span> <span class='ocrx_word' id='word_1_563' title='bbox 1632 4181 1748 4220; x_wconf 84' lang='lat' dir='ltr'><strong>cre-</strong></span> 
     </span>
    </p>
   </div>
   <div class='ocr_carea' id='block_1_73' title="bbox 161 4255 1748 4336">
    <p class='ocr_par' dir='ltr' id='par_1_73' title="bbox 161 4255 1748 4336">
     <span class='ocr_line' id='line_1_73' title="bbox 161 4255 1748 4336; baseline -0.009 -10"><span class='ocrx_word' id='word_1_564' title='bbox 161 4267 305 4327; x_wconf 87' lang='lat' dir='ltr'><strong>dunt</strong></span> <span class='ocrx_word' id='word_1_565' title='bbox 352 4265 409 4324; x_wconf 78' lang='lat' dir='ltr'><strong>in</strong></span> <span class='ocrx_word' id='word_1_566' title='bbox 447 4283 572 4324; x_wconf 90' lang='lat' dir='ltr'><strong>eum</strong></span> <span class='ocrx_word' id='word_1_567' title='bbox 621 4282 690 4323; x_wconf 86' lang='lat' dir='ltr'><strong>ex</strong></span> <span class='ocrx_word' id='word_1_568' title='bbox 740 4259 988 4336; x_wconf 71' lang='lat' dir='ltr'><strong>gmtihus</strong></span> <span class='ocrx_word' id='word_1_569' title='bbox 1034 4273 1196 4333; x_wconf 82' lang='lat' dir='ltr'><strong>qnam</strong></span> <span class='ocrx_word' id='word_1_570' title='bbox 1237 4273 1303 4312; x_wconf 86' lang='lat' dir='ltr'><strong>ex</strong></span> <span class='ocrx_word' id='word_1_571' title='bbox 1346 4257 1563 4312; x_wconf 74' lang='lat' dir='ltr'><strong>Judmis.</strong></span> <span class='ocrx_word' id='word_1_572' title='bbox 1612 4255 1748 4312; x_wconf 86' lang='lat' dir='ltr'><strong>Nam</strong></span> 
     </span>
    </p>
   </div>
   <div class='ocr_carea' id='block_1_74' title="bbox 158 4348 1751 4433">
    <p class='ocr_par' dir='ltr' id='par_1_74' title="bbox 158 4348 1751 4433">
     <span class='ocr_line' id='line_1_74' title="bbox 158 4348 1751 4433; baseline -0.009 -16"><span class='ocrx_word' id='word_1_573' title='bbox 158 4361 315 4433; x_wconf 89' lang='lat' dir='ltr'><strong>quod</strong></span> <span class='ocrx_word' id='word_1_574' title='bbox 362 4360 479 4431; x_wconf 89' lang='lat' dir='ltr'><strong>ipse</strong></span> <span class='ocrx_word' id='word_1_575' title='bbox 528 4359 598 4415; x_wconf 91' lang='lat' dir='ltr'><strong>sit</strong></span> <span class='ocrx_word' id='word_1_576' title='bbox 642 4357 785 4413; x_wconf 89' lang='lat' dir='ltr'><strong>Deus</strong></span> <span class='ocrx_word' id='word_1_577' title='bbox 831 4355 1070 4427; x_wconf 91' lang='lat' dir='ltr'><strong>gentium</strong></span> <span class='ocrx_word' id='word_1_578' title='bbox 1129 4348 1393 4410; x_wconf 68' lang='lat' dir='ltr'><strong>Jet‘emias</strong></span> <span class='ocrx_word' id='word_1_579' title='bbox 1439 4348 1751 4404; x_wconf 90' lang='lat' dir='ltr'><strong>manifestat</strong></span> 
     </span>
    </p>
   </div>
   <div class='ocr_carea' id='block_1_75' title="bbox 159 4439 1748 4519">
    <p class='ocr_par' dir='ltr' id='par_1_75' title="bbox 159 4439 1748 4519">
     <span class='ocr_line' id='line_1_75' title="bbox 159 4439 1748 4519; baseline -0.006 -10"><span class='ocrx_word' id='word_1_580' title='bbox 159 4454 391 4510; x_wconf 89' lang='lat' dir='ltr'><strong>dicens:</strong></span> <span class='ocrx_word' id='word_1_581' title='bbox 418 4451 549 4517; x_wconf 88' lang='lat' dir='ltr'><strong>Quis</strong></span> <span class='ocrx_word' id='word_1_582' title='bbox 579 4467 684 4505; x_wconf 87' lang='lat' dir='ltr'><strong>non</strong></span> <span class='ocrx_word' id='word_1_583' title='bbox 719 4449 916 4504; x_wconf 85' lang='lat' dir='ltr'><strong>timebit</strong></span> <span class='ocrx_word' id='word_1_584' title='bbox 937 4458 1005 4514; x_wconf 88' lang='lat' dir='ltr'><strong>te,</strong></span> <span class='ocrx_word' id='word_1_585' title='bbox 1030 4465 1060 4502; x_wconf 91' lang='grc' dir='ltr'><strong><em>ο</em></strong></span> <span class='ocrx_word' id='word_1_586' title='bbox 1079 4445 1190 4501; x_wconf 74' lang='lat' dir='ltr'><strong>Rea:</strong></span> <span class='ocrx_word' id='word_1_587' title='bbox 1215 4448 1482 4518; x_wconf 71' lang='lat' dir='ltr'><strong>gentium?</strong></span> <span class='ocrx_word' id='word_1_588' title='bbox 1508 4441 1640 4519; x_wconf 72' lang='lat' dir='ltr'><strong>(Jet&#39;.</strong></span> <span class='ocrx_word' id='word_1_589' title='bbox 1667 4439 1748 4517; x_wconf 70' lang='grc' dir='ltr'><strong>τι..)</strong></span> 
     </span>
    </p>
   </div>
   <div class='ocr_carea' id='block_1_76' title="bbox 239 4539 1748 4614">
    <p class='ocr_par' dir='ltr' id='par_1_76' title="bbox 239 4539 1748 4614">
     <span class='ocr_line' id='line_1_76' title="bbox 239 4539 1748 4614; baseline -0.005 -15"><span class='ocrx_word' id='word_1_590' title='bbox 239 4545 506 4612; x_wconf 82' lang='lat' dir='ltr'><strong>Quoniam</strong></span> <span class='ocrx_word' id='word_1_591' title='bbox 542 4543 751 4614; x_wconf 88' lang='lat' dir='ltr'><strong>quidem</strong></span> <span class='ocrx_word' id='word_1_592' title='bbox 780 4558 914 4596; x_wconf 88' lang='lat' dir='ltr'><strong>unus</strong></span> <span class='ocrx_word' id='word_1_593' title='bbox 955 4539 1095 4595; x_wconf 75' lang='lat' dir='ltr'><strong>licus</strong></span> <span class='ocrx_word' id='word_1_594' title='bbox 1134 4550 1207 4594; x_wconf 88' lang='lat' dir='ltr'><strong>est</strong></span> <span class='ocrx_word' id='word_1_595' title='bbox 1239 4541 1328 4611; x_wconf 88' lang='lat' dir='ltr'><strong>qui</strong></span> <span class='ocrx_word' id='word_1_596' title='bbox 1352 4539 1609 4610; x_wconf 87' lang='lat' dir='ltr'><strong>justiﬁcat</strong></span> <span class='ocrx_word' id='word_1_597' title='bbox 1649 4540 1748 4593; x_wconf 87' lang='lat' dir='ltr'><strong>cir-</strong></span> 
     </span>
    </p>
   </div>
   <div class='ocr_carea' id='block_1_77' title="bbox 157 4631 1744 4705">
    <p class='ocr_par' dir='ltr' id='par_1_77' title="bbox 157 4631 1744 4705">
     <span class='ocr_line' id='line_1_77' title="bbox 157 4631 1744 4705; baseline -0.004 -12"><span class='ocrx_word' id='word_1_598' title='bbox 157 4637 538 4693; x_wconf 89' lang='lat' dir='ltr'><strong>cumcisionem</strong></span> <span class='ocrx_word' id='word_1_599' title='bbox 581 4651 645 4690; x_wconf 76' lang='lat' dir='ltr'><strong>ea:</strong></span> <span class='ocrx_word' id='word_1_600' title='bbox 690 4634 798 4705; x_wconf 88' lang='lat' dir='ltr'><strong>ﬁde</strong></span> <span class='ocrx_word' id='word_1_601' title='bbox 837 4643 892 4688; x_wconf 91' lang='lat' dir='ltr'><strong>et</strong></span> <span class='ocrx_word' id='word_1_602' title='bbox 937 4648 1045 4688; x_wconf 91' lang='lat' dir='ltr'><strong>non</strong></span> <span class='ocrx_word' id='word_1_603' title='bbox 1087 4648 1153 4687; x_wconf 82' lang='lat' dir='ltr'><strong>ex</strong></span> <span class='ocrx_word' id='word_1_604' title='bbox 1189 4631 1442 4702; x_wconf 91' lang='lat' dir='ltr'><strong>operibus</strong></span> <span class='ocrx_word' id='word_1_605' title='bbox 1486 4639 1744 4698; x_wconf 86' lang='lat' dir='ltr'><strong>vocatos,</strong></span> 
     </span>
    </p>
   </div>
   <div class='ocr_carea' id='block_1_78' title="bbox 156 4723 1744 4796">
    <p class='ocr_par' dir='ltr' id='par_1_78' title="bbox 156 4723 1744 4796">
     <span class='ocr_line' id='line_1_78' title="bbox 156 4723 1744 4796; baseline -0.004 -11"><span class='ocrx_word' id='word_1_606' title='bbox 156 4730 424 4787; x_wconf 81' lang='lat' dir='ltr'><strong>videlicet</strong></span> <span class='ocrx_word' id='word_1_607' title='bbox 448 4744 516 4784; x_wconf 91' lang='lat' dir='ltr'><strong>ex</strong></span> <span class='ocrx_word' id='word_1_608' title='bbox 545 4726 746 4784; x_wconf 64' lang='lat' dir='ltr'><strong>Judaeis</strong></span> <span class='ocrx_word' id='word_1_609' title='bbox 771 4726 863 4796; x_wconf 89' lang='lat' dir='ltr'><strong>qui</strong></span> <span class='ocrx_word' id='word_1_610' title='bbox 895 4724 1200 4781; x_wconf 90' lang='lat' dir='ltr'><strong>circumcisi</strong></span> <span class='ocrx_word' id='word_1_611' title='bbox 1239 4723 1595 4794; x_wconf 83' lang='lat' dir='ltr'><strong>appellantur,</strong></span> <span class='ocrx_word' id='word_1_612' title='bbox 1622 4739 1744 4794; x_wconf 82' lang='lat' dir='ltr'><strong>pro—</strong></span> 
     </span>
    </p>
   </div>
   <div class='ocr_carea' id='block_1_79' title="bbox 156 4813 1748 4898">
    <p class='ocr_par' dir='ltr' id='par_1_79' title="bbox 156 4813 1748 4898">
     <span class='ocr_line' id='line_1_79' title="bbox 156 4813 1748 4898; baseline -0.006 -18"><span class='ocrx_word' id='word_1_613' title='bbox 156 4835 293 4898; x_wconf 89' lang='lat' dir='ltr'><strong>pter</strong></span> <span class='ocrx_word' id='word_1_614' title='bbox 341 4821 613 4878; x_wconf 82' lang='lat' dir='ltr'><strong>Abraham</strong></span> <span class='ocrx_word' id='word_1_615' title='bbox 666 4819 758 4890; x_wconf 91' lang='lat' dir='ltr'><strong>qui</strong></span> <span class='ocrx_word' id='word_1_616' title='bbox 806 4819 1014 4889; x_wconf 89' lang='lat' dir='ltr'><strong>primus</strong></span> <span class='ocrx_word' id='word_1_617' title='bbox 1053 4816 1262 4887; x_wconf 91' lang='lat' dir='ltr'><strong>accepit</strong></span> <span class='ocrx_word' id='word_1_618' title='bbox 1303 4831 1456 4883; x_wconf 92' lang='lat' dir='ltr'><strong>eam,</strong></span> <span class='ocrx_word' id='word_1_619' title='bbox 1485 4815 1551 4872; x_wconf 90' lang='lat' dir='ltr'><strong>de</strong></span> <span class='ocrx_word' id='word_1_620' title='bbox 1595 4813 1748 4885; x_wconf 87' lang='lat' dir='ltr'><strong>cujus</strong></span> 
     </span>
    </p>
   </div>
   <div class='ocr_carea' id='block_1_80' title="bbox 155 4911 886 4985">
    <p class='ocr_par' dir='ltr' id='par_1_80' title="bbox 155 4911 886 4985">
     <span class='ocr_line' id='line_1_80' title="bbox 155 4911 886 4985; baseline -0.012 -12"><span class='ocrx_word' id='word_1_621' title='bbox 155 4917 344 4985; x_wconf 89' lang='lat' dir='ltr'><strong>stirpe</strong></span> <span class='ocrx_word' id='word_1_622' title='bbox 371 4913 450 4968; x_wconf 89' lang='lat' dir='ltr'><strong>illi</strong></span> <span class='ocrx_word' id='word_1_623' title='bbox 476 4911 886 4969; x_wconf 89' lang='lat' dir='ltr'><strong>descenderunt.</strong></span> 
     </span>
    </p>
   </div>
   <div class='ocr_carea' id='block_1_81' title="bbox 239 4997 1748 5074">
    <p class='ocr_par' dir='ltr' id='par_1_81' title="bbox 239 4997 1748 5074">
     <span class='ocr_line' id='line_1_81' title="bbox 239 4997 1748 5074; baseline -0.004 -16"><span class='ocrx_word' id='word_1_624' title='bbox 239 5002 314 5058; x_wconf 86' lang='lat' dir='ltr'><strong>Et</strong></span> <span class='ocrx_word' id='word_1_625' title='bbox 335 5002 646 5074; x_wconf 70' lang='lat' dir='ltr'><strong>prteputium</strong></span> <span class='ocrx_word' id='word_1_626' title='bbox 667 5017 760 5071; x_wconf 87' lang='lat' dir='ltr'><strong>per</strong></span> <span class='ocrx_word' id='word_1_627' title='bbox 790 4999 968 5068; x_wconf 86' lang='lat' dir='ltr'><strong>ﬁdem,</strong></span> <span class='ocrx_word' id='word_1_628' title='bbox 1000 4998 1055 5054; x_wconf 91' lang='lat' dir='ltr'><strong>id</strong></span> <span class='ocrx_word' id='word_1_629' title='bbox 1081 5005 1162 5053; x_wconf 90' lang='lat' dir='ltr'><strong>est</strong></span> <span class='ocrx_word' id='word_1_630' title='bbox 1183 4997 1465 5054; x_wconf 86' lang='lat' dir='ltr'><strong>credentes</strong></span> <span class='ocrx_word' id='word_1_631' title='bbox 1489 5013 1556 5054; x_wconf 88' lang='lat' dir='ltr'><strong>ex</strong></span> <span class='ocrx_word' id='word_1_632' title='bbox 1575 4999 1748 5069; x_wconf 89' lang='lat' dir='ltr'><strong>genti-</strong></span> 
     </span>
    </p>
   </div>
   <div class='ocr_carea' id='block_1_82' title="bbox 153 5089 1748 5164">
    <p class='ocr_par' dir='ltr' id='par_1_82' title="bbox 153 5089 1748 5164">
     <span class='ocr_line' id='line_1_82' title="bbox 153 5089 1748 5164; baseline -0.004 -14"><span class='ocrx_word' id='word_1_633' title='bbox 153 5095 273 5151; x_wconf 87' lang='lat' dir='ltr'><strong>bus</strong></span> <span class='ocrx_word' id='word_1_634' title='bbox 294 5093 393 5164; x_wconf 92' lang='lat' dir='ltr'><strong>qui</strong></span> <span class='ocrx_word' id='word_1_635' title='bbox 420 5109 451 5147; x_wconf 93' lang='lat' dir='ltr'><strong>a</strong></span> <span class='ocrx_word' id='word_1_636' title='bbox 481 5091 680 5148; x_wconf 72' lang='lat' dir='ltr'><strong>Iudaeis</strong></span> <span class='ocrx_word' id='word_1_637' title='bbox 705 5091 1026 5161; x_wconf 76' lang='lat' dir='ltr'><strong>praeputium</strong></span> <span class='ocrx_word' id='word_1_638' title='bbox 1054 5091 1400 5146; x_wconf 88' lang='lat' dir='ltr'><strong>vocabantur.</strong></span> <span class='ocrx_word' id='word_1_639' title='bbox 1441 5089 1594 5156; x_wconf 91' lang='lat' dir='ltr'><strong>Quod</strong></span> <span class='ocrx_word' id='word_1_640' title='bbox 1619 5090 1748 5145; x_wconf 89' lang='lat' dir='ltr'><strong>dicit</strong></span> 
     </span>
    </p>
   </div>
   <div class='ocr_carea' id='block_1_83' title="bbox 153 5182 1750 5255">
    <p class='ocr_par' dir='ltr' id='par_1_83' title="bbox 153 5182 1750 5255">
     <span class='ocr_line' id='line_1_83' title="bbox 153 5182 1750 5255; baseline -0.002 -13"><span class='ocrx_word' id='word_1_641' title='bbox 153 5203 228 5242; x_wconf 73' lang='lat' dir='ltr'><strong>ex</strong></span> <span class='ocrx_word' id='word_1_642' title='bbox 274 5185 406 5254; x_wconf 86' lang='lat' dir='ltr'><strong>ﬁde,</strong></span> <span class='ocrx_word' id='word_1_643' title='bbox 435 5185 575 5240; x_wconf 90' lang='lat' dir='ltr'><strong>idem</strong></span> <span class='ocrx_word' id='word_1_644' title='bbox 599 5192 684 5239; x_wconf 92' lang='lat' dir='ltr'><strong>est</strong></span> <span class='ocrx_word' id='word_1_645' title='bbox 709 5191 777 5239; x_wconf 80' lang='grc' dir='ltr'><strong>ει</strong></span> <span class='ocrx_word' id='word_1_646' title='bbox 795 5200 886 5255; x_wconf 89' lang='lat' dir='ltr'><strong>per</strong></span> <span class='ocrx_word' id='word_1_647' title='bbox 915 5183 1101 5252; x_wconf 87' lang='lat' dir='ltr'><strong>ﬁdem,</strong></span> <span class='ocrx_word' id='word_1_648' title='bbox 1139 5183 1265 5252; x_wconf 91' lang='lat' dir='ltr'><strong>quia</strong></span> <span class='ocrx_word' id='word_1_649' title='bbox 1293 5182 1582 5252; x_wconf 84' lang='lat' dir='ltr'><strong>Apostolus</strong></span> <span class='ocrx_word' id='word_1_650' title='bbox 1609 5198 1750 5254; x_wconf 75' lang='lat' dir='ltr'><strong>saepe</strong></span> 
     </span>
    </p>
   </div>
   <div class='ocr_carea' id='block_1_84' title="bbox 156 5272 1752 5347">
    <p class='ocr_par' dir='ltr' id='par_1_84' title="bbox 156 5272 1752 5347">
     <span class='ocr_line' id='line_1_84' title="bbox 156 5272 1752 5347; baseline -0.003 -13"><span class='ocrx_word' id='word_1_651' title='bbox 156 5285 354 5334; x_wconf 87' lang='lat' dir='ltr'><strong>mutat</strong></span> <span class='ocrx_word' id='word_1_652' title='bbox 385 5275 779 5347; x_wconf 87' lang='lat' dir='ltr'><strong>propositiones</strong></span> <span class='ocrx_word' id='word_1_653' title='bbox 809 5276 862 5329; x_wconf 93' lang='lat' dir='ltr'><strong>in</strong></span> <span class='ocrx_word' id='word_1_654' title='bbox 901 5290 1010 5330; x_wconf 92' lang='lat' dir='ltr'><strong>uno</strong></span> <span class='ocrx_word' id='word_1_655' title='bbox 1049 5289 1230 5330; x_wconf 90' lang='lat' dir='ltr'><strong>sensu.</strong></span> <span class='ocrx_word' id='word_1_656' title='bbox 1261 5272 1450 5345; x_wconf 90' lang='lat' dir='ltr'><strong>Legem</strong></span> <span class='ocrx_word' id='word_1_657' title='bbox 1469 5291 1590 5345; x_wconf 91' lang='lat' dir='ltr'><strong>ergo</strong></span> <span class='ocrx_word' id='word_1_658' title='bbox 1614 5289 1752 5344; x_wconf 78' lang='lat' dir='ltr'><strong>prae-</strong></span> 
     </span>
    </p>
   </div>
   <div class='ocr_carea' id='block_1_85' title="bbox 156 5366 1752 5442">
    <p class='ocr_par' dir='ltr' id='par_1_85' title="bbox 156 5366 1752 5442">
     <span class='ocr_line' id='line_1_85' title="bbox 156 5366 1752 5442; baseline -0.004 -14"><span class='ocrx_word' id='word_1_659' title='bbox 156 5381 458 5442; x_wconf 89' lang='lat' dir='ltr'><strong>ceptorum</strong></span> <span class='ocrx_word' id='word_1_660' title='bbox 484 5412 499 5436; x_wconf 94' lang='lat'><strong>,</strong></span> <span class='ocrx_word' id='word_1_661' title='bbox 547 5368 803 5425; x_wconf 89' lang='lat' dir='ltr'><strong>subaudis</strong></span> <span class='ocrx_word' id='word_1_662' title='bbox 846 5383 965 5439; x_wconf 84' lang='lat' dir='ltr'><strong>quae</strong></span> <span class='ocrx_word' id='word_1_663' title='bbox 1000 5368 1132 5424; x_wconf 90' lang='lat' dir='ltr'><strong>dicit</strong></span> <span class='ocrx_word' id='word_1_664' title='bbox 1168 5386 1181 5422; x_wconf 90' lang='lat'><strong>:</strong></span> <span class='ocrx_word' id='word_1_665' title='bbox 1227 5366 1421 5438; x_wconf 84' lang='lat' dir='ltr'><strong>Diliges</strong></span> <span class='ocrx_word' id='word_1_666' title='bbox 1467 5367 1752 5422; x_wconf 88' lang='lat' dir='ltr'><strong>Dominum</strong></span> 
     </span>
    </p>
   </div>
   <div class='ocr_carea' id='block_1_86' title="bbox 156 5456 1755 5526">
    <p class='ocr_par' dir='ltr' id='par_1_86' title="bbox 156 5456 1755 5526">
     <span class='ocr_line' id='line_1_86' title="bbox 156 5456 1755 5526; baseline -0.003 -10"><span class='ocrx_word' id='word_1_667' title='bbox 156 5462 349 5516; x_wconf 87' lang='lat' dir='ltr'><strong>Deum</strong></span> <span class='ocrx_word' id='word_1_668' title='bbox 375 5469 552 5526; x_wconf 87' lang='lat' dir='ltr'><strong>tuum;</strong></span> <span class='ocrx_word' id='word_1_669' title='bbox 593 5468 646 5515; x_wconf 92' lang='lat' dir='ltr'><strong>et</strong></span> <span class='ocrx_word' id='word_1_670' title='bbox 680 5478 690 5514; x_wconf 91' lang='grc'>;</span> <span class='ocrx_word' id='word_1_671' title='bbox 724 5459 884 5525; x_wconf 81' lang='lat' dir='ltr'><strong>Audi,</strong></span> <span class='ocrx_word' id='word_1_672' title='bbox 933 5457 1122 5524; x_wconf 86' lang='lat' dir='ltr'><strong>Israel,</strong></span> <span class='ocrx_word' id='word_1_673' title='bbox 1169 5457 1311 5512; x_wconf 88' lang='lat' dir='ltr'><strong>Deus</strong></span> <span class='ocrx_word' id='word_1_674' title='bbox 1357 5474 1490 5512; x_wconf 86' lang='lat' dir='ltr'><strong>unus</strong></span> <span class='ocrx_word' id='word_1_675' title='bbox 1528 5465 1634 5523; x_wconf 89' lang='lat' dir='ltr'><strong>est,</strong></span> <span class='ocrx_word' id='word_1_676' title='bbox 1664 5456 1755 5512; x_wconf 86' lang='lat' dir='ltr'><strong>de-</strong></span> 
     </span>
    </p>
   </div>
   <div class='ocr_carea' id='block_1_87' title="bbox 157 5547 1748 5634">
    <p class='ocr_par' dir='ltr' id='par_1_87' title="bbox 157 5547 1748 5634">
     <span class='ocr_line' id='line_1_87' title="bbox 157 5547 1748 5634; baseline -0.004 -26"><span class='ocrx_word' id='word_1_677' title='bbox 157 5554 433 5608; x_wconf 85' lang='lat' dir='ltr'><strong>struimus</strong></span> <span class='ocrx_word' id='word_1_678' title='bbox 478 5567 569 5623; x_wconf 87' lang='lat' dir='ltr'><strong>per</strong></span> <span class='ocrx_word' id='word_1_679' title='bbox 611 5551 770 5621; x_wconf 88' lang='lat' dir='ltr'><strong>ﬁdem</strong></span> <span class='ocrx_word' id='word_1_680' title='bbox 793 5590 832 5634; x_wconf 36' lang='lat'><strong>,\</strong></span> <span class='ocrx_word' id='word_1_681' title='bbox 857 5557 911 5604; x_wconf 91' lang='lat' dir='ltr'><strong>et</strong></span> <span class='ocrx_word' id='word_1_682' title='bbox 946 5564 1044 5620; x_wconf 90' lang='lat' dir='ltr'><strong>per</strong></span> <span class='ocrx_word' id='word_1_683' title='bbox 1078 5548 1287 5605; x_wconf 85' lang='lat' dir='ltr'><strong>Novum</strong></span> <span class='ocrx_word' id='word_1_684' title='bbox 1325 5547 1748 5605; x_wconf 89' lang='lat' dir='ltr'><strong>Testamentum.</strong></span> 
     </span>
    </p>
   </div>
   <div class='ocr_carea' id='block_1_88' title="bbox 158 5633 1758 5715">
    <p class='ocr_par' dir='ltr' id='par_1_88' title="bbox 158 5633 1758 5715">
     <span class='ocr_line' id='line_1_88' title="bbox 158 5633 1758 5715; baseline -0.002 -15"><span class='ocrx_word' id='word_1_685' title='bbox 158 5645 350 5701; x_wconf 82' lang='lat' dir='ltr'><strong>Absit.</strong></span> <span class='ocrx_word' id='word_1_686' title='bbox 381 5643 658 5700; x_wconf 64' lang='lat' dir='ltr'><strong>Prataavet</strong></span> <span class='ocrx_word' id='word_1_687' title='bbox 682 5643 737 5700; x_wconf 93' lang='lat' dir='ltr'><strong>in</strong></span> <span class='ocrx_word' id='word_1_688' title='bbox 764 5633 865 5699; x_wconf 85' lang='lat' dir='ltr'><strong>hoc</strong></span> <span class='ocrx_word' id='word_1_689' title='bbox 885 5642 1004 5700; x_wconf 91' lang='lat' dir='ltr'><strong>loco</strong></span> <span class='ocrx_word' id='word_1_690' title='bbox 1029 5642 1314 5715; x_wconf 87' lang='lat' dir='ltr'><strong>Apostolus</strong></span> <span class='ocrx_word' id='word_1_691' title='bbox 1342 5643 1758 5699; x_wconf 65' lang='lat' dir='ltr'><strong>aestimationem</strong></span> 
     </span>
    </p>
   </div>
   <div class='ocr_carea' id='block_1_89' title="bbox 157 5734 1758 5808">
    <p class='ocr_par' dir='ltr' id='par_1_89' title="bbox 157 5734 1758 5808">
     <span class='ocr_line' id='line_1_89' title="bbox 157 5734 1758 5808; baseline -0.002 -15"><span class='ocrx_word' id='word_1_692' title='bbox 157 5737 510 5794; x_wconf 59' lang='lat' dir='ltr'><strong>Iudaeorum.</strong></span> <span class='ocrx_word' id='word_1_693' title='bbox 557 5735 659 5792; x_wconf 85' lang='lat' dir='ltr'><strong>Sed</strong></span> <span class='ocrx_word' id='word_1_694' title='bbox 696 5734 878 5808; x_wconf 87' lang='lat' dir='ltr'><strong>legem,</strong></span> <span class='ocrx_word' id='word_1_695' title='bbox 907 5736 1161 5794; x_wconf 88' lang='lat' dir='ltr'><strong>subaudis</strong></span> <span class='ocrx_word' id='word_1_696' title='bbox 1184 5746 1613 5807; x_wconf 65' lang='lat' dir='ltr'><strong>praeceptorum,</strong></span> <span class='ocrx_word' id='word_1_697' title='bbox 1649 5745 1758 5791; x_wconf 87' lang='lat' dir='ltr'><strong>sta-</strong></span> 
     </span>
    </p>
   </div>
   <div class='ocr_carea' id='block_1_90' title="bbox 159 5827 1758 5896">
    <p class='ocr_par' dir='ltr' id='par_1_90' title="bbox 159 5827 1758 5896">
     <span class='ocr_line' id='line_1_90' title="bbox 159 5827 1758 5896; baseline 0.003 -14"><span class='ocrx_word' id='word_1_698' title='bbox 159 5830 380 5883; x_wconf 82' lang='lat' dir='ltr'><strong>tuimus</strong></span> <span class='ocrx_word' id='word_1_699' title='bbox 399 5869 414 5893; x_wconf 98' lang='lat'><strong>,</strong></span> <span class='ocrx_word' id='word_1_700' title='bbox 444 5828 498 5882; x_wconf 92' lang='lat' dir='ltr'><strong>id</strong></span> <span class='ocrx_word' id='word_1_701' title='bbox 537 5834 622 5884; x_wconf 87' lang='lat' dir='ltr'><strong>est</strong></span> <span class='ocrx_word' id='word_1_702' title='bbox 649 5827 1054 5894; x_wconf 83' lang='lat' dir='ltr'><strong>confirmamus,</strong></span> <span class='ocrx_word' id='word_1_703' title='bbox 1083 5836 1140 5884; x_wconf 91' lang='lat' dir='ltr'><strong>et</strong></span> <span class='ocrx_word' id='word_1_704' title='bbox 1166 5828 1463 5896; x_wconf 90' lang='lat' dir='ltr'><strong>laudamus,</strong></span> <span class='ocrx_word' id='word_1_705' title='bbox 1495 5837 1551 5886; x_wconf 92' lang='lat' dir='ltr'><strong>et</strong></span> <span class='ocrx_word' id='word_1_706' title='bbox 1587 5846 1617 5885; x_wconf 92' lang='lat' dir='ltr'><strong>a</strong></span> <span class='ocrx_word' id='word_1_707' title='bbox 1645 5830 1758 5886; x_wconf 90' lang='lat' dir='ltr'><strong>Deo</strong></span> 
     </span>
    </p>
   </div>
   <div class='ocr_carea' id='block_1_91' title="bbox 159 5917 1756 5992">
    <p class='ocr_par' dir='ltr' id='par_1_91' title="bbox 159 5917 1756 5992">
     <span class='ocr_line' id='line_1_91' title="bbox 159 5917 1756 5992; baseline -0.001 -16"><span class='ocrx_word' id='word_1_708' title='bbox 159 5922 368 5976; x_wconf 81' lang='lat' dir='ltr'><strong>datam</strong></span> <span class='ocrx_word' id='word_1_709' title='bbox 398 5918 645 5983; x_wconf 91' lang='lat' dir='ltr'><strong>dicimus,</strong></span> <span class='ocrx_word' id='word_1_710' title='bbox 676 5917 760 5972; x_wconf 86' lang='lat' dir='ltr'><strong>vel</strong></span> <span class='ocrx_word' id='word_1_711' title='bbox 791 5919 952 5974; x_wconf 90' lang='lat' dir='ltr'><strong>etiam</strong></span> <span class='ocrx_word' id='word_1_712' title='bbox 987 5934 1200 5976; x_wconf 89' lang='lat' dir='ltr'><strong>omnem</strong></span> <span class='ocrx_word' id='word_1_713' title='bbox 1233 5920 1400 5992; x_wconf 79' lang='lat' dir='ltr'><strong>lcgcm</strong></span> <span class='ocrx_word' id='word_1_714' title='bbox 1431 5921 1756 5992; x_wconf 82' lang='lat' dir='ltr'><strong>generaliter</strong></span> 
     </span>
    </p>
   </div>
   <div class='ocr_carea' id='block_1_92' title="bbox 514 6010 1082 6072">
    <p class='ocr_par' dir='ltr' id='par_1_92' title="bbox 514 6010 1082 6072">
     <span class='ocr_line' id='line_1_92' title="bbox 514 6010 1082 6072; baseline 0.007 -4"><span class='ocrx_word' id='word_1_715' title='bbox 514 6011 785 6070; x_wconf 70' lang='grc' dir='ltr'>ΡΔτιιοι..</span> <span class='ocrx_word' id='word_1_716' title='bbox 830 6010 1082 6072; x_wconf 81' lang='lat' dir='ltr'><strong>CXVII.</strong></span> 
     </span>
    </p>
   </div>
   <div class='ocr_carea' id='block_1_93' title="bbox 1841 3429 3424 3514">
    <p class='ocr_par' dir='ltr' id='par_1_93' title="bbox 1841 3429 3424 3514">
     <span class='ocr_line' id='line_1_93' title="bbox 1841 3429 3424 3514; baseline -0.009 -18"><span class='ocrx_word' id='word_1_717' title='bbox 1841 3441 2028 3514; x_wconf 84' lang='lat' dir='ltr'><strong>(llebr.</strong></span> <span class='ocrx_word' id='word_1_718' title='bbox 2073 3437 2176 3510; x_wconf 81' lang='lat' dir='ltr'><strong>xi).</strong></span> <span class='ocrx_word' id='word_1_719' title='bbox 2221 3435 2279 3490; x_wconf 89' lang='lat' dir='ltr'><strong>In</strong></span> <span class='ocrx_word' id='word_1_720' title='bbox 2310 3450 2370 3491; x_wconf 89' lang='lat' dir='ltr'><strong>se</strong></span> <span class='ocrx_word' id='word_1_721' title='bbox 2403 3448 2532 3504; x_wconf 91' lang='lat' dir='ltr'><strong>ergo</strong></span> <span class='ocrx_word' id='word_1_722' title='bbox 2575 3439 2630 3487; x_wconf 87' lang='lat' dir='ltr'><strong>et</strong></span> <span class='ocrx_word' id='word_1_723' title='bbox 2670 3430 2811 3501; x_wconf 92' lang='lat' dir='ltr'><strong>apud</strong></span> <span class='ocrx_word' id='word_1_724' title='bbox 2851 3431 3100 3488; x_wconf 88' lang='lat' dir='ltr'><strong>homines</strong></span> <span class='ocrx_word' id='word_1_725' title='bbox 3141 3429 3424 3485; x_wconf 87' lang='lat' dir='ltr'><strong>habuisset</strong></span> 
     </span>
    </p>
   </div>
   <div class='ocr_carea' id='block_1_94' title="bbox 1839 3520 3420 3602">
    <p class='ocr_par' dir='ltr' id='par_1_94' title="bbox 1839 3520 3420 3602">
     <span class='ocr_line' id='line_1_94' title="bbox 1839 3520 3420 3602; baseline -0.009 -12"><span class='ocrx_word' id='word_1_726' title='bbox 1839 3532 2114 3589; x_wconf 83' lang='lat' dir='ltr'><strong>Abraham</strong></span> <span class='ocrx_word' id='word_1_727' title='bbox 2141 3529 2368 3602; x_wconf 88' lang='lat' dir='ltr'><strong>gloriam</strong></span> <span class='ocrx_word' id='word_1_728' title='bbox 2413 3534 2469 3582; x_wconf 90' lang='lat' dir='ltr'><strong>et</strong></span> <span class='ocrx_word' id='word_1_729' title='bbox 2506 3525 2716 3580; x_wconf 85' lang='lat' dir='ltr'><strong>laudem</strong></span> <span class='ocrx_word' id='word_1_730' title='bbox 2764 3540 2862 3595; x_wconf 89' lang='lat' dir='ltr'><strong>pro</strong></span> <span class='ocrx_word' id='word_1_731' title='bbox 2907 3523 3021 3580; x_wconf 83' lang='lat' dir='ltr'><strong>suis</strong></span> <span class='ocrx_word' id='word_1_732' title='bbox 3058 3520 3333 3593; x_wconf 89' lang='lat' dir='ltr'><strong>operibus,</strong></span> <span class='ocrx_word' id='word_1_733' title='bbox 3376 3521 3420 3575; x_wconf 91' lang='lat' dir='ltr'><strong>si</strong></span> 
     </span>
    </p>
   </div>
   <div class='ocr_carea' id='block_1_95' title="bbox 1834 3613 3424 3692">
    <p class='ocr_par' dir='ltr' id='par_1_95' title="bbox 1834 3613 3424 3692">
     <span class='ocr_line' id='line_1_95' title="bbox 1834 3613 3424 3692; baseline -0.006 -14"><span class='ocrx_word' id='word_1_734' title='bbox 1834 3621 2164 3692; x_wconf 87' lang='lat' dir='ltr'><strong>justiﬁcatus</strong></span> <span class='ocrx_word' id='word_1_735' title='bbox 2210 3619 2400 3675; x_wconf 88' lang='lat' dir='ltr'><strong>fuisset</strong></span> <span class='ocrx_word' id='word_1_736' title='bbox 2420 3616 2536 3685; x_wconf 88' lang='lat' dir='ltr'><strong>sine</strong></span> <span class='ocrx_word' id='word_1_737' title='bbox 2565 3615 2669 3670; x_wconf 91' lang='lat' dir='ltr'><strong>lide</strong></span> <span class='ocrx_word' id='word_1_738' title='bbox 2704 3616 2817 3671; x_wconf 91' lang='lat' dir='ltr'><strong>suis</strong></span> <span class='ocrx_word' id='word_1_739' title='bbox 2853 3615 3138 3684; x_wconf 90' lang='lat' dir='ltr'><strong>operibus,</strong></span> <span class='ocrx_word' id='word_1_740' title='bbox 3166 3616 3306 3671; x_wconf 82' lang='lat' dir='ltr'><strong>sicut</strong></span> <span class='ocrx_word' id='word_1_741' title='bbox 3334 3613 3424 3668; x_wconf 87' lang='lat' dir='ltr'><strong>ille</strong></span> 
     </span>
    </p>
   </div>
   <div class='ocr_carea' id='block_1_96' title="bbox 1841 3707 3424 3784">
    <p class='ocr_par' dir='ltr' id='par_1_96' title="bbox 1841 3707 3424 3784">
     <span class='ocr_line' id='line_1_96' title="bbox 1841 3707 3424 3784; baseline -0.006 -16"><span class='ocrx_word' id='word_1_742' title='bbox 1841 3713 2140 3784; x_wconf 59' lang='lat' dir='ltr'><strong>pharisaeus</strong></span> <span class='ocrx_word' id='word_1_743' title='bbox 2180 3710 2536 3782; x_wconf 85' lang='lat' dir='ltr'><strong>gloriabatur,</strong></span> <span class='ocrx_word' id='word_1_744' title='bbox 2578 3707 2668 3778; x_wconf 93' lang='lat' dir='ltr'><strong>qui</strong></span> <span class='ocrx_word' id='word_1_745' title='bbox 2703 3723 2824 3763; x_wconf 87' lang='lat' dir='ltr'><strong>emn</strong></span> <span class='ocrx_word' id='word_1_746' title='bbox 2872 3707 3158 3777; x_wconf 91' lang='lat' dir='ltr'><strong>publicano</strong></span> <span class='ocrx_word' id='word_1_747' title='bbox 3195 3707 3248 3761; x_wconf 92' lang='lat' dir='ltr'><strong>in</strong></span> <span class='ocrx_word' id='word_1_748' title='bbox 3294 3714 3424 3762; x_wconf 82' lang='lat' dir='ltr'><strong>tem-</strong></span> 
     </span>
    </p>
   </div>
   <div class='ocr_carea' id='block_1_97' title="bbox 1843 3795 3419 3872">
    <p class='ocr_par' dir='ltr' id='par_1_97' title="bbox 1843 3795 3419 3872">
     <span class='ocr_line' id='line_1_97' title="bbox 1843 3795 3419 3872; baseline -0.004 -17"><span class='ocrx_word' id='word_1_749' title='bbox 1843 3801 1989 3872; x_wconf 92' lang='lat' dir='ltr'><strong>plum</strong></span> <span class='ocrx_word' id='word_1_750' title='bbox 2047 3801 2383 3856; x_wconf 89' lang='lat' dir='ltr'><strong>ascenderat.</strong></span> <span class='ocrx_word' id='word_1_751' title='bbox 2425 3798 2552 3852; x_wconf 88' lang='lat' dir='ltr'><strong>Fuit</strong></span> <span class='ocrx_word' id='word_1_752' title='bbox 2599 3812 2733 3867; x_wconf 90' lang='lat' dir='ltr'><strong>opus</strong></span> <span class='ocrx_word' id='word_1_753' title='bbox 2778 3797 3009 3852; x_wconf 76' lang='lat' dir='ltr'><strong>Abrahae</strong></span> <span class='ocrx_word' id='word_1_754' title='bbox 3058 3795 3419 3852; x_wconf 83' lang='lat' dir='ltr'><strong>circumcisio.</strong></span> 
     </span>
    </p>
   </div>
   <div class='ocr_carea' id='block_1_98' title="bbox 1846 3887 3424 3962">
    <p class='ocr_par' dir='ltr' id='par_1_98' title="bbox 1846 3887 3424 3962">
     <span class='ocr_line' id='line_1_98' title="bbox 1846 3887 3424 3962; baseline -0.006 -14"><span class='ocrx_word' id='word_1_755' title='bbox 1846 3893 1971 3948; x_wconf 88' lang='lat' dir='ltr'><strong>Fuit</strong></span> <span class='ocrx_word' id='word_1_756' title='bbox 2004 3894 2187 3962; x_wconf 91' lang='lat' dir='ltr'><strong>utique</strong></span> <span class='ocrx_word' id='word_1_757' title='bbox 2215 3893 2284 3948; x_wconf 92' lang='lat' dir='ltr'><strong>ob</strong></span> <span class='ocrx_word' id='word_1_758' title='bbox 2314 3892 2526 3961; x_wconf 88' lang='lat' dir='ltr'><strong>signum</strong></span> <span class='ocrx_word' id='word_1_759' title='bbox 2555 3904 2763 3959; x_wconf 77' lang='lat' dir='ltr'><strong>magna:</strong></span> <span class='ocrx_word' id='word_1_760' title='bbox 2791 3889 2914 3953; x_wconf 85' lang='lat' dir='ltr'><strong>ﬁdei</strong></span> <span class='ocrx_word' id='word_1_761' title='bbox 2940 3905 3083 3954; x_wconf 59' lang='lat' dir='ltr'><strong>suas;</strong></span> <span class='ocrx_word' id='word_1_762' title='bbox 3126 3887 3220 3942; x_wconf 90' lang='lat' dir='ltr'><strong>sed</strong></span> <span class='ocrx_word' id='word_1_763' title='bbox 3247 3897 3424 3942; x_wconf 87' lang='lat' dir='ltr'><strong>tamen</strong></span> 
     </span>
    </p>
   </div>
   <div class='ocr_carea' id='block_1_99' title="bbox 1847 3979 3423 4052">
    <p class='ocr_par' dir='ltr' id='par_1_99' title="bbox 1847 3979 3423 4052">
     <span class='ocr_line' id='line_1_99' title="bbox 1847 3979 3423 4052; baseline -0.003 -14"><span class='ocrx_word' id='word_1_764' title='bbox 1847 3994 2136 4052; x_wconf 89' lang='lat' dir='ltr'><strong>antequam</strong></span> <span class='ocrx_word' id='word_1_765' title='bbox 2179 3981 2677 4045; x_wconf 89' lang='lat' dir='ltr'><strong>circumcideretur,</strong></span> <span class='ocrx_word' id='word_1_766' title='bbox 2722 3989 2848 4034; x_wconf 90' lang='lat' dir='ltr'><strong>ante</strong></span> <span class='ocrx_word' id='word_1_767' title='bbox 2883 3996 2916 4034; x_wconf 89' lang='lat' dir='ltr'><strong>a</strong></span> <span class='ocrx_word' id='word_1_768' title='bbox 2952 3979 3064 4035; x_wconf 92' lang='lat' dir='ltr'><strong>Deo</strong></span> <span class='ocrx_word' id='word_1_769' title='bbox 3090 3979 3292 4036; x_wconf 88' lang='lat' dir='ltr'><strong>electus</strong></span> <span class='ocrx_word' id='word_1_770' title='bbox 3323 3989 3423 4040; x_wconf 85' lang='lat' dir='ltr'><strong>est.</strong></span> 
     </span>
    </p>
   </div>
   <div class='ocr_carea' id='block_1_100' title="bbox 1850 4071 3429 4144">
    <p class='ocr_par' dir='ltr' id='par_1_100' title="bbox 1850 4071 3429 4144">
     <span class='ocr_line' id='line_1_100' title="bbox 1850 4071 3429 4144; baseline -0.003 -16"><span class='ocrx_word' id='word_1_771' title='bbox 1850 4075 2076 4144; x_wconf 88' lang='lat' dir='ltr'><strong>ideoque</strong></span> <span class='ocrx_word' id='word_1_772' title='bbox 2131 4089 2239 4130; x_wconf 90' lang='lat' dir='ltr'><strong>non</strong></span> <span class='ocrx_word' id='word_1_773' title='bbox 2272 4088 2339 4127; x_wconf 89' lang='lat' dir='ltr'><strong>ex</strong></span> <span class='ocrx_word' id='word_1_774' title='bbox 2376 4072 2629 4143; x_wconf 90' lang='lat' dir='ltr'><strong>operibus</strong></span> <span class='ocrx_word' id='word_1_775' title='bbox 2660 4071 2984 4142; x_wconf 86' lang='lat' dir='ltr'><strong>justiﬁcatus</strong></span> <span class='ocrx_word' id='word_1_776' title='bbox 3021 4079 3136 4137; x_wconf 90' lang='lat' dir='ltr'><strong>est,</strong></span> <span class='ocrx_word' id='word_1_777' title='bbox 3186 4071 3281 4126; x_wconf 90' lang='lat' dir='ltr'><strong>sed</strong></span> <span class='ocrx_word' id='word_1_778' title='bbox 3332 4087 3429 4141; x_wconf 91' lang='lat' dir='ltr'><strong>per</strong></span> 
     </span>
    </p>
   </div>
   <div class='ocr_carea' id='block_1_101' title="bbox 1850 4161 3425 4234">
    <p class='ocr_par' dir='ltr' id='par_1_101' title="bbox 1850 4161 3425 4234">
     <span class='ocr_line' id='line_1_101' title="bbox 1850 4161 3425 4234; baseline -0.001 -14"><span class='ocrx_word' id='word_1_779' title='bbox 1850 4166 2031 4222; x_wconf 90' lang='lat' dir='ltr'><strong>ﬁdem.</strong></span> <span class='ocrx_word' id='word_1_780' title='bbox 2064 4164 2216 4220; x_wconf 87' lang='lat' dir='ltr'><strong>Unde</strong></span> <span class='ocrx_word' id='word_1_781' title='bbox 2242 4163 2522 4233; x_wconf 90' lang='lat' dir='ltr'><strong>Scriptura</strong></span> <span class='ocrx_word' id='word_1_782' title='bbox 2549 4177 2659 4219; x_wconf 91' lang='lat' dir='ltr'><strong>non</strong></span> <span class='ocrx_word' id='word_1_783' title='bbox 2687 4173 3074 4219; x_wconf 90' lang='lat' dir='ltr'><strong>commemorat</strong></span> <span class='ocrx_word' id='word_1_784' title='bbox 3093 4178 3259 4234; x_wconf 89' lang='lat' dir='ltr'><strong>opera</strong></span> <span class='ocrx_word' id='word_1_785' title='bbox 3287 4161 3425 4233; x_wconf 82' lang='lat' dir='ltr'><strong>ejus,</strong></span> 
     </span>
    </p>
   </div>
   <div class='ocr_carea' id='block_1_102' title="bbox 1851 4257 2476 4327">
    <p class='ocr_par' dir='ltr' id='par_1_102' title="bbox 1851 4257 2476 4327">
     <span class='ocr_line' id='line_1_102' title="bbox 1851 4257 2476 4327; baseline -0.008 -13"><span class='ocrx_word' id='word_1_786' title='bbox 1851 4259 1946 4315; x_wconf 82' lang='lat' dir='ltr'><strong>sed</strong></span> <span class='ocrx_word' id='word_1_787' title='bbox 1971 4258 2153 4313; x_wconf 84' lang='lat' dir='ltr'><strong>ﬁdem.</strong></span> <span class='ocrx_word' id='word_1_788' title='bbox 2177 4257 2434 4327; x_wconf 89' lang='lat' dir='ltr'><strong>Sequitur</strong></span> <span class='ocrx_word' id='word_1_789' title='bbox 2463 4274 2476 4309; x_wconf 88' lang='lat'><strong>:</strong></span> 
     </span>
    </p>
   </div>
   <div class='ocr_carea' id='block_1_103' title="bbox 1925 4349 3428 4418">
    <p class='ocr_par' dir='ltr' id='par_1_103' title="bbox 1925 4349 3428 4418">
     <span class='ocr_line' id='line_1_103' title="bbox 1925 4349 3428 4418; baseline 0.003 -15"><span class='ocrx_word' id='word_1_790' title='bbox 1925 4349 2065 4416; x_wconf 87' lang='lat' dir='ltr'><strong>Quid</strong></span> <span class='ocrx_word' id='word_1_791' title='bbox 2105 4349 2379 4418; x_wconf 84' lang='lat' dir='ltr'><strong>Scriptura</strong></span> <span class='ocrx_word' id='word_1_792' title='bbox 2400 4349 2570 4403; x_wconf 83' lang='lat' dir='ltr'><strong>dicit?</strong></span> <span class='ocrx_word' id='word_1_793' title='bbox 2592 4349 2824 4406; x_wconf 86' lang='lat' dir='ltr'><strong>Credidit</strong></span> <span class='ocrx_word' id='word_1_794' title='bbox 2849 4350 3116 4406; x_wconf 88' lang='lat' dir='ltr'><strong>Abraham</strong></span> <span class='ocrx_word' id='word_1_795' title='bbox 3137 4349 3268 4417; x_wconf 90' lang='lat' dir='ltr'><strong>Deo,</strong></span> <span class='ocrx_word' id='word_1_796' title='bbox 3299 4351 3428 4408; x_wconf 81' lang='lat' dir='ltr'><strong>obe-</strong></span> 
     </span>
    </p>
   </div>
   <div class='ocr_carea' id='block_1_104' title="bbox 1852 4441 3430 4512">
    <p class='ocr_par' dir='ltr' id='par_1_104' title="bbox 1852 4441 3430 4512">
     <span class='ocr_line' id='line_1_104' title="bbox 1852 4441 3430 4512; baseline -0.004 -8"><span class='ocrx_word' id='word_1_797' title='bbox 1852 4442 2004 4504; x_wconf 73' lang='lat' dir='ltr'><strong>dietts</strong></span> <span class='ocrx_word' id='word_1_798' title='bbox 2052 4441 2336 4511; x_wconf 86' lang='lat' dir='ltr'><strong>praeceptis</strong></span> <span class='ocrx_word' id='word_1_799' title='bbox 2383 4441 2524 4496; x_wconf 90' lang='lat' dir='ltr'><strong>illius</strong></span> <span class='ocrx_word' id='word_1_800' title='bbox 2548 4482 2564 4508; x_wconf 91' lang='lat'><strong>,</strong></span> <span class='ocrx_word' id='word_1_801' title='bbox 2591 4443 2716 4512; x_wconf 90' lang='lat' dir='ltr'><strong>quia</strong></span> <span class='ocrx_word' id='word_1_802' title='bbox 2756 4443 2924 4498; x_wconf 90' lang='lat' dir='ltr'><strong>exivit</strong></span> <span class='ocrx_word' id='word_1_803' title='bbox 2950 4443 3016 4498; x_wconf 91' lang='lat' dir='ltr'><strong>de</strong></span> <span class='ocrx_word' id='word_1_804' title='bbox 3044 4451 3188 4498; x_wconf 89' lang='lat' dir='ltr'><strong>terra</strong></span> <span class='ocrx_word' id='word_1_805' title='bbox 3228 4458 3347 4509; x_wconf 90' lang='lat' dir='ltr'><strong>sua,</strong></span> <span class='ocrx_word' id='word_1_806' title='bbox 3376 4452 3430 4498; x_wconf 89' lang='lat' dir='ltr'><strong>et</strong></span> 
     </span>
    </p>
   </div>
   <div class='ocr_carea' id='block_1_105' title="bbox 1852 4537 3428 4614">
    <p class='ocr_par' dir='ltr' id='par_1_105' title="bbox 1852 4537 3428 4614">
     <span class='ocr_line' id='line_1_105' title="bbox 1852 4537 3428 4614; baseline -0.003 -14"><span class='ocrx_word' id='word_1_807' title='bbox 1852 4545 1918 4600; x_wconf 92' lang='lat' dir='ltr'><strong>de</strong></span> <span class='ocrx_word' id='word_1_808' title='bbox 1967 4537 2322 4614; x_wconf 68' lang='lat' dir='ltr'><strong>promissione</strong></span> <span class='ocrx_word' id='word_1_809' title='bbox 2382 4537 2524 4597; x_wconf 80' lang='lat' dir='ltr'><strong>Isaac</strong></span> <span class='ocrx_word' id='word_1_810' title='bbox 2575 4546 2629 4592; x_wconf 86' lang='lat' dir='ltr'><strong>et</strong></span> <span class='ocrx_word' id='word_1_811' title='bbox 2678 4537 2877 4595; x_wconf 82' lang='lat' dir='ltr'><strong>Christi</strong></span> <span class='ocrx_word' id='word_1_812' title='bbox 2922 4538 3151 4598; x_wconf 77' lang='lat' dir='ltr'><strong>credidit</strong></span> <span class='ocrx_word' id='word_1_813' title='bbox 3196 4539 3336 4614; x_wconf 88' lang='lat' dir='ltr'><strong>quod</strong></span> <span class='ocrx_word' id='word_1_814' title='bbox 3377 4539 3428 4596; x_wconf 90' lang='lat' dir='ltr'><strong>ei</strong></span> 
     </span>
    </p>
   </div>
   <div class='ocr_carea' id='block_1_106' title="bbox 1853 4635 3428 4707">
    <p class='ocr_par' dir='ltr' id='par_1_106' title="bbox 1853 4635 3428 4707">
     <span class='ocr_line' id='line_1_106' title="bbox 1853 4635 3428 4707; baseline 0 -17"><span class='ocrx_word' id='word_1_815' title='bbox 1853 4635 1990 4691; x_wconf 83' lang='lat' dir='ltr'><strong>dixit</strong></span> <span class='ocrx_word' id='word_1_816' title='bbox 2049 4636 2192 4691; x_wconf 87' lang='lat' dir='ltr'><strong>Deus</strong></span> <span class='ocrx_word' id='word_1_817' title='bbox 2243 4649 2256 4688; x_wconf 89' lang='lat'><strong>:</strong></span> <span class='ocrx_word' id='word_1_818' title='bbox 2312 4635 2381 4689; x_wconf 84' lang='lat' dir='ltr'><strong>In</strong></span> <span class='ocrx_word' id='word_1_819' title='bbox 2439 4637 2631 4690; x_wconf 82' lang='lat' dir='ltr'><strong>semine</strong></span> <span class='ocrx_word' id='word_1_820' title='bbox 2682 4646 2770 4690; x_wconf 86' lang='lat' dir='ltr'><strong>tuo</strong></span> <span class='ocrx_word' id='word_1_821' title='bbox 2832 4636 3428 4707; x_wconf 46' lang='lat' dir='ltr'><strong>benedicentuqomnes</strong></span> 
     </span>
    </p>
   </div>
   <div class='ocr_carea' id='block_1_107' title="bbox 1848 4729 3428 4802">
    <p class='ocr_par' dir='ltr' id='par_1_107' title="bbox 1848 4729 3428 4802">
     <span class='ocr_line' id='line_1_107' title="bbox 1848 4729 3428 4802; baseline -0.002 -17"><span class='ocrx_word' id='word_1_822' title='bbox 1848 4740 2046 4802; x_wconf 87' lang='lat' dir='ltr'><strong>gentes.</strong></span> <span class='ocrx_word' id='word_1_823' title='bbox 2075 4730 2143 4784; x_wconf 86' lang='lat' dir='ltr'><strong>Et</strong></span> <span class='ocrx_word' id='word_1_824' title='bbox 2161 4730 2287 4800; x_wconf 87' lang='lat' dir='ltr'><strong>quia</strong></span> <span class='ocrx_word' id='word_1_825' title='bbox 2314 4730 2534 4784; x_wconf 80' lang='lat' dir='ltr'><strong>credidit</strong></span> <span class='ocrx_word' id='word_1_826' title='bbox 2561 4729 2670 4784; x_wconf 91' lang='lat' dir='ltr'><strong>Deo</strong></span> <span class='ocrx_word' id='word_1_827' title='bbox 2695 4739 2984 4800; x_wconf 84' lang='lat' dir='ltr'><strong>reputatum</strong></span> <span class='ocrx_word' id='word_1_828' title='bbox 3011 4740 3085 4784; x_wconf 89' lang='lat' dir='ltr'><strong>est</strong></span> <span class='ocrx_word' id='word_1_829' title='bbox 3111 4731 3161 4784; x_wconf 76' lang='lat' dir='ltr'><strong>ei</strong></span> <span class='ocrx_word' id='word_1_830' title='bbox 3180 4729 3248 4783; x_wconf 87' lang='lat' dir='ltr'><strong>ad</strong></span> <span class='ocrx_word' id='word_1_831' title='bbox 3263 4729 3428 4800; x_wconf 88' lang='lat' dir='ltr'><strong>justi-</strong></span> 
     </span>
    </p>
   </div>
   <div class='ocr_carea' id='block_1_108' title="bbox 1847 4819 3435 4890">
    <p class='ocr_par' dir='ltr' id='par_1_108' title="bbox 1847 4819 3435 4890">
     <span class='ocr_line' id='line_1_108' title="bbox 1847 4819 3435 4890; baseline -0.003 -14"><span class='ocrx_word' id='word_1_832' title='bbox 1847 4823 1999 4886; x_wconf 89' lang='lat' dir='ltr'><strong>tiam,</strong></span> <span class='ocrx_word' id='word_1_833' title='bbox 2032 4821 2086 4875; x_wconf 93' lang='lat' dir='ltr'><strong>id</strong></span> <span class='ocrx_word' id='word_1_834' title='bbox 2125 4820 2304 4876; x_wconf 92' lang='lat' dir='ltr'><strong>estad</strong></span> <span class='ocrx_word' id='word_1_835' title='bbox 2348 4819 2724 4875; x_wconf 88' lang='lat' dir='ltr'><strong>remissionem</strong></span> <span class='ocrx_word' id='word_1_836' title='bbox 2768 4828 3134 4888; x_wconf 82' lang='lat' dir='ltr'><strong>peccatorum,</strong></span> <span class='ocrx_word' id='word_1_837' title='bbox 3170 4820 3295 4890; x_wconf 89' lang='lat' dir='ltr'><strong>quia</strong></span> <span class='ocrx_word' id='word_1_838' title='bbox 3337 4834 3435 4890; x_wconf 88' lang='lat' dir='ltr'><strong>per</strong></span> 
     </span>
    </p>
   </div>
   <div class='ocr_carea' id='block_1_109' title="bbox 1849 4910 3435 4985">
    <p class='ocr_par' dir='ltr' id='par_1_109' title="bbox 1849 4910 3435 4985">
     <span class='ocr_line' id='line_1_109' title="bbox 1849 4910 3435 4985; baseline -0.003 -15"><span class='ocrx_word' id='word_1_839' title='bbox 1849 4913 2024 4985; x_wconf 86' lang='lat' dir='ltr'><strong>ipsam</strong></span> <span class='ocrx_word' id='word_1_840' title='bbox 2047 4911 2206 4969; x_wconf 87' lang='lat' dir='ltr'><strong>ﬁdem</strong></span> <span class='ocrx_word' id='word_1_841' title='bbox 2232 4927 2338 4982; x_wconf 91' lang='lat' dir='ltr'><strong>qua</strong></span> <span class='ocrx_word' id='word_1_842' title='bbox 2361 4911 2612 4976; x_wconf 87' lang='lat' dir='ltr'><strong>credidit,</strong></span> <span class='ocrx_word' id='word_1_843' title='bbox 2629 4910 2808 4980; x_wconf 85' lang='lat' dir='ltr'><strong>justus</strong></span> <span class='ocrx_word' id='word_1_844' title='bbox 2833 4911 3056 4968; x_wconf 79' lang='lat' dir='ltr'><strong>effectus</strong></span> <span class='ocrx_word' id='word_1_845' title='bbox 3080 4921 3184 4979; x_wconf 85' lang='lat' dir='ltr'><strong>est,</strong></span> <span class='ocrx_word' id='word_1_846' title='bbox 3211 4921 3266 4968; x_wconf 91' lang='lat' dir='ltr'><strong>et</strong></span> <span class='ocrx_word' id='word_1_847' title='bbox 3286 4920 3435 4981; x_wconf 48' lang='lat' dir='ltr'><strong>post-</strong></span> 
     </span>
    </p>
   </div>
   <div class='ocr_carea' id='block_1_110' title="bbox 1850 5001 3438 5075">
    <p class='ocr_par' dir='ltr' id='par_1_110' title="bbox 1850 5001 3438 5075">
     <span class='ocr_line' id='line_1_110' title="bbox 1850 5001 3438 5075; baseline -0.003 -14"><span class='ocrx_word' id='word_1_848' title='bbox 1850 5006 2073 5061; x_wconf 88' lang='lat' dir='ltr'><strong>modum</strong></span> <span class='ocrx_word' id='word_1_849' title='bbox 2096 5003 2564 5061; x_wconf 86' lang='lat' dir='ltr'><strong>circumcisionem</strong></span> <span class='ocrx_word' id='word_1_850' title='bbox 2587 5003 2796 5073; x_wconf 89' lang='lat' dir='ltr'><strong>accepit</strong></span> <span class='ocrx_word' id='word_1_851' title='bbox 2824 5005 2877 5058; x_wconf 91' lang='lat' dir='ltr'><strong>in</strong></span> <span class='ocrx_word' id='word_1_852' title='bbox 2911 5004 3122 5075; x_wconf 87' lang='lat' dir='ltr'><strong>signum</strong></span> <span class='ocrx_word' id='word_1_853' title='bbox 3147 5019 3258 5059; x_wconf 68' lang='lat' dir='ltr'><strong>sua:</strong></span> <span class='ocrx_word' id='word_1_854' title='bbox 3276 5001 3438 5072; x_wconf 86' lang='lat' dir='ltr'><strong>justi-</strong></span> 
     </span>
    </p>
   </div>
   <div class='ocr_carea' id='block_1_111' title="bbox 1851 5093 2934 5167">
    <p class='ocr_par' dir='ltr' id='par_1_111' title="bbox 1851 5093 2934 5167">
     <span class='ocr_line' id='line_1_111' title="bbox 1851 5093 2934 5167; baseline 0 -16"><span class='ocrx_word' id='word_1_855' title='bbox 1851 5096 1940 5152; x_wconf 71' lang='lat' dir='ltr'><strong>tia:</strong></span> <span class='ocrx_word' id='word_1_856' title='bbox 1965 5111 2071 5167; x_wconf 89' lang='lat' dir='ltr'><strong>qua</strong></span> <span class='ocrx_word' id='word_1_857' title='bbox 2085 5093 2414 5165; x_wconf 85' lang='lat' dir='ltr'><strong>justiﬁeatus</strong></span> <span class='ocrx_word' id='word_1_858' title='bbox 2440 5094 2616 5150; x_wconf 85' lang='lat' dir='ltr'><strong>fuerat</strong></span> <span class='ocrx_word' id='word_1_859' title='bbox 2637 5110 2733 5166; x_wconf 90' lang='lat' dir='ltr'><strong>per</strong></span> <span class='ocrx_word' id='word_1_860' title='bbox 2756 5094 2934 5150; x_wconf 86' lang='lat' dir='ltr'><strong>ﬁdem.</strong></span> 
     </span>
    </p>
   </div>
   <div class='ocr_carea' id='block_1_112' title="bbox 1926 5186 3436 5258">
    <p class='ocr_par' dir='ltr' id='par_1_112' title="bbox 1926 5186 3436 5258">
     <span class='ocr_line' id='line_1_112' title="bbox 1926 5186 3436 5258; baseline 0.001 -19"><span class='ocrx_word' id='word_1_861' title='bbox 1926 5186 1994 5240; x_wconf 83' lang='lat' dir='ltr'><strong>Ei</strong></span> <span class='ocrx_word' id='word_1_862' title='bbox 2032 5196 2207 5240; x_wconf 87' lang='lat' dir='ltr'><strong>autem</strong></span> <span class='ocrx_word' id='word_1_863' title='bbox 2235 5186 2324 5257; x_wconf 88' lang='lat' dir='ltr'><strong>qui</strong></span> <span class='ocrx_word' id='word_1_864' title='bbox 2347 5195 2610 5256; x_wconf 88' lang='lat' dir='ltr'><strong>operatur,</strong></span> <span class='ocrx_word' id='word_1_865' title='bbox 2638 5203 2832 5242; x_wconf 88' lang='lat' dir='ltr'><strong>merces</strong></span> <span class='ocrx_word' id='word_1_866' title='bbox 2876 5203 2980 5242; x_wconf 86' lang='lat' dir='ltr'><strong>non</strong></span> <span class='ocrx_word' id='word_1_867' title='bbox 3023 5188 3313 5258; x_wconf 83' lang='lat' dir='ltr'><strong>imputatur</strong></span> <span class='ocrx_word' id='word_1_868' title='bbox 3355 5203 3436 5240; x_wconf 84' lang='lat' dir='ltr'><strong>se-</strong></span> 
     </span>
    </p>
   </div>
   <div class='ocr_carea' id='block_1_113' title="bbox 1853 5277 3433 5348">
    <p class='ocr_par' dir='ltr' id='par_1_113' title="bbox 1853 5277 3433 5348">
     <span class='ocr_line' id='line_1_113' title="bbox 1853 5277 3433 5348; baseline 0.002 -18"><span class='ocrx_word' id='word_1_869' title='bbox 1853 5277 2082 5331; x_wconf 86' lang='lat' dir='ltr'><strong>cundum</strong></span> <span class='ocrx_word' id='word_1_870' title='bbox 2104 5277 2352 5348; x_wconf 84' lang='lat' dir='ltr'><strong>gratiam,</strong></span> <span class='ocrx_word' id='word_1_871' title='bbox 2379 5277 2468 5332; x_wconf 90' lang='lat' dir='ltr'><strong>sed</strong></span> <span class='ocrx_word' id='word_1_872' title='bbox 2497 5278 2782 5333; x_wconf 83' lang='lat' dir='ltr'><strong>secundum</strong></span> <span class='ocrx_word' id='word_1_873' title='bbox 2809 5277 3058 5332; x_wconf 86' lang='lat' dir='ltr'><strong>debitum.</strong></span> <span class='ocrx_word' id='word_1_874' title='bbox 3091 5277 3172 5333; x_wconf 82' lang='lat' dir='ltr'><strong>Ex</strong></span> <span class='ocrx_word' id='word_1_875' title='bbox 3196 5279 3433 5334; x_wconf 85' lang='lat' dir='ltr'><strong>humana</strong></span> 
     </span>
    </p>
   </div>
   <div class='ocr_carea' id='block_1_114' title="bbox 1855 5370 3437 5442">
    <p class='ocr_par' dir='ltr' id='par_1_114' title="bbox 1855 5370 3437 5442">
     <span class='ocr_line' id='line_1_114' title="bbox 1855 5370 3437 5442; baseline -0.002 -15"><span class='ocrx_word' id='word_1_876' title='bbox 1855 5370 2242 5427; x_wconf 89' lang='lat' dir='ltr'><strong>consuetudine</strong></span> <span class='ocrx_word' id='word_1_877' title='bbox 2270 5371 2436 5426; x_wconf 85' lang='lat' dir='ltr'><strong>sumit</strong></span> <span class='ocrx_word' id='word_1_878' title='bbox 2477 5371 2800 5441; x_wconf 80' lang='lat' dir='ltr'><strong>exemplum,</strong></span> <span class='ocrx_word' id='word_1_879' title='bbox 2836 5371 3052 5442; x_wconf 91' lang='lat' dir='ltr'><strong>quando</strong></span> <span class='ocrx_word' id='word_1_880' title='bbox 3088 5371 3437 5442; x_wconf 78' lang='lat' dir='ltr'><strong>operantibus</strong></span> 
     </span>
    </p>
   </div>
   <div class='ocr_carea' id='block_1_115' title="bbox 1855 5461 3435 5527">
    <p class='ocr_par' dir='ltr' id='par_1_115' title="bbox 1855 5461 3435 5527">
     <span class='ocr_line' id='line_1_115' title="bbox 1855 5461 3435 5527; baseline -0.003 -8"><span class='ocrx_word' id='word_1_881' title='bbox 1855 5461 2152 5519; x_wconf 83' lang='lat' dir='ltr'><strong>secundum</strong></span> <span class='ocrx_word' id='word_1_882' title='bbox 2178 5462 2430 5518; x_wconf 91' lang='lat' dir='ltr'><strong>meritum</strong></span> <span class='ocrx_word' id='word_1_883' title='bbox 2456 5463 2646 5518; x_wconf 88' lang='lat' dir='ltr'><strong>damus</strong></span> <span class='ocrx_word' id='word_1_884' title='bbox 2678 5463 2998 5527; x_wconf 91' lang='lat' dir='ltr'><strong>mercedem,</strong></span> <span class='ocrx_word' id='word_1_885' title='bbox 3033 5470 3088 5517; x_wconf 90' lang='lat' dir='ltr'><strong>et</strong></span> <span class='ocrx_word' id='word_1_886' title='bbox 3113 5461 3314 5518; x_wconf 86' lang='lat' dir='ltr'><strong>nullam</strong></span> <span class='ocrx_word' id='word_1_887' title='bbox 3340 5478 3435 5516; x_wconf 86' lang='lat' dir='ltr'><strong>no-</strong></span> 
     </span>
    </p>
   </div>
   <div class='ocr_carea' id='block_1_116' title="bbox 1859 5553 3437 5625">
    <p class='ocr_par' dir='ltr' id='par_1_116' title="bbox 1859 5553 3437 5625">
     <span class='ocr_line' id='line_1_116' title="bbox 1859 5553 3437 5625; baseline -0.001 -15"><span class='ocrx_word' id='word_1_888' title='bbox 1859 5554 1944 5610; x_wconf 90' lang='lat' dir='ltr'><strong>bis</strong></span> <span class='ocrx_word' id='word_1_889' title='bbox 1974 5561 2139 5624; x_wconf 91' lang='lat' dir='ltr'><strong>agunt</strong></span> <span class='ocrx_word' id='word_1_890' title='bbox 2165 5554 2395 5624; x_wconf 88' lang='lat' dir='ltr'><strong>gratiam</strong></span> <span class='ocrx_word' id='word_1_891' title='bbox 2430 5572 2442 5608; x_wconf 90' lang='lat'>:</span> <span class='ocrx_word' id='word_1_892' title='bbox 2471 5569 2577 5610; x_wconf 91' lang='lat' dir='ltr'><strong>non</strong></span> <span class='ocrx_word' id='word_1_893' title='bbox 2619 5553 2967 5625; x_wconf 90' lang='lat' dir='ltr'><strong>operantibus</strong></span> <span class='ocrx_word' id='word_1_894' title='bbox 2989 5568 3118 5610; x_wconf 91' lang='lat' dir='ltr'><strong>vero</strong></span> <span class='ocrx_word' id='word_1_895' title='bbox 3154 5553 3202 5610; x_wconf 79' lang='lat' dir='ltr'><strong>si</strong></span> <span class='ocrx_word' id='word_1_896' title='bbox 3245 5553 3437 5610; x_wconf 89' lang='lat' dir='ltr'><strong>damus</strong></span> 
     </span>
    </p>
   </div>
   <div class='ocr_carea' id='block_1_117' title="bbox 1859 5644 3438 5717">
    <p class='ocr_par' dir='ltr' id='par_1_117' title="bbox 1859 5644 3438 5717">
     <span class='ocr_line' id='line_1_117' title="bbox 1859 5644 3438 5717; baseline 0 -16"><span class='ocrx_word' id='word_1_897' title='bbox 1859 5647 2077 5717; x_wconf 91' lang='lat' dir='ltr'><strong>aliquod</strong></span> <span class='ocrx_word' id='word_1_898' title='bbox 2129 5646 2480 5713; x_wconf 79' lang='lat' dir='ltr'><strong>beneficium,</strong></span> <span class='ocrx_word' id='word_1_899' title='bbox 2532 5662 2638 5703; x_wconf 93' lang='lat' dir='ltr'><strong>non</strong></span> <span class='ocrx_word' id='word_1_900' title='bbox 2689 5661 2930 5713; x_wconf 88' lang='lat' dir='ltr'><strong>merces,</strong></span> <span class='ocrx_word' id='word_1_901' title='bbox 2961 5644 3055 5702; x_wconf 90' lang='lat' dir='ltr'><strong>sed</strong></span> <span class='ocrx_word' id='word_1_902' title='bbox 3105 5645 3322 5717; x_wconf 87' lang='lat' dir='ltr'><strong>gratia:</strong></span> <span class='ocrx_word' id='word_1_903' title='bbox 3356 5646 3438 5701; x_wconf 61' lang='lat' dir='ltr'><strong>id-</strong></span> 
     </span>
    </p>
   </div>
   <div class='ocr_carea' id='block_1_118' title="bbox 1858 5736 3434 5810">
    <p class='ocr_par' dir='ltr' id='par_1_118' title="bbox 1858 5736 3434 5810">
     <span class='ocr_line' id='line_1_118' title="bbox 1858 5736 3434 5810; baseline 0 -16"><span class='ocrx_word' id='word_1_904' title='bbox 1858 5752 2032 5810; x_wconf 88' lang='lat' dir='ltr'><strong>eoque</strong></span> <span class='ocrx_word' id='word_1_905' title='bbox 2055 5739 2354 5808; x_wconf 89' lang='lat' dir='ltr'><strong>gratiamur</strong></span> <span class='ocrx_word' id='word_1_906' title='bbox 2377 5739 2444 5794; x_wconf 90' lang='lat' dir='ltr'><strong>ab</strong></span> <span class='ocrx_word' id='word_1_907' title='bbox 2466 5738 2591 5793; x_wconf 91' lang='lat' dir='ltr'><strong>illis.</strong></span> <span class='ocrx_word' id='word_1_908' title='bbox 2619 5738 2688 5794; x_wconf 86' lang='lat' dir='ltr'><strong>Et</strong></span> <span class='ocrx_word' id='word_1_909' title='bbox 2709 5747 2793 5794; x_wconf 90' lang='lat' dir='ltr'><strong>est</strong></span> <span class='ocrx_word' id='word_1_910' title='bbox 2817 5753 3008 5794; x_wconf 90' lang='lat' dir='ltr'><strong>sensus</strong></span> <span class='ocrx_word' id='word_1_911' title='bbox 3034 5755 3048 5792; x_wconf 91' lang='lat'><strong>:</strong></span> <span class='ocrx_word' id='word_1_912' title='bbox 3077 5736 3137 5793; x_wconf 91' lang='lat' dir='ltr'><strong>Si</strong></span> <span class='ocrx_word' id='word_1_913' title='bbox 3158 5737 3434 5794; x_wconf 86' lang='lat' dir='ltr'><strong>Abraham</strong></span> 
     </span>
    </p>
   </div>
   <div class='ocr_carea' id='block_1_119' title="bbox 1859 5827 3436 5902">
    <p class='ocr_par' dir='ltr' id='par_1_119' title="bbox 1859 5827 3436 5902">
     <span class='ocr_line' id='line_1_119' title="bbox 1859 5827 3436 5902; baseline -0.003 -17"><span class='ocrx_word' id='word_1_914' title='bbox 1859 5838 2081 5902; x_wconf 90' lang='lat' dir='ltr'><strong>propter</strong></span> <span class='ocrx_word' id='word_1_915' title='bbox 2105 5845 2268 5902; x_wconf 82' lang='lat' dir='ltr'><strong>Opera</strong></span> <span class='ocrx_word' id='word_1_916' title='bbox 2296 5847 2390 5886; x_wconf 88' lang='lat' dir='ltr'><strong>sua</strong></span> <span class='ocrx_word' id='word_1_917' title='bbox 2432 5837 2611 5898; x_wconf 86' lang='lat' dir='ltr'><strong>posset</strong></span> <span class='ocrx_word' id='word_1_918' title='bbox 2649 5827 2936 5896; x_wconf 77' lang='lat' dir='ltr'><strong>iustiﬁcari</strong></span> <span class='ocrx_word' id='word_1_919' title='bbox 2980 5829 3097 5886; x_wconf 89' lang='lat' dir='ltr'><strong>sine</strong></span> <span class='ocrx_word' id='word_1_920' title='bbox 3141 5830 3313 5900; x_wconf 88' lang='lat' dir='ltr'><strong>gratia</strong></span> <span class='ocrx_word' id='word_1_921' title='bbox 3342 5829 3436 5882; x_wconf 78' lang='lat' dir='ltr'><strong>Dci</strong></span> 
     </span>
    </p>
   </div>
   <div class='ocr_carea' id='block_1_120' title="bbox 1861 5913 3440 5995">
    <p class='ocr_par' dir='ltr' id='par_1_120' title="bbox 1861 5913 3440 5995">
     <span class='ocr_line' id='line_1_120' title="bbox 1861 5913 3440 5995; baseline -0.007 -15"><span class='ocrx_word' id='word_1_922' title='bbox 1861 5940 1918 5980; x_wconf 89' lang='lat' dir='ltr'><strong>se</strong></span> <span class='ocrx_word' id='word_1_923' title='bbox 1965 5925 2355 5995; x_wconf 70' lang='lat' dir='ltr'><strong>prmvenicute,</strong></span> <span class='ocrx_word' id='word_1_924' title='bbox 2388 5933 2438 5977; x_wconf 78' lang='lat' dir='ltr'><strong>ct</strong></span> <span class='ocrx_word' id='word_1_925' title='bbox 2467 5913 2581 5977; x_wconf 68' lang='lat' dir='ltr'><strong>Sine</strong></span> <span class='ocrx_word' id='word_1_926' title='bbox 2624 5923 2744 5986; x_wconf 87' lang='lat' dir='ltr'><strong>ﬁde,</strong></span> <span class='ocrx_word' id='word_1_927' title='bbox 2774 5938 2894 5993; x_wconf 72' lang='lat' dir='ltr'><strong>qua:</strong></span> <span class='ocrx_word' id='word_1_928' title='bbox 2941 5923 3104 5978; x_wconf 82' lang='lat' dir='ltr'><strong>etiam</strong></span> <span class='ocrx_word' id='word_1_929' title='bbox 3150 5923 3317 5994; x_wconf 83' lang='lat' dir='ltr'><strong>gratis</strong></span> <span class='ocrx_word' id='word_1_930' title='bbox 3362 5918 3440 5972; x_wconf 64' lang='lat' dir='ltr'><strong>ill»</strong></span> 
     </span>
    </p>
   </div>
   <div class='ocr_carea' id='block_1_121' title="bbox 2928 6020 3001 6078">
    <p class='ocr_par' dir='ltr' id='par_1_121' title="bbox 2928 6020 3001 6078">
     <span class='ocr_line' id='line_1_121' title="bbox 2928 6020 3001 6078; baseline -0.027 0"><span class='ocrx_word' id='word_1_931' title='bbox 2928 6020 3001 6078; x_wconf 86' lang='grc'><strong>13</strong></span> 
     </span>
    </p>
   </div>
  </div>
