  <div class='ocr_page' id='page_1' title='image "/cluster/home/n/w/nwhite01/storage/ocr_20150623/117/hvd.32044015466899/203.png"; bbox 0 0 3936 6480; ppageno 0'>
   <div class='ocr_carea' id='block_1_1' title="bbox 594 444 704 500">
    <p class='ocr_par' dir='ltr' id='par_1_1' title="bbox 594 444 704 500">
     <span class='ocr_line' id='line_1_1' title="bbox 594 444 704 500; baseline -0.027 0"><span class='ocrx_word' id='word_1_1' title='bbox 594 444 704 500; x_wconf 59' lang='lat'><strong>593</strong></span> 
     </span>
    </p>
   </div>
   <div class='ocr_carea' id='block_1_2' title="bbox 1060 436 3731 524">
    <p class='ocr_par' dir='ltr' id='par_1_2' title="bbox 1060 436 3731 524">
     <span class='ocr_line' id='line_1_2' title="bbox 1060 436 3731 524; baseline -0.003 -25"><span class='ocrx_word' id='word_1_2' title='bbox 1060 443 1411 522; x_wconf 64' lang='lat' dir='ltr'><strong>annonis</strong></span> <span class='ocrx_word' id='word_1_3' title='bbox 1453 441 1926 524; x_wconf 53' lang='lat' dir='ltr'><strong>trasennam.</strong></span> <span class='ocrx_word' id='word_1_4' title='bbox 1968 441 2182 521; x_wconf 67' lang='lat' dir='ltr'><strong>nrtsc.</strong></span> <span class='ocrx_word' id='word_1_5' title='bbox 2221 440 2369 497; x_wconf 65' lang='lat' dir='ltr'><strong>om».</strong></span> <span class='ocrx_word' id='word_1_6' title='bbox 2413 440 2593 521; x_wconf 67' lang='lat' dir='ltr'><strong>rans</strong></span> <span class='ocrx_word' id='word_1_7' title='bbox 2629 440 2667 494; x_wconf 89' lang='lat' dir='ltr'><strong>t.</strong></span> <span class='ocrx_word' id='word_1_8' title='bbox 2704 471 2767 480; x_wconf 85' lang='lat'><strong><em>—</em></strong></span> <span class='ocrx_word' id='word_1_9' title='bbox 2810 437 3161 496; x_wconf 69' lang='lat' dir='ltr'><strong>COMMENT.</strong></span> <span class='ocrx_word' id='word_1_10' title='bbox 3201 436 3361 495; x_wconf 84' lang='lat' dir='ltr'><strong>BIBL.</strong></span> <span class='ocrx_word' id='word_1_11' title='bbox 3663 447 3731 504; x_wconf 58' lang='grc' dir='ltr'><strong>ωε</strong></span> 
     </span>
    </p>
   </div>
   <div class='ocr_carea' id='block_1_3' title="bbox 594 552 3731 633">
    <p class='ocr_par' dir='ltr' id='par_1_3' title="bbox 594 552 3731 633">
     <span class='ocr_line' id='line_1_3' title="bbox 594 552 3731 633; baseline 0 -20"><span class='ocrx_word' id='word_1_12' title='bbox 594 560 713 617; x_wconf 82' lang='lat' dir='ltr'><strong>data</strong></span> <span class='ocrx_word' id='word_1_13' title='bbox 739 566 849 621; x_wconf 88' lang='lat' dir='ltr'><strong>est,-</strong></span> <span class='ocrx_word' id='word_1_14' title='bbox 867 573 972 633; x_wconf 85' lang='lat' dir='ltr'><strong>non</strong></span> <span class='ocrx_word' id='word_1_15' title='bbox 994 565 1147 633; x_wconf 5' lang='lat' dir='ltr'><strong>esset,</strong></span> <span class='ocrx_word' id='word_1_16' title='bbox 1180 557 1531 627; x_wconf 66' lang='lat' dir='ltr'><strong>eiprremium</strong></span> <span class='ocrx_word' id='word_1_17' title='bbox 1567 555 1971 633; x_wconf 75' lang='lat' dir='ltr'><strong>iustiﬁcationis</strong></span> <span class='ocrx_word' id='word_1_18' title='bbox 1994 555 2163 626; x_wconf 77' lang='lat' dir='ltr'><strong>gratis</strong></span> <span class='ocrx_word' id='word_1_19' title='bbox 2196 560 2237 617; x_wconf 77' lang='grc' dir='ltr'>Α</span> <span class='ocrx_word' id='word_1_20' title='bbox 2268 554 2594 631; x_wconf 76' lang='lat' dir='ltr'><strong>stinuernnt,</strong></span> <span class='ocrx_word' id='word_1_21' title='bbox 2620 553 2669 607; x_wconf 88' lang='lat' dir='ltr'><strong>in</strong></span> <span class='ocrx_word' id='word_1_22' title='bbox 2699 553 2814 624; x_wconf 90' lang='lat' dir='ltr'><strong>ipso</strong></span> <span class='ocrx_word' id='word_1_23' title='bbox 2843 554 3101 624; x_wconf 72' lang='lat' dir='ltr'><strong>martyrio</strong></span> <span class='ocrx_word' id='word_1_24' title='bbox 3143 552 3355 609; x_wconf 89' lang='lat' dir='ltr'><strong>dimissa</strong></span> <span class='ocrx_word' id='word_1_25' title='bbox 3393 564 3503 610; x_wconf 87' lang='lat' dir='ltr'><strong>sunt</strong></span> <span class='ocrx_word' id='word_1_26' title='bbox 3526 555 3624 623; x_wconf 90' lang='lat' dir='ltr'><strong>illis,</strong></span> <span class='ocrx_word' id='word_1_27' title='bbox 3643 575 3731 629; x_wconf 75' lang='lat' dir='ltr'><strong>qut.-</strong></span> 
     </span>
    </p>
   </div>
   <div class='ocr_carea' id='block_1_4' title="bbox 593 633 2173 729">
    <p class='ocr_par' dir='ltr' id='par_1_4' title="bbox 593 633 2173 729">
     <span class='ocr_line' id='line_1_4' title="bbox 593 633 2173 729; baseline -0.002 -24"><span class='ocrx_word' id='word_1_28' title='bbox 593 652 665 706; x_wconf 79' lang='lat' dir='ltr'><strong>illi</strong></span> <span class='ocrx_word' id='word_1_29' title='bbox 691 636 895 727; x_wconf 80' lang='lat' dir='ltr'><strong>datum,</strong></span> <span class='ocrx_word' id='word_1_30' title='bbox 920 652 1018 715; x_wconf 83' lang='lat' dir='ltr'><strong>sed</strong></span> <span class='ocrx_word' id='word_1_31' title='bbox 1061 642 1300 727; x_wconf 84' lang='lat' dir='ltr'><strong>debitum</strong></span> <span class='ocrx_word' id='word_1_32' title='bbox 1336 657 1489 729; x_wconf 80' lang='lat' dir='ltr'><strong>esset</strong></span> <span class='ocrx_word' id='word_1_33' title='bbox 1516 667 1529 703; x_wconf 75' lang='grc' dir='ltr'>ε</span> <span class='ocrx_word' id='word_1_34' title='bbox 1554 648 1639 729; x_wconf 78' lang='lat' dir='ltr'><strong>vel</strong></span> <span class='ocrx_word' id='word_1_35' title='bbox 1664 633 1827 729; x_wconf 76' lang='lat' dir='ltr'><strong>sialii</strong></span> <span class='ocrx_word' id='word_1_36' title='bbox 1858 645 2026 702; x_wconf 67' lang='lat' dir='ltr'><strong>Judtei</strong></span> <span class='ocrx_word' id='word_1_37' title='bbox 2055 646 2173 719; x_wconf 43' lang='lat' dir='ltr'><strong>suis.</strong></span> 
     </span>
    </p>
   </div>
   <div class='ocr_carea' id='block_1_5' title="bbox 593 721 2171 817">
    <p class='ocr_par' dir='ltr' id='par_1_5' title="bbox 593 721 2171 817">
     <span class='ocr_line' id='line_1_5' title="bbox 593 721 2171 817; baseline -0.006 -19"><span class='ocrx_word' id='word_1_38' title='bbox 593 724 841 814; x_wconf 78' lang='lat' dir='ltr'><strong>operibus</strong></span> <span class='ocrx_word' id='word_1_39' title='bbox 868 730 1099 817; x_wconf 34' lang='lat' dir='ltr'><strong>fuissent:</strong></span> <span class='ocrx_word' id='word_1_40' title='bbox 1124 721 1439 817; x_wconf 67' lang='lat' dir='ltr'><strong>iustiﬁcati,</strong></span> <span class='ocrx_word' id='word_1_41' title='bbox 1483 721 1799 817; x_wconf 16' lang='lat' dir='ltr'><strong>noniessent</strong></span> <span class='ocrx_word' id='word_1_42' title='bbox 1818 739 1961 817; x_wconf 82' lang='lat' dir='ltr'><strong>unde</strong></span> <span class='ocrx_word' id='word_1_43' title='bbox 1981 736 2171 817; x_wconf 38' lang='lat' dir='ltr'><strong>refer:</strong></span> 
     </span>
    </p>
   </div>
   <div class='ocr_carea' id='block_1_6' title="bbox 594 808 2169 915">
    <p class='ocr_par' dir='ltr' id='par_1_6' title="bbox 594 808 2169 915">
     <span class='ocr_line' id='line_1_6' title="bbox 594 808 2169 915; baseline -0.007 -27"><span class='ocrx_word' id='word_1_44' title='bbox 594 841 777 888; x_wconf 88' lang='lat' dir='ltr'><strong>rentur</strong></span> <span class='ocrx_word' id='word_1_45' title='bbox 801 828 913 915; x_wconf 72' lang='lat' dir='ltr'><strong>Deo</strong></span> <span class='ocrx_word' id='word_1_46' title='bbox 935 814 1143 912; x_wconf 68' lang='lat' dir='ltr'><strong>gratiae,</strong></span> <span class='ocrx_word' id='word_1_47' title='bbox 1163 808 1339 909; x_wconf 77' lang='lat' dir='ltr'><strong>atque</strong></span> <span class='ocrx_word' id='word_1_48' title='bbox 1380 812 1503 885; x_wconf 86' lang='lat' dir='ltr'><strong>ideo</strong></span> <span class='ocrx_word' id='word_1_49' title='bbox 1533 812 1823 910; x_wconf 73' lang='lat' dir='ltr'><strong>superﬂua,</strong></span> <span class='ocrx_word' id='word_1_50' title='bbox 1852 828 1904 882; x_wconf 93' lang='lat' dir='ltr'><strong>id</strong></span> <span class='ocrx_word' id='word_1_51' title='bbox 1938 808 2022 881; x_wconf 84' lang='lat' dir='ltr'><strong>est</strong></span> <span class='ocrx_word' id='word_1_52' title='bbox 2052 811 2169 897; x_wconf 79' lang='lat' dir='ltr'><strong>sine</strong></span> 
     </span>
    </p>
   </div>
   <div class='ocr_carea' id='block_1_7' title="bbox 590 915 2165 1001">
    <p class='ocr_par' dir='ltr' id='par_1_7' title="bbox 590 915 2165 1001">
     <span class='ocr_line' id='line_1_7' title="bbox 590 915 2165 1001; baseline -0.008 -19"><span class='ocrx_word' id='word_1_53' title='bbox 590 940 751 982; x_wconf 89' lang='lat' dir='ltr'><strong>causa</strong></span> <span class='ocrx_word' id='word_1_54' title='bbox 777 930 922 1001; x_wconf 80' lang='lat' dir='ltr'><strong>esset</strong></span> <span class='ocrx_word' id='word_1_55' title='bbox 941 921 1145 1001; x_wconf 73' lang='lat' dir='ltr'><strong>Christi</strong></span> <span class='ocrx_word' id='word_1_56' title='bbox 1164 922 1362 999; x_wconf 81' lang='lat' dir='ltr'><strong>passio.</strong></span> <span class='ocrx_word' id='word_1_57' title='bbox 1393 919 1459 974; x_wconf 85' lang='lat' dir='ltr'><strong>Ei</strong></span> <span class='ocrx_word' id='word_1_58' title='bbox 1484 930 1659 997; x_wconf 82' lang='lat' dir='ltr'><strong>autem</strong></span> <span class='ocrx_word' id='word_1_59' title='bbox 1681 918 1935 999; x_wconf 81' lang='lat' dir='ltr'><strong>subaudis</strong></span> <span class='ocrx_word' id='word_1_60' title='bbox 1957 915 2165 988; x_wconf 89' lang='lat' dir='ltr'><strong>gentili.</strong></span> 
     </span>
    </p>
   </div>
   <div class='ocr_carea' id='block_1_8' title="bbox 589 991 2171 1085">
    <p class='ocr_par' dir='ltr' id='par_1_8' title="bbox 589 991 2171 1085">
     <span class='ocr_line' id='line_1_8' title="bbox 589 991 2171 1085; baseline -0.006 -16"><span class='ocrx_word' id='word_1_61' title='bbox 589 1016 675 1085; x_wconf 90' lang='lat' dir='ltr'><strong>qui</strong></span> <span class='ocrx_word' id='word_1_62' title='bbox 701 1030 805 1069; x_wconf 89' lang='lat' dir='ltr'><strong>non</strong></span> <span class='ocrx_word' id='word_1_63' title='bbox 838 991 1277 1083; x_wconf 53' lang='lat' dir='ltr'><strong>operatur.opera</strong></span> <span class='ocrx_word' id='word_1_64' title='bbox 1312 1011 1461 1081; x_wconf 82' lang='lat' dir='ltr'><strong>legis,</strong></span> <span class='ocrx_word' id='word_1_65' title='bbox 1493 991 1721 1064; x_wconf 66' lang='lat' dir='ltr'><strong>credertii</strong></span> <span class='ocrx_word' id='word_1_66' title='bbox 1750 1018 1922 1085; x_wconf 86' lang='lat' dir='ltr'><strong>autem</strong></span> <span class='ocrx_word' id='word_1_67' title='bbox 1942 1009 1997 1061; x_wconf 86' lang='lat' dir='ltr'><strong>in</strong></span> <span class='ocrx_word' id='word_1_68' title='bbox 2024 1022 2171 1081; x_wconf 69' lang='lat' dir='ltr'><strong>eum,</strong></span> 
     </span>
    </p>
   </div>
   <div class='ocr_carea' id='block_1_9' title="bbox 590 1084 2164 1179">
    <p class='ocr_par' dir='ltr' id='par_1_9' title="bbox 590 1084 2164 1179">
     <span class='ocr_line' id='line_1_9' title="bbox 590 1084 2164 1179; baseline -0.005 -20"><span class='ocrx_word' id='word_1_69' title='bbox 590 1084 640 1159; x_wconf 83' lang='lat' dir='ltr'><strong>id</strong></span> <span class='ocrx_word' id='word_1_70' title='bbox 662 1113 745 1160; x_wconf 89' lang='lat' dir='ltr'><strong>est</strong></span> <span class='ocrx_word' id='word_1_71' title='bbox 767 1104 821 1157; x_wconf 91' lang='lat' dir='ltr'><strong>in</strong></span> <span class='ocrx_word' id='word_1_72' title='bbox 848 1104 1059 1179; x_wconf 87' lang='lat' dir='ltr'><strong>Deum:</strong></span> <span class='ocrx_word' id='word_1_73' title='bbox 1086 1103 1174 1173; x_wconf 97' lang='lat' dir='ltr'><strong>qui</strong></span> <span class='ocrx_word' id='word_1_74' title='bbox 1190 1085 1449 1171; x_wconf 77' lang='lat' dir='ltr'><strong>justi/icat</strong></span> <span class='ocrx_word' id='word_1_75' title='bbox 1473 1100 1708 1169; x_wconf 85' lang='lat' dir='ltr'><strong>impium,</strong></span> <span class='ocrx_word' id='word_1_76' title='bbox 1733 1084 1837 1153; x_wconf 88' lang='lat' dir='ltr'><strong>non</strong></span> <span class='ocrx_word' id='word_1_77' title='bbox 1863 1112 1960 1169; x_wconf 91' lang='lat' dir='ltr'><strong>per</strong></span> <span class='ocrx_word' id='word_1_78' title='bbox 1981 1113 2164 1169; x_wconf 84' lang='lat' dir='ltr'><strong>opera,</strong></span> 
     </span>
    </p>
   </div>
   <div class='ocr_carea' id='block_1_10' title="bbox 589 1187 2168 1266">
    <p class='ocr_par' dir='ltr' id='par_1_10' title="bbox 589 1187 2168 1266">
     <span class='ocr_line' id='line_1_10' title="bbox 589 1187 2168 1266; baseline -0.006 -15"><span class='ocrx_word' id='word_1_79' title='bbox 589 1196 683 1251; x_wconf 89' lang='lat' dir='ltr'><strong>sed</strong></span> <span class='ocrx_word' id='word_1_80' title='bbox 714 1210 812 1266; x_wconf 91' lang='lat' dir='ltr'><strong>per</strong></span> <span class='ocrx_word' id='word_1_81' title='bbox 856 1194 1039 1260; x_wconf 90' lang='lat' dir='ltr'><strong>ﬁdem,</strong></span> <span class='ocrx_word' id='word_1_82' title='bbox 1088 1201 1142 1247; x_wconf 90' lang='lat' dir='ltr'><strong>et</strong></span> <span class='ocrx_word' id='word_1_83' title='bbox 1189 1193 1307 1247; x_wconf 87' lang='lat' dir='ltr'><strong>sine</strong></span> <span class='ocrx_word' id='word_1_84' title='bbox 1349 1188 1776 1262; x_wconf 61' lang='lat' dir='ltr'><strong>praecedentibus</strong></span> <span class='ocrx_word' id='word_1_85' title='bbox 1824 1187 2051 1253; x_wconf 91' lang='lat' dir='ltr'><strong>meritis,</strong></span> <span class='ocrx_word' id='word_1_86' title='bbox 2100 1202 2168 1242; x_wconf 80' lang='lat' dir='ltr'><strong>ex</strong></span> 
     </span>
    </p>
   </div>
   <div class='ocr_carea' id='block_1_11' title="bbox 589 1264 2173 1358">
    <p class='ocr_par' dir='ltr' id='par_1_11' title="bbox 589 1264 2173 1358">
     <span class='ocr_line' id='line_1_11' title="bbox 589 1264 2173 1358; baseline -0.006 -17"><span class='ocrx_word' id='word_1_87' title='bbox 589 1264 754 1357; x_wconf 74' lang='lat' dir='ltr'><strong>impio</strong></span> <span class='ocrx_word' id='word_1_88' title='bbox 782 1294 835 1341; x_wconf 91' lang='lat' dir='ltr'><strong>et</strong></span> <span class='ocrx_word' id='word_1_89' title='bbox 860 1295 1143 1358; x_wconf 78' lang='lat' dir='ltr'><strong>peccatore</strong></span> <span class='ocrx_word' id='word_1_90' title='bbox 1166 1283 1295 1341; x_wconf 81' lang='lat' dir='ltr'><strong>facit</strong></span> <span class='ocrx_word' id='word_1_91' title='bbox 1317 1283 1464 1354; x_wconf 91' lang='lat' dir='ltr'><strong>pium</strong></span> <span class='ocrx_word' id='word_1_92' title='bbox 1486 1292 1539 1339; x_wconf 92' lang='lat' dir='ltr'><strong>et</strong></span> <span class='ocrx_word' id='word_1_93' title='bbox 1559 1272 1783 1355; x_wconf 86' lang='lat' dir='ltr'><strong>justum,</strong></span> <span class='ocrx_word' id='word_1_94' title='bbox 1811 1289 2082 1351; x_wconf 78' lang='lat' dir='ltr'><strong>reputatur</strong></span> <span class='ocrx_word' id='word_1_95' title='bbox 2106 1264 2173 1349; x_wconf 53' lang='lat' dir='ltr'><strong>ﬁ?</strong></span> 
     </span>
    </p>
   </div>
   <div class='ocr_carea' id='block_1_12' title="bbox 589 1373 2170 1450">
    <p class='ocr_par' dir='ltr' id='par_1_12' title="bbox 589 1373 2170 1450">
     <span class='ocr_line' id='line_1_12' title="bbox 589 1373 2170 1450; baseline -0.004 -18"><span class='ocrx_word' id='word_1_96' title='bbox 589 1381 677 1434; x_wconf 85' lang='lat' dir='ltr'><strong>des</strong></span> <span class='ocrx_word' id='word_1_97' title='bbox 706 1379 819 1449; x_wconf 87' lang='lat' dir='ltr'><strong>ejus</strong></span> <span class='ocrx_word' id='word_1_98' title='bbox 848 1379 917 1432; x_wconf 90' lang='lat' dir='ltr'><strong>ad</strong></span> <span class='ocrx_word' id='word_1_99' title='bbox 953 1378 1242 1450; x_wconf 72' lang='lat' dir='ltr'><strong>justitiam,</strong></span> <span class='ocrx_word' id='word_1_100' title='bbox 1275 1376 1327 1430; x_wconf 91' lang='lat' dir='ltr'><strong>id</strong></span> <span class='ocrx_word' id='word_1_101' title='bbox 1348 1384 1429 1431; x_wconf 90' lang='lat' dir='ltr'><strong>est</strong></span> <span class='ocrx_word' id='word_1_102' title='bbox 1456 1374 1523 1430; x_wconf 91' lang='lat' dir='ltr'><strong>ad</strong></span> <span class='ocrx_word' id='word_1_103' title='bbox 1558 1373 1955 1439; x_wconf 81' lang='lat' dir='ltr'><strong>remissionem,</strong></span> <span class='ocrx_word' id='word_1_104' title='bbox 1988 1389 2170 1426; x_wconf 80' lang='lat' dir='ltr'><strong>secun-</strong></span> 
     </span>
    </p>
   </div>
   <div class='ocr_carea' id='block_1_13' title="bbox 589 1454 2170 1541">
    <p class='ocr_par' dir='ltr' id='par_1_13' title="bbox 589 1454 2170 1541">
     <span class='ocr_line' id='line_1_13' title="bbox 589 1454 2170 1541; baseline -0.005 -16"><span class='ocrx_word' id='word_1_105' title='bbox 589 1472 712 1525; x_wconf 78' lang='lat' dir='ltr'><strong>dum</strong></span> <span class='ocrx_word' id='word_1_106' title='bbox 750 1460 1074 1541; x_wconf 83' lang='lat' dir='ltr'><strong>propositum</strong></span> <span class='ocrx_word' id='word_1_107' title='bbox 1095 1456 1277 1539; x_wconf 70' lang='lat' dir='ltr'><strong>gratim</strong></span> <span class='ocrx_word' id='word_1_108' title='bbox 1304 1454 1421 1533; x_wconf 85' lang='lat' dir='ltr'><strong>Dei,</strong></span> <span class='ocrx_word' id='word_1_109' title='bbox 1446 1467 1548 1521; x_wconf 92' lang='lat' dir='ltr'><strong>hoc</strong></span> <span class='ocrx_word' id='word_1_110' title='bbox 1573 1454 1657 1521; x_wconf 86' lang='lat' dir='ltr'><strong>est</strong></span> <span class='ocrx_word' id='word_1_111' title='bbox 1697 1464 1974 1521; x_wconf 89' lang='lat' dir='ltr'><strong>decretum</strong></span> <span class='ocrx_word' id='word_1_112' title='bbox 2012 1461 2170 1534; x_wconf 85' lang='lat' dir='ltr'><strong>justi-</strong></span> 
     </span>
    </p>
   </div>
   <div class='ocr_carea' id='block_1_14' title="bbox 591 1542 2169 1624">
    <p class='ocr_par' dir='ltr' id='par_1_14' title="bbox 591 1542 2169 1624">
     <span class='ocr_line' id='line_1_14' title="bbox 591 1542 2169 1624; baseline -0.007 -5"><span class='ocrx_word' id='word_1_113' title='bbox 591 1568 677 1619; x_wconf 84' lang='lat' dir='ltr'><strong>tiae</strong></span> <span class='ocrx_word' id='word_1_114' title='bbox 714 1573 770 1619; x_wconf 90' lang='lat' dir='ltr'><strong>et</strong></span> <span class='ocrx_word' id='word_1_115' title='bbox 816 1561 1203 1619; x_wconf 86' lang='lat' dir='ltr'><strong>misericordiae</strong></span> <span class='ocrx_word' id='word_1_116' title='bbox 1248 1559 1364 1624; x_wconf 89' lang='lat' dir='ltr'><strong>Dei,</strong></span> <span class='ocrx_word' id='word_1_117' title='bbox 1414 1574 1520 1614; x_wconf 91' lang='lat' dir='ltr'><strong>non</strong></span> <span class='ocrx_word' id='word_1_118' title='bbox 1572 1558 1866 1614; x_wconf 87' lang='lat' dir='ltr'><strong>secundum</strong></span> <span class='ocrx_word' id='word_1_119' title='bbox 1918 1542 2169 1611; x_wconf 82' lang='lat' dir='ltr'><strong>meritum</strong></span> 
     </span>
    </p>
   </div>
   <div class='ocr_carea' id='block_1_15' title="bbox 590 1647 2167 1736">
    <p class='ocr_par' dir='ltr' id='par_1_15' title="bbox 590 1647 2167 1736">
     <span class='ocr_line' id='line_1_15' title="bbox 590 1647 2167 1736; baseline -0.006 -24"><span class='ocrx_word' id='word_1_120' title='bbox 590 1657 715 1736; x_wconf 88' lang='lat' dir='ltr'><strong>quid</strong></span> <span class='ocrx_word' id='word_1_121' title='bbox 741 1656 983 1712; x_wconf 85' lang='lat' dir='ltr'><strong>decrevit</strong></span> <span class='ocrx_word' id='word_1_122' title='bbox 1020 1654 1190 1727; x_wconf 90' lang='lat' dir='ltr'><strong>gratis</strong></span> <span class='ocrx_word' id='word_1_123' title='bbox 1233 1659 1455 1724; x_wconf 87' lang='lat' dir='ltr'><strong>peccata</strong></span> <span class='ocrx_word' id='word_1_124' title='bbox 1484 1651 1778 1733; x_wconf 83' lang='lat' dir='ltr'><strong>dimittere.</strong></span> <span class='ocrx_word' id='word_1_125' title='bbox 1809 1648 1924 1705; x_wconf 83' lang='lat' dir='ltr'><strong>Hoc</strong></span> <span class='ocrx_word' id='word_1_126' title='bbox 1967 1647 2167 1703; x_wconf 90' lang='lat' dir='ltr'><strong>intelli-</strong></span> 
     </span>
    </p>
   </div>
   <div class='ocr_carea' id='block_1_16' title="bbox 590 1730 2169 1821">
    <p class='ocr_par' dir='ltr' id='par_1_16' title="bbox 590 1730 2169 1821">
     <span class='ocr_line' id='line_1_16' title="bbox 590 1730 2169 1821; baseline -0.008 -17"><span class='ocrx_word' id='word_1_127' title='bbox 590 1732 818 1821; x_wconf 86' lang='lat' dir='ltr'><strong>gendum</strong></span> <span class='ocrx_word' id='word_1_128' title='bbox 848 1756 933 1803; x_wconf 86' lang='lat' dir='ltr'><strong>est</strong></span> <span class='ocrx_word' id='word_1_129' title='bbox 959 1748 1025 1803; x_wconf 91' lang='lat' dir='ltr'><strong>de</strong></span> <span class='ocrx_word' id='word_1_130' title='bbox 1069 1743 1362 1817; x_wconf 76' lang='lat' dir='ltr'><strong>gentilibus</strong></span> <span class='ocrx_word' id='word_1_131' title='bbox 1386 1742 1477 1813; x_wconf 91' lang='lat' dir='ltr'><strong>qui</strong></span> <span class='ocrx_word' id='word_1_132' title='bbox 1507 1750 1634 1797; x_wconf 88' lang='lat' dir='ltr'><strong>ante</strong></span> <span class='ocrx_word' id='word_1_133' title='bbox 1681 1730 1839 1796; x_wconf 87' lang='lat' dir='ltr'><strong>ﬁdem</strong></span> <span class='ocrx_word' id='word_1_134' title='bbox 1882 1732 2028 1795; x_wconf 88' lang='lat' dir='ltr'><strong>nulla</strong></span> <span class='ocrx_word' id='word_1_135' title='bbox 2071 1740 2169 1793; x_wconf 87' lang='lat' dir='ltr'><strong>ha-</strong></span> 
     </span>
    </p>
   </div>
   <div class='ocr_carea' id='block_1_17' title="bbox 590 1830 2170 1910">
    <p class='ocr_par' dir='ltr' id='par_1_17' title="bbox 590 1830 2170 1910">
     <span class='ocr_line' id='line_1_17' title="bbox 590 1830 2170 1910; baseline -0.007 -14"><span class='ocrx_word' id='word_1_136' title='bbox 590 1850 755 1897; x_wconf 88' lang='lat' dir='ltr'><strong>buere</strong></span> <span class='ocrx_word' id='word_1_137' title='bbox 785 1853 949 1910; x_wconf 82' lang='lat' dir='ltr'><strong>opera</strong></span> <span class='ocrx_word' id='word_1_138' title='bbox 995 1836 1151 1909; x_wconf 86' lang='lat' dir='ltr'><strong>legis,</strong></span> <span class='ocrx_word' id='word_1_139' title='bbox 1184 1844 1240 1892; x_wconf 90' lang='lat' dir='ltr'><strong>et</strong></span> <span class='ocrx_word' id='word_1_140' title='bbox 1292 1844 1473 1891; x_wconf 86' lang='lat' dir='ltr'><strong>tamen</strong></span> <span class='ocrx_word' id='word_1_141' title='bbox 1522 1835 1662 1890; x_wconf 88' lang='lat' dir='ltr'><strong>sicut</strong></span> <span class='ocrx_word' id='word_1_142' title='bbox 1709 1831 1879 1887; x_wconf 71' lang='grc' dir='ltr'><strong>,ιυόωί</strong></span> <span class='ocrx_word' id='word_1_143' title='bbox 1923 1830 2170 1887; x_wconf 84' lang='lat' dir='ltr'><strong>conversi</strong></span> 
     </span>
    </p>
   </div>
   <div class='ocr_carea' id='block_1_18' title="bbox 2268 646 3543 723">
    <p class='ocr_par' dir='ltr' id='par_1_18' title="bbox 2268 646 3543 723">
     <span class='ocr_line' id='line_1_18' title="bbox 2268 646 3543 723; baseline -0.001 -22"><span class='ocrx_word' id='word_1_144' title='bbox 2268 646 2412 723; x_wconf 82' lang='lat' dir='ltr'><strong>niam</strong></span> <span class='ocrx_word' id='word_1_145' title='bbox 2442 646 2814 717; x_wconf 79' lang='lat' dir='ltr'><strong>paenitentiam</strong></span> <span class='ocrx_word' id='word_1_146' title='bbox 2842 646 3175 714; x_wconf 87' lang='lat' dir='ltr'><strong>corporalem</strong></span> <span class='ocrx_word' id='word_1_147' title='bbox 3205 656 3543 715; x_wconf 86' lang='lat' dir='ltr'><strong>susceperunt.</strong></span> 
     </span>
    </p>
   </div>
   <div class='ocr_carea' id='block_1_19' title="bbox 2338 737 3727 815">
    <p class='ocr_par' dir='ltr' id='par_1_19' title="bbox 2338 737 3727 815">
     <span class='ocr_line' id='line_1_19' title="bbox 2338 737 3727 815; baseline 0 -21"><span class='ocrx_word' id='word_1_148' title='bbox 2338 738 2616 809; x_wconf 84' lang='lat' dir='ltr'><strong>Beatitudo</strong></span> <span class='ocrx_word' id='word_1_149' title='bbox 2640 755 2760 815; x_wconf 79' lang='lat' dir='ltr'><strong>ergo</strong></span> <span class='ocrx_word' id='word_1_150' title='bbox 2787 740 2918 805; x_wconf 77' lang='lat' dir='ltr'><strong>lucc,</strong></span> <span class='ocrx_word' id='word_1_151' title='bbox 2948 738 3014 794; x_wconf 90' lang='lat' dir='ltr'><strong>de</strong></span> <span class='ocrx_word' id='word_1_152' title='bbox 3034 754 3139 809; x_wconf 90' lang='lat' dir='ltr'><strong>qua</strong></span> <span class='ocrx_word' id='word_1_153' title='bbox 3164 737 3438 794; x_wconf 86' lang='lat' dir='ltr'><strong>Psalmista</strong></span> <span class='ocrx_word' id='word_1_154' title='bbox 3458 740 3584 804; x_wconf 86' lang='lat' dir='ltr'><strong>dicit,</strong></span> <span class='ocrx_word' id='word_1_155' title='bbox 3605 741 3644 794; x_wconf 81' lang='lat' dir='ltr'><strong>in</strong></span> <span class='ocrx_word' id='word_1_156' title='bbox 3665 743 3727 794; x_wconf 69' lang='lat' dir='ltr'><strong>cit-</strong></span> 
     </span>
    </p>
   </div>
   <div class='ocr_carea' id='block_1_20' title="bbox 2268 830 3732 902">
    <p class='ocr_par' dir='ltr' id='par_1_20' title="bbox 2268 830 3732 902">
     <span class='ocr_line' id='line_1_20' title="bbox 2268 830 3732 902; baseline 0.003 -20"><span class='ocrx_word' id='word_1_157' title='bbox 2268 831 2579 885; x_wconf 86' lang='lat' dir='ltr'><strong>cumcisione</strong></span> <span class='ocrx_word' id='word_1_158' title='bbox 2609 839 2810 884; x_wconf 90' lang='lat' dir='ltr'><strong>tantum</strong></span> <span class='ocrx_word' id='word_1_159' title='bbox 2854 837 3050 895; x_wconf 84' lang='lat' dir='ltr'><strong>manet,</strong></span> <span class='ocrx_word' id='word_1_160' title='bbox 3090 846 3161 884; x_wconf 87' lang='lat' dir='ltr'><strong>an</strong></span> <span class='ocrx_word' id='word_1_161' title='bbox 3200 830 3426 884; x_wconf 86' lang='lat' dir='ltr'><strong>etiamin</strong></span> <span class='ocrx_word' id='word_1_162' title='bbox 3459 833 3732 902; x_wconf 62' lang='lat' dir='ltr'><strong>pra’putioiitl</strong></span> 
     </span>
    </p>
   </div>
   <div class='ocr_carea' id='block_1_21' title="bbox 2267 921 3733 995">
    <p class='ocr_par' dir='ltr' id='par_1_21' title="bbox 2267 921 3733 995">
     <span class='ocr_line' id='line_1_21' title="bbox 2267 921 3733 995; baseline 0.005 -21"><span class='ocrx_word' id='word_1_163' title='bbox 2267 932 2349 975; x_wconf 88' lang='lat' dir='ltr'><strong>est</strong></span> <span class='ocrx_word' id='word_1_164' title='bbox 2375 922 2607 995; x_wconf 87' lang='lat' dir='ltr'><strong>pertinet</strong></span> <span class='ocrx_word' id='word_1_165' title='bbox 2646 922 2982 978; x_wconf 85' lang='lat' dir='ltr'><strong>solummodo</strong></span> <span class='ocrx_word' id='word_1_166' title='bbox 3013 922 3081 978; x_wconf 86' lang='lat' dir='ltr'><strong>ad</strong></span> <span class='ocrx_word' id='word_1_167' title='bbox 3107 921 3319 978; x_wconf 69' lang='lat' dir='ltr'><strong>Iudaeos</strong></span> <span class='ocrx_word' id='word_1_168' title='bbox 3350 938 3460 994; x_wconf 73' lang='lat' dir='ltr'><strong>qua:</strong></span> <span class='ocrx_word' id='word_1_169' title='bbox 3483 924 3733 981; x_wconf 82' lang='lat' dir='ltr'><strong>circumcisio</strong></span> 
     </span>
    </p>
   </div>
   <div class='ocr_carea' id='block_1_22' title="bbox 2270 1014 3733 1088">
    <p class='ocr_par' dir='ltr' id='par_1_22' title="bbox 2270 1014 3733 1088">
     <span class='ocr_line' id='line_1_22' title="bbox 2270 1014 3733 1088; baseline 0.003 -21"><span class='ocrx_word' id='word_1_170' title='bbox 2270 1014 2590 1084; x_wconf 82' lang='lat' dir='ltr'><strong>appellatur,</strong></span> <span class='ocrx_word' id='word_1_171' title='bbox 2619 1031 2688 1071; x_wconf 89' lang='lat' dir='ltr'><strong>an</strong></span> <span class='ocrx_word' id='word_1_172' title='bbox 2715 1015 2880 1070; x_wconf 89' lang='lat' dir='ltr'><strong>etiam</strong></span> <span class='ocrx_word' id='word_1_173' title='bbox 2908 1016 2975 1071; x_wconf 87' lang='lat' dir='ltr'><strong>ad</strong></span> <span class='ocrx_word' id='word_1_174' title='bbox 3016 1015 3244 1088; x_wconf 78' lang='lat' dir='ltr'><strong>gentiles</strong></span> <span class='ocrx_word' id='word_1_175' title='bbox 3270 1018 3359 1087; x_wconf 90' lang='lat' dir='ltr'><strong>qui</strong></span> <span class='ocrx_word' id='word_1_176' title='bbox 3402 1017 3661 1088; x_wconf 67' lang='lat' dir='ltr'><strong>praeputium</strong></span> <span class='ocrx_word' id='word_1_177' title='bbox 3684 1019 3733 1072; x_wconf 86' lang='lat' dir='ltr'><strong>di-</strong></span> 
     </span>
    </p>
   </div>
   <div class='ocr_carea' id='block_1_23' title="bbox 2268 1105 3735 1179">
    <p class='ocr_par' dir='ltr' id='par_1_23' title="bbox 2268 1105 3735 1179">
     <span class='ocr_line' id='line_1_23' title="bbox 2268 1105 3735 1179; baseline 0.001 -17"><span class='ocrx_word' id='word_1_178' title='bbox 2268 1107 2427 1162; x_wconf 91' lang='lat' dir='ltr'><strong>citur.</strong></span> <span class='ocrx_word' id='word_1_179' title='bbox 2458 1106 2549 1162; x_wconf 86' lang='lat' dir='ltr'><strong>illa</strong></span> <span class='ocrx_word' id='word_1_180' title='bbox 2583 1105 2859 1162; x_wconf 88' lang='lat' dir='ltr'><strong>beatitudo</strong></span> <span class='ocrx_word' id='word_1_181' title='bbox 2888 1123 2993 1179; x_wconf 90' lang='lat' dir='ltr'><strong>qua</strong></span> <span class='ocrx_word' id='word_1_182' title='bbox 3025 1117 3246 1178; x_wconf 88' lang='lat' dir='ltr'><strong>peccata</strong></span> <span class='ocrx_word' id='word_1_183' title='bbox 3272 1110 3386 1164; x_wconf 85' lang='lat' dir='ltr'><strong>sine</strong></span> <span class='ocrx_word' id='word_1_184' title='bbox 3407 1109 3622 1179; x_wconf 79' lang='lat' dir='ltr'><strong>operibus</strong></span> <span class='ocrx_word' id='word_1_185' title='bbox 3651 1108 3735 1178; x_wconf 76' lang='lat' dir='ltr'><strong>legis</strong></span> 
     </span>
    </p>
   </div>
   <div class='ocr_carea' id='block_1_24' title="bbox 2270 1197 3735 1271">
    <p class='ocr_par' dir='ltr' id='par_1_24' title="bbox 2270 1197 3735 1271">
     <span class='ocr_line' id='line_1_24' title="bbox 2270 1197 3735 1271; baseline 0 -18"><span class='ocrx_word' id='word_1_186' title='bbox 2270 1197 2612 1253; x_wconf 89' lang='lat' dir='ltr'><strong>dimittuntur</strong></span> <span class='ocrx_word' id='word_1_187' title='bbox 2632 1199 2802 1269; x_wconf 85' lang='lat' dir='ltr'><strong>gratis</strong></span> <span class='ocrx_word' id='word_1_188' title='bbox 2830 1198 2883 1254; x_wconf 88' lang='lat' dir='ltr'><strong>in</strong></span> <span class='ocrx_word' id='word_1_189' title='bbox 2908 1199 3248 1269; x_wconf 83' lang='lat' dir='ltr'><strong>baptismate,</strong></span> <span class='ocrx_word' id='word_1_190' title='bbox 3269 1207 3324 1255; x_wconf 90' lang='lat' dir='ltr'><strong>et</strong></span> <span class='ocrx_word' id='word_1_191' title='bbox 3347 1214 3436 1270; x_wconf 89' lang='lat' dir='ltr'><strong>per</strong></span> <span class='ocrx_word' id='word_1_192' title='bbox 3457 1200 3735 1271; x_wconf 76' lang='lat' dir='ltr'><strong>ptnniteatiau</strong></span> 
     </span>
    </p>
   </div>
   <div class='ocr_carea' id='block_1_25' title="bbox 2269 1278 3837 1361">
    <p class='ocr_par' dir='ltr' id='par_1_25' title="bbox 2269 1278 3837 1361">
     <span class='ocr_line' id='line_1_25' title="bbox 2269 1278 3837 1361; baseline 0.001 -17"><span class='ocrx_word' id='word_1_193' title='bbox 2269 1298 2431 1359; x_wconf 86' lang='lat' dir='ltr'><strong>atque</strong></span> <span class='ocrx_word' id='word_1_194' title='bbox 2454 1290 2797 1361; x_wconf 79' lang='lat' dir='ltr'><strong>martyrium,</strong></span> <span class='ocrx_word' id='word_1_195' title='bbox 2832 1299 2942 1345; x_wconf 91' lang='lat' dir='ltr'><strong>tam</strong></span> <span class='ocrx_word' id='word_1_196' title='bbox 2985 1290 3051 1345; x_wconf 89' lang='lat' dir='ltr'><strong>ad</strong></span> <span class='ocrx_word' id='word_1_197' title='bbox 3076 1289 3289 1347; x_wconf 62' lang='lat' dir='ltr'><strong>Judaos</strong></span> <span class='ocrx_word' id='word_1_198' title='bbox 3331 1292 3395 1346; x_wconf 85' lang='lat' dir='ltr'><strong>ad</strong></span> <span class='ocrx_word' id='word_1_199' title='bbox 3421 1292 3557 1348; x_wconf 82' lang='lat' dir='ltr'><strong>ﬁdem</strong></span> <span class='ocrx_word' id='word_1_200' title='bbox 3589 1291 3735 1346; x_wconf 72' lang='lat' dir='ltr'><strong>venicu—</strong></span> 
     </span>
    </p>
   </div>
   <div class='ocr_carea' id='block_1_26' title="bbox 2272 1382 3735 1455">
    <p class='ocr_par' dir='ltr' id='par_1_26' title="bbox 2272 1382 3735 1455">
     <span class='ocr_line' id='line_1_26' title="bbox 2272 1382 3735 1455; baseline 0.003 -22"><span class='ocrx_word' id='word_1_201' title='bbox 2272 1389 2369 1445; x_wconf 89' lang='lat' dir='ltr'><strong>tes,</strong></span> <span class='ocrx_word' id='word_1_202' title='bbox 2395 1397 2555 1450; x_wconf 90' lang='lat' dir='ltr'><strong>quam</strong></span> <span class='ocrx_word' id='word_1_203' title='bbox 2586 1382 2650 1436; x_wconf 90' lang='lat' dir='ltr'><strong>ad</strong></span> <span class='ocrx_word' id='word_1_204' title='bbox 2676 1383 2903 1455; x_wconf 85' lang='lat' dir='ltr'><strong>gentiles</strong></span> <span class='ocrx_word' id='word_1_205' title='bbox 2924 1384 3158 1454; x_wconf 86' lang='lat' dir='ltr'><strong>pertinet</strong></span> <span class='ocrx_word' id='word_1_206' title='bbox 3187 1402 3201 1438; x_wconf 88' lang='lat'><strong>:</strong></span> <span class='ocrx_word' id='word_1_207' title='bbox 3226 1398 3332 1454; x_wconf 90' lang='lat' dir='ltr'><strong>qua</strong></span> <span class='ocrx_word' id='word_1_208' title='bbox 3346 1384 3505 1455; x_wconf 86' lang='lat' dir='ltr'><strong>gratia</strong></span> <span class='ocrx_word' id='word_1_209' title='bbox 3525 1384 3735 1445; x_wconf 69' lang='lat' dir='ltr'><strong>Abraham,</strong></span> 
     </span>
    </p>
   </div>
   <div class='ocr_carea' id='block_1_27' title="bbox 2269 1471 3738 1545">
    <p class='ocr_par' dir='ltr' id='par_1_27' title="bbox 2269 1471 3738 1545">
     <span class='ocr_line' id='line_1_27' title="bbox 2269 1471 3738 1545; baseline 0.001 -19"><span class='ocrx_word' id='word_1_210' title='bbox 2269 1471 2396 1528; x_wconf 92' lang='lat' dir='ltr'><strong>licet</strong></span> <span class='ocrx_word' id='word_1_211' title='bbox 2425 1489 2531 1528; x_wconf 94' lang='lat' dir='ltr'><strong>non</strong></span> <span class='ocrx_word' id='word_1_212' title='bbox 2561 1482 2707 1529; x_wconf 88' lang='lat' dir='ltr'><strong>esset</strong></span> <span class='ocrx_word' id='word_1_213' title='bbox 2748 1476 3074 1545; x_wconf 81' lang='lat' dir='ltr'><strong>baptizatus,</strong></span> <span class='ocrx_word' id='word_1_214' title='bbox 3098 1489 3197 1545; x_wconf 91' lang='lat' dir='ltr'><strong>per</strong></span> <span class='ocrx_word' id='word_1_215' title='bbox 3219 1474 3378 1532; x_wconf 83' lang='lat' dir='ltr'><strong>ﬁdem</strong></span> <span class='ocrx_word' id='word_1_216' title='bbox 3399 1483 3559 1531; x_wconf 81' lang='lat' dir='ltr'><strong>tamen</strong></span> <span class='ocrx_word' id='word_1_217' title='bbox 3581 1490 3671 1530; x_wconf 76' lang='lat' dir='ltr'><strong>cun</strong></span> <span class='ocrx_word' id='word_1_218' title='bbox 3687 1489 3738 1528; x_wconf 78' lang='lat' dir='ltr'><strong>es-</strong></span> 
     </span>
    </p>
   </div>
   <div class='ocr_carea' id='block_1_28' title="bbox 2270 1565 3736 1639">
    <p class='ocr_par' dir='ltr' id='par_1_28' title="bbox 2270 1565 3736 1639">
     <span class='ocr_line' id='line_1_28' title="bbox 2270 1565 3736 1639; baseline 0.003 -21"><span class='ocrx_word' id='word_1_219' title='bbox 2270 1573 2352 1619; x_wconf 92' lang='lat' dir='ltr'><strong>set</strong></span> <span class='ocrx_word' id='word_1_220' title='bbox 2383 1565 2435 1620; x_wconf 91' lang='lat' dir='ltr'><strong>in</strong></span> <span class='ocrx_word' id='word_1_221' title='bbox 2460 1567 2721 1639; x_wconf 70' lang='lat' dir='ltr'><strong>praeputio</strong></span> <span class='ocrx_word' id='word_1_222' title='bbox 2755 1566 3086 1636; x_wconf 82' lang='lat' dir='ltr'><strong>justiﬁeatus</strong></span> <span class='ocrx_word' id='word_1_223' title='bbox 3108 1577 3211 1625; x_wconf 90' lang='lat' dir='ltr'><strong>est.</strong></span> <span class='ocrx_word' id='word_1_224' title='bbox 3239 1568 3387 1626; x_wconf 84' lang='lat' dir='ltr'><strong>Unde</strong></span> <span class='ocrx_word' id='word_1_225' title='bbox 3409 1567 3736 1637; x_wconf 70' lang='lat' dir='ltr'><strong>subditAposto-</strong></span> 
     </span>
    </p>
   </div>
   <div class='ocr_carea' id='block_1_29' title="bbox 2270 1654 3737 1729">
    <p class='ocr_par' dir='ltr' id='par_1_29' title="bbox 2270 1654 3737 1729">
     <span class='ocr_line' id='line_1_29' title="bbox 2270 1654 3737 1729; baseline 0.001 -21"><span class='ocrx_word' id='word_1_226' title='bbox 2270 1654 2352 1710; x_wconf 88' lang='lat' dir='ltr'><strong>lus</strong></span> <span class='ocrx_word' id='word_1_227' title='bbox 2382 1674 2393 1708; x_wconf 91' lang='lat'><strong>:</strong></span> <span class='ocrx_word' id='word_1_228' title='bbox 2432 1655 2664 1711; x_wconf 79' lang='lat' dir='ltr'><strong>Dicimus</strong></span> <span class='ocrx_word' id='word_1_229' title='bbox 2706 1667 2881 1712; x_wconf 88' lang='lat' dir='ltr'><strong>autem</strong></span> <span class='ocrx_word' id='word_1_230' title='bbox 2919 1659 3044 1729; x_wconf 87' lang='lat' dir='ltr'><strong>quia</strong></span> <span class='ocrx_word' id='word_1_231' title='bbox 3079 1668 3321 1729; x_wconf 74' lang='lat' dir='ltr'><strong>reputate</strong></span> <span class='ocrx_word' id='word_1_232' title='bbox 3343 1667 3415 1714; x_wconf 72' lang='lat' dir='ltr'><strong>est</strong></span> <span class='ocrx_word' id='word_1_233' title='bbox 3456 1658 3569 1726; x_wconf 67' lang='lat' dir='ltr'><strong>ﬁdes</strong></span> <span class='ocrx_word' id='word_1_234' title='bbox 3590 1658 3737 1711; x_wconf 67' lang='lat' dir='ltr'><strong>Atriis</strong></span> 
     </span>
    </p>
   </div>
   <div class='ocr_carea' id='block_1_30' title="bbox 2268 1746 3738 1817">
    <p class='ocr_par' dir='ltr' id='par_1_30' title="bbox 2268 1746 3738 1817">
     <span class='ocr_line' id='line_1_30' title="bbox 2268 1746 3738 1817; baseline 0.003 -19"><span class='ocrx_word' id='word_1_235' title='bbox 2268 1746 2338 1799; x_wconf 87' lang='lat' dir='ltr'><strong>ad</strong></span> <span class='ocrx_word' id='word_1_236' title='bbox 2355 1746 2642 1817; x_wconf 75' lang='lat' dir='ltr'><strong>justitiam,</strong></span> <span class='ocrx_word' id='word_1_237' title='bbox 2682 1764 2786 1802; x_wconf 91' lang='lat' dir='ltr'><strong>non</strong></span> <span class='ocrx_word' id='word_1_238' title='bbox 2813 1750 3182 1816; x_wconf 90' lang='lat' dir='ltr'><strong>circumcisio,</strong></span> <span class='ocrx_word' id='word_1_239' title='bbox 3210 1750 3266 1804; x_wconf 89' lang='lat' dir='ltr'><strong>id</strong></span> <span class='ocrx_word' id='word_1_240' title='bbox 3289 1750 3486 1807; x_wconf 87' lang='lat' dir='ltr'><strong>esthoc</strong></span> <span class='ocrx_word' id='word_1_241' title='bbox 3506 1747 3738 1805; x_wconf 75' lang='lat' dir='ltr'><strong>animantis</strong></span> 
     </span>
    </p>
   </div>
   <div class='ocr_carea' id='block_1_31' title="bbox 2269 1838 3739 1912">
    <p class='ocr_par' dir='ltr' id='par_1_31' title="bbox 2269 1838 3739 1912">
     <span class='ocr_line' id='line_1_31' title="bbox 2269 1838 3739 1912; baseline -0.003 -20"><span class='ocrx_word' id='word_1_242' title='bbox 2269 1853 2368 1894; x_wconf 91' lang='lat' dir='ltr'><strong>nos</strong></span> <span class='ocrx_word' id='word_1_243' title='bbox 2396 1838 2641 1907; x_wconf 83' lang='lat' dir='ltr'><strong>apostoli,</strong></span> <span class='ocrx_word' id='word_1_244' title='bbox 2675 1839 2800 1909; x_wconf 84' lang='lat' dir='ltr'><strong>quia</strong></span> <span class='ocrx_word' id='word_1_245' title='bbox 2830 1855 2936 1895; x_wconf 90' lang='lat' dir='ltr'><strong>non</strong></span> <span class='ocrx_word' id='word_1_246' title='bbox 2975 1848 3194 1912; x_wconf 78' lang='lat' dir='ltr'><strong>propter</strong></span> <span class='ocrx_word' id='word_1_247' title='bbox 3237 1839 3650 1896; x_wconf 86' lang='lat' dir='ltr'><strong>circumcisionetn</strong></span> <span class='ocrx_word' id='word_1_248' title='bbox 3669 1852 3739 1891; x_wconf 82' lang='lat' dir='ltr'><strong>car-</strong></span> 
     </span>
    </p>
   </div>
   <div class='ocr_carea' id='block_1_32' title="bbox 589 1924 3739 2002">
    <p class='ocr_par' dir='ltr' id='par_1_32' title="bbox 589 1924 3739 2002">
     <span class='ocr_line' id='line_1_32' title="bbox 589 1924 3739 2002; baseline -0.002 -13"><span class='ocrx_word' id='word_1_249' title='bbox 589 1932 949 2001; x_wconf 71' lang='lat' dir='ltr'><strong>tustiﬁcantur</strong></span> <span class='ocrx_word' id='word_1_250' title='bbox 971 1946 1069 2002; x_wconf 92' lang='lat' dir='ltr'><strong>per</strong></span> <span class='ocrx_word' id='word_1_251' title='bbox 1096 1929 1257 1985; x_wconf 90' lang='lat' dir='ltr'><strong>ﬁdem</strong></span> <span class='ocrx_word' id='word_1_252' title='bbox 1283 1926 1485 1985; x_wconf 91' lang='lat' dir='ltr'><strong>Christi</strong></span> <span class='ocrx_word' id='word_1_253' title='bbox 1506 1927 1623 1984; x_wconf 91' lang='lat' dir='ltr'><strong>sine</strong></span> <span class='ocrx_word' id='word_1_254' title='bbox 1643 1926 1897 1998; x_wconf 84' lang='lat' dir='ltr'><strong>operibus</strong></span> <span class='ocrx_word' id='word_1_255' title='bbox 1917 1924 2067 1996; x_wconf 84' lang='lat' dir='ltr'><strong>legis,</strong></span> <span class='ocrx_word' id='word_1_256' title='bbox 2093 1925 2165 1979; x_wconf 91' lang='lat' dir='ltr'><strong>ita</strong></span> <span class='ocrx_word' id='word_1_257' title='bbox 2195 1926 2244 1987; x_wconf 90' lang='lat' dir='ltr'><strong>B</strong></span> <span class='ocrx_word' id='word_1_258' title='bbox 2271 1929 2470 1993; x_wconf 89' lang='lat' dir='ltr'><strong>nalem,</strong></span> <span class='ocrx_word' id='word_1_259' title='bbox 2494 1929 2589 1984; x_wconf 89' lang='lat' dir='ltr'><strong>sed</strong></span> <span class='ocrx_word' id='word_1_260' title='bbox 2613 1938 2832 2000; x_wconf 87' lang='lat' dir='ltr'><strong>propter</strong></span> <span class='ocrx_word' id='word_1_261' title='bbox 2854 1930 3013 1985; x_wconf 88' lang='lat' dir='ltr'><strong>ﬁdem</strong></span> <span class='ocrx_word' id='word_1_262' title='bbox 3051 1946 3217 2001; x_wconf 88' lang='lat' dir='ltr'><strong>quam</strong></span> <span class='ocrx_word' id='word_1_263' title='bbox 3242 1928 3447 1996; x_wconf 85' lang='lat' dir='ltr'><strong>habuit,</strong></span> <span class='ocrx_word' id='word_1_264' title='bbox 3468 1944 3561 2000; x_wconf 89' lang='lat' dir='ltr'><strong>qua</strong></span> <span class='ocrx_word' id='word_1_265' title='bbox 3589 1926 3739 1984; x_wconf 75' lang='lat' dir='ltr'><strong>credidit</strong></span> 
     </span>
    </p>
   </div>
   <div class='ocr_carea' id='block_1_33' title="bbox 588 2018 2167 2092">
    <p class='ocr_par' dir='ltr' id='par_1_33' title="bbox 588 2018 2167 2092">
     <span class='ocr_line' id='line_1_33' title="bbox 588 2018 2167 2092; baseline -0.004 -10"><span class='ocrx_word' id='word_1_266' title='bbox 588 2038 639 2082; x_wconf 82' lang='lat' dir='ltr'><strong>et</strong></span> <span class='ocrx_word' id='word_1_267' title='bbox 670 2027 777 2081; x_wconf 90' lang='lat' dir='ltr'><strong>isti.</strong></span> <span class='ocrx_word' id='word_1_268' title='bbox 803 2025 871 2080; x_wconf 85' lang='lat' dir='ltr'><strong>Et</strong></span> <span class='ocrx_word' id='word_1_269' title='bbox 900 2025 1038 2080; x_wconf 87' lang='lat' dir='ltr'><strong>bene</strong></span> <span class='ocrx_word' id='word_1_270' title='bbox 1062 2023 1216 2090; x_wconf 86' lang='lat' dir='ltr'><strong>dicit,</strong></span> <span class='ocrx_word' id='word_1_271' title='bbox 1250 2021 1533 2078; x_wconf 86' lang='lat' dir='ltr'><strong>secundum</strong></span> <span class='ocrx_word' id='word_1_272' title='bbox 1574 2021 1895 2092; x_wconf 84' lang='lat' dir='ltr'><strong>propositum</strong></span> <span class='ocrx_word' id='word_1_273' title='bbox 1924 2019 2039 2074; x_wconf 84' lang='lat' dir='ltr'><strong>sive</strong></span> <span class='ocrx_word' id='word_1_274' title='bbox 2071 2018 2167 2075; x_wconf 81' lang='lat' dir='ltr'><strong>de-</strong></span> 
     </span>
    </p>
   </div>
   <div class='ocr_carea' id='block_1_34' title="bbox 588 2106 2166 2187">
    <p class='ocr_par' dir='ltr' id='par_1_34' title="bbox 588 2106 2166 2187">
     <span class='ocr_line' id='line_1_34' title="bbox 588 2106 2166 2187; baseline -0.008 -15"><span class='ocrx_word' id='word_1_275' title='bbox 588 2126 791 2172; x_wconf 88' lang='lat' dir='ltr'><strong>cretum</strong></span> <span class='ocrx_word' id='word_1_276' title='bbox 820 2113 1011 2187; x_wconf 71' lang='lat' dir='ltr'><strong>gratia:</strong></span> <span class='ocrx_word' id='word_1_277' title='bbox 1044 2112 1162 2177; x_wconf 91' lang='lat' dir='ltr'><strong>Dei,</strong></span> <span class='ocrx_word' id='word_1_278' title='bbox 1185 2111 1311 2182; x_wconf 93' lang='lat' dir='ltr'><strong>quia</strong></span> <span class='ocrx_word' id='word_1_279' title='bbox 1340 2119 1465 2165; x_wconf 90' lang='lat' dir='ltr'><strong>ante</strong></span> <span class='ocrx_word' id='word_1_280' title='bbox 1492 2109 1675 2164; x_wconf 87' lang='lat' dir='ltr'><strong>mundi</strong></span> <span class='ocrx_word' id='word_1_281' title='bbox 1705 2106 2166 2175; x_wconf 90' lang='lat' dir='ltr'><strong>constitutionem,</strong></span> 
     </span>
    </p>
   </div>
   <div class='ocr_carea' id='block_1_35' title="bbox 588 2199 2171 2269">
    <p class='ocr_par' dir='ltr' id='par_1_35' title="bbox 588 2199 2171 2269">
     <span class='ocr_line' id='line_1_35' title="bbox 588 2199 2171 2269; baseline -0.008 -3"><span class='ocrx_word' id='word_1_282' title='bbox 588 2228 711 2266; x_wconf 81' lang='lat' dir='ltr'><strong>cum</strong></span> <span class='ocrx_word' id='word_1_283' title='bbox 752 2210 913 2264; x_wconf 89' lang='lat' dir='ltr'><strong>homo</strong></span> <span class='ocrx_word' id='word_1_284' title='bbox 968 2208 1142 2262; x_wconf 89' lang='lat' dir='ltr'><strong>adhuc</strong></span> <span class='ocrx_word' id='word_1_285' title='bbox 1190 2221 1295 2262; x_wconf 92' lang='lat' dir='ltr'><strong>non</strong></span> <span class='ocrx_word' id='word_1_286' title='bbox 1350 2212 1515 2269; x_wconf 86' lang='lat' dir='ltr'><strong>esset,</strong></span> <span class='ocrx_word' id='word_1_287' title='bbox 1547 2201 1784 2257; x_wconf 81' lang='lat' dir='ltr'><strong>decrevit</strong></span> <span class='ocrx_word' id='word_1_288' title='bbox 1834 2200 1974 2255; x_wconf 91' lang='lat' dir='ltr'><strong>Deus</strong></span> <span class='ocrx_word' id='word_1_289' title='bbox 2010 2199 2171 2255; x_wconf 85' lang='lat' dir='ltr'><strong>Pater</strong></span> 
     </span>
    </p>
   </div>
   <div class='ocr_carea' id='block_1_36' title="bbox 588 2289 2169 2366">
    <p class='ocr_par' dir='ltr' id='par_1_36' title="bbox 588 2289 2169 2366">
     <span class='ocr_line' id='line_1_36' title="bbox 588 2289 2169 2366; baseline -0.008 -10"><span class='ocrx_word' id='word_1_290' title='bbox 588 2317 709 2356; x_wconf 87' lang='lat' dir='ltr'><strong>cum</strong></span> <span class='ocrx_word' id='word_1_291' title='bbox 734 2300 868 2355; x_wconf 90' lang='lat' dir='ltr'><strong>Filio</strong></span> <span class='ocrx_word' id='word_1_292' title='bbox 894 2314 991 2354; x_wconf 93' lang='lat' dir='ltr'><strong>suo</strong></span> <span class='ocrx_word' id='word_1_293' title='bbox 1014 2296 1223 2352; x_wconf 90' lang='lat' dir='ltr'><strong>salvare</strong></span> <span class='ocrx_word' id='word_1_294' title='bbox 1244 2309 1413 2366; x_wconf 88' lang='lat' dir='ltr'><strong>genus</strong></span> <span class='ocrx_word' id='word_1_295' title='bbox 1440 2294 1757 2359; x_wconf 88' lang='lat' dir='ltr'><strong>humanum,</strong></span> <span class='ocrx_word' id='word_1_296' title='bbox 1785 2289 1946 2345; x_wconf 86' lang='lat' dir='ltr'><strong>nullis</strong></span> <span class='ocrx_word' id='word_1_297' title='bbox 1970 2304 2169 2360; x_wconf 59' lang='lat' dir='ltr'><strong>praece-</strong></span> 
     </span>
    </p>
   </div>
   <div class='ocr_carea' id='block_1_37' title="bbox 588 2382 2165 2459">
    <p class='ocr_par' dir='ltr' id='par_1_37' title="bbox 588 2382 2165 2459">
     <span class='ocr_line' id='line_1_37' title="bbox 588 2382 2165 2459; baseline -0.009 -9"><span class='ocrx_word' id='word_1_298' title='bbox 588 2397 835 2451; x_wconf 81' lang='lat' dir='ltr'><strong>dentibus</strong></span> <span class='ocrx_word' id='word_1_299' title='bbox 874 2392 1103 2457; x_wconf 89' lang='lat' dir='ltr'><strong>meritis,</strong></span> <span class='ocrx_word' id='word_1_300' title='bbox 1134 2390 1275 2445; x_wconf 89' lang='lat' dir='ltr'><strong>unde</strong></span> <span class='ocrx_word' id='word_1_301' title='bbox 1306 2389 1447 2443; x_wconf 90' lang='lat' dir='ltr'><strong>idem</strong></span> <span class='ocrx_word' id='word_1_302' title='bbox 1493 2384 1783 2459; x_wconf 85' lang='lat' dir='ltr'><strong>Apostolus</strong></span> <span class='ocrx_word' id='word_1_303' title='bbox 1811 2384 1944 2439; x_wconf 90' lang='lat' dir='ltr'><strong>alias</strong></span> <span class='ocrx_word' id='word_1_304' title='bbox 1986 2382 2120 2438; x_wconf 92' lang='lat' dir='ltr'><strong>dicit</strong></span> <span class='ocrx_word' id='word_1_305' title='bbox 2152 2399 2165 2436; x_wconf 90' lang='lat'><strong>:</strong></span> 
     </span>
    </p>
   </div>
   <div class='ocr_carea' id='block_1_38' title="bbox 591 2474 2170 2556">
    <p class='ocr_par' dir='ltr' id='par_1_38' title="bbox 591 2474 2170 2556">
     <span class='ocr_line' id='line_1_38' title="bbox 591 2474 2170 2556; baseline -0.011 -12"><span class='ocrx_word' id='word_1_306' title='bbox 591 2489 735 2545; x_wconf 83' lang='lat' dir='ltr'><strong>Sicut</strong></span> <span class='ocrx_word' id='word_1_307' title='bbox 778 2485 928 2556; x_wconf 79' lang='lat' dir='ltr'><strong>elegit</strong></span> <span class='ocrx_word' id='word_1_308' title='bbox 976 2500 1068 2539; x_wconf 86' lang='lat' dir='ltr'><strong>nos</strong></span> <span class='ocrx_word' id='word_1_309' title='bbox 1119 2482 1175 2537; x_wconf 89' lang='lat' dir='ltr'><strong>in</strong></span> <span class='ocrx_word' id='word_1_310' title='bbox 1223 2483 1335 2551; x_wconf 84' lang='lat' dir='ltr'><strong>ipso</strong></span> <span class='ocrx_word' id='word_1_311' title='bbox 1371 2488 1491 2534; x_wconf 85' lang='lat' dir='ltr'><strong>ante</strong></span> <span class='ocrx_word' id='word_1_312' title='bbox 1530 2476 1715 2531; x_wconf 82' lang='lat' dir='ltr'><strong>mundi</strong></span> <span class='ocrx_word' id='word_1_313' title='bbox 1750 2474 2170 2531; x_wconf 81' lang='lat' dir='ltr'><strong>constitutionem</strong></span> 
     </span>
    </p>
   </div>
   <div class='ocr_carea' id='block_1_39' title="bbox 591 2565 2169 2651">
    <p class='ocr_par' dir='ltr' id='par_1_39' title="bbox 591 2565 2169 2651">
     <span class='ocr_line' id='line_1_39' title="bbox 591 2565 2169 2651; baseline -0.009 -18"><span class='ocrx_word' id='word_1_314' title='bbox 591 2580 802 2651; x_wconf 75' lang='lat' dir='ltr'><strong>(Epltes.</strong></span> <span class='ocrx_word' id='word_1_315' title='bbox 831 2576 894 2651; x_wconf 87' lang='lat' dir='ltr'><strong>t),</strong></span> <span class='ocrx_word' id='word_1_316' title='bbox 922 2576 1107 2631; x_wconf 90' lang='lat' dir='ltr'><strong>volens</strong></span> <span class='ocrx_word' id='word_1_317' title='bbox 1155 2588 1285 2645; x_wconf 89' lang='lat' dir='ltr'><strong>ergo</strong></span> <span class='ocrx_word' id='word_1_318' title='bbox 1333 2569 1623 2642; x_wconf 79' lang='lat' dir='ltr'><strong>Apostolus</strong></span> <span class='ocrx_word' id='word_1_319' title='bbox 1674 2568 1961 2625; x_wconf 88' lang='lat' dir='ltr'><strong>ostendere</strong></span> <span class='ocrx_word' id='word_1_320' title='bbox 2004 2565 2169 2638; x_wconf 87' lang='lat' dir='ltr'><strong>justi-</strong></span> 
     </span>
    </p>
   </div>
   <div class='ocr_carea' id='block_1_40' title="bbox 595 2658 2169 2737">
    <p class='ocr_par' dir='ltr' id='par_1_40' title="bbox 595 2658 2169 2737">
     <span class='ocr_line' id='line_1_40' title="bbox 595 2658 2169 2737; baseline -0.01 -11"><span class='ocrx_word' id='word_1_321' title='bbox 595 2674 744 2736; x_wconf 87' lang='lat' dir='ltr'><strong>tiam,</strong></span> <span class='ocrx_word' id='word_1_322' title='bbox 779 2669 830 2723; x_wconf 88' lang='lat' dir='ltr'><strong>id</strong></span> <span class='ocrx_word' id='word_1_323' title='bbox 860 2676 943 2724; x_wconf 90' lang='lat' dir='ltr'><strong>est</strong></span> <span class='ocrx_word' id='word_1_324' title='bbox 964 2664 1410 2737; x_wconf 84' lang='lat' dir='ltr'><strong>justiﬁcationem</strong></span> <span class='ocrx_word' id='word_1_325' title='bbox 1452 2678 1555 2732; x_wconf 89' lang='lat' dir='ltr'><strong>qua</strong></span> <span class='ocrx_word' id='word_1_326' title='bbox 1596 2659 1963 2732; x_wconf 87' lang='lat' dir='ltr'><strong>justiﬁeantur</strong></span> <span class='ocrx_word' id='word_1_327' title='bbox 1991 2658 2169 2713; x_wconf 87' lang='lat' dir='ltr'><strong>homi-</strong></span> 
     </span>
    </p>
   </div>
   <div class='ocr_carea' id='block_1_41' title="bbox 592 2748 2169 2833">
    <p class='ocr_par' dir='ltr' id='par_1_41' title="bbox 592 2748 2169 2833">
     <span class='ocr_line' id='line_1_41' title="bbox 592 2748 2169 2833; baseline -0.01 -15"><span class='ocrx_word' id='word_1_328' title='bbox 592 2780 707 2828; x_wconf 87' lang='lat' dir='ltr'><strong>nes,</strong></span> <span class='ocrx_word' id='word_1_329' title='bbox 737 2762 852 2816; x_wconf 89' lang='lat' dir='ltr'><strong>sine</strong></span> <span class='ocrx_word' id='word_1_330' title='bbox 872 2759 1123 2833; x_wconf 85' lang='lat' dir='ltr'><strong>operibus</strong></span> <span class='ocrx_word' id='word_1_331' title='bbox 1150 2754 1284 2828; x_wconf 91' lang='lat' dir='ltr'><strong>legis</strong></span> <span class='ocrx_word' id='word_1_332' title='bbox 1306 2764 1360 2810; x_wconf 91' lang='lat' dir='ltr'><strong>et</strong></span> <span class='ocrx_word' id='word_1_333' title='bbox 1384 2753 1592 2810; x_wconf 89' lang='lat' dir='ltr'><strong>meritis</strong></span> <span class='ocrx_word' id='word_1_334' title='bbox 1618 2752 1731 2809; x_wconf 90' lang='lat' dir='ltr'><strong>suis</strong></span> <span class='ocrx_word' id='word_1_335' title='bbox 1765 2770 1777 2806; x_wconf 92' lang='lat'><strong>:</strong></span> <span class='ocrx_word' id='word_1_336' title='bbox 1804 2748 2169 2807; x_wconf 90' lang='lat' dir='ltr'><strong>testimonium</strong></span> 
     </span>
    </p>
   </div>
   <div class='ocr_carea' id='block_1_42' title="bbox 588 2840 2169 2925">
    <p class='ocr_par' dir='ltr' id='par_1_42' title="bbox 588 2840 2169 2925">
     <span class='ocr_line' id='line_1_42' title="bbox 588 2840 2169 2925; baseline -0.008 -18"><span class='ocrx_word' id='word_1_337' title='bbox 588 2852 779 2925; x_wconf 84' lang='lat' dir='ltr'><strong>psalmi</strong></span> <span class='ocrx_word' id='word_1_338' title='bbox 822 2851 1107 2924; x_wconf 89' lang='lat' dir='ltr'><strong>proponit,</strong></span> <span class='ocrx_word' id='word_1_339' title='bbox 1138 2849 1191 2903; x_wconf 94' lang='lat' dir='ltr'><strong>in</strong></span> <span class='ocrx_word' id='word_1_340' title='bbox 1221 2864 1327 2919; x_wconf 93' lang='lat' dir='ltr'><strong>quo</strong></span> <span class='ocrx_word' id='word_1_341' title='bbox 1374 2844 1770 2917; x_wconf 66' lang='lat' dir='ltr'><strong>praedicabatur</strong></span> <span class='ocrx_word' id='word_1_342' title='bbox 1800 2842 1943 2913; x_wconf 91' lang='lat' dir='ltr'><strong>quod</strong></span> <span class='ocrx_word' id='word_1_343' title='bbox 1972 2840 2026 2895; x_wconf 92' lang='lat' dir='ltr'><strong>in</strong></span> <span class='ocrx_word' id='word_1_344' title='bbox 2073 2841 2169 2895; x_wconf 89' lang='lat' dir='ltr'><strong>ad-</strong></span> 
     </span>
    </p>
   </div>
   <div class='ocr_carea' id='block_1_43' title="bbox 592 2933 2173 3013">
    <p class='ocr_par' dir='ltr' id='par_1_43' title="bbox 592 2933 2173 3013">
     <span class='ocr_line' id='line_1_43' title="bbox 592 2933 2173 3013; baseline -0.006 -17"><span class='ocrx_word' id='word_1_345' title='bbox 592 2952 751 3000; x_wconf 79' lang='lat' dir='ltr'><strong>ventu</strong></span> <span class='ocrx_word' id='word_1_346' title='bbox 779 2942 1004 3009; x_wconf 85' lang='lat' dir='ltr'><strong>Christi,</strong></span> <span class='ocrx_word' id='word_1_347' title='bbox 1052 2950 1107 2999; x_wconf 93' lang='lat' dir='ltr'><strong>et</strong></span> <span class='ocrx_word' id='word_1_348' title='bbox 1145 2940 1371 3013; x_wconf 76' lang='lat' dir='ltr'><strong>gentiles</strong></span> <span class='ocrx_word' id='word_1_349' title='bbox 1404 2938 1508 2992; x_wconf 90' lang='lat' dir='ltr'><strong>ﬁde</strong></span> <span class='ocrx_word' id='word_1_350' title='bbox 1555 2944 1738 2992; x_wconf 88' lang='lat' dir='ltr'><strong>essent</strong></span> <span class='ocrx_word' id='word_1_351' title='bbox 1787 2933 2050 2991; x_wconf 85' lang='lat' dir='ltr'><strong>salvandi.</strong></span> <span class='ocrx_word' id='word_1_352' title='bbox 2082 2933 2173 2988; x_wconf 84' lang='lat' dir='ltr'><strong>Ait</strong></span> 
     </span>
    </p>
   </div>
   <div class='ocr_carea' id='block_1_44' title="bbox 586 3028 2172 3093">
    <p class='ocr_par' dir='ltr' id='par_1_44' title="bbox 586 3028 2172 3093">
     <span class='ocr_line' id='line_1_44' title="bbox 586 3028 2172 3093; baseline -0.008 -1"><span class='ocrx_word' id='word_1_353' title='bbox 586 3037 729 3093; x_wconf 91' lang='lat' dir='ltr'><strong>enim</strong></span> <span class='ocrx_word' id='word_1_354' title='bbox 761 3056 774 3091; x_wconf 88' lang='lat'><strong>:</strong></span> <span class='ocrx_word' id='word_1_355' title='bbox 808 3035 954 3093; x_wconf 84' lang='lat' dir='ltr'><strong>Sicut</strong></span> <span class='ocrx_word' id='word_1_356' title='bbox 979 3045 1025 3091; x_wconf 89' lang='lat' dir='ltr'><strong>et</strong></span> <span class='ocrx_word' id='word_1_357' title='bbox 1058 3033 1229 3088; x_wconf 87' lang='lat' dir='ltr'><strong>David</strong></span> <span class='ocrx_word' id='word_1_358' title='bbox 1253 3033 1376 3086; x_wconf 84' lang='lat' dir='ltr'><strong>dicit</strong></span> <span class='ocrx_word' id='word_1_359' title='bbox 1399 3029 1771 3085; x_wconf 82' lang='lat' dir='ltr'><strong>beatitudinem</strong></span> <span class='ocrx_word' id='word_1_360' title='bbox 1810 3028 2057 3092; x_wconf 86' lang='lat' dir='ltr'><strong>hominis,</strong></span> <span class='ocrx_word' id='word_1_361' title='bbox 2082 3042 2172 3081; x_wconf 86' lang='lat' dir='ltr'><strong>su-</strong></span> 
     </span>
    </p>
   </div>
   <div class='ocr_carea' id='block_1_45' title="bbox 586 3117 2171 3193">
    <p class='ocr_par' dir='ltr' id='par_1_45' title="bbox 586 3117 2171 3193">
     <span class='ocr_line' id='line_1_45' title="bbox 586 3117 2171 3193; baseline -0.01 -5"><span class='ocrx_word' id='word_1_362' title='bbox 586 3133 777 3189; x_wconf 90' lang='lat' dir='ltr'><strong>baudis</strong></span> <span class='ocrx_word' id='word_1_363' title='bbox 806 3130 1117 3187; x_wconf 87' lang='lat' dir='ltr'><strong>describens</strong></span> <span class='ocrx_word' id='word_1_364' title='bbox 1144 3128 1228 3182; x_wconf 86' lang='lat' dir='ltr'><strong>cui</strong></span> <span class='ocrx_word' id='word_1_365' title='bbox 1257 3124 1462 3181; x_wconf 88' lang='lat' dir='ltr'><strong>homini</strong></span> <span class='ocrx_word' id='word_1_366' title='bbox 1489 3122 1629 3178; x_wconf 88' lang='lat' dir='ltr'><strong>Deus</strong></span> <span class='ocrx_word' id='word_1_367' title='bbox 1655 3129 1866 3193; x_wconf 88' lang='lat' dir='ltr'><strong>accepto</strong></span> <span class='ocrx_word' id='word_1_368' title='bbox 1894 3120 1993 3193; x_wconf 79' lang='lat' dir='ltr'><strong>fert</strong></span> <span class='ocrx_word' id='word_1_369' title='bbox 2012 3117 2171 3191; x_wconf 84' lang='lat' dir='ltr'><strong>justi-</strong></span> 
     </span>
    </p>
   </div>
   <div class='ocr_carea' id='block_1_46' title="bbox 584 3208 2170 3293">
    <p class='ocr_par' dir='ltr' id='par_1_46' title="bbox 584 3208 2170 3293">
     <span class='ocr_line' id='line_1_46' title="bbox 584 3208 2170 3293; baseline -0.01 -13"><span class='ocrx_word' id='word_1_370' title='bbox 584 3226 713 3280; x_wconf 88' lang='lat' dir='ltr'><strong>tiam</strong></span> <span class='ocrx_word' id='word_1_371' title='bbox 761 3223 875 3280; x_wconf 83' lang='lat' dir='ltr'><strong>sive</strong></span> <span class='ocrx_word' id='word_1_372' title='bbox 911 3218 1358 3293; x_wconf 85' lang='lat' dir='ltr'><strong>justiﬁcationem</strong></span> <span class='ocrx_word' id='word_1_373' title='bbox 1401 3216 1514 3271; x_wconf 80' lang='lat' dir='ltr'><strong>sine</strong></span> <span class='ocrx_word' id='word_1_374' title='bbox 1545 3212 1785 3287; x_wconf 85' lang='lat' dir='ltr'><strong>operibus</strong></span> <span class='ocrx_word' id='word_1_375' title='bbox 1824 3210 1977 3283; x_wconf 85' lang='lat' dir='ltr'><strong>legis.</strong></span> <span class='ocrx_word' id='word_1_376' title='bbox 2018 3208 2170 3277; x_wconf 90' lang='lat' dir='ltr'><strong>Quod</strong></span> 
     </span>
    </p>
   </div>
   <div class='ocr_carea' id='block_1_47' title="bbox 2271 2019 2975 2092">
    <p class='ocr_par' dir='ltr' id='par_1_47' title="bbox 2271 2019 2975 2092">
     <span class='ocr_line' id='line_1_47' title="bbox 2271 2019 2975 2092; baseline 0 -16"><span class='ocrx_word' id='word_1_377' title='bbox 2271 2019 2401 2087; x_wconf 90' lang='lat' dir='ltr'><strong>Deo,</strong></span> <span class='ocrx_word' id='word_1_378' title='bbox 2431 2021 2627 2076; x_wconf 89' lang='lat' dir='ltr'><strong>meruit</strong></span> <span class='ocrx_word' id='word_1_379' title='bbox 2666 2021 2975 2092; x_wconf 73' lang='lat' dir='ltr'><strong>iustiﬁcari.</strong></span> 
     </span>
    </p>
   </div>
   <div class='ocr_carea' id='block_1_48' title="bbox 2343 2107 3741 2183">
    <p class='ocr_par' dir='ltr' id='par_1_48' title="bbox 2343 2107 3741 2183">
     <span class='ocr_line' id='line_1_48' title="bbox 2343 2107 3741 2183; baseline -0.004 -18"><span class='ocrx_word' id='word_1_380' title='bbox 2343 2109 2615 2176; x_wconf 83' lang='lat' dir='ltr'><strong>Quomodo</strong></span> <span class='ocrx_word' id='word_1_381' title='bbox 2645 2128 2767 2182; x_wconf 85' lang='lat' dir='ltr'><strong>ergo</strong></span> <span class='ocrx_word' id='word_1_382' title='bbox 2808 2112 3040 2168; x_wconf 61' lang='lat' dir='ltr'><strong>Abrahae</strong></span> <span class='ocrx_word' id='word_1_383' title='bbox 3086 2120 3328 2183; x_wconf 84' lang='lat' dir='ltr'><strong>reputata</strong></span> <span class='ocrx_word' id='word_1_384' title='bbox 3349 2120 3422 2167; x_wconf 79' lang='lat' dir='ltr'><strong>est</strong></span> <span class='ocrx_word' id='word_1_385' title='bbox 3438 2111 3461 2166; x_wconf 66' lang='grc' dir='ltr'><em>ἵ</em></span> <span class='ocrx_word' id='word_1_386' title='bbox 3479 2107 3741 2176; x_wconf 74' lang='lat' dir='ltr'><strong>ﬁdesade-</strong></span> 
     </span>
    </p>
   </div>
   <div class='ocr_carea' id='block_1_49' title="bbox 2272 2199 3741 2274">
    <p class='ocr_par' dir='ltr' id='par_1_49' title="bbox 2272 2199 3741 2274">
     <span class='ocr_line' id='line_1_49' title="bbox 2272 2199 3741 2274; baseline -0.001 -21"><span class='ocrx_word' id='word_1_387' title='bbox 2272 2199 2467 2265; x_wconf 86' lang='lat' dir='ltr'><strong>titiam,</strong></span> <span class='ocrx_word' id='word_1_388' title='bbox 2496 2202 2553 2255; x_wconf 90' lang='lat' dir='ltr'><strong>in</strong></span> <span class='ocrx_word' id='word_1_389' title='bbox 2586 2202 2979 2257; x_wconf 82' lang='lat' dir='ltr'><strong>circumcisione</strong></span> <span class='ocrx_word' id='word_1_390' title='bbox 3018 2220 3089 2257; x_wconf 88' lang='lat' dir='ltr'><strong>an</strong></span> <span class='ocrx_word' id='word_1_391' title='bbox 3118 2203 3173 2256; x_wconf 88' lang='lat' dir='ltr'><strong>in</strong></span> <span class='ocrx_word' id='word_1_392' title='bbox 3196 2201 3487 2274; x_wconf 75' lang='lat' dir='ltr'><strong>praeputio?</strong></span> <span class='ocrx_word' id='word_1_393' title='bbox 3506 2201 3594 2256; x_wconf 87' lang='lat' dir='ltr'><strong>hoc</strong></span> <span class='ocrx_word' id='word_1_394' title='bbox 3618 2206 3741 2255; x_wconf 69' lang='lat' dir='ltr'><strong>estte-</strong></span> 
     </span>
    </p>
   </div>
   <div class='ocr_carea' id='block_1_50' title="bbox 2268 2290 3740 2371">
    <p class='ocr_par' dir='ltr' id='par_1_50' title="bbox 2268 2290 3740 2371">
     <span class='ocr_line' id='line_1_50' title="bbox 2268 2290 3740 2371; baseline -0.002 -26"><span class='ocrx_word' id='word_1_395' title='bbox 2268 2300 2453 2371; x_wconf 84' lang='lat' dir='ltr'><strong>putata</strong></span> <span class='ocrx_word' id='word_1_396' title='bbox 2478 2300 2562 2347; x_wconf 91' lang='lat' dir='ltr'><strong>est</strong></span> <span class='ocrx_word' id='word_1_397' title='bbox 2582 2292 2630 2348; x_wconf 89' lang='lat' dir='ltr'><strong>ei</strong></span> <span class='ocrx_word' id='word_1_398' title='bbox 2656 2293 2790 2348; x_wconf 90' lang='lat' dir='ltr'><strong>ﬁdes</strong></span> <span class='ocrx_word' id='word_1_399' title='bbox 2809 2293 2874 2347; x_wconf 90' lang='lat' dir='ltr'><strong>ad</strong></span> <span class='ocrx_word' id='word_1_400' title='bbox 2894 2293 3183 2363; x_wconf 79' lang='lat' dir='ltr'><strong>justitiam,</strong></span> <span class='ocrx_word' id='word_1_401' title='bbox 3210 2303 3485 2364; x_wconf 86' lang='lat' dir='ltr'><strong>postquam</strong></span> <span class='ocrx_word' id='word_1_402' title='bbox 3509 2290 3740 2347; x_wconf 67' lang='lat' dir='ltr'><strong>estcirutte</strong></span> 
     </span>
    </p>
   </div>
   <div class='ocr_carea' id='block_1_51' title="bbox 2270 2379 3740 2455">
    <p class='ocr_par' dir='ltr' id='par_1_51' title="bbox 2270 2379 3740 2455">
     <span class='ocr_line' id='line_1_51' title="bbox 2270 2379 3740 2455; baseline -0.004 -18"><span class='ocrx_word' id='word_1_403' title='bbox 2270 2383 2415 2438; x_wconf 88' lang='lat' dir='ltr'><strong>cisus</strong></span> <span class='ocrx_word' id='word_1_404' title='bbox 2449 2401 2461 2436; x_wconf 90' lang='lat'><strong>:</strong></span> <span class='ocrx_word' id='word_1_405' title='bbox 2499 2398 2565 2437; x_wconf 90' lang='lat' dir='ltr'><strong>an</strong></span> <span class='ocrx_word' id='word_1_406' title='bbox 2617 2399 2739 2438; x_wconf 91' lang='lat' dir='ltr'><strong>cum</strong></span> <span class='ocrx_word' id='word_1_407' title='bbox 2772 2391 2916 2439; x_wconf 90' lang='lat' dir='ltr'><strong>esset</strong></span> <span class='ocrx_word' id='word_1_408' title='bbox 2959 2383 3014 2437; x_wconf 93' lang='lat' dir='ltr'><strong>in</strong></span> <span class='ocrx_word' id='word_1_409' title='bbox 3069 2383 3372 2455; x_wconf 82' lang='lat' dir='ltr'><strong>gentilitate</strong></span> <span class='ocrx_word' id='word_1_410' title='bbox 3415 2379 3740 2438; x_wconf 70' lang='lat' dir='ltr'><strong>iacit-cumanis</strong></span> 
     </span>
    </p>
   </div>
   <div class='ocr_carea' id='block_1_52' title="bbox 2269 2471 3740 2546">
    <p class='ocr_par' dir='ltr' id='par_1_52' title="bbox 2269 2471 3740 2546">
     <span class='ocr_line' id='line_1_52' title="bbox 2269 2471 3740 2546; baseline 0.001 -20"><span class='ocrx_word' id='word_1_411' title='bbox 2269 2471 2388 2542; x_wconf 86' lang='lat' dir='ltr'><strong>Ipse</strong></span> <span class='ocrx_word' id='word_1_412' title='bbox 2408 2472 2510 2528; x_wconf 87' lang='lat' dir='ltr'><strong>sibi</strong></span> <span class='ocrx_word' id='word_1_413' title='bbox 2534 2472 2824 2545; x_wconf 85' lang='lat' dir='ltr'><strong>Apostolus</strong></span> <span class='ocrx_word' id='word_1_414' title='bbox 2852 2475 3177 2546; x_wconf 88' lang='lat' dir='ltr'><strong>respondet:</strong></span> <span class='ocrx_word' id='word_1_415' title='bbox 3213 2474 3341 2529; x_wconf 77' lang='lat' dir='ltr'><strong>Non</strong></span> <span class='ocrx_word' id='word_1_416' title='bbox 3360 2476 3414 2529; x_wconf 84' lang='lat' dir='ltr'><strong>in</strong></span> <span class='ocrx_word' id='word_1_417' title='bbox 3431 2472 3740 2530; x_wconf 66' lang='lat' dir='ltr'><strong>circumcisione.</strong></span> 
     </span>
    </p>
   </div>
   <div class='ocr_carea' id='block_1_53' title="bbox 2270 2565 3742 2640">
    <p class='ocr_par' dir='ltr' id='par_1_53' title="bbox 2270 2565 3742 2640">
     <span class='ocr_line' id='line_1_53' title="bbox 2270 2565 3742 2640; baseline 0 -21"><span class='ocrx_word' id='word_1_418' title='bbox 2270 2566 2359 2620; x_wconf 86' lang='lat' dir='ltr'><strong>sed</strong></span> <span class='ocrx_word' id='word_1_419' title='bbox 2385 2566 2440 2620; x_wconf 90' lang='lat' dir='ltr'><strong>in</strong></span> <span class='ocrx_word' id='word_1_420' title='bbox 2460 2567 2739 2638; x_wconf 77' lang='lat' dir='ltr'><strong>prteputio,</strong></span> <span class='ocrx_word' id='word_1_421' title='bbox 2762 2567 2815 2622; x_wconf 92' lang='lat' dir='ltr'><strong>id</strong></span> <span class='ocrx_word' id='word_1_422' title='bbox 2836 2576 2921 2623; x_wconf 90' lang='lat' dir='ltr'><strong>est</strong></span> <span class='ocrx_word' id='word_1_423' title='bbox 2946 2582 3050 2623; x_wconf 89' lang='lat' dir='ltr'><strong>non</strong></span> <span class='ocrx_word' id='word_1_424' title='bbox 3076 2577 3367 2640; x_wconf 85' lang='lat' dir='ltr'><strong>postquam</strong></span> <span class='ocrx_word' id='word_1_425' title='bbox 3387 2565 3742 2624; x_wconf 70' lang='lat' dir='ltr'><strong>circumcisione!</strong></span> 
     </span>
    </p>
   </div>
   <div class='ocr_carea' id='block_1_54' title="bbox 2273 2657 3741 2731">
    <p class='ocr_par' dir='ltr' id='par_1_54' title="bbox 2273 2657 3741 2731">
     <span class='ocr_line' id='line_1_54' title="bbox 2273 2657 3741 2731; baseline -0.001 -20"><span class='ocrx_word' id='word_1_426' title='bbox 2273 2660 2482 2727; x_wconf 88' lang='lat' dir='ltr'><strong>accepit</strong></span> <span class='ocrx_word' id='word_1_427' title='bbox 2508 2669 2752 2729; x_wconf 73' lang='lat' dir='ltr'><strong>reputate</strong></span> <span class='ocrx_word' id='word_1_428' title='bbox 2796 2668 2879 2714; x_wconf 89' lang='lat' dir='ltr'><strong>est</strong></span> <span class='ocrx_word' id='word_1_429' title='bbox 2916 2659 2968 2715; x_wconf 92' lang='lat' dir='ltr'><strong>ei</strong></span> <span class='ocrx_word' id='word_1_430' title='bbox 3008 2660 3143 2716; x_wconf 91' lang='lat' dir='ltr'><strong>ﬁdes</strong></span> <span class='ocrx_word' id='word_1_431' title='bbox 3179 2659 3247 2715; x_wconf 90' lang='lat' dir='ltr'><strong>ad</strong></span> <span class='ocrx_word' id='word_1_432' title='bbox 3283 2660 3560 2731; x_wconf 86' lang='lat' dir='ltr'><strong>justitiam,</strong></span> <span class='ocrx_word' id='word_1_433' title='bbox 3586 2657 3741 2713; x_wconf 76' lang='lat' dir='ltr'><strong>sedenti</strong></span> 
     </span>
    </p>
   </div>
   <div class='ocr_carea' id='block_1_55' title="bbox 2273 2747 3742 2826">
    <p class='ocr_par' dir='ltr' id='par_1_55' title="bbox 2273 2747 3742 2826">
     <span class='ocr_line' id='line_1_55' title="bbox 2273 2747 3742 2826; baseline 0.001 -21"><span class='ocrx_word' id='word_1_434' title='bbox 2273 2750 2447 2806; x_wconf 88' lang='lat' dir='ltr'><strong>adhuc</strong></span> <span class='ocrx_word' id='word_1_435' title='bbox 2493 2761 2636 2807; x_wconf 89' lang='lat' dir='ltr'><strong>esset</strong></span> <span class='ocrx_word' id='word_1_436' title='bbox 2667 2752 2720 2806; x_wconf 92' lang='lat' dir='ltr'><strong>in</strong></span> <span class='ocrx_word' id='word_1_437' title='bbox 2770 2752 3052 2823; x_wconf 71' lang='lat' dir='ltr'><strong>praeputio,</strong></span> <span class='ocrx_word' id='word_1_438' title='bbox 3080 2751 3134 2809; x_wconf 87' lang='lat' dir='ltr'><strong>id</strong></span> <span class='ocrx_word' id='word_1_439' title='bbox 3159 2762 3243 2809; x_wconf 90' lang='lat' dir='ltr'><strong>est</strong></span> <span class='ocrx_word' id='word_1_440' title='bbox 3286 2752 3345 2807; x_wconf 86' lang='lat' dir='ltr'><strong>in</strong></span> <span class='ocrx_word' id='word_1_441' title='bbox 3374 2752 3646 2826; x_wconf 78' lang='lat' dir='ltr'><strong>gentilitate,</strong></span> <span class='ocrx_word' id='word_1_442' title='bbox 3670 2747 3742 2818; x_wconf 66' lang='lat' dir='ltr'><strong>quia</strong></span> 
     </span>
    </p>
   </div>
   <div class='ocr_carea' id='block_1_56' title="bbox 2274 2836 3742 2914">
    <p class='ocr_par' dir='ltr' id='par_1_56' title="bbox 2274 2836 3742 2914">
     <span class='ocr_line' id='line_1_56' title="bbox 2274 2836 3742 2914; baseline -0.002 -19"><span class='ocrx_word' id='word_1_443' title='bbox 2274 2842 2498 2897; x_wconf 89' lang='lat' dir='ltr'><strong>necdum</strong></span> <span class='ocrx_word' id='word_1_444' title='bbox 2537 2846 2655 2897; x_wconf 76' lang='lat' dir='ltr'><strong>erat</strong></span> <span class='ocrx_word' id='word_1_445' title='bbox 2680 2843 3049 2908; x_wconf 90' lang='lat' dir='ltr'><strong>circumcisus,</strong></span> <span class='ocrx_word' id='word_1_446' title='bbox 3079 2844 3311 2914; x_wconf 85' lang='lat' dir='ltr'><strong>ideoque</strong></span> <span class='ocrx_word' id='word_1_447' title='bbox 3351 2854 3501 2900; x_wconf 89' lang='lat' dir='ltr'><strong>antea</strong></span> <span class='ocrx_word' id='word_1_448' title='bbox 3524 2851 3593 2899; x_wconf 86' lang='lat' dir='ltr'><strong>est</strong></span> <span class='ocrx_word' id='word_1_449' title='bbox 3618 2836 3742 2910; x_wconf 81' lang='lat' dir='ltr'><strong>justiﬁ-</strong></span> 
     </span>
    </p>
   </div>
   <div class='ocr_carea' id='block_1_57' title="bbox 2274 2934 3514 3005">
    <p class='ocr_par' dir='ltr' id='par_1_57' title="bbox 2274 2934 3514 3005">
     <span class='ocr_line' id='line_1_57' title="bbox 2274 2934 3514 3005; baseline 0.002 -18"><span class='ocrx_word' id='word_1_450' title='bbox 2274 2942 2431 2989; x_wconf 87' lang='lat' dir='ltr'><strong>catus</strong></span> <span class='ocrx_word' id='word_1_451' title='bbox 2456 2949 2554 3005; x_wconf 90' lang='lat' dir='ltr'><strong>per</strong></span> <span class='ocrx_word' id='word_1_452' title='bbox 2581 2934 2763 3001; x_wconf 81' lang='lat' dir='ltr'><strong>ﬁdem,</strong></span> <span class='ocrx_word' id='word_1_453' title='bbox 2792 2949 2952 3004; x_wconf 91' lang='lat' dir='ltr'><strong>quam</strong></span> <span class='ocrx_word' id='word_1_454' title='bbox 2981 2944 3125 2991; x_wconf 90' lang='lat' dir='ltr'><strong>esset</strong></span> <span class='ocrx_word' id='word_1_455' title='bbox 3149 2936 3514 2991; x_wconf 88' lang='lat' dir='ltr'><strong>circumcisus.</strong></span> 
     </span>
    </p>
   </div>
   <div class='ocr_carea' id='block_1_58' title="bbox 2346 3016 3744 3099">
    <p class='ocr_par' dir='ltr' id='par_1_58' title="bbox 2346 3016 3744 3099">
     <span class='ocr_line' id='line_1_58' title="bbox 2346 3016 3744 3099; baseline -0.004 -22"><span class='ocrx_word' id='word_1_456' title='bbox 2346 3020 2415 3077; x_wconf 84' lang='lat' dir='ltr'><strong>Et</strong></span> <span class='ocrx_word' id='word_1_457' title='bbox 2426 3024 2631 3094; x_wconf 85' lang='lat' dir='ltr'><strong>signum</strong></span> <span class='ocrx_word' id='word_1_458' title='bbox 2645 3025 2839 3094; x_wconf 83' lang='lat' dir='ltr'><strong>accepit</strong></span> <span class='ocrx_word' id='word_1_459' title='bbox 2853 3024 3283 3091; x_wconf 80' lang='lat' dir='ltr'><strong>circumcisionis,</strong></span> <span class='ocrx_word' id='word_1_460' title='bbox 3298 3023 3599 3099; x_wconf 77' lang='lat' dir='ltr'><strong>signaculum</strong></span> <span class='ocrx_word' id='word_1_461' title='bbox 3604 3016 3744 3091; x_wconf 65' lang='lat' dir='ltr'><strong>justiti:</strong></span> 
     </span>
    </p>
   </div>
   <div class='ocr_carea' id='block_1_59' title="bbox 2273 3112 3745 3190">
    <p class='ocr_par' dir='ltr' id='par_1_59' title="bbox 2273 3112 3745 3190">
     <span class='ocr_line' id='line_1_59' title="bbox 2273 3112 3745 3190; baseline 0.001 -17"><span class='ocrx_word' id='word_1_462' title='bbox 2273 3118 2549 3189; x_wconf 63' lang='lat' dir='ltr'><strong>ﬁdei,qua’</strong></span> <span class='ocrx_word' id='word_1_463' title='bbox 2564 3129 2637 3174; x_wconf 84' lang='lat' dir='ltr'><strong>est</strong></span> <span class='ocrx_word' id='word_1_464' title='bbox 2665 3121 2717 3174; x_wconf 85' lang='lat' dir='ltr'><strong>in</strong></span> <span class='ocrx_word' id='word_1_465' title='bbox 2740 3122 3017 3190; x_wconf 68' lang='lat' dir='ltr'><strong>pra&#39;putio.</strong></span> <span class='ocrx_word' id='word_1_466' title='bbox 3036 3120 3113 3176; x_wconf 87' lang='lat' dir='ltr'><strong>Ne</strong></span> <span class='ocrx_word' id='word_1_467' title='bbox 3132 3122 3379 3179; x_wconf 86' lang='lat' dir='ltr'><strong>dicerent</strong></span> <span class='ocrx_word' id='word_1_468' title='bbox 3398 3120 3550 3178; x_wconf 66' lang='lat' dir='ltr'><strong>Judati</strong></span> <span class='ocrx_word' id='word_1_469' title='bbox 3572 3112 3745 3189; x_wconf 65' lang='lat' dir='ltr'><strong>superﬁt!c</strong></span> 
     </span>
    </p>
   </div>
   <div class='ocr_carea' id='block_1_60' title="bbox 2276 3201 3747 3282">
    <p class='ocr_par' dir='ltr' id='par_1_60' title="bbox 2276 3201 3747 3282">
     <span class='ocr_line' id='line_1_60' title="bbox 2276 3201 3747 3282; baseline -0.002 -19"><span class='ocrx_word' id='word_1_470' title='bbox 2276 3208 2652 3263; x_wconf 86' lang='lat' dir='ltr'><strong>circumcisum</strong></span> <span class='ocrx_word' id='word_1_471' title='bbox 2668 3224 2791 3265; x_wconf 88' lang='lat' dir='ltr'><strong>esse</strong></span> <span class='ocrx_word' id='word_1_472' title='bbox 2806 3208 3101 3277; x_wconf 80' lang='lat' dir='ltr'><strong>Abraham,</strong></span> <span class='ocrx_word' id='word_1_473' title='bbox 3126 3211 3170 3266; x_wconf 93' lang='lat' dir='ltr'><strong>si</strong></span> <span class='ocrx_word' id='word_1_474' title='bbox 3192 3226 3287 3282; x_wconf 86' lang='lat' dir='ltr'><strong>per</strong></span> <span class='ocrx_word' id='word_1_475' title='bbox 3307 3212 3453 3268; x_wconf 87' lang='lat' dir='ltr'><strong>illam</strong></span> <span class='ocrx_word' id='word_1_476' title='bbox 3474 3226 3567 3268; x_wconf 88' lang='lat' dir='ltr'><strong>non</strong></span> <span class='ocrx_word' id='word_1_477' title='bbox 3588 3201 3747 3276; x_wconf 71' lang='lat' dir='ltr'><strong>estij-</strong></span> 
     </span>
    </p>
   </div>
   <div class='ocr_carea' id='block_1_61' title="bbox 585 3291 3747 3383">
    <p class='ocr_par' dir='ltr' id='par_1_61' title="bbox 585 3291 3747 3383">
     <span class='ocr_line' id='line_1_61' title="bbox 585 3291 3747 3383; baseline -0.008 -10"><span class='ocrx_word' id='word_1_478' title='bbox 585 3324 768 3373; x_wconf 89' lang='lat' dir='ltr'><strong>autem</strong></span> <span class='ocrx_word' id='word_1_479' title='bbox 792 3291 927 3370; x_wconf 84' lang='lat' dir='ltr'><strong>dicit</strong></span> <span class='ocrx_word' id='word_1_480' title='bbox 951 3322 1159 3383; x_wconf 85' lang='lat' dir='ltr'><strong>accepto</strong></span> <span class='ocrx_word' id='word_1_481' title='bbox 1191 3310 1313 3380; x_wconf 73' lang='lat' dir='ltr'><strong>fert,</strong></span> <span class='ocrx_word' id='word_1_482' title='bbox 1340 3304 1727 3363; x_wconf 90' lang='lat' dir='ltr'><strong>adverbialiter</strong></span> <span class='ocrx_word' id='word_1_483' title='bbox 1753 3302 1915 3367; x_wconf 90' lang='lat' dir='ltr'><strong>dicit;</strong></span> <span class='ocrx_word' id='word_1_484' title='bbox 1948 3308 2170 3370; x_wconf 88' lang='lat' dir='ltr'><strong>accepto</strong></span> <span class='ocrx_word' id='word_1_485' title='bbox 2196 3291 2242 3353; x_wconf 88' lang='lat' dir='ltr'><strong>C</strong></span> <span class='ocrx_word' id='word_1_486' title='bbox 2276 3299 2486 3366; x_wconf 87' lang='lat' dir='ltr'><strong>ﬁcatus,</strong></span> <span class='ocrx_word' id='word_1_487' title='bbox 2522 3300 2757 3355; x_wconf 85' lang='lat' dir='ltr'><strong>ostendit</strong></span> <span class='ocrx_word' id='word_1_488' title='bbox 2788 3299 2933 3355; x_wconf 89' lang='lat' dir='ltr'><strong>illam</strong></span> <span class='ocrx_word' id='word_1_489' title='bbox 2986 3301 3456 3358; x_wconf 87' lang='lat' dir='ltr'><strong>circumcisionem</strong></span> <span class='ocrx_word' id='word_1_490' title='bbox 3496 3301 3665 3374; x_wconf 79' lang='lat' dir='ltr'><strong>signum</strong></span> <span class='ocrx_word' id='word_1_491' title='bbox 3680 3304 3747 3348; x_wconf 71' lang='lat' dir='ltr'><strong>est</strong></span> 
     </span>
    </p>
   </div>
   <div class='ocr_carea' id='block_1_62' title="bbox 586 3395 2171 3477">
    <p class='ocr_par' dir='ltr' id='par_1_62' title="bbox 586 3395 2171 3477">
     <span class='ocr_line' id='line_1_62' title="bbox 586 3395 2171 3477; baseline -0.013 -11"><span class='ocrx_word' id='word_1_492' title='bbox 586 3408 796 3477; x_wconf 87' lang='lat' dir='ltr'><strong>fert,-id</strong></span> <span class='ocrx_word' id='word_1_493' title='bbox 844 3417 929 3463; x_wconf 92' lang='lat' dir='ltr'><strong>est</strong></span> <span class='ocrx_word' id='word_1_494' title='bbox 958 3406 1190 3460; x_wconf 89' lang='lat' dir='ltr'><strong>libenter</strong></span> <span class='ocrx_word' id='word_1_495' title='bbox 1215 3401 1403 3457; x_wconf 89' lang='lat' dir='ltr'><strong>tribuit</strong></span> <span class='ocrx_word' id='word_1_496' title='bbox 1432 3418 1446 3453; x_wconf 92' lang='lat'><strong>:</strong></span> <span class='ocrx_word' id='word_1_497' title='bbox 1471 3398 1559 3455; x_wconf 92' lang='lat' dir='ltr'><strong>vel</strong></span> <span class='ocrx_word' id='word_1_498' title='bbox 1577 3395 1909 3470; x_wconf 85' lang='lat' dir='ltr'><strong>jungendum</strong></span> <span class='ocrx_word' id='word_1_499' title='bbox 1940 3395 2015 3449; x_wconf 91' lang='lat' dir='ltr'><strong>ita</strong></span> <span class='ocrx_word' id='word_1_500' title='bbox 2047 3406 2171 3448; x_wconf 80' lang='lat' dir='ltr'><strong>cunt</strong></span> 
     </span>
    </p>
   </div>
   <div class='ocr_carea' id='block_1_63' title="bbox 588 3486 2170 3568">
    <p class='ocr_par' dir='ltr' id='par_1_63' title="bbox 588 3486 2170 3568">
     <span class='ocr_line' id='line_1_63' title="bbox 588 3486 2170 3568; baseline -0.011 -7"><span class='ocrx_word' id='word_1_501' title='bbox 588 3504 986 3568; x_wconf 85' lang='lat' dir='ltr'><strong>subauditione,</strong></span> <span class='ocrx_word' id='word_1_502' title='bbox 1011 3500 1098 3555; x_wconf 89' lang='lat' dir='ltr'><strong>cui</strong></span> <span class='ocrx_word' id='word_1_503' title='bbox 1125 3505 1345 3567; x_wconf 87' lang='lat' dir='ltr'><strong>accepto</strong></span> <span class='ocrx_word' id='word_1_504' title='bbox 1368 3511 1400 3550; x_wconf 90' lang='lat' dir='ltr'><strong>a</strong></span> <span class='ocrx_word' id='word_1_505' title='bbox 1430 3510 1506 3559; x_wconf 85' lang='lat' dir='ltr'><strong>se,</strong></span> <span class='ocrx_word' id='word_1_506' title='bbox 1540 3494 1592 3549; x_wconf 87' lang='lat' dir='ltr'><strong>id</strong></span> <span class='ocrx_word' id='word_1_507' title='bbox 1621 3499 1705 3549; x_wconf 90' lang='lat' dir='ltr'><strong>est</strong></span> <span class='ocrx_word' id='word_1_508' title='bbox 1732 3491 1904 3547; x_wconf 86' lang='lat' dir='ltr'><strong>electo</strong></span> <span class='ocrx_word' id='word_1_509' title='bbox 1934 3497 1991 3545; x_wconf 91' lang='lat' dir='ltr'><strong>et</strong></span> <span class='ocrx_word' id='word_1_510' title='bbox 2034 3486 2170 3543; x_wconf 86' lang='lat' dir='ltr'><strong>dile-</strong></span> 
     </span>
    </p>
   </div>
   <div class='ocr_carea' id='block_1_64' title="bbox 590 3581 2167 3663">
    <p class='ocr_par' dir='ltr' id='par_1_64' title="bbox 590 3581 2167 3663">
     <span class='ocr_line' id='line_1_64' title="bbox 590 3581 2167 3663; baseline -0.011 -10"><span class='ocrx_word' id='word_1_511' title='bbox 590 3608 679 3653; x_wconf 89' lang='lat' dir='ltr'><strong>cto</strong></span> <span class='ocrx_word' id='word_1_512' title='bbox 707 3594 894 3650; x_wconf 89' lang='lat' dir='ltr'><strong>tribuit</strong></span> <span class='ocrx_word' id='word_1_513' title='bbox 920 3592 997 3647; x_wconf 88' lang='lat' dir='ltr'><strong>illi</strong></span> <span class='ocrx_word' id='word_1_514' title='bbox 1027 3592 1094 3648; x_wconf 89' lang='lat' dir='ltr'><strong>ad</strong></span> <span class='ocrx_word' id='word_1_515' title='bbox 1113 3590 1400 3663; x_wconf 87' lang='lat' dir='ltr'><strong>justitiam.</strong></span> <span class='ocrx_word' id='word_1_516' title='bbox 1430 3587 1669 3643; x_wconf 91' lang='lat' dir='ltr'><strong>Dicimus</strong></span> <span class='ocrx_word' id='word_1_517' title='bbox 1699 3593 1754 3640; x_wconf 91' lang='lat' dir='ltr'><strong>et</strong></span> <span class='ocrx_word' id='word_1_518' title='bbox 1781 3583 1940 3639; x_wconf 89' lang='lat' dir='ltr'><strong>tertio</strong></span> <span class='ocrx_word' id='word_1_519' title='bbox 1990 3581 2167 3637; x_wconf 90' lang='lat' dir='ltr'><strong>modo.</strong></span> 
     </span>
    </p>
   </div>
   <div class='ocr_carea' id='block_1_65' title="bbox 591 3672 2173 3743">
    <p class='ocr_par' dir='ltr' id='par_1_65' title="bbox 591 3672 2173 3743">
     <span class='ocr_line' id='line_1_65' title="bbox 591 3672 2173 3743; baseline -0.009 0"><span class='ocrx_word' id='word_1_520' title='bbox 591 3689 884 3743; x_wconf 87' lang='lat' dir='ltr'><strong>lnusitatus</strong></span> <span class='ocrx_word' id='word_1_521' title='bbox 926 3683 1071 3740; x_wconf 89' lang='lat' dir='ltr'><strong>enim</strong></span> <span class='ocrx_word' id='word_1_522' title='bbox 1104 3682 1295 3737; x_wconf 87' lang='lat' dir='ltr'><strong>modus</strong></span> <span class='ocrx_word' id='word_1_523' title='bbox 1330 3688 1415 3736; x_wconf 92' lang='lat' dir='ltr'><strong>est</strong></span> <span class='ocrx_word' id='word_1_524' title='bbox 1440 3675 1747 3742; x_wconf 88' lang='lat' dir='ltr'><strong>locutionis,</strong></span> <span class='ocrx_word' id='word_1_525' title='bbox 1776 3674 1861 3731; x_wconf 92' lang='lat' dir='ltr'><strong>cui</strong></span> <span class='ocrx_word' id='word_1_526' title='bbox 1899 3672 2041 3729; x_wconf 91' lang='lat' dir='ltr'><strong>Deus</strong></span> <span class='ocrx_word' id='word_1_527' title='bbox 2082 3688 2173 3728; x_wconf 90' lang='lat' dir='ltr'><strong>ac-</strong></span> 
     </span>
    </p>
   </div>
   <div class='ocr_carea' id='block_1_66' title="bbox 592 3764 2173 3850">
    <p class='ocr_par' dir='ltr' id='par_1_66' title="bbox 592 3764 2173 3850">
     <span class='ocr_line' id='line_1_66' title="bbox 592 3764 2173 3850; baseline -0.013 -13"><span class='ocrx_word' id='word_1_528' title='bbox 592 3792 749 3850; x_wconf 82' lang='lat' dir='ltr'><strong>cepto</strong></span> <span class='ocrx_word' id='word_1_529' title='bbox 776 3779 882 3833; x_wconf 82' lang='lat' dir='ltr'><strong>fert</strong></span> <span class='ocrx_word' id='word_1_530' title='bbox 909 3776 1198 3849; x_wconf 83' lang='lat' dir='ltr'><strong>justitiam,</strong></span> <span class='ocrx_word' id='word_1_531' title='bbox 1228 3774 1279 3828; x_wconf 93' lang='lat' dir='ltr'><strong>id</strong></span> <span class='ocrx_word' id='word_1_532' title='bbox 1330 3780 1412 3828; x_wconf 90' lang='lat' dir='ltr'><strong>est</strong></span> <span class='ocrx_word' id='word_1_533' title='bbox 1459 3770 1544 3826; x_wconf 93' lang='lat' dir='ltr'><strong>cui</strong></span> <span class='ocrx_word' id='word_1_534' title='bbox 1574 3771 1715 3825; x_wconf 91' lang='lat' dir='ltr'><strong>Deus</strong></span> <span class='ocrx_word' id='word_1_535' title='bbox 1764 3775 2035 3837; x_wconf 87' lang='lat' dir='ltr'><strong>acceptam</strong></span> <span class='ocrx_word' id='word_1_536' title='bbox 2081 3764 2173 3818; x_wconf 90' lang='lat' dir='ltr'><strong>dat</strong></span> 
     </span>
    </p>
   </div>
   <div class='ocr_carea' id='block_1_67' title="bbox 586 3855 2168 3944">
    <p class='ocr_par' dir='ltr' id='par_1_67' title="bbox 586 3855 2168 3944">
     <span class='ocr_line' id='line_1_67' title="bbox 586 3855 2168 3944; baseline -0.012 -16"><span class='ocrx_word' id='word_1_537' title='bbox 586 3870 876 3944; x_wconf 82' lang='lat' dir='ltr'><strong>justitiam,</strong></span> <span class='ocrx_word' id='word_1_538' title='bbox 897 3867 981 3924; x_wconf 86' lang='lat' dir='ltr'><strong>vel</strong></span> <span class='ocrx_word' id='word_1_539' title='bbox 1006 3863 1393 3936; x_wconf 90' lang='lat' dir='ltr'><strong>acceptabilem</strong></span> <span class='ocrx_word' id='word_1_540' title='bbox 1412 3860 1575 3917; x_wconf 90' lang='lat' dir='ltr'><strong>habet</strong></span> <span class='ocrx_word' id='word_1_541' title='bbox 1605 3859 1721 3914; x_wconf 88' lang='lat' dir='ltr'><strong>sine</strong></span> <span class='ocrx_word' id='word_1_542' title='bbox 1746 3855 1999 3931; x_wconf 90' lang='lat' dir='ltr'><strong>operibus</strong></span> <span class='ocrx_word' id='word_1_543' title='bbox 2014 3855 2168 3926; x_wconf 88' lang='lat' dir='ltr'><strong>legis.</strong></span> 
     </span>
    </p>
   </div>
   <div class='ocr_carea' id='block_1_68' title="bbox 659 3949 2171 4035">
    <p class='ocr_par' dir='ltr' id='par_1_68' title="bbox 659 3949 2171 4035">
     <span class='ocr_line' id='line_1_68' title="bbox 659 3949 2171 4035; baseline -0.011 -17"><span class='ocrx_word' id='word_1_544' title='bbox 659 3963 810 4019; x_wconf 84' lang='lat' dir='ltr'><strong>Beati</strong></span> <span class='ocrx_word' id='word_1_545' title='bbox 840 3976 1061 4035; x_wconf 85' lang='lat' dir='ltr'><strong>quorum</strong></span> <span class='ocrx_word' id='word_1_546' title='bbox 1099 3959 1328 4013; x_wconf 72' lang='lat' dir='ltr'><strong>remissa:</strong></span> <span class='ocrx_word' id='word_1_547' title='bbox 1349 3964 1469 4011; x_wconf 90' lang='lat' dir='ltr'><strong>sunt</strong></span> <span class='ocrx_word' id='word_1_548' title='bbox 1515 3951 1834 4025; x_wconf 84' lang='lat' dir='ltr'><strong>iniquitates,</strong></span> <span class='ocrx_word' id='word_1_549' title='bbox 1868 3949 1920 4004; x_wconf 93' lang='lat' dir='ltr'><strong>id</strong></span> <span class='ocrx_word' id='word_1_550' title='bbox 1945 3956 2029 4004; x_wconf 88' lang='lat' dir='ltr'><strong>est</strong></span> <span class='ocrx_word' id='word_1_551' title='bbox 2056 3963 2171 4003; x_wconf 89' lang='lat' dir='ltr'><strong>om-</strong></span> 
     </span>
    </p>
   </div>
   <div class='ocr_carea' id='block_1_69' title="bbox 590 4049 2171 4124">
    <p class='ocr_par' dir='ltr' id='par_1_69' title="bbox 590 4049 2171 4124">
     <span class='ocr_line' id='line_1_69' title="bbox 590 4049 2171 4124; baseline -0.011 -15"><span class='ocrx_word' id='word_1_552' title='bbox 590 4056 674 4109; x_wconf 89' lang='lat' dir='ltr'><strong>nia</strong></span> <span class='ocrx_word' id='word_1_553' title='bbox 702 4058 923 4124; x_wconf 82' lang='lat' dir='ltr'><strong>peccata</strong></span> <span class='ocrx_word' id='word_1_554' title='bbox 958 4050 1011 4105; x_wconf 92' lang='lat' dir='ltr'><strong>in</strong></span> <span class='ocrx_word' id='word_1_555' title='bbox 1039 4049 1379 4120; x_wconf 88' lang='lat' dir='ltr'><strong>baptismate,</strong></span> <span class='ocrx_word' id='word_1_556' title='bbox 1404 4055 1449 4100; x_wconf 90' lang='lat' dir='ltr'><strong>et</strong></span> <span class='ocrx_word' id='word_1_557' title='bbox 1476 4058 1697 4116; x_wconf 88' lang='lat' dir='ltr'><strong>quorum</strong></span> <span class='ocrx_word' id='word_1_558' title='bbox 1734 4051 1868 4095; x_wconf 91' lang='lat' dir='ltr'><strong>tecta</strong></span> <span class='ocrx_word' id='word_1_559' title='bbox 1901 4050 2023 4094; x_wconf 87' lang='lat' dir='ltr'><strong>sunt</strong></span> <span class='ocrx_word' id='word_1_560' title='bbox 2051 4055 2171 4109; x_wconf 83' lang='lat' dir='ltr'><strong>pec-</strong></span> 
     </span>
    </p>
   </div>
   <div class='ocr_carea' id='block_1_70' title="bbox 590 4130 2174 4216">
    <p class='ocr_par' dir='ltr' id='par_1_70' title="bbox 590 4130 2174 4216">
     <span class='ocr_line' id='line_1_70' title="bbox 590 4130 2174 4216; baseline -0.011 -16"><span class='ocrx_word' id='word_1_561' title='bbox 590 4154 707 4200; x_wconf 91' lang='lat' dir='ltr'><strong>cata</strong></span> <span class='ocrx_word' id='word_1_562' title='bbox 728 4159 825 4216; x_wconf 86' lang='lat' dir='ltr'><strong>per</strong></span> <span class='ocrx_word' id='word_1_563' title='bbox 851 4140 1225 4214; x_wconf 73' lang='lat' dir='ltr'><strong>paenitentiam</strong></span> <span class='ocrx_word' id='word_1_564' title='bbox 1270 4144 1391 4209; x_wconf 88' lang='lat' dir='ltr'><strong>post</strong></span> <span class='ocrx_word' id='word_1_565' title='bbox 1417 4136 1763 4207; x_wconf 85' lang='lat' dir='ltr'><strong>baptismum.</strong></span> <span class='ocrx_word' id='word_1_566' title='bbox 1798 4130 1906 4186; x_wconf 81' lang='lat' dir='ltr'><strong>Res</strong></span> <span class='ocrx_word' id='word_1_567' title='bbox 1940 4140 2079 4185; x_wconf 89' lang='lat' dir='ltr'><strong>tecta</strong></span> <span class='ocrx_word' id='word_1_568' title='bbox 2119 4138 2174 4185; x_wconf 91' lang='lat' dir='ltr'><strong>et</strong></span> 
     </span>
    </p>
   </div>
   <div class='ocr_carea' id='block_1_71' title="bbox 594 4224 2171 4305">
    <p class='ocr_par' dir='ltr' id='par_1_71' title="bbox 594 4224 2171 4305">
     <span class='ocr_line' id='line_1_71' title="bbox 594 4224 2171 4305; baseline -0.01 -14"><span class='ocrx_word' id='word_1_569' title='bbox 594 4243 847 4305; x_wconf 88' lang='lat' dir='ltr'><strong>cooperta</strong></span> <span class='ocrx_word' id='word_1_570' title='bbox 872 4247 982 4287; x_wconf 92' lang='lat' dir='ltr'><strong>non</strong></span> <span class='ocrx_word' id='word_1_571' title='bbox 1007 4229 1238 4294; x_wconf 90' lang='lat' dir='ltr'><strong>videtur,</strong></span> <span class='ocrx_word' id='word_1_572' title='bbox 1264 4236 1318 4282; x_wconf 89' lang='lat' dir='ltr'><strong>et</strong></span> <span class='ocrx_word' id='word_1_573' title='bbox 1349 4243 1446 4282; x_wconf 91' lang='lat' dir='ltr'><strong>nos</strong></span> <span class='ocrx_word' id='word_1_574' title='bbox 1493 4234 1620 4280; x_wconf 92' lang='lat' dir='ltr'><strong>tunc</strong></span> <span class='ocrx_word' id='word_1_575' title='bbox 1655 4224 1886 4295; x_wconf 85' lang='lat' dir='ltr'><strong>tegimus</strong></span> <span class='ocrx_word' id='word_1_576' title='bbox 1923 4230 2171 4294; x_wconf 88' lang='lat' dir='ltr'><strong>peccata,</strong></span> 
     </span>
    </p>
   </div>
   <div class='ocr_carea' id='block_1_72' title="bbox 592 4316 2170 4395">
    <p class='ocr_par' dir='ltr' id='par_1_72' title="bbox 592 4316 2170 4395">
     <span class='ocr_line' id='line_1_72' title="bbox 592 4316 2170 4395; baseline -0.005 -16"><span class='ocrx_word' id='word_1_577' title='bbox 592 4325 807 4395; x_wconf 85' lang='lat' dir='ltr'><strong>quando</strong></span> <span class='ocrx_word' id='word_1_578' title='bbox 855 4320 1012 4377; x_wconf 89' lang='lat' dir='ltr'><strong>malis</strong></span> <span class='ocrx_word' id='word_1_579' title='bbox 1059 4321 1197 4375; x_wconf 90' lang='lat' dir='ltr'><strong>bona</strong></span> <span class='ocrx_word' id='word_1_580' title='bbox 1238 4334 1402 4390; x_wconf 86' lang='lat' dir='ltr'><strong>opera</strong></span> <span class='ocrx_word' id='word_1_581' title='bbox 1445 4317 1671 4389; x_wconf 73' lang='lat' dir='ltr'><strong>iustitiae</strong></span> <span class='ocrx_word' id='word_1_582' title='bbox 1715 4316 2170 4388; x_wconf 88' lang='lat' dir='ltr'><strong>superponimus,</strong></span> 
     </span>
    </p>
   </div>
   <div class='ocr_carea' id='block_1_73' title="bbox 595 4404 2175 4484">
    <p class='ocr_par' dir='ltr' id='par_1_73' title="bbox 595 4404 2175 4484">
     <span class='ocr_line' id='line_1_73' title="bbox 595 4404 2175 4484; baseline -0.003 -15"><span class='ocrx_word' id='word_1_583' title='bbox 595 4411 965 4484; x_wconf 58' lang='lat' dir='ltr'><strong>paenitentiam</strong></span> <span class='ocrx_word' id='word_1_584' title='bbox 1014 4404 1258 4464; x_wconf 82' lang='lat' dir='ltr'><strong>videlicet</strong></span> <span class='ocrx_word' id='word_1_585' title='bbox 1297 4408 1587 4478; x_wconf 64' lang='lat' dir='ltr'><strong>praeteritis</strong></span> <span class='ocrx_word' id='word_1_586' title='bbox 1617 4408 1823 4480; x_wconf 86' lang='lat' dir='ltr'><strong>agendo</strong></span> <span class='ocrx_word' id='word_1_587' title='bbox 1851 4407 2088 4480; x_wconf 90' lang='lat' dir='ltr'><strong>dignam,</strong></span> <span class='ocrx_word' id='word_1_588' title='bbox 2118 4416 2175 4464; x_wconf 89' lang='lat' dir='ltr'><strong>et</strong></span> 
     </span>
    </p>
   </div>
   <div class='ocr_carea' id='block_1_74' title="bbox 596 4498 2174 4573">
    <p class='ocr_par' dir='ltr' id='par_1_74' title="bbox 596 4498 2174 4573">
     <span class='ocr_line' id='line_1_74' title="bbox 596 4498 2174 4573; baseline -0.003 -15"><span class='ocrx_word' id='word_1_589' title='bbox 596 4506 697 4559; x_wconf 90' lang='lat' dir='ltr'><strong>alia</strong></span> <span class='ocrx_word' id='word_1_590' title='bbox 730 4520 833 4559; x_wconf 90' lang='lat' dir='ltr'><strong>non</strong></span> <span class='ocrx_word' id='word_1_591' title='bbox 861 4502 1238 4573; x_wconf 84' lang='lat' dir='ltr'><strong>perpetrando.</strong></span> <span class='ocrx_word' id='word_1_592' title='bbox 1272 4499 1387 4554; x_wconf 86' lang='lat' dir='ltr'><strong>Hoc</strong></span> <span class='ocrx_word' id='word_1_593' title='bbox 1416 4507 1594 4553; x_wconf 90' lang='lat' dir='ltr'><strong>autem</strong></span> <span class='ocrx_word' id='word_1_594' title='bbox 1624 4498 1788 4553; x_wconf 88' lang='lat' dir='ltr'><strong>distat</strong></span> <span class='ocrx_word' id='word_1_595' title='bbox 1812 4499 1953 4554; x_wconf 88' lang='lat' dir='ltr'><strong>inter</strong></span> <span class='ocrx_word' id='word_1_596' title='bbox 1979 4499 2174 4569; x_wconf 88' lang='lat' dir='ltr'><strong>iniqui-</strong></span> 
     </span>
    </p>
   </div>
   <div class='ocr_carea' id='block_1_75' title="bbox 594 4590 2174 4666">
    <p class='ocr_par' dir='ltr' id='par_1_75' title="bbox 594 4590 2174 4666">
     <span class='ocr_line' id='line_1_75' title="bbox 594 4590 2174 4666; baseline -0.001 -16"><span class='ocrx_word' id='word_1_597' title='bbox 594 4606 758 4650; x_wconf 79' lang='lat' dir='ltr'><strong>tatem</strong></span> <span class='ocrx_word' id='word_1_598' title='bbox 786 4606 839 4649; x_wconf 93' lang='lat' dir='ltr'><strong>et</strong></span> <span class='ocrx_word' id='word_1_599' title='bbox 865 4603 1166 4666; x_wconf 85' lang='lat' dir='ltr'><strong>peccatum,</strong></span> <span class='ocrx_word' id='word_1_600' title='bbox 1194 4601 1253 4647; x_wconf 91' lang='lat' dir='ltr'><strong>ut</strong></span> <span class='ocrx_word' id='word_1_601' title='bbox 1281 4591 1500 4661; x_wconf 89' lang='lat' dir='ltr'><strong>quidam</strong></span> <span class='ocrx_word' id='word_1_602' title='bbox 1526 4590 1711 4647; x_wconf 88' lang='lat' dir='ltr'><strong>dicunt</strong></span> <span class='ocrx_word' id='word_1_603' title='bbox 1734 4598 2007 4656; x_wconf 90' lang='lat' dir='ltr'><strong>auctores,</strong></span> <span class='ocrx_word' id='word_1_604' title='bbox 2031 4591 2174 4662; x_wconf 91' lang='lat' dir='ltr'><strong>quod</strong></span> 
     </span>
    </p>
   </div>
   <div class='ocr_carea' id='block_1_76' title="bbox 2269 3390 3748 3471">
    <p class='ocr_par' dir='ltr' id='par_1_76' title="bbox 2269 3390 3748 3471">
     <span class='ocr_line' id='line_1_76' title="bbox 2269 3390 3748 3471; baseline -0.005 -20"><span class='ocrx_word' id='word_1_605' title='bbox 2269 3390 2510 3469; x_wconf 72' lang='lat' dir='ltr'><strong>iustitiae,</strong></span> <span class='ocrx_word' id='word_1_606' title='bbox 2559 3412 2665 3451; x_wconf 93' lang='lat' dir='ltr'><strong>non</strong></span> <span class='ocrx_word' id='word_1_607' title='bbox 2712 3404 3081 3467; x_wconf 89' lang='lat' dir='ltr'><strong>augmentum,</strong></span> <span class='ocrx_word' id='word_1_608' title='bbox 3123 3404 3182 3451; x_wconf 91' lang='lat' dir='ltr'><strong>ut</strong></span> <span class='ocrx_word' id='word_1_609' title='bbox 3221 3397 3547 3470; x_wconf 88' lang='lat' dir='ltr'><strong>signiﬁcaret</strong></span> <span class='ocrx_word' id='word_1_610' title='bbox 3574 3390 3748 3471; x_wconf 70' lang='lat' dir='ltr'><strong>justitiam</strong></span> 
     </span>
    </p>
   </div>
   <div class='ocr_carea' id='block_1_77' title="bbox 2274 3487 3749 3567">
    <p class='ocr_par' dir='ltr' id='par_1_77' title="bbox 2274 3487 3749 3567">
     <span class='ocr_line' id='line_1_77' title="bbox 2274 3487 3749 3567; baseline -0.006 -18"><span class='ocrx_word' id='word_1_611' title='bbox 2274 3491 2495 3559; x_wconf 85' lang='lat' dir='ltr'><strong>Christi,</strong></span> <span class='ocrx_word' id='word_1_612' title='bbox 2527 3507 2646 3562; x_wconf 70' lang='lat' dir='ltr'><strong>quae</strong></span> <span class='ocrx_word' id='word_1_613' title='bbox 2670 3500 2756 3547; x_wconf 90' lang='lat' dir='ltr'><strong>est</strong></span> <span class='ocrx_word' id='word_1_614' title='bbox 2788 3508 2855 3548; x_wconf 77' lang='lat' dir='ltr'><strong>ex</strong></span> <span class='ocrx_word' id='word_1_615' title='bbox 2880 3491 3004 3548; x_wconf 87' lang='lat' dir='ltr'><strong>ﬁde.</strong></span> <span class='ocrx_word' id='word_1_616' title='bbox 3035 3491 3258 3565; x_wconf 87' lang='lat' dir='ltr'><strong>Signum</strong></span> <span class='ocrx_word' id='word_1_617' title='bbox 3303 3505 3394 3555; x_wconf 84' lang='lat' dir='ltr'><strong>est</strong></span> <span class='ocrx_word' id='word_1_618' title='bbox 3415 3494 3605 3567; x_wconf 83' lang='lat' dir='ltr'><strong>quando</strong></span> <span class='ocrx_word' id='word_1_619' title='bbox 3625 3491 3665 3544; x_wconf 87' lang='lat' dir='ltr'><strong>in</strong></span> <span class='ocrx_word' id='word_1_620' title='bbox 3692 3487 3749 3541; x_wconf 69' lang='lat' dir='ltr'><strong>tot</strong></span> 
     </span>
    </p>
   </div>
   <div class='ocr_carea' id='block_1_78' title="bbox 2272 3582 3752 3661">
    <p class='ocr_par' dir='ltr' id='par_1_78' title="bbox 2272 3582 3752 3661">
     <span class='ocr_line' id='line_1_78' title="bbox 2272 3582 3752 3661; baseline -0.001 -19"><span class='ocrx_word' id='word_1_621' title='bbox 2272 3589 2414 3661; x_wconf 92' lang='lat' dir='ltr'><strong>quod</strong></span> <span class='ocrx_word' id='word_1_622' title='bbox 2443 3588 2654 3644; x_wconf 89' lang='lat' dir='ltr'><strong>videtur</strong></span> <span class='ocrx_word' id='word_1_623' title='bbox 2686 3587 2831 3643; x_wconf 91' lang='lat' dir='ltr'><strong>aliud</strong></span> <span class='ocrx_word' id='word_1_624' title='bbox 2860 3588 3197 3661; x_wconf 88' lang='lat' dir='ltr'><strong>intelligitur,</strong></span> <span class='ocrx_word' id='word_1_625' title='bbox 3224 3591 3373 3648; x_wconf 87' lang='lat' dir='ltr'><strong>sicut</strong></span> <span class='ocrx_word' id='word_1_626' title='bbox 3408 3590 3633 3648; x_wconf 78' lang='lat' dir='ltr'><strong>Dominus</strong></span> <span class='ocrx_word' id='word_1_627' title='bbox 3648 3582 3752 3640; x_wconf 76' lang='lat' dir='ltr'><strong>lali-</strong></span> 
     </span>
    </p>
   </div>
   <div class='ocr_carea' id='block_1_79' title="bbox 2272 3674 3752 3756">
    <p class='ocr_par' dir='ltr' id='par_1_79' title="bbox 2272 3674 3752 3756">
     <span class='ocr_line' id='line_1_79' title="bbox 2272 3674 3752 3756; baseline -0.003 -21"><span class='ocrx_word' id='word_1_628' title='bbox 2272 3680 2455 3746; x_wconf 89' lang='lat' dir='ltr'><strong>festat,</strong></span> <span class='ocrx_word' id='word_1_629' title='bbox 2501 3681 2685 3737; x_wconf 91' lang='lat' dir='ltr'><strong>dicens</strong></span> <span class='ocrx_word' id='word_1_630' title='bbox 2714 3700 2726 3734; x_wconf 90' lang='lat'><strong>:</strong></span> <span class='ocrx_word' id='word_1_631' title='bbox 2759 3677 3036 3737; x_wconf 83' lang='lat' dir='ltr'><strong>Generatio</strong></span> <span class='ocrx_word' id='word_1_632' title='bbox 3062 3685 3173 3738; x_wconf 65' lang='lat' dir='ltr'><strong>hac</strong></span> <span class='ocrx_word' id='word_1_633' title='bbox 3216 3686 3429 3756; x_wconf 69' lang='lat' dir='ltr'><strong>signum</strong></span> <span class='ocrx_word' id='word_1_634' title='bbox 3469 3684 3690 3756; x_wconf 76' lang='lat' dir='ltr'><strong>quarit,tt</strong></span> <span class='ocrx_word' id='word_1_635' title='bbox 3713 3674 3752 3727; x_wconf 74' lang='lat' dir='ltr'><strong>ti-</strong></span> 
     </span>
    </p>
   </div>
   <div class='ocr_carea' id='block_1_80' title="bbox 2272 3769 3754 3848">
    <p class='ocr_par' dir='ltr' id='par_1_80' title="bbox 2272 3769 3754 3848">
     <span class='ocr_line' id='line_1_80' title="bbox 2272 3769 3754 3848; baseline 0.004 -20"><span class='ocrx_word' id='word_1_636' title='bbox 2272 3790 2432 3846; x_wconf 86' lang='lat' dir='ltr'><strong>gnum</strong></span> <span class='ocrx_word' id='word_1_637' title='bbox 2477 3789 2580 3828; x_wconf 88' lang='lat' dir='ltr'><strong>non</strong></span> <span class='ocrx_word' id='word_1_638' title='bbox 2624 3773 2839 3828; x_wconf 85' lang='lat' dir='ltr'><strong>dabitur</strong></span> <span class='ocrx_word' id='word_1_639' title='bbox 2865 3775 2937 3841; x_wconf 91' lang='lat' dir='ltr'><strong>ei,</strong></span> <span class='ocrx_word' id='word_1_640' title='bbox 2985 3775 3090 3830; x_wconf 87' lang='lat' dir='ltr'><strong>nisi</strong></span> <span class='ocrx_word' id='word_1_641' title='bbox 3140 3778 3352 3848; x_wconf 80' lang='lat' dir='ltr'><strong>signum</strong></span> <span class='ocrx_word' id='word_1_642' title='bbox 3396 3776 3542 3833; x_wconf 69' lang='lat' dir='ltr'><strong>lotus</strong></span> <span class='ocrx_word' id='word_1_643' title='bbox 3582 3769 3754 3845; x_wconf 59' lang='grc' dir='ltr'><strong>μορίαι</strong></span> 
     </span>
    </p>
   </div>
   <div class='ocr_carea' id='block_1_81' title="bbox 2275 3858 3754 3940">
    <p class='ocr_par' dir='ltr' id='par_1_81' title="bbox 2275 3858 3754 3940">
     <span class='ocr_line' id='line_1_81' title="bbox 2275 3858 3754 3940; baseline 0.001 -20"><span class='ocrx_word' id='word_1_644' title='bbox 2275 3865 2489 3939; x_wconf 81' lang='lat' dir='ltr'><strong>(Matth.</strong></span> <span class='ocrx_word' id='word_1_645' title='bbox 2516 3864 2638 3940; x_wconf 76' lang='lat' dir='ltr'><strong>xu).</strong></span> <span class='ocrx_word' id='word_1_646' title='bbox 2664 3864 2816 3922; x_wconf 87' lang='lat' dir='ltr'><strong>Sicut</strong></span> <span class='ocrx_word' id='word_1_647' title='bbox 2858 3864 2960 3920; x_wconf 90' lang='lat' dir='ltr'><strong>fuit</strong></span> <span class='ocrx_word' id='word_1_648' title='bbox 2998 3865 3165 3922; x_wconf 81' lang='lat' dir='ltr'><strong>Jonas</strong></span> <span class='ocrx_word' id='word_1_649' title='bbox 3202 3869 3258 3923; x_wconf 90' lang='lat' dir='ltr'><strong>in</strong></span> <span class='ocrx_word' id='word_1_650' title='bbox 3306 3879 3494 3924; x_wconf 84' lang='lat' dir='ltr'><strong>ventre</strong></span> <span class='ocrx_word' id='word_1_651' title='bbox 3532 3864 3619 3922; x_wconf 85' lang='lat' dir='ltr'><strong>ceti</strong></span> <span class='ocrx_word' id='word_1_652' title='bbox 3650 3858 3754 3915; x_wconf 59' lang='lat' dir='ltr'><strong>VM</strong></span> 
     </span>
    </p>
   </div>
   <div class='ocr_carea' id='block_1_82' title="bbox 2274 3946 3755 4022">
    <p class='ocr_par' dir='ltr' id='par_1_82' title="bbox 2274 3946 3755 4022">
     <span class='ocr_line' id='line_1_82' title="bbox 2274 3946 3755 4022; baseline -0.002 -10"><span class='ocrx_word' id='word_1_653' title='bbox 2274 3957 2462 4012; x_wconf 88' lang='lat' dir='ltr'><strong>diebus</strong></span> <span class='ocrx_word' id='word_1_654' title='bbox 2486 3964 2542 4011; x_wconf 92' lang='lat' dir='ltr'><strong>et</strong></span> <span class='ocrx_word' id='word_1_655' title='bbox 2581 3956 2753 4011; x_wconf 89' lang='lat' dir='ltr'><strong>tribus</strong></span> <span class='ocrx_word' id='word_1_656' title='bbox 2777 3956 3048 4022; x_wconf 90' lang='lat' dir='ltr'><strong>noctibus,</strong></span> <span class='ocrx_word' id='word_1_657' title='bbox 3074 3957 3156 4013; x_wconf 91' lang='lat' dir='ltr'><strong>sic</strong></span> <span class='ocrx_word' id='word_1_658' title='bbox 3197 3959 3302 4015; x_wconf 90' lang='lat' dir='ltr'><strong>erit</strong></span> <span class='ocrx_word' id='word_1_659' title='bbox 3327 3958 3497 4015; x_wconf 84' lang='lat' dir='ltr'><strong>Filius</strong></span> <span class='ocrx_word' id='word_1_660' title='bbox 3535 3951 3710 4012; x_wconf 67' lang='lat' dir='ltr'><strong>hominis</strong></span> <span class='ocrx_word' id='word_1_661' title='bbox 3726 3946 3755 3998; x_wconf 68' lang='lat' dir='ltr'><strong>il</strong></span> 
     </span>
    </p>
   </div>
   <div class='ocr_carea' id='block_1_83' title="bbox 2274 4038 3756 4121">
    <p class='ocr_par' dir='ltr' id='par_1_83' title="bbox 2274 4038 3756 4121">
     <span class='ocr_line' id='line_1_83' title="bbox 2274 4038 3756 4121; baseline -0.003 -18"><span class='ocrx_word' id='word_1_662' title='bbox 2274 4047 2437 4104; x_wconf 91' lang='lat' dir='ltr'><strong>corde</strong></span> <span class='ocrx_word' id='word_1_663' title='bbox 2465 4056 2641 4103; x_wconf 58' lang='lat' dir='ltr'><strong>terra}.</strong></span> <span class='ocrx_word' id='word_1_664' title='bbox 2676 4047 2817 4104; x_wconf 91' lang='lat' dir='ltr'><strong>Ecce</strong></span> <span class='ocrx_word' id='word_1_665' title='bbox 2844 4049 2986 4117; x_wconf 87' lang='lat' dir='ltr'><strong>quod</strong></span> <span class='ocrx_word' id='word_1_666' title='bbox 3013 4049 3263 4121; x_wconf 88' lang='lat' dir='ltr'><strong>signabat</strong></span> <span class='ocrx_word' id='word_1_667' title='bbox 3288 4048 3460 4108; x_wconf 76' lang='lat' dir='ltr'><strong>Jonas</strong></span> <span class='ocrx_word' id='word_1_668' title='bbox 3490 4055 3685 4107; x_wconf 80' lang='lat' dir='ltr'><strong>voratus,</strong></span> <span class='ocrx_word' id='word_1_669' title='bbox 3716 4038 3756 4089; x_wconf 73' lang='grc' dir='ltr'><strong>ἰιι</strong></span> 
     </span>
    </p>
   </div>
   <div class='ocr_carea' id='block_1_84' title="bbox 2273 4133 3758 4214">
    <p class='ocr_par' dir='ltr' id='par_1_84' title="bbox 2273 4133 3758 4214">
     <span class='ocr_line' id='line_1_84' title="bbox 2273 4133 3758 4214; baseline -0.004 -21"><span class='ocrx_word' id='word_1_670' title='bbox 2273 4154 2486 4209; x_wconf 90' lang='lat' dir='ltr'><strong>quoque</strong></span> <span class='ocrx_word' id='word_1_671' title='bbox 2512 4139 2855 4196; x_wconf 81' lang='lat' dir='ltr'><strong>circumcisio</strong></span> <span class='ocrx_word' id='word_1_672' title='bbox 2890 4139 3123 4197; x_wconf 76' lang='lat' dir='ltr'><strong>Abrahae</strong></span> <span class='ocrx_word' id='word_1_673' title='bbox 3147 4140 3308 4201; x_wconf 88' lang='lat' dir='ltr'><strong>ﬁdem</strong></span> <span class='ocrx_word' id='word_1_674' title='bbox 3333 4142 3477 4199; x_wconf 89' lang='lat' dir='ltr'><strong>illius</strong></span> <span class='ocrx_word' id='word_1_675' title='bbox 3519 4133 3758 4214; x_wconf 69' lang='lat' dir='ltr'><strong>significabat</strong></span> 
     </span>
    </p>
   </div>
   <div class='ocr_carea' id='block_1_85' title="bbox 2274 4223 3755 4307">
    <p class='ocr_par' dir='ltr' id='par_1_85' title="bbox 2274 4223 3755 4307">
     <span class='ocr_line' id='line_1_85' title="bbox 2274 4223 3755 4307; baseline -0.001 -19"><span class='ocrx_word' id='word_1_676' title='bbox 2274 4248 2435 4303; x_wconf 90' lang='lat' dir='ltr'><strong>quam</strong></span> <span class='ocrx_word' id='word_1_677' title='bbox 2486 4232 2721 4288; x_wconf 88' lang='lat' dir='ltr'><strong>habebat</strong></span> <span class='ocrx_word' id='word_1_678' title='bbox 2769 4233 2823 4287; x_wconf 92' lang='lat' dir='ltr'><strong>in</strong></span> <span class='ocrx_word' id='word_1_679' title='bbox 2851 4235 3041 4300; x_wconf 89' lang='lat' dir='ltr'><strong>corde,</strong></span> <span class='ocrx_word' id='word_1_680' title='bbox 3071 4242 3126 4290; x_wconf 90' lang='lat' dir='ltr'><strong>et</strong></span> <span class='ocrx_word' id='word_1_681' title='bbox 3166 4252 3272 4307; x_wconf 86' lang='lat' dir='ltr'><strong>qua</strong></span> <span class='ocrx_word' id='word_1_682' title='bbox 3311 4238 3509 4294; x_wconf 91' lang='lat' dir='ltr'><strong>meruit</strong></span> <span class='ocrx_word' id='word_1_683' title='bbox 3538 4223 3755 4305; x_wconf 51' lang='lat' dir='ltr'><strong>iustiﬁcari</strong></span> 
     </span>
    </p>
   </div>
   <div class='ocr_carea' id='block_1_86' title="bbox 2275 4316 3760 4397">
    <p class='ocr_par' dir='ltr' id='par_1_86' title="bbox 2275 4316 3760 4397">
     <span class='ocr_line' id='line_1_86' title="bbox 2275 4316 3760 4397; baseline -0.003 -16"><span class='ocrx_word' id='word_1_684' title='bbox 2275 4326 2401 4381; x_wconf 70' lang='lat' dir='ltr'><strong>Haec</strong></span> <span class='ocrx_word' id='word_1_685' title='bbox 2427 4325 2771 4381; x_wconf 84' lang='lat' dir='ltr'><strong>circumcisio</strong></span> <span class='ocrx_word' id='word_1_686' title='bbox 2796 4332 2879 4382; x_wconf 89' lang='lat' dir='ltr'><strong>est</strong></span> <span class='ocrx_word' id='word_1_687' title='bbox 2900 4325 3222 4397; x_wconf 78' lang='lat' dir='ltr'><strong>exspoliatio</strong></span> <span class='ocrx_word' id='word_1_688' title='bbox 3254 4326 3582 4383; x_wconf 80' lang='lat' dir='ltr'><strong>inﬁdelitatis</strong></span> <span class='ocrx_word' id='word_1_689' title='bbox 3601 4330 3644 4378; x_wconf 88' lang='lat' dir='ltr'><strong>et</strong></span> <span class='ocrx_word' id='word_1_690' title='bbox 3666 4316 3760 4371; x_wconf 50' lang='lat' dir='ltr'><strong>tilia</strong></span> 
     </span>
    </p>
   </div>
   <div class='ocr_carea' id='block_1_87' title="bbox 2276 4410 3759 4491">
    <p class='ocr_par' dir='ltr' id='par_1_87' title="bbox 2276 4410 3759 4491">
     <span class='ocr_line' id='line_1_87' title="bbox 2276 4410 3759 4491; baseline -0.006 -18"><span class='ocrx_word' id='word_1_691' title='bbox 2276 4433 2393 4473; x_wconf 89' lang='lat' dir='ltr'><strong>rum</strong></span> <span class='ocrx_word' id='word_1_692' title='bbox 2424 4418 2661 4474; x_wconf 91' lang='lat' dir='ltr'><strong>abolitio.</strong></span> <span class='ocrx_word' id='word_1_693' title='bbox 2702 4416 2880 4473; x_wconf 91' lang='lat' dir='ltr'><strong>Distat</strong></span> <span class='ocrx_word' id='word_1_694' title='bbox 2927 4433 3058 4475; x_wconf 87' lang='lat' dir='ltr'><strong>vero</strong></span> <span class='ocrx_word' id='word_1_695' title='bbox 3090 4420 3235 4475; x_wconf 87' lang='lat' dir='ltr'><strong>inter</strong></span> <span class='ocrx_word' id='word_1_696' title='bbox 3267 4420 3478 4491; x_wconf 89' lang='lat' dir='ltr'><strong>signum</strong></span> <span class='ocrx_word' id='word_1_697' title='bbox 3501 4426 3554 4474; x_wconf 87' lang='lat' dir='ltr'><strong>et</strong></span> <span class='ocrx_word' id='word_1_698' title='bbox 3590 4410 3759 4484; x_wconf 71' lang='lat' dir='ltr'><strong>signacu-</strong></span> 
     </span>
    </p>
   </div>
   <div class='ocr_carea' id='block_1_88' title="bbox 2274 4502 3763 4583">
    <p class='ocr_par' dir='ltr' id='par_1_88' title="bbox 2274 4502 3763 4583">
     <span class='ocr_line' id='line_1_88' title="bbox 2274 4502 3763 4583; baseline -0.006 -18"><span class='ocrx_word' id='word_1_699' title='bbox 2274 4510 2385 4566; x_wconf 89' lang='lat' dir='ltr'><strong>lum</strong></span> <span class='ocrx_word' id='word_1_700' title='bbox 2411 4510 2550 4581; x_wconf 90' lang='lat' dir='ltr'><strong>quod</strong></span> <span class='ocrx_word' id='word_1_701' title='bbox 2579 4510 2789 4581; x_wconf 86' lang='lat' dir='ltr'><strong>signum</strong></span> <span class='ocrx_word' id='word_1_702' title='bbox 2812 4509 2957 4565; x_wconf 88' lang='lat' dir='ltr'><strong>aliud</strong></span> <span class='ocrx_word' id='word_1_703' title='bbox 2977 4519 3080 4578; x_wconf 89' lang='lat' dir='ltr'><strong>est,</strong></span> <span class='ocrx_word' id='word_1_704' title='bbox 3105 4519 3160 4566; x_wconf 93' lang='lat' dir='ltr'><strong>et</strong></span> <span class='ocrx_word' id='word_1_705' title='bbox 3181 4510 3324 4567; x_wconf 88' lang='lat' dir='ltr'><strong>aliud</strong></span> <span class='ocrx_word' id='word_1_706' title='bbox 3346 4509 3630 4583; x_wconf 88' lang='lat' dir='ltr'><strong>signiﬁcat:</strong></span> <span class='ocrx_word' id='word_1_707' title='bbox 3654 4502 3763 4571; x_wconf 42' lang='lat' dir='ltr'><strong>signa</strong></span> 
     </span>
    </p>
   </div>
   <div class='ocr_carea' id='block_1_89' title="bbox 2278 4592 3762 4674">
    <p class='ocr_par' dir='ltr' id='par_1_89' title="bbox 2278 4592 3762 4674">
     <span class='ocr_line' id='line_1_89' title="bbox 2278 4592 3762 4674; baseline -0.008 -17"><span class='ocrx_word' id='word_1_708' title='bbox 2278 4602 2457 4657; x_wconf 91' lang='lat' dir='ltr'><strong>culum</strong></span> <span class='ocrx_word' id='word_1_709' title='bbox 2487 4610 2668 4656; x_wconf 91' lang='lat' dir='ltr'><strong>autem</strong></span> <span class='ocrx_word' id='word_1_710' title='bbox 2720 4602 2861 4672; x_wconf 90' lang='lat' dir='ltr'><strong>quod</strong></span> <span class='ocrx_word' id='word_1_711' title='bbox 2909 4601 3071 4657; x_wconf 90' lang='lat' dir='ltr'><strong>alicui</strong></span> <span class='ocrx_word' id='word_1_712' title='bbox 3102 4602 3178 4656; x_wconf 86' lang='lat' dir='ltr'><strong>rei</strong></span> <span class='ocrx_word' id='word_1_713' title='bbox 3225 4603 3402 4658; x_wconf 88' lang='lat' dir='ltr'><strong>adhuc</strong></span> <span class='ocrx_word' id='word_1_714' title='bbox 3443 4595 3715 4674; x_wconf 85' lang='lat' dir='ltr'><strong>imprimitur</strong></span> <span class='ocrx_word' id='word_1_715' title='bbox 3732 4592 3762 4639; x_wconf 80' lang='grc' dir='ltr'>ι</span> 
     </span>
    </p>
   </div>
   <div class='ocr_carea' id='block_1_90' title="bbox 594 4654 3764 4764">
    <p class='ocr_par' dir='ltr' id='par_1_90' title="bbox 594 4654 3764 4764">
     <span class='ocr_line' id='line_1_90' title="bbox 594 4654 3764 4764; baseline -0.004 -20"><span class='ocrx_word' id='word_1_716' title='bbox 594 4671 851 4759; x_wconf 47' lang='lat' dir='ltr'><strong>iniquith</strong></span> <span class='ocrx_word' id='word_1_717' title='bbox 880 4688 948 4742; x_wconf 91' lang='lat' dir='ltr'><strong>sit</strong></span> <span class='ocrx_word' id='word_1_718' title='bbox 994 4697 1115 4741; x_wconf 88' lang='lat' dir='ltr'><strong>ante</strong></span> <span class='ocrx_word' id='word_1_719' title='bbox 1154 4687 1344 4758; x_wconf 83' lang='lat' dir='ltr'><strong>legem,</strong></span> <span class='ocrx_word' id='word_1_720' title='bbox 1370 4695 1650 4755; x_wconf 87' lang='lat' dir='ltr'><strong>peccatum</strong></span> <span class='ocrx_word' id='word_1_721' title='bbox 1696 4692 1820 4755; x_wconf 90' lang='lat' dir='ltr'><strong>post</strong></span> <span class='ocrx_word' id='word_1_722' title='bbox 1869 4682 2061 4754; x_wconf 87' lang='lat' dir='ltr'><strong>legem,</strong></span> <span class='ocrx_word' id='word_1_723' title='bbox 2090 4681 2174 4738; x_wconf 92' lang='lat' dir='ltr'><strong>vel</strong></span> <span class='ocrx_word' id='word_1_724' title='bbox 2200 4654 2253 4715; x_wconf 80' lang='lat' dir='ltr'><strong>D</strong></span> <span class='ocrx_word' id='word_1_725' title='bbox 2282 4690 2467 4759; x_wconf 81' lang='lat' dir='ltr'><strong>lateat,</strong></span> <span class='ocrx_word' id='word_1_726' title='bbox 2491 4654 2771 4764; x_wconf 59' lang='lat' dir='ltr'><strong>quousque</strong></span> <span class='ocrx_word' id='word_1_727' title='bbox 2810 4692 2877 4747; x_wconf 91' lang='lat' dir='ltr'><strong>ab</strong></span> <span class='ocrx_word' id='word_1_728' title='bbox 2908 4691 2998 4747; x_wconf 92' lang='lat' dir='ltr'><strong>illo</strong></span> <span class='ocrx_word' id='word_1_729' title='bbox 3027 4700 3298 4748; x_wconf 87' lang='lat' dir='ltr'><strong>reseretur</strong></span> <span class='ocrx_word' id='word_1_730' title='bbox 3320 4706 3354 4746; x_wconf 90' lang='lat' dir='ltr'><strong>a</strong></span> <span class='ocrx_word' id='word_1_731' title='bbox 3378 4707 3485 4763; x_wconf 85' lang='lat' dir='ltr'><strong>quo</strong></span> <span class='ocrx_word' id='word_1_732' title='bbox 3507 4654 3764 4759; x_wconf 65' lang='lat' dir='ltr'><strong>iinprimitnr.</strong></span> 
     </span>
    </p>
   </div>
   <div class='ocr_carea' id='block_1_91' title="bbox 595 4774 2167 4852">
    <p class='ocr_par' dir='ltr' id='par_1_91' title="bbox 595 4774 2167 4852">
     <span class='ocr_line' id='line_1_91' title="bbox 595 4774 2167 4852; baseline -0.005 -16"><span class='ocrx_word' id='word_1_733' title='bbox 595 4781 848 4852; x_wconf 83' lang='lat' dir='ltr'><strong>iniquitas</strong></span> <span class='ocrx_word' id='word_1_734' title='bbox 897 4780 967 4834; x_wconf 90' lang='lat' dir='ltr'><strong>sit</strong></span> <span class='ocrx_word' id='word_1_735' title='bbox 998 4777 1406 4850; x_wconf 89' lang='lat' dir='ltr'><strong>cogitationum,</strong></span> <span class='ocrx_word' id='word_1_736' title='bbox 1456 4787 1736 4847; x_wconf 89' lang='lat' dir='ltr'><strong>peccatum</strong></span> <span class='ocrx_word' id='word_1_737' title='bbox 1783 4774 1857 4831; x_wconf 87' lang='lat' dir='ltr'><strong>sit</strong></span> <span class='ocrx_word' id='word_1_738' title='bbox 1901 4782 2167 4846; x_wconf 88' lang='lat' dir='ltr'><strong>opertum.</strong></span> 
     </span>
    </p>
   </div>
   <div class='ocr_carea' id='block_1_92' title="bbox 596 4865 2171 4938">
    <p class='ocr_par' dir='ltr' id='par_1_92' title="bbox 596 4865 2171 4938">
     <span class='ocr_line' id='line_1_92' title="bbox 596 4865 2171 4938; baseline -0.002 -15"><span class='ocrx_word' id='word_1_739' title='bbox 596 4871 824 4938; x_wconf 86' lang='lat' dir='ltr'><strong>Quidam</strong></span> <span class='ocrx_word' id='word_1_740' title='bbox 868 4869 1028 4923; x_wconf 87' lang='lat' dir='ltr'><strong>etiam</strong></span> <span class='ocrx_word' id='word_1_741' title='bbox 1056 4867 1241 4923; x_wconf 90' lang='lat' dir='ltr'><strong>dicunt</strong></span> <span class='ocrx_word' id='word_1_742' title='bbox 1286 4866 1627 4937; x_wconf 87' lang='lat' dir='ltr'><strong>iniquitatem</strong></span> <span class='ocrx_word' id='word_1_743' title='bbox 1657 4881 1776 4923; x_wconf 89' lang='lat' dir='ltr'><strong>esse</strong></span> <span class='ocrx_word' id='word_1_744' title='bbox 1811 4865 1955 4938; x_wconf 86' lang='lat' dir='ltr'><strong>quod</strong></span> <span class='ocrx_word' id='word_1_745' title='bbox 1981 4873 2171 4921; x_wconf 88' lang='lat' dir='ltr'><strong>contra</strong></span> 
     </span>
    </p>
   </div>
   <div class='ocr_carea' id='block_1_93' title="bbox 594 4960 2169 5036">
    <p class='ocr_par' dir='ltr' id='par_1_93' title="bbox 594 4960 2169 5036">
     <span class='ocr_line' id='line_1_93' title="bbox 594 4960 2169 5036; baseline -0.003 -17"><span class='ocrx_word' id='word_1_746' title='bbox 594 4967 764 5036; x_wconf 75' lang='lat' dir='ltr'><strong>legem</strong></span> <span class='ocrx_word' id='word_1_747' title='bbox 811 4961 1186 5028; x_wconf 88' lang='lat' dir='ltr'><strong>committitur,</strong></span> <span class='ocrx_word' id='word_1_748' title='bbox 1217 4970 1495 5031; x_wconf 90' lang='lat' dir='ltr'><strong>peccatum</strong></span> <span class='ocrx_word' id='word_1_749' title='bbox 1524 4960 1666 5031; x_wconf 89' lang='lat' dir='ltr'><strong>quod</strong></span> <span class='ocrx_word' id='word_1_750' title='bbox 1692 4971 1879 5019; x_wconf 84' lang='lat' dir='ltr'><strong>contra</strong></span> <span class='ocrx_word' id='word_1_751' title='bbox 1919 4968 2169 5015; x_wconf 91' lang='lat' dir='ltr'><strong>naturam</strong></span> 
     </span>
    </p>
   </div>
   <div class='ocr_carea' id='block_1_94' title="bbox 590 5053 2171 5128">
    <p class='ocr_par' dir='ltr' id='par_1_94' title="bbox 590 5053 2171 5128">
     <span class='ocr_line' id='line_1_94' title="bbox 590 5053 2171 5128; baseline -0.001 -16"><span class='ocrx_word' id='word_1_752' title='bbox 590 5066 646 5113; x_wconf 92' lang='lat' dir='ltr'><strong>et</strong></span> <span class='ocrx_word' id='word_1_753' title='bbox 675 5054 1059 5112; x_wconf 89' lang='lat' dir='ltr'><strong>conscientiam</strong></span> <span class='ocrx_word' id='word_1_754' title='bbox 1087 5055 1218 5110; x_wconf 88' lang='lat' dir='ltr'><strong>:sed</strong></span> <span class='ocrx_word' id='word_1_755' title='bbox 1248 5053 1616 5112; x_wconf 68' lang='lat' dir='ltr'><strong>indifferenter</strong></span> <span class='ocrx_word' id='word_1_756' title='bbox 1660 5072 1824 5112; x_wconf 91' lang='lat' dir='ltr'><strong>unum</strong></span> <span class='ocrx_word' id='word_1_757' title='bbox 1861 5058 1960 5128; x_wconf 87' lang='lat' dir='ltr'><strong>pro</strong></span> <span class='ocrx_word' id='word_1_758' title='bbox 2000 5053 2171 5110; x_wconf 90' lang='lat' dir='ltr'><strong>altero</strong></span> 
     </span>
    </p>
   </div>
   <div class='ocr_carea' id='block_1_95' title="bbox 592 5147 991 5220">
    <p class='ocr_par' dir='ltr' id='par_1_95' title="bbox 592 5147 991 5220">
     <span class='ocr_line' id='line_1_95' title="bbox 592 5147 991 5220; baseline -0.015 -14"><span class='ocrx_word' id='word_1_759' title='bbox 592 5163 734 5220; x_wconf 65' lang='lat' dir='ltr'><strong>saepe</strong></span> <span class='ocrx_word' id='word_1_760' title='bbox 756 5147 991 5219; x_wconf 91' lang='lat' dir='ltr'><strong>ponitur.</strong></span> 
     </span>
    </p>
   </div>
   <div class='ocr_carea' id='block_1_96' title="bbox 662 5236 2170 5310">
    <p class='ocr_par' dir='ltr' id='par_1_96' title="bbox 662 5236 2170 5310">
     <span class='ocr_line' id='line_1_96' title="bbox 662 5236 2170 5310; baseline -0.004 -15"><span class='ocrx_word' id='word_1_761' title='bbox 662 5240 856 5295; x_wconf 86' lang='lat' dir='ltr'><strong>Beatus</strong></span> <span class='ocrx_word' id='word_1_762' title='bbox 899 5239 976 5294; x_wconf 83' lang='lat' dir='ltr'><strong>vir</strong></span> <span class='ocrx_word' id='word_1_763' title='bbox 1020 5238 1105 5293; x_wconf 84' lang='lat' dir='ltr'><strong>cui</strong></span> <span class='ocrx_word' id='word_1_764' title='bbox 1151 5254 1255 5293; x_wconf 90' lang='lat' dir='ltr'><strong>non</strong></span> <span class='ocrx_word' id='word_1_765' title='bbox 1292 5238 1568 5310; x_wconf 78' lang='lat' dir='ltr'><strong>imputavit</strong></span> <span class='ocrx_word' id='word_1_766' title='bbox 1595 5236 1853 5292; x_wconf 88' lang='lat' dir='ltr'><strong>Dominus</strong></span> <span class='ocrx_word' id='word_1_767' title='bbox 1879 5245 2170 5309; x_wconf 82' lang='lat' dir='ltr'><strong>peccatum.</strong></span> 
     </span>
    </p>
   </div>
   <div class='ocr_carea' id='block_1_97' title="bbox 594 5328 2174 5402">
    <p class='ocr_par' dir='ltr' id='par_1_97' title="bbox 594 5328 2174 5402">
     <span class='ocr_line' id='line_1_97' title="bbox 594 5328 2174 5402; baseline -0.004 -15"><span class='ocrx_word' id='word_1_768' title='bbox 594 5333 896 5389; x_wconf 79' lang='lat' dir='ltr'><strong>Misericors</strong></span> <span class='ocrx_word' id='word_1_769' title='bbox 921 5330 1064 5386; x_wconf 91' lang='lat' dir='ltr'><strong>Deus</strong></span> <span class='ocrx_word' id='word_1_770' title='bbox 1094 5346 1267 5402; x_wconf 87' lang='lat' dir='ltr'><strong>neque</strong></span> <span class='ocrx_word' id='word_1_771' title='bbox 1296 5329 1351 5386; x_wconf 91' lang='lat' dir='ltr'><strong>in</strong></span> <span class='ocrx_word' id='word_1_772' title='bbox 1378 5330 1706 5401; x_wconf 86' lang='lat' dir='ltr'><strong>baptismate</strong></span> <span class='ocrx_word' id='word_1_773' title='bbox 1734 5329 1909 5383; x_wconf 89' lang='lat' dir='ltr'><strong>deleta</strong></span> <span class='ocrx_word' id='word_1_774' title='bbox 1940 5328 2174 5397; x_wconf 89' lang='lat' dir='ltr'><strong>imputa-</strong></span> 
     </span>
    </p>
   </div>
   <div class='ocr_carea' id='block_1_98' title="bbox 594 5424 2171 5500">
    <p class='ocr_par' dir='ltr' id='par_1_98' title="bbox 594 5424 2171 5500">
     <span class='ocr_line' id='line_1_98' title="bbox 594 5424 2171 5500; baseline -0.003 -17"><span class='ocrx_word' id='word_1_775' title='bbox 594 5430 691 5496; x_wconf 93' lang='lat' dir='ltr'><strong>bit,</strong></span> <span class='ocrx_word' id='word_1_776' title='bbox 719 5445 892 5500; x_wconf 91' lang='lat' dir='ltr'><strong>neque</strong></span> <span class='ocrx_word' id='word_1_777' title='bbox 922 5427 1259 5500; x_wconf 86' lang='lat' dir='ltr'><strong>poenitentia,</strong></span> <span class='ocrx_word' id='word_1_778' title='bbox 1309 5437 1454 5483; x_wconf 88' lang='lat' dir='ltr'><strong>recta</strong></span> <span class='ocrx_word' id='word_1_779' title='bbox 1482 5427 1526 5481; x_wconf 92' lang='lat' dir='ltr'><strong>si</strong></span> <span class='ocrx_word' id='word_1_780' title='bbox 1556 5425 1916 5498; x_wconf 89' lang='lat' dir='ltr'><strong>permanserit</strong></span> <span class='ocrx_word' id='word_1_781' title='bbox 1962 5424 2018 5478; x_wconf 91' lang='lat' dir='ltr'><strong>in</strong></span> <span class='ocrx_word' id='word_1_782' title='bbox 2044 5424 2171 5492; x_wconf 87' lang='lat' dir='ltr'><strong>ﬁde,</strong></span> 
     </span>
    </p>
   </div>
   <div class='ocr_carea' id='block_1_99' title="bbox 594 5515 2173 5592">
    <p class='ocr_par' dir='ltr' id='par_1_99' title="bbox 594 5515 2173 5592">
     <span class='ocr_line' id='line_1_99' title="bbox 594 5515 2173 5592; baseline 0 -21"><span class='ocrx_word' id='word_1_783' title='bbox 594 5520 675 5574; x_wconf 73' lang='lat' dir='ltr'><strong>vel</strong></span> <span class='ocrx_word' id='word_1_784' title='bbox 704 5528 880 5591; x_wconf 87' lang='lat' dir='ltr'><strong>potest</strong></span> <span class='ocrx_word' id='word_1_785' title='bbox 903 5519 1005 5574; x_wconf 90' lang='lat' dir='ltr'><strong>hoc</strong></span> <span class='ocrx_word' id='word_1_786' title='bbox 1033 5518 1252 5592; x_wconf 87' lang='lat' dir='ltr'><strong>intelligi</strong></span> <span class='ocrx_word' id='word_1_787' title='bbox 1279 5517 1345 5573; x_wconf 92' lang='lat' dir='ltr'><strong>de</strong></span> <span class='ocrx_word' id='word_1_788' title='bbox 1377 5516 1705 5590; x_wconf 85' lang='lat' dir='ltr'><strong>martyribus</strong></span> <span class='ocrx_word' id='word_1_789' title='bbox 1729 5516 1821 5585; x_wconf 89' lang='lat' dir='ltr'><strong>qui</strong></span> <span class='ocrx_word' id='word_1_790' title='bbox 1847 5515 1899 5569; x_wconf 91' lang='lat' dir='ltr'><strong>in</strong></span> <span class='ocrx_word' id='word_1_791' title='bbox 1925 5530 2022 5570; x_wconf 90' lang='lat' dir='ltr'><strong>suo</strong></span> <span class='ocrx_word' id='word_1_792' title='bbox 2048 5531 2173 5571; x_wconf 87' lang='lat' dir='ltr'><strong>san-</strong></span> 
     </span>
    </p>
   </div>
   <div class='ocr_carea' id='block_1_100' title="bbox 589 5607 2173 5683">
    <p class='ocr_par' dir='ltr' id='par_1_100' title="bbox 589 5607 2173 5683">
     <span class='ocr_line' id='line_1_100' title="bbox 589 5607 2173 5683; baseline -0.001 -18"><span class='ocrx_word' id='word_1_793' title='bbox 589 5610 752 5683; x_wconf 90' lang='lat' dir='ltr'><strong>guine</strong></span> <span class='ocrx_word' id='word_1_794' title='bbox 780 5608 1057 5682; x_wconf 83' lang='lat' dir='ltr'><strong>baptizati,</strong></span> <span class='ocrx_word' id='word_1_795' title='bbox 1086 5610 1141 5664; x_wconf 91' lang='lat' dir='ltr'><strong>in</strong></span> <span class='ocrx_word' id='word_1_796' title='bbox 1167 5608 1282 5681; x_wconf 87' lang='lat' dir='ltr'><strong>ipso</strong></span> <span class='ocrx_word' id='word_1_797' title='bbox 1335 5607 1597 5681; x_wconf 76' lang='lat' dir='ltr'><strong>martyrio</strong></span> <span class='ocrx_word' id='word_1_798' title='bbox 1648 5616 1842 5663; x_wconf 87' lang='lat' dir='ltr'><strong>cuncta</strong></span> <span class='ocrx_word' id='word_1_799' title='bbox 1889 5608 2173 5665; x_wconf 87' lang='lat' dir='ltr'><strong>cisdimit—</strong></span> 
     </span>
    </p>
   </div>
   <div class='ocr_carea' id='block_1_101' title="bbox 592 5701 2173 5774">
    <p class='ocr_par' dir='ltr' id='par_1_101' title="bbox 592 5701 2173 5774">
     <span class='ocr_line' id='line_1_101' title="bbox 592 5701 2173 5774; baseline 0 -16"><span class='ocrx_word' id='word_1_800' title='bbox 592 5711 779 5759; x_wconf 91' lang='lat' dir='ltr'><strong>tuntur</strong></span> <span class='ocrx_word' id='word_1_801' title='bbox 795 5710 1018 5774; x_wconf 87' lang='lat' dir='ltr'><strong>peccata</strong></span> <span class='ocrx_word' id='word_1_802' title='bbox 1040 5720 1051 5755; x_wconf 90' lang='lat'><strong>:</strong></span> <span class='ocrx_word' id='word_1_803' title='bbox 1070 5701 1148 5756; x_wconf 90' lang='lat' dir='ltr'><strong>vel</strong></span> <span class='ocrx_word' id='word_1_804' title='bbox 1178 5710 1325 5757; x_wconf 89' lang='lat' dir='ltr'><strong>certe</strong></span> <span class='ocrx_word' id='word_1_805' title='bbox 1348 5703 1411 5756; x_wconf 89' lang='lat' dir='ltr'><strong>de</strong></span> <span class='ocrx_word' id='word_1_806' title='bbox 1436 5702 1522 5756; x_wconf 90' lang='lat' dir='ltr'><strong>his</strong></span> <span class='ocrx_word' id='word_1_807' title='bbox 1543 5708 1718 5771; x_wconf 86' lang='lat' dir='ltr'><strong>potest</strong></span> <span class='ocrx_word' id='word_1_808' title='bbox 1740 5701 1912 5770; x_wconf 88' lang='lat' dir='ltr'><strong>accipi</strong></span> <span class='ocrx_word' id='word_1_809' title='bbox 1937 5702 2025 5772; x_wconf 87' lang='lat' dir='ltr'><strong>qui</strong></span> <span class='ocrx_word' id='word_1_810' title='bbox 2051 5712 2173 5774; x_wconf 91' lang='lat' dir='ltr'><strong>post</strong></span> 
     </span>
    </p>
   </div>
   <div class='ocr_carea' id='block_1_102' title="bbox 590 5793 2173 5869">
    <p class='ocr_par' dir='ltr' id='par_1_102' title="bbox 590 5793 2173 5869">
     <span class='ocr_line' id='line_1_102' title="bbox 590 5793 2173 5869; baseline 0 -16"><span class='ocrx_word' id='word_1_811' title='bbox 590 5796 917 5869; x_wconf 89' lang='lat' dir='ltr'><strong>baptismum</strong></span> <span class='ocrx_word' id='word_1_812' title='bbox 946 5794 1111 5850; x_wconf 89' lang='lat' dir='ltr'><strong>multa</strong></span> <span class='ocrx_word' id='word_1_813' title='bbox 1138 5793 1525 5849; x_wconf 86' lang='lat' dir='ltr'><strong>commiserunt</strong></span> <span class='ocrx_word' id='word_1_814' title='bbox 1542 5803 1786 5864; x_wconf 87' lang='lat' dir='ltr'><strong>peccata,</strong></span> <span class='ocrx_word' id='word_1_815' title='bbox 1811 5793 1902 5849; x_wconf 89' lang='lat' dir='ltr'><strong>sed</strong></span> <span class='ocrx_word' id='word_1_816' title='bbox 1924 5794 2173 5853; x_wconf 88' lang='lat' dir='ltr'><strong>veniente</strong></span> 
     </span>
    </p>
   </div>
   <div class='ocr_carea' id='block_1_103' title="bbox 589 5880 2169 5952">
    <p class='ocr_par' dir='ltr' id='par_1_103' title="bbox 589 5880 2169 5952">
     <span class='ocr_line' id='line_1_103' title="bbox 589 5880 2169 5952; baseline -0.003 -9"><span class='ocrx_word' id='word_1_817' title='bbox 589 5887 873 5945; x_wconf 84' lang='lat' dir='ltr'><strong>occasione</strong></span> <span class='ocrx_word' id='word_1_818' title='bbox 905 5886 1033 5939; x_wconf 87' lang='lat' dir='ltr'><strong>dum</strong></span> <span class='ocrx_word' id='word_1_819' title='bbox 1082 5898 1179 5952; x_wconf 90' lang='lat' dir='ltr'><strong>pro</strong></span> <span class='ocrx_word' id='word_1_820' title='bbox 1218 5880 1419 5937; x_wconf 89' lang='lat' dir='ltr'><strong>Christi</strong></span> <span class='ocrx_word' id='word_1_821' title='bbox 1455 5883 1671 5938; x_wconf 89' lang='lat' dir='ltr'><strong>nomine</strong></span> <span class='ocrx_word' id='word_1_822' title='bbox 1716 5881 2036 5939; x_wconf 89' lang='lat' dir='ltr'><strong>martvrium</strong></span> <span class='ocrx_word' id='word_1_823' title='bbox 2080 5900 2169 5938; x_wconf 91' lang='lat' dir='ltr'><strong>su-</strong></span> 
     </span>
    </p>
   </div>
   <div class='ocr_carea' id='block_1_104' title="bbox 2283 4775 3764 4856">
    <p class='ocr_par' dir='ltr' id='par_1_104' title="bbox 2283 4775 3764 4856">
     <span class='ocr_line' id='line_1_104' title="bbox 2283 4775 3764 4856; baseline 0 -16"><span class='ocrx_word' id='word_1_824' title='bbox 2283 4785 2356 4840; x_wconf 88' lang='lat' dir='ltr'><strong>ita</strong></span> <span class='ocrx_word' id='word_1_825' title='bbox 2382 4792 2436 4839; x_wconf 93' lang='lat' dir='ltr'><strong>et</strong></span> <span class='ocrx_word' id='word_1_826' title='bbox 2468 4784 2556 4839; x_wconf 89' lang='lat' dir='ltr'><strong>illa</strong></span> <span class='ocrx_word' id='word_1_827' title='bbox 2582 4784 2924 4842; x_wconf 87' lang='lat' dir='ltr'><strong>circumcisio</strong></span> <span class='ocrx_word' id='word_1_828' title='bbox 2946 4783 3285 4856; x_wconf 87' lang='lat' dir='ltr'><strong>signiﬁcabat</strong></span> <span class='ocrx_word' id='word_1_829' title='bbox 3302 4782 3562 4853; x_wconf 81' lang='lat' dir='ltr'><strong>justitiam</strong></span> <span class='ocrx_word' id='word_1_830' title='bbox 3581 4775 3677 4836; x_wconf 75' lang='lat' dir='ltr'><strong>ﬁdei</strong></span> <span class='ocrx_word' id='word_1_831' title='bbox 3695 4780 3764 4840; x_wconf 73' lang='grc' dir='ltr'><strong>(ιιιτ</strong></span> 
     </span>
    </p>
   </div>
   <div class='ocr_carea' id='block_1_105' title="bbox 2282 4860 3833 4947">
    <p class='ocr_par' dir='ltr' id='par_1_105' title="bbox 2282 4860 3833 4947">
     <span class='ocr_line' id='line_1_105' title="bbox 2282 4860 3833 4947; baseline -0.006 -18"><span class='ocrx_word' id='word_1_832' title='bbox 2282 4885 2398 4930; x_wconf 88' lang='lat' dir='ltr'><strong>erat</strong></span> <span class='ocrx_word' id='word_1_833' title='bbox 2422 4875 2477 4930; x_wconf 93' lang='lat' dir='ltr'><strong>in</strong></span> <span class='ocrx_word' id='word_1_834' title='bbox 2506 4864 2819 4931; x_wconf 80' lang='lat' dir='ltr'><strong>Abraham:</strong></span> <span class='ocrx_word' id='word_1_835' title='bbox 2846 4882 2900 4930; x_wconf 90' lang='lat' dir='ltr'><strong>et</strong></span> <span class='ocrx_word' id='word_1_836' title='bbox 2944 4873 3143 4929; x_wconf 88' lang='lat' dir='ltr'><strong>latebat</strong></span> <span class='ocrx_word' id='word_1_837' title='bbox 3170 4874 3242 4928; x_wconf 89' lang='lat' dir='ltr'><strong>ibi</strong></span> <span class='ocrx_word' id='word_1_838' title='bbox 3280 4871 3552 4944; x_wconf 88' lang='lat' dir='ltr'><strong>signaculo</strong></span> <span class='ocrx_word' id='word_1_839' title='bbox 3584 4880 3686 4924; x_wconf 80' lang='lat' dir='ltr'><strong>vera</strong></span> <span class='ocrx_word' id='word_1_840' title='bbox 3702 4860 3765 4915; x_wconf 72' lang='lat' dir='ltr'><strong>df&#39;</strong></span> <span class='ocrx_word' id='word_1_841' title='bbox 3832 4860 3833 4947; x_wconf 52' lang='grc' dir='ltr'><em>ξ</em></span> 
     </span>
    </p>
   </div>
   <div class='ocr_carea' id='block_1_106' title="bbox 2282 4964 3767 5038">
    <p class='ocr_par' dir='ltr' id='par_1_106' title="bbox 2282 4964 3767 5038">
     <span class='ocr_line' id='line_1_106' title="bbox 2282 4964 3767 5038; baseline -0.011 -16"><span class='ocrx_word' id='word_1_842' title='bbox 2282 4967 2563 5032; x_wconf 90' lang='lat' dir='ltr'><strong>cumcisio,</strong></span> <span class='ocrx_word' id='word_1_843' title='bbox 2590 4982 2696 5038; x_wconf 90' lang='lat' dir='ltr'><strong>qua</strong></span> <span class='ocrx_word' id='word_1_844' title='bbox 2725 4965 2992 5032; x_wconf 91' lang='lat' dir='ltr'><strong>Christus,</strong></span> <span class='ocrx_word' id='word_1_845' title='bbox 3022 4966 3111 5036; x_wconf 90' lang='lat' dir='ltr'><strong>qui</strong></span> <span class='ocrx_word' id='word_1_846' title='bbox 3162 4980 3229 5020; x_wconf 78' lang='lat' dir='ltr'><strong>ex</strong></span> <span class='ocrx_word' id='word_1_847' title='bbox 3258 4964 3375 5036; x_wconf 82' lang='lat' dir='ltr'><strong>ejus</strong></span> <span class='ocrx_word' id='word_1_848' title='bbox 3402 4978 3589 5036; x_wconf 88' lang='lat' dir='ltr'><strong>genere</strong></span> <span class='ocrx_word' id='word_1_849' title='bbox 3612 4964 3767 5015; x_wconf 59' lang='lat' dir='ltr'><strong>critus</strong></span> 
     </span>
    </p>
   </div>
   <div class='ocr_carea' id='block_1_107' title="bbox 2282 5053 3769 5132">
    <p class='ocr_par' dir='ltr' id='par_1_107' title="bbox 2282 5053 3769 5132">
     <span class='ocr_line' id='line_1_107' title="bbox 2282 5053 3769 5132; baseline -0.003 -17"><span class='ocrx_word' id='word_1_850' title='bbox 2282 5061 2515 5116; x_wconf 92' lang='lat' dir='ltr'><strong>sciturus</strong></span> <span class='ocrx_word' id='word_1_851' title='bbox 2551 5076 2648 5131; x_wconf 89' lang='lat' dir='ltr'><strong>per</strong></span> <span class='ocrx_word' id='word_1_852' title='bbox 2674 5060 2923 5131; x_wconf 86' lang='lat' dir='ltr'><strong>baptismi</strong></span> <span class='ocrx_word' id='word_1_853' title='bbox 2971 5058 3225 5132; x_wconf 88' lang='lat' dir='ltr'><strong>gratiam,</strong></span> <span class='ocrx_word' id='word_1_854' title='bbox 3272 5074 3399 5115; x_wconf 90' lang='lat' dir='ltr'><strong>suos</strong></span> <span class='ocrx_word' id='word_1_855' title='bbox 3440 5055 3613 5115; x_wconf 85' lang='lat' dir='ltr'><strong>ﬁdeles</strong></span> <span class='ocrx_word' id='word_1_856' title='bbox 3644 5053 3769 5106; x_wconf 70' lang='lat' dir='ltr'><strong>en“</strong></span> 
     </span>
    </p>
   </div>
   <div class='ocr_carea' id='block_1_108' title="bbox 2281 5136 3771 5221">
    <p class='ocr_par' dir='ltr' id='par_1_108' title="bbox 2281 5136 3771 5221">
     <span class='ocr_line' id='line_1_108' title="bbox 2281 5136 3771 5221; baseline -0.004 -13"><span class='ocrx_word' id='word_1_857' title='bbox 2281 5154 2490 5208; x_wconf 91' lang='lat' dir='ltr'><strong>cunctis</strong></span> <span class='ocrx_word' id='word_1_858' title='bbox 2515 5152 2764 5209; x_wconf 87' lang='lat' dir='ltr'><strong>sordibus</strong></span> <span class='ocrx_word' id='word_1_859' title='bbox 2792 5160 3134 5221; x_wconf 88' lang='lat' dir='ltr'><strong>peccatorum</strong></span> <span class='ocrx_word' id='word_1_860' title='bbox 3186 5152 3616 5213; x_wconf 86' lang='lat' dir='ltr'><strong>circumcisurus,</strong></span> <span class='ocrx_word' id='word_1_861' title='bbox 3648 5145 3689 5198; x_wconf 76' lang='lat' dir='ltr'><strong>in</strong></span> <span class='ocrx_word' id='word_1_862' title='bbox 3720 5136 3771 5189; x_wconf 61' lang='grc' dir='ltr'><strong>δίε</strong></span> 
     </span>
    </p>
   </div>
   <div class='ocr_carea' id='block_1_109' title="bbox 2282 5228 3833 5318">
    <p class='ocr_par' dir='ltr' id='par_1_109' title="bbox 2282 5228 3833 5318">
     <span class='ocr_line' id='line_1_109' title="bbox 2282 5228 3833 5318; baseline -0.008 -17"><span class='ocrx_word' id='word_1_863' title='bbox 2282 5242 2702 5316; x_wconf 87' lang='lat' dir='ltr'><strong>quoquejudicii</strong></span> <span class='ocrx_word' id='word_1_864' title='bbox 2722 5245 2789 5300; x_wconf 89' lang='lat' dir='ltr'><strong>ab</strong></span> <span class='ocrx_word' id='word_1_865' title='bbox 2813 5246 2956 5300; x_wconf 90' lang='lat' dir='ltr'><strong>omni</strong></span> <span class='ocrx_word' id='word_1_866' title='bbox 2989 5245 3332 5301; x_wconf 85' lang='lat' dir='ltr'><strong>mortalitatis</strong></span> <span class='ocrx_word' id='word_1_867' title='bbox 3355 5244 3629 5318; x_wconf 84' lang='lat' dir='ltr'><strong>fragilitate</strong></span> <span class='ocrx_word' id='word_1_868' title='bbox 3646 5241 3771 5291; x_wconf 66' lang='lat' dir='ltr'><strong>etcof&#39;</strong></span> <span class='ocrx_word' id='word_1_869' title='bbox 3832 5228 3833 5235; x_wconf 54' lang='grc'><em>“</em></span> 
     </span>
    </p>
   </div>
   <div class='ocr_carea' id='block_1_110' title="bbox 2281 5319 3773 5408">
    <p class='ocr_par' dir='ltr' id='par_1_110' title="bbox 2281 5319 3773 5408">
     <span class='ocr_line' id='line_1_110' title="bbox 2281 5319 3773 5408; baseline -0.001 -16"><span class='ocrx_word' id='word_1_870' title='bbox 2281 5337 2546 5408; x_wconf 90' lang='lat' dir='ltr'><strong>ruptionis</strong></span> <span class='ocrx_word' id='word_1_871' title='bbox 2584 5337 2714 5393; x_wconf 84' lang='lat' dir='ltr'><strong>faece</strong></span> <span class='ocrx_word' id='word_1_872' title='bbox 2754 5347 2836 5393; x_wconf 88' lang='lat' dir='ltr'><strong>est</strong></span> <span class='ocrx_word' id='word_1_873' title='bbox 2860 5337 3269 5391; x_wconf 90' lang='lat' dir='ltr'><strong>emundaturus.</strong></span> <span class='ocrx_word' id='word_1_874' title='bbox 3300 5335 3358 5392; x_wconf 81' lang='lat' dir='ltr'><strong>In</strong></span> <span class='ocrx_word' id='word_1_875' title='bbox 3387 5337 3490 5391; x_wconf 91' lang='lat' dir='ltr'><strong>hoc</strong></span> <span class='ocrx_word' id='word_1_876' title='bbox 3519 5333 3663 5388; x_wconf 84' lang='lat' dir='ltr'><strong>etiam</strong></span> <span class='ocrx_word' id='word_1_877' title='bbox 3697 5319 3773 5391; x_wconf 68' lang='grc' dir='ltr'><strong>ρηίι</strong></span> 
     </span>
    </p>
   </div>
   <div class='ocr_carea' id='block_1_111' title="bbox 2280 5414 3773 5498">
    <p class='ocr_par' dir='ltr' id='par_1_111' title="bbox 2280 5414 3773 5498">
     <span class='ocr_line' id='line_1_111' title="bbox 2280 5414 3773 5498; baseline -0.003 -17"><span class='ocrx_word' id='word_1_878' title='bbox 2280 5438 2467 5484; x_wconf 89' lang='lat' dir='ltr'><strong>octava</strong></span> <span class='ocrx_word' id='word_1_879' title='bbox 2488 5431 2573 5483; x_wconf 77' lang='lat' dir='ltr'><strong>die</strong></span> <span class='ocrx_word' id='word_1_880' title='bbox 2590 5429 2771 5491; x_wconf 88' lang='lat' dir='ltr'><strong>ﬁebat,</strong></span> <span class='ocrx_word' id='word_1_881' title='bbox 2797 5429 3136 5498; x_wconf 82' lang='lat' dir='ltr'><strong>signiﬁcabat</strong></span> <span class='ocrx_word' id='word_1_882' title='bbox 3152 5427 3486 5484; x_wconf 84' lang='lat' dir='ltr'><strong>Dominicam</strong></span> <span class='ocrx_word' id='word_1_883' title='bbox 3506 5414 3773 5481; x_wconf 65' lang='lat' dir='ltr'><strong>resurreclit”</strong></span> 
     </span>
    </p>
   </div>
   <div class='ocr_carea' id='block_1_112' title="bbox 2278 5508 3833 5590">
    <p class='ocr_par' dir='ltr' id='par_1_112' title="bbox 2278 5508 3833 5590">
     <span class='ocr_line' id='line_1_112' title="bbox 2278 5508 3833 5590; baseline -0.001 -15"><span class='ocrx_word' id='word_1_884' title='bbox 2278 5534 2426 5586; x_wconf 91' lang='lat' dir='ltr'><strong>nem,</strong></span> <span class='ocrx_word' id='word_1_885' title='bbox 2476 5535 2593 5590; x_wconf 77' lang='lat' dir='ltr'><strong>qua:</strong></span> <span class='ocrx_word' id='word_1_886' title='bbox 2623 5528 2812 5575; x_wconf 85' lang='lat' dir='ltr'><strong>octava</strong></span> <span class='ocrx_word' id='word_1_887' title='bbox 2856 5520 2942 5575; x_wconf 86' lang='lat' dir='ltr'><strong>die</strong></span> <span class='ocrx_word' id='word_1_888' title='bbox 2988 5517 3257 5576; x_wconf 87' lang='lat' dir='ltr'><strong>celebrata</strong></span> <span class='ocrx_word' id='word_1_889' title='bbox 3307 5526 3407 5575; x_wconf 86' lang='lat' dir='ltr'><strong>est.</strong></span> <span class='ocrx_word' id='word_1_890' title='bbox 3459 5514 3587 5573; x_wconf 86' lang='lat' dir='ltr'><strong>Nam</strong></span> <span class='ocrx_word' id='word_1_891' title='bbox 3629 5518 3671 5566; x_wconf 78' lang='lat' dir='ltr'><strong>et</strong></span> <span class='ocrx_word' id='word_1_892' title='bbox 3706 5508 3777 5573; x_wconf 64' lang='lat' dir='ltr'><strong>illse</strong></span> <span class='ocrx_word' id='word_1_893' title='bbox 3832 5550 3833 5555; x_wconf 60' lang='grc' dir='ltr'><strong>η</strong></span> 
     </span>
    </p>
   </div>
   <div class='ocr_carea' id='block_1_113' title="bbox 2276 5594 3777 5683">
    <p class='ocr_par' dir='ltr' id='par_1_113' title="bbox 2276 5594 3777 5683">
     <span class='ocr_line' id='line_1_113' title="bbox 2276 5594 3777 5683; baseline -0.009 -16"><span class='ocrx_word' id='word_1_894' title='bbox 2276 5611 2522 5667; x_wconf 87' lang='lat' dir='ltr'><strong>Christus</strong></span> <span class='ocrx_word' id='word_1_895' title='bbox 2568 5610 2974 5683; x_wconf 87' lang='lat' dir='ltr'><strong>signiﬁcabatur</strong></span> <span class='ocrx_word' id='word_1_896' title='bbox 3023 5611 3076 5665; x_wconf 91' lang='lat' dir='ltr'><strong>in</strong></span> <span class='ocrx_word' id='word_1_897' title='bbox 3112 5609 3330 5667; x_wconf 88' lang='lat' dir='ltr'><strong>cultello</strong></span> <span class='ocrx_word' id='word_1_898' title='bbox 3355 5608 3562 5680; x_wconf 86' lang='lat' dir='ltr'><strong>petrino</strong></span> <span class='ocrx_word' id='word_1_899' title='bbox 3599 5614 3687 5677; x_wconf 72' lang='lat' dir='ltr'><strong>quo</strong></span> <span class='ocrx_word' id='word_1_900' title='bbox 3713 5594 3777 5683; x_wconf 64' lang='lat' dir='ltr'><strong>dt&#39;</strong></span> 
     </span>
    </p>
   </div>
   <div class='ocr_carea' id='block_1_114' title="bbox 2275 5681 3778 5774">
    <p class='ocr_par' dir='ltr' id='par_1_114' title="bbox 2275 5681 3778 5774">
     <span class='ocr_line' id='line_1_114' title="bbox 2275 5681 3778 5774; baseline -0.011 -15"><span class='ocrx_word' id='word_1_901' title='bbox 2275 5704 2535 5760; x_wconf 87' lang='lat' dir='ltr'><strong>cutncisio</strong></span> <span class='ocrx_word' id='word_1_902' title='bbox 2561 5681 2894 5774; x_wconf 37' lang='lat' dir='ltr'><strong>pit—trahatur.</strong></span> <span class='ocrx_word' id='word_1_903' title='bbox 2943 5701 3065 5756; x_wconf 83' lang='lat' dir='ltr'><strong>Fuit</strong></span> <span class='ocrx_word' id='word_1_904' title='bbox 3107 5710 3369 5772; x_wconf 63' lang='lat' dir='ltr'><strong>prznterea</strong></span> <span class='ocrx_word' id='word_1_905' title='bbox 3420 5681 3778 5769; x_wconf 64' lang='lat' dir='ltr'><strong>signuniludt&#39;ie</strong></span> 
     </span>
    </p>
   </div>
   <div class='ocr_carea' id='block_1_115' title="bbox 2276 5778 3778 5865">
    <p class='ocr_par' dir='ltr' id='par_1_115' title="bbox 2276 5778 3778 5865">
     <span class='ocr_line' id='line_1_115' title="bbox 2276 5778 3778 5865; baseline -0.009 -14"><span class='ocrx_word' id='word_1_906' title='bbox 2276 5795 2616 5852; x_wconf 88' lang='lat' dir='ltr'><strong>circumcisio</strong></span> <span class='ocrx_word' id='word_1_907' title='bbox 2638 5794 2782 5861; x_wconf 90' lang='lat' dir='ltr'><strong>data,</strong></span> <span class='ocrx_word' id='word_1_908' title='bbox 2808 5810 2916 5865; x_wconf 86' lang='lat' dir='ltr'><strong>quo</strong></span> <span class='ocrx_word' id='word_1_909' title='bbox 2943 5800 3357 5864; x_wconf 86' lang='lat' dir='ltr'><strong>cognosceretur</strong></span> <span class='ocrx_word' id='word_1_910' title='bbox 3383 5803 3567 5844; x_wconf 82' lang='lat' dir='ltr'><strong>eorum</strong></span> <span class='ocrx_word' id='word_1_911' title='bbox 3592 5792 3727 5856; x_wconf 79' lang='lat' dir='ltr'><strong>genus</strong></span> <span class='ocrx_word' id='word_1_912' title='bbox 3746 5778 3778 5823; x_wconf 71' lang='grc' dir='ltr'><strong>υί</strong></span> 
     </span>
    </p>
   </div>
   <div class='ocr_carea' id='block_1_116' title="bbox 2273 5874 3780 5956">
    <p class='ocr_par' dir='ltr' id='par_1_116' title="bbox 2273 5874 3780 5956">
     <span class='ocr_line' id='line_1_116' title="bbox 2273 5874 3780 5956; baseline -0.007 -16"><span class='ocrx_word' id='word_1_913' title='bbox 2273 5884 2625 5956; x_wconf 75' lang='lat' dir='ltr'><strong>perinistione</strong></span> <span class='ocrx_word' id='word_1_914' title='bbox 2675 5900 2776 5937; x_wconf 88' lang='lat' dir='ltr'><strong>non</strong></span> <span class='ocrx_word' id='word_1_915' title='bbox 2815 5880 3260 5944; x_wconf 74' lang='lat' dir='ltr'><strong>confunderetur,</strong></span> <span class='ocrx_word' id='word_1_916' title='bbox 3309 5882 3428 5935; x_wconf 87' lang='lat' dir='ltr'><strong>dum</strong></span> <span class='ocrx_word' id='word_1_917' title='bbox 3482 5879 3614 5932; x_wconf 81' lang='lat' dir='ltr'><strong>inter</strong></span> <span class='ocrx_word' id='word_1_918' title='bbox 3652 5874 3780 5941; x_wconf 64' lang='grc' dir='ltr'><strong>ςθυιδ</strong></span> 
     </span>
    </p>
   </div>
  </div>
