3950 6346
473 378 579 434 599

945 373 1300 429 ΗΑΥΜΟΝΙΞ
1341 367 1822 429 IIALBERSTAT.
1863 369 2082 427 EPISC.
2119 368 2274 427 OPP.
2316 368 2497 425 PARS
2534 369 2576 426 I.
2613 399 2685 412 —
2715 365 3070 428 COMMENT.
3111 365 3284 424 BIBL.

3649 367 3748 426 400

473 491 688 542 ﬁrmata
709 499 814 549 εει,
838 483 928 554 qui
954 499 1021 536 ex
1053 482 1156 538 ﬁde
1198 483 1340 539 ﬁlius
1368 491 1453 540 est
1474 484 1706 540 Abrahae
1731 483 1932 554 quiest
1957 499 2052 554 pa-
2075 492 2132 552 Α
2154 481 2281 538 dum
2331 490 2416 538 est
2456 490 2639 538 autem
2680 491 2914 554 quatuor
2946 482 3182 538 existere
3219 494 3413 536 causas
3437 480 3533 550 (ut
3558 479 3750 542 beatus

472 588 556 636 ter
577 578 815 634 omnium
845 575 1201 631 credentium.

542 671 692 728 Sicut
737 669 985 738 scriptum
1028 677 1124 733 est,
1157 668 1214 722 in
1263 668 1378 740 lege
1417 669 1588 742 Moysi
1624 685 1640 724 :
1673 669 1814 736 Quia
1851 679 2054 740 patrem

468 763 754 820 multarum
773 763 1006 833 gentium
1026 763 1179 832 posui
1221 770 1291 828 te,
1317 771 1440 818 ante
1463 762 1635 816 Deum
1667 762 1754 816 cui
1784 760 2054 816 credidisti

469 854 620 928 (Gen.
637 854 796 930 xvn).
813 854 1228 928 Hicpercutitur
1247 855 1557 912 Iudaeorum
1583 855 1854 924 superbia,
1881 853 1971 924 qui
1994 867 2054 909 se

466 951 765 1024 gloriantur
811 950 880 1006 de
925 951 1186 1020 progenie
1232 949 1467 1005 Abrahae
1513 947 1875 1027 descendisse.
1933 945 2050 1002 Non

463 1043 608 1099 enim
654 1043 731 1098 ait
765 1051 975 1114 patrem
1012 1043 1172 1097 unius
1216 1041 1392 1113 gentis
1426 1040 1735 1097 Israeliticae
1793 1039 2050 1095 constitui

464 1144 534 1200 te,
564 1135 660 1190 sed
684 1143 895 1206 patrem
933 1133 1176 1188 omnium
1203 1132 1441 1204 gentium
1465 1145 1564 1201 per
1590 1131 1753 1186 ﬁdem
1791 1129 2050 1185 constitui

463 1238 534 1285 te.
565 1227 670 1283 Per
697 1242 919 1283 carnem
944 1227 1090 1282 enim
1111 1234 1267 1297 pater
1291 1224 1604 1282 Iudaeorum
1631 1233 1735 1290 est,
1763 1240 1861 1295 per
1886 1224 2048 1279 ﬁdem

460 1327 643 1375 autem
670 1318 914 1376 omnium
943 1319 1204 1390 gentium.
1234 1317 1303 1372 Et
1333 1325 1483 1372 recte
1529 1316 1736 1372 addidit
1760 1314 2049 1386 Apostolus

459 1427 522 1467 ex
557 1425 654 1466 sua
671 1410 1119 1480 interpretatione
1147 1426 1160 1464 :
1185 1408 1326 1463 Ante
1349 1409 1520 1464 Deum
1545 1407 1634 1463 cui
1661 1406 1964 1472 credidisti,
1993 1406 2048 1462 id

457 1512 544 1560 est
588 1519 775 1559 coram
806 1502 919 1557 Deo
963 1501 1048 1557 cui
1076 1500 1355 1556 credidisti
1387 1499 1444 1556 in
1492 1499 1676 1556 corde.
1705 1497 1856 1554 Multi
1901 1496 2047 1553 enim

456 1604 582 1652 sunt
611 1595 703 1666 qui
728 1594 981 1650 videntur
1009 1593 1233 1649 credere
1259 1592 1316 1647 in
1338 1592 1528 1658 Deum,
1559 1591 1655 1648 sed
1682 1605 1790 1645 non
1818 1589 2047 1644 credunt

455 1696 583 1743 ante
607 1687 796 1742 Deum.
823 1684 904 1740 Illi
945 1693 1126 1740 autem
1156 1699 1266 1739 non
1295 1683 1525 1738 credunt
1563 1690 1690 1737 ante
1728 1681 1920 1746 Deum,
1952 1680 2045 1751 qui

453 1777 780 1834 conﬁtentur
799 1791 858 1833 se
880 1775 1104 1832 credere
1143 1775 1316 1830 Deum
1344 1774 1550 1840 verbis,
1581 1775 1674 1829 sed
1708 1772 1857 1828 aliud
1881 1771 2046 1827 corde

397 1930 402 1936 ,
454 1870 709 1926 retinent.
741 1868 823 1924 Illi
851 1882 982 1925 vero
1029 1875 1157 1920 ante
1186 1866 1356 1920 Deum
1388 1864 1634 1930 credunt,
1665 1863 1754 1932 qui
1789 1870 1898 1935 tota
1923 1861 2042 1915 ani-
2072 1898 2123 1960 Β

450 1977 560 2028 ma,
595 1969 710 2017 toto
733 1960 917 2024 corde,
950 1965 1066 2013 tota
1093 1957 1297 2012 virtute
1320 1956 1472 2010 illum
1501 1955 1752 2026 diligunt,
1779 1963 1836 2009 ut
1868 1953 2041 2010 Abra-

451 2053 603 2118 ham,
632 2060 689 2107 et
712 2051 807 2122 qui
837 2049 1018 2120 potius
1048 2048 1104 2103 in
1133 2046 1381 2102 interiori
1413 2045 1633 2102 homine
1667 2045 1723 2100 in
1751 2052 2045 2114 conspectu

448 2143 546 2199 Dei
578 2143 744 2200 ﬁdem
770 2150 994 2198 servant
1022 2159 1034 2195 :
1061 2155 1222 2211 quam
1250 2139 1306 2194 in
1330 2139 1697 2195 ostentatione
1717 2137 2000 2194 hominum
2028 2155 2040 2191 :

449 2238 593 2293 sicut
628 2245 714 2294 est
762 2237 941 2292 carnis
988 2233 1330 2290 circumcisio
1371 2233 1504 2304 :qui
1544 2233 1768 2302 viviﬁcat
1811 2242 2044 2286 ntortuos

447 2346 546 2402 per
573 2329 737 2386 ﬁdem
759 2338 816 2386 et
852 2328 1084 2400 gratiam
1115 2342 1290 2392 suam,
1318 2325 1373 2380 id
1415 2334 1500 2381 est
1522 2324 1751 2396 gentiles
1776 2332 1831 2379 et
1857 2337 2045 2378 omnes

447 2423 541 2494 qui
579 2422 781 2479 mortui
827 2429 955 2478 sunt
1001 2435 1102 2492 per
1149 2417 1528 2474 inﬁdelitatem
1560 2417 1618 2472 in
1664 2416 1920 2486 peccatis.
1953 2414 2045 2469 Sic

445 2519 594 2574 enim
643 2517 780 2573 vivit
813 2517 994 2589 justus
1036 2531 1135 2587 per
1180 2515 1365 2581 ﬁdem,
1399 2513 1473 2568 ita
1513 2512 1744 2567 moritur
1792 2515 2045 2581 peccator

446 2625 549 2682 per
577 2609 1038 2676 incredulitatem,
1067 2608 1154 2664 vel
1188 2615 1338 2663 certe
1363 2605 1501 2660 dixit
1525 2604 1764 2659 viviﬁcat
1789 2602 1888 2657 sub
1909 2617 2048 2672 prae-

445 2701 587 2756 senti
645 2709 890 2772 tempore
920 2740 937 2765 ,
994 2713 1095 2768 pro
1151 2696 1334 2753 futuro
1380 2695 1697 2751 viviﬁcabit.
1733 2693 1853 2766 Ipse
1899 2694 2045 2748 enim

446 2792 735 2848 suscitabit
779 2792 896 2848 sive
922 2789 1223 2845 viviﬁcabit
1264 2796 1511 2844 mortuos
1541 2786 1596 2841 in
1625 2785 1712 2840 die
1734 2783 1945 2853 judicii,
1973 2783 2045 2838 si-

445 2895 538 2941 cut
570 2887 626 2942 in
659 2885 954 2957 Evangelia
999 2884 1130 2940 dicit
1160 2901 1174 2936 :
1216 2881 1401 2937 Veniet
1447 2882 1577 2935 hora
1607 2879 1820 2951 quando
1867 2895 2043 2932 omnes

442 2981 534 3052 qui
560 2982 618 3035 in
656 2980 1006 3035 monumentis
1048 2987 1195 3044 sunt,
1219 2977 1434 3031 audient
1463 2992 1638 3031 vocem
1675 2973 1804 3028 Filii
1850 2973 1968 3038 Dei,
1995 2981 2044 3026 et

442 3073 747 3146 procedant,
779 3073 871 3145 qui
911 3073 1048 3128 bona
1091 3071 1327 3142 fecerunt
1373 3071 1431 3124 in
1462 3070 1896 3125 resurrectionem
1926 3069 2044 3122 vita:

442 3163 632 3238 (Joan.
659 3167 736 3237 v).
765 3165 834 3219 Et
857 3175 1005 3220 vocat
1032 3183 1094 3219 ea
1123 3181 1242 3236 qua:
1271 3180 1377 3219 non
1397 3172 1540 3230 sunt,
1565 3171 1814 3233 tanquam
1840 3178 1902 3214 ea
1925 3177 2043 3230 qua:

2155 571 2287 626 dicit
2311 571 2650 643 Ambrosius)
2673 589 2794 643 qua:
2821 571 3055 628 reddunt
3075 571 3306 626 feminas
3331 570 3574 638 steriles,
3604 574 3750 630 vide-

2153 661 2282 718 licet
2306 670 2400 716 aut
2429 663 2573 733 quod
2612 678 2796 719 semen
2835 662 2992 718 virile
3029 677 3140 718 non
3186 661 3436 734 pervenit
3464 678 3646 734 usque
3685 667 3748 723 ad

2155 754 2331 811 locum
2358 759 2744 829 conceptionis,
2777 767 2870 814 aut
2909 759 3035 830 quia
3062 757 3259 814 mulier
3295 775 3403 815 non
3437 759 3586 816 valet
3624 758 3749 817 illud

2153 853 2407 920 retinere,
2431 862 2526 908 aut
2551 854 2677 924 quia
2705 870 2814 910 non
2835 854 2999 910 habet
3022 854 3271 926 vigorem
3293 854 3566 924 coquendi
3600 855 3746 922 illud,

2153 952 2246 998 aut
2287 944 2414 1014 quia
2441 945 2602 1000 ambo
2629 960 2788 1000 senes
2817 943 2979 1000 simul
3018 944 3351 1001 conveniunt
3380 951 3438 1001 et
3469 953 3750 1002 senectute

2152 1044 2466 1104 gravantur,
2507 1037 2794 1092 secundum
2838 1037 2976 1109 quod
3022 1039 3222 1093 dictum
3266 1046 3342 1094 est
3387 1040 3488 1096 ei:
3521 1037 3616 1096 Sic
3655 1041 3749 1094 erit

2151 1145 2327 1182 semen
2347 1139 2524 1197 tuum,
2546 1131 2682 1185 sicut
2713 1129 2877 1186 stellis
2905 1129 3022 1185 ειειὶ
3062 1141 3112 1186 ει
3137 1147 3302 1186 arena
3330 1131 3516 1187 maris.
3552 1130 3750 1188 Semen

2151 1215 2383 1274 Abrahae
2412 1217 2468 1274 in
2511 1219 2616 1275 hoc
2657 1219 2778 1276 loco
2823 1220 3142 1291 intelligitur
3171 1228 3280 1276 tam
3316 1220 3615 1277 multitudo
3653 1221 3748 1278 Ju-

2151 1307 2414 1376 dteorum,
2445 1325 2676 1380 quorum
2700 1320 2855 1381 pater
2884 1326 2981 1382 per
2999 1327 3222 1368 carnem
3242 1319 3327 1368 est
3349 1321 3403 1368 et
3426 1327 3530 1384 per
3556 1314 3736 1381 ﬁdem,

2150 1415 2315 1471 quam
2364 1402 2527 1457 etiam
2570 1403 2817 1459 omnium
2861 1405 3105 1476 gentium
3149 1404 3474 1470 multitudo,
3517 1423 3750 1477 quorum

2147 1501 2306 1562 pater
2337 1491 2675 1553 solummodo
2702 1503 2786 1550 est
2810 1509 2908 1565 per
2951 1495 3132 1552 ﬁdem.
3166 1495 3236 1550 Et
3263 1495 3472 1552 dictum
3518 1507 3611 1554 est
3656 1499 3753 1555 hoc

2149 1587 2552 1660 hyperbolicos,
2580 1604 2679 1661 per
2701 1599 2920 1661 tropum
2946 1589 3155 1647 scilicet
3179 1589 3342 1646 ﬁdem
3367 1591 3748 1648 excedentem.

2148 1675 2303 1735 Licet
2351 1678 2499 1736 enim
2539 1695 2653 1752 prie
2697 1681 3045 1738 multitudine
3091 1697 3201 1738 non
3243 1683 3417 1753 possit
3472 1685 3752 1741 numerari

2149 1771 2218 1827 ab
2240 1771 2552 1828 hominibus
2577 1788 2764 1830 semen
2784 1775 3042 1844 Abrahae,
3065 1774 3178 1832 Deo
3201 1783 3386 1832 tamen
3413 1777 3755 1835 numerabile

2148 1874 2251 1920 est.
2292 1863 2704 1936 Notandumque
2748 1882 2846 1937 per
2873 1866 3056 1923 stellas
3093 1877 3150 1923 et
3183 1883 3407 1925 arenam
3451 1871 3752 1928 secundum

2147 1955 2439 2026 quemdam
2471 1958 2751 2014 doctorem
2804 1958 3214 2031 intelligendum
3264 1976 3388 2018 esse
3421 1963 3752 2033 generaliter

2146 2061 2309 2103 omne
2330 2061 2516 2104 semen
2536 2047 2769 2104 Abrahae
2795 2050 3079 2106 credentes
3107 2050 3363 2108 videlicet
3389 2067 3462 2107 ex
3502 2055 3753 2124 gentibus

2147 2145 2204 2195 et
2257 2155 2326 2195 ex
2374 2139 2604 2207 Iudaeis,
2645 2155 2970 2212 omnemque
3010 2141 3298 2209 Israelem,
3351 2152 3408 2200 et
3451 2145 3751 2201 secundum

2147 2231 2314 2288 alium
2341 2246 2439 2303 per
2467 2233 2688 2301 stellas,
2738 2232 2942 2290 electos
2981 2234 3320 2291 solummodo
3366 2235 3752 2308 intelligendos

2147 2340 2214 2380 ex
2236 2331 2468 2394 utroque
2497 2323 2726 2396 populo;
2758 2339 2858 2395 per
2883 2339 3106 2381 arenam
3149 2341 3280 2382 vero
3301 2341 3496 2383 omnes
3536 2325 3751 2384 Judaei

2147 2416 2395 2474 inﬁdeles
2436 2427 2495 2472 et
2539 2417 2879 2486 incredulos,
2928 2420 3168 2490 pondere
3225 2428 3588 2491 peccatorum
3639 2438 3750 2494 gra-

2146 2519 2320 2566 vatos.
2350 2511 2420 2565 Et
2459 2524 2571 2566 non
2620 2511 3065 2568 inconvenienter
3097 2526 3195 2582 per
3234 2511 3418 2568 stellas
3447 2528 3577 2584 quae
3619 2513 3749 2570 caelo

2147 2602 2430 2658 adhaerent
2475 2620 2488 2654 :
2539 2616 2749 2673 suaque
2793 2601 3041 2658 claritate
3089 2603 3351 2659 mundum
3401 2604 3746 2670 illuminant,

2147 2695 2502 2766 designantur
2522 2695 2714 2762 electi,
2765 2697 2857 2767 qui
2900 2712 3117 2768 semper
3158 2697 3402 2753 coelestia
3455 2708 3745 2770 appetunt,

2147 2789 2392 2844 dicentes
2436 2805 2560 2845 cum
2589 2789 2887 2860 Apostolo:
2916 2790 3117 2846 Nostra
3143 2794 3470 2848 conversatio
3515 2794 3577 2848 in
3617 2795 3748 2850 cretis

2129 2871 2221 2934 ‘est
2274 2878 2534 2954 (Philipp.
2581 2885 2687 2955 ιιι),
2730 2885 3100 2955 mundumque
3141 2883 3322 2941 verbis
3381 2893 3440 2941 et
3487 2885 3748 2959 exemplis

2146 2973 2410 3031 irrideant
2439 2994 2451 3029 :
2481 2991 2582 3046 per
2627 2993 2852 3032 arenam
2896 2993 3028 3034 vero
3077 2994 3199 3048 quae
3236 2979 3550 3050 ponderosa
3582 2993 3668 3038 est
3699 2991 3750 3037 et

2147 3068 2379 3135 sterilis,
2410 3071 2662 3140 reprobi,
2706 3073 2799 3141 qui
2839 3073 3078 3145 pondere
3117 3082 3470 3144 peccatorum
3519 3077 3742 3150 gravati.

2148 3160 2364 3218 steriles
2393 3161 2637 3218 existunt
2657 3179 2690 3218 a
2713 3164 2856 3220 bono
2886 3180 3070 3237 opere.

441 3270 585 3315 sunt.
609 3259 754 3314 Deus
783 3259 1127 3330 omnipotens
1148 3259 1296 3313 solus
1321 3260 1486 3314 habet
1509 3255 1872 3311 essentialiter
1899 3270 2039 3320 esse,
2070 3270 2115 3334 ρ
2218 3251 2288 3306 Et
2324 3271 2430 3308 non
2469 3256 2768 3324 inﬁrmatus
2796 3267 2873 3312 est
2906 3258 2962 3311 in
2993 3258 3119 3327 ﬁde.
3151 3259 3244 3315 Ille
3282 3259 3603 3318 inﬁrmatur
3625 3262 3745 3330 ﬁde,
3791 3279 3812 3300 '

445 3360 505 3408 et
533 3353 629 3422 qui
659 3351 939 3406 adhzerent
967 3351 1018 3405 ei
1045 3364 1141 3420 per
1162 3348 1323 3404 ﬁdem
1354 3358 1409 3404 et
1437 3347 1804 3411 dilectionem,
1833 3347 1908 3400 illi
1937 3347 2043 3401 uti-

444 3457 553 3512 que
578 3442 785 3496 habent
814 3456 931 3496 esse
965 3441 1033 3495 ab
1065 3439 1181 3504 illo,
1208 3448 1263 3494 et
1303 3439 1381 3494 illi
1409 3447 1534 3494 sunt
1560 3440 1700 3493 sicut
1725 3438 1838 3508 ipse
1861 3437 1995 3492 dixit
2025 3455 2040 3490 :

443 3531 563 3604 Ego
593 3547 712 3586 sum
741 3530 883 3584 Deus
906 3529 1196 3596 Abraham,
1221 3538 1269 3584 et
1307 3529 1449 3584 Deus
1494 3529 1674 3596 Isaac,
1704 3539 1752 3584 et
1778 3529 1918 3584 Deus
1946 3530 2043 3584 Ja-

445 3623 538 3678 cob
565 3621 767 3696 (Exod.
789 3621 900 3693 ιιι).
922 3622 965 3676 Ε
991 3631 1185 3679 contra
1209 3622 1285 3677 illi
1319 3622 1408 3693 qui
1441 3637 1547 3679 non
1571 3623 1866 3690 adhmrent,
1894 3640 2043 3680 com-

442 3715 730 3785 paratione
758 3712 876 3784 ejus
904 3714 1058 3785 quasi
1091 3729 1196 3770 non
1225 3723 1374 3770 sunt.
1401 3714 1555 3770 Unde
1588 3715 1755 3772 Isaias
1778 3717 2042 3788 propheta

445 3805 611 3860 dixit:
632 3803 825 3860 Omnes
839 3815 1012 3876 gentes
1023 3805 1177 3876 quasi
1199 3822 1302 3859 non
1315 3806 1440 3872 sint,
1454 3807 1530 3860 sic
1551 3815 1670 3861 sunt
1692 3824 1869 3862 coram
1897 3824 1978 3872 eo,
1994 3816 2042 3862 et

443 3897 596 3966 quasi
613 3894 838 3950 nihilum
851 3904 901 3950 et
926 3895 1084 3950 inane
1102 3906 1356 3966 reputate:
1379 3906 1499 3951 sunt
1521 3899 1569 3952 ei
1591 3897 1726 3970 (Isa.
1744 3897 1860 3970 ιιι).
1876 3898 2043 3971 Igitur

443 3989 742 4046 secundum
773 3990 919 4045 hunc
963 4005 1182 4046 sensum
1211 3990 1344 4046 dicit
1362 3991 1652 4062 Apostolus
1683 3995 1862 4049 modo.
1900 3993 2042 4064 Ergo

441 4083 585 4140 sicut
612 4081 828 4139 vocavit
850 4081 1127 4136 Abraham
1150 4082 1242 4152 qui
1269 4091 1404 4148 erat,
1434 4084 1562 4154 quia
1591 4085 1702 4138 Deo
1731 4086 2044 4141 adhaerebat

441 4191 543 4247 per
577 4174 760 4256 ﬁdem,
794 4173 979 4230 dicens
1011 4191 1024 4228 :
1054 4174 1160 4228 Exi
1182 4175 1246 4228 de
1275 4185 1416 4230 terra
1447 4184 1540 4230 tua
1569 4186 1616 4230 et
1641 4177 1706 4231 de
1735 4178 2043 4249 cognatione

445 4275 541 4322 tua
565 4263 722 4339 (Gen.
755 4263 879 4336 xu),
906 4266 985 4321 sic
1008 4275 1169 4324 vocat
1192 4281 1255 4321 ea
1280 4284 1400 4338 quae
1448 4285 1558 4324 non
1588 4278 1738 4336 sunt,
1779 4271 1831 4326 id
1861 4280 1944 4326 est
1964 4272 2044 4326 sic

444 4361 609 4411 vocat
635 4353 866 4427 gentiles
894 4353 1140 4411 inﬁdeles
1182 4354 1250 4410 ad
1278 4355 1442 4410 ﬁdem
1471 4366 1531 4410 ut
1553 4357 1786 4412 habeant
1813 4374 1936 4414 esse
1965 4360 2042 4415 illi

447 4446 914 4517 adhaerendo:qui
945 4455 1109 4502 antea
1129 4461 1238 4502 non
1273 4455 1450 4515 erant,
1469 4447 1544 4503 illi
1568 4465 1674 4505 non
1699 4450 2040 4506 adhzerendo.

519 4538 626 4606 Qui
660 4550 844 4595 contra
881 4556 1022 4611 spem
1058 4540 1113 4594 in
1140 4556 1282 4610 spem
1325 4541 1583 4609 credidit,
1614 4551 1668 4596 ut
1710 4543 1858 4612 ﬁeret
1895 4554 2044 4614 pater

450 4628 735 4686 multarum
763 4631 999 4702 gentium
1016 4646 1115 4701 per
1139 4630 1322 4686 ﬁdem.
1340 4631 1540 4688 Contra
1571 4649 1722 4705 spem
1746 4635 2043 4706 desperatae

451 4719 676 4788 sobolis,
702 4721 933 4777 credidit
955 4722 1013 4776 in
1043 4736 1193 4792 spem
1214 4723 1496 4792 speranda).
1525 4724 1746 4788 sobolis,
1777 4725 1865 4780 vel
1895 4733 2045 4780 certe

451 4821 642 4869 contra
655 4827 805 4884 spem
822 4822 1032 4868 natura:
1045 4813 1100 4867 in
1124 4828 1274 4883 spem
1287 4815 1477 4886 gratia:
1486 4825 1541 4870 et
1551 4816 1805 4887 potentiae
1818 4815 1914 4869 Dei
1930 4832 2043 4870 cre-

409 4951 412 4955 .
451 4904 606 4960 didit.
631 4904 834 4962 Contra
863 4920 1016 4977 spem
1040 4906 1185 4961 enim
1211 4914 1420 4961 naturae
1442 4915 1581 4974 erat,
1598 4915 1658 4961 ut
1685 4907 1862 4962 vetula
1889 4922 2045 4978 pare-

452 5004 555 5063 ret,
572 5013 693 5068 quse
716 4997 1032 5055 adolescens
1043 5006 1098 5055 et
1107 4999 1397 5070 juvencula
1419 5001 1618 5057 sterilis
1642 5012 2038 5072 permanserat.

525 5108 662 5165 Nam
705 5120 904 5166 natura
973 5119 1090 5176 est,
1121 5121 1184 5167 ut
1221 5110 1440 5182 juvenis
1479 5111 1702 5184 junctus
1738 5113 2044 5185 juvencula:

454 5209 698 5273 generet,
721 5201 976 5259 similiter
1011 5218 1177 5260 senex
1203 5203 1426 5274 junctus
1447 5203 1772 5275 juvenculae,
1800 5206 2045 5263 naturale

457 5303 540 5350 est
569 5300 630 5349 ut
654 5303 896 5367 generet,
921 5296 1061 5352 sicut
1097 5295 1373 5352 Abraham
1404 5312 1570 5352 senex
1606 5305 1660 5350 et
1683 5297 1829 5365 Agar
1847 5297 2044 5368 juven-

457 5385 599 5454 cula,
627 5404 695 5443 ex
718 5390 913 5459 quibus
941 5397 1100 5447 natus
1140 5399 1224 5446 est
1246 5390 1458 5446 lsmael.
1495 5390 1696 5446 Contra
1725 5407 1876 5462 spem
1916 5407 2046 5447 vero

456 5488 666 5537 natura:
690 5491 794 5551 est,
818 5492 880 5539 ut
903 5500 1070 5542 senex
1094 5501 1218 5540 cum
1238 5485 1419 5541 vetula
1452 5485 1644 5542 mistus
1665 5495 1904 5558 generet.
1933 5485 2043 5542 Sed

456 5575 734 5630 Abraham
757 5593 864 5632 non
889 5580 1118 5635 attendit
1147 5580 1214 5635 ad
1243 5580 1690 5636 consuetudinem
1718 5581 2042 5649 naturalem,

459 5668 604 5742 quod
629 5683 735 5724 non
767 5679 949 5740 posset
976 5687 1046 5726 ex
1073 5688 1132 5728 se
1157 5681 1212 5726 et
1239 5672 1374 5728 Sara
1394 5671 1510 5739 jam
1532 5672 1727 5729 vetulis
1753 5672 1897 5728 ﬁlius
1922 5689 2045 5744 pro-

461 5767 653 5830 creari,
687 5765 779 5822 sed
806 5766 863 5822 in
893 5782 1043 5838 spem
1078 5769 1330 5838 potentia:
1368 5769 1462 5824 Dei
1492 5770 1739 5835 credidit,
1770 5771 1894 5840 quia
1924 5786 2041 5825 om-

461 5858 795 5931 nipotentem
837 5868 1058 5916 noverat
1093 5875 1215 5914 eum
1256 5862 1346 5928 qui
1375 5862 1642 5931 promisit.
1680 5863 2046 5921 Consideran—

2147 3348 2241 3420 qui
2285 3348 2517 3416 dubitat,
2572 3365 2675 3406 nec
2730 3351 2904 3406 credit
2953 3353 3407 3422 promissionibus
3463 3353 3589 3412 Dei.
3647 3355 3748 3412 Sed

2146 3438 2425 3494 Abraham
2467 3441 2694 3497 audiens
2721 3457 2752 3496 a
2779 3441 2892 3498 Deo
2911 3483 2927 3510 ,
2953 3452 3158 3513 patrem
3200 3443 3492 3499 multarum
3516 3449 3747 3518 gentium

2145 3532 2297 3602 posui
2338 3542 2409 3600 te,
2435 3541 2524 3601 et,
2566 3532 2870 3589 Secundum
2910 3535 3007 3590 hoc
3050 3544 3252 3608 tempus
3299 3539 3510 3592 ueniam
3552 3540 3746 3609 eritque

2149 3621 2303 3678 Sara:
2345 3623 2487 3693 ﬁlius
2529 3623 2720 3696 (Rom.
2766 3630 2866 3698 ix).
2905 3625 3059 3683 Licet
3101 3637 3292 3684 contra
3335 3637 3553 3686 natura:
3593 3647 3746 3686 usum

2146 3713 2424 3770 videretur
2448 3731 2570 3773 esse
2615 3717 2760 3786 quod
2801 3717 3246 3787 promittebatur,
3274 3735 3383 3776 non
3433 3730 3620 3778 tamen
3667 3731 3748 3777 est

2146 3806 2452 3866 inﬁrmatus
2481 3809 2621 3876 ﬁde,
2657 3811 2782 3882 quia
2827 3811 3235 3882 nondubitavit
3261 3813 3318 3868 in
3355 3814 3744 3884 promissione.

2147 3898 2293 3955 Nihil
2318 3902 2464 3958 enim
2504 3901 2640 3958 ﬁdes
2668 3903 2976 3958 considerat
3002 3912 3235 3972 natum,
3262 3905 3392 3976 quia
3435 3906 3492 3961 in
3518 3906 3606 3963 his
3625 3923 3745 3979 qua:

2146 3997 2418 4064 promittit
2447 3997 2610 4064 Deus,
2639 3996 2798 4053 facile
2825 3998 2993 4053 servit
3020 4008 3216 4054 natura
3240 4015 3340 4056 suo
3364 4001 3600 4056 auctori.
3633 3999 3748 4055 Nec

2146 4089 2494 4144 consideravit
2539 4106 2726 4161 corpus
2765 4107 2920 4145 suunt
2954 4102 3251 4147 emortuum
3277 4093 3346 4148 ad
3374 4093 3748 4164 procreandos

2146 4180 2306 4248 ﬁlios,
2331 4198 2450 4236 cum
2467 4183 2587 4253 jam
2611 4182 2720 4253 fere
2745 4193 2953 4239 centum
2977 4195 3110 4240 esset
3137 4201 3425 4252 annorum,
3453 4186 3583 4256 quia
3615 4201 3750 4241 cen-

2145 4277 2386 4333 tenarius
2412 4284 2531 4332 erat
2548 4317 2564 4344 ,
2589 4286 2642 4332 et
2667 4285 2961 4332 emortuam
2985 4278 3191 4333 vulvam
3220 4275 3373 4334 Sara:
3413 4294 3527 4334 non
3566 4277 3752 4334 consi-

2147 4370 2378 4428 deravit.
2413 4370 2706 4427 Emortuos
2743 4371 2874 4428 dicit
2902 4370 3178 4428 Abraham
3205 4382 3262 4428 et
3291 4371 3490 4429 Suram
3520 4375 3577 4430 in
3615 4390 3752 4444 pro-

2145 4462 2408 4532 pagandis
2454 4461 2578 4518 ﬁliis
2623 4470 2845 4534 propter
2886 4478 3155 4520 annorum
3197 4463 3604 4522 multitudinem
3628 4467 3752 4537 jam

2147 4553 2479 4624 desperatos.
2525 4554 2804 4610 Abraham
2844 4570 3082 4628 namque
3119 4557 3472 4613 centenarius
3505 4567 3656 4624 erat,
3697 4567 3756 4614 et

2071 4669 2122 4729 D
2149 4646 2283 4702 Sara
2325 4649 2711 4720 nonagenaria,
2759 4649 2975 4719 quando
2999 4650 3250 4720 promisit
3277 4650 3442 4737 Deus,
3491 4651 3756 4721 inquiens

2148 4755 2248 4810 per
2270 4739 2639 4811 Evangelium.
2670 4738 2972 4796 Secundum
2995 4741 3091 4796 hoc
3113 4750 3316 4813 tempus
3345 4743 3550 4797 veniam
3573 4751 3620 4797 et
3645 4741 3755 4796 erit

2151 4813 2300 4887 Sara}
2337 4832 2500 4901 ﬁlius.
2543 4833 2801 4888 Emortua
2831 4834 2978 4888 enim
3011 4843 3133 4889 erat
3176 4833 3336 4890 vulva
3383 4833 3574 4891 Sara:
3615 4835 3756 4905 quia

2143 4925 2257 4996 jam
2268 4934 2619 4996 praecesserat
2637 4933 2847 4997 tempus
2863 4926 3126 4996 pariendi,
3143 4924 3318 4996 etjam
3335 4926 3758 4983 desierantﬁeri

2149 5018 2299 5074 Sarae
2319 5017 2628 5084 muliebria,
2655 5017 2710 5073 id
2729 5026 2813 5074 est
2830 5015 2947 5087 jam
2970 5018 3210 5074 desierat
3233 5027 3576 5074 menstruum
3605 5018 3756 5088 pati,

2147 5111 2238 5166 ubi
2255 5110 2494 5167 maxime
2513 5110 2766 5167 consistit
2776 5110 2932 5183 vigor
2951 5111 3340 5183 conceptionis,
3355 5111 3502 5182 quod
3523 5109 3764 5166 ubices-

2147 5205 2352 5260 saverit
2373 5205 2427 5260 in
2451 5203 2688 5272 feminis,
2705 5203 2902 5260 transit
2917 5212 3130 5275 tempus
3141 5201 3436 5280 generandi
3459 5203 3614 5258 ﬁlios.
3637 5200 3766 5258 Sed

2148 5296 2422 5351 Abraham
2444 5312 2552 5351 non
2577 5294 2812 5350 attendit
2830 5295 2900 5351 ad
2921 5303 3130 5350 natura:
3141 5311 3322 5361 usum,
3340 5295 3437 5351 sed
3449 5293 3520 5350 ad
3531 5293 3630 5349 Dei
3655 5310 3770 5365 po-

2149 5388 2398 5452 tentiam,
2425 5387 2677 5443 credulus
2699 5387 2820 5459 ejus
2837 5387 3290 5457 promissionibus
3309 5387 3456 5442 unde
3477 5385 3766 5456 sequitur.

2139 5499 2144 5502 ·
2219 5482 2276 5537 In
2327 5481 2762 5552 repromissione
2789 5480 2958 5536 etiam
2999 5480 3096 5536 Dei
3138 5496 3247 5536 non
3295 5480 3560 5536 haesitavit
3595 5478 3776 5534 ditii-

2148 5577 2330 5632 deutia
2351 5616 2366 5642 ,
2401 5577 2497 5632 sed
2520 5574 2859 5633 confortatus
2897 5583 2984 5632 est
3015 5575 3142 5642 ﬁde,
3171 5577 3306 5632 dans
3343 5576 3567 5648 gloriam
3603 5571 3774 5630 Deo.

2149 5670 2207 5725 In
2241 5669 2659 5740 repromissione
2681 5668 2783 5725 Dei
2816 5669 2903 5740 (de
2923 5686 3030 5740 qua
3060 5686 3221 5742 supra
3250 5667 3658 5739 diximus)~si~ve
3697 5667 3781 5724 de

2149 5765 2318 5831 Isaac,
2347 5781 2444 5822 seu
2471 5767 2536 5822 de
2567 5765 2809 5830 Christo,
2841 5765 3253 5821 nonbaesitavit
3281 5762 3604 5826 difﬁdentia,
3639 5764 3782 5818 sive

2153 5875 2261 5916 non
2287 5859 2552 5915 dubitavit
2593 5859 3004 5926 incredulitate,
3039 5859 3134 5915 sed
3160 5857 3612 5916 confortatus-cst
3651 5856 3785 5913 ﬁde
