3950 6346
272 427 370 508 ιοι

982 453 1345 512 EXPOSITIO
1381 453 1448 510 IN
1487 453 1634 510 EPP.
1679 454 1737 509 S.
1776 453 2001 511 PAULI.
2039 485 2106 495 —
2140 455 2206 510 ΙΝ
2245 455 2462 512 EPIST.
2504 457 2598 512 AD
2634 457 2798 514 ROM.

3414 456 3519 513 £02

270 566 338 622 de
361 564 822 636 promissionibus.
850 565 983 620 dans
1005 566 1230 637 gloriam
1253 567 1362 622 Deo
1398 566 1845 637 promissionibus
1869 572 1915 631 Α
1945 582 2036 636 per
2070 566 2352 624 Dominum
2379 579 2612 624 nostrum
2652 571 2834 626 Jesum
2872 571 3154 626 Chr-istum.
3191 573 3523 630 CunrJudtei

266 654 416 712 illius
439 655 641 727 gratias
666 656 948 712 referendo
993 657 1144 726 quasi
1179 657 1246 712 de
1285 657 1520 728 acceptis
1547 657 1842 723 beneﬁciis,

264 747 576 819 intelligens
630 745 798 802 solius
836 746 930 801 Dei
954 760 1073 802 esse
1117 763 1314 803 munus
1350 748 1707 824 et‘gratiam,
1754 747 1844 802 ubi

261 839 518 896 humanae
546 839 893 897 fecunditatis
909 850 1115 898 naturae
1142 858 1273 899 usus
1293 852 1622 899 cessaverat.

332 931 656 1002 Plenissime
677 932 792 988 sive
819 933 1119 989 certissime
1155 935 1324 990 sciens
1364 937 1490 1006 quia
1525 952 1844 1007 qutecunque

259 1023 504 1092 promisit
541 1023 706 1090 Deus,
730 1033 912 1095 potens
934 1033 1011 1079 est
1045 1024 1215 1095 facere
1237 1043 1256 1081 :
1279 1027 1394 1082 ideo
1437 1027 1692 1083 subaudis
1717 1028 1842 1097 quia

261 1116 498 1171 credidit
525 1116 620 1172 Dei
646 1117 712 1172 de
740 1117 1206 1187 promissionibus,
1238 1128 1536 1190 reputatum
1561 1128 1636 1173 est
1663 1117 1742 1172 illi
1771 1118 1841 1173 ad

253 1209 542 1278 justitiam.
588 1207 714 1264 Non
757 1219 832 1264 est
873 1218 1049 1265 autem
1081 1212 1333 1281 scriptum
1381 1220 1590 1266 tantum
1633 1220 1842 1282 propter

254 1300 466 1369 ipsum,
497 1299 623 1372 quia
661 1307 958 1372 reputatum
986 1311 1061 1357 est
1105 1301 1185 1356 illi
1227 1303 1296 1357 ad
1325 1303 1624 1374 justitiam,
1655 1306 1746 1358 sed
1792 1313 1840 1358 et

190 1400 198 1408 '
253 1400 472 1462 propter
515 1407 632 1458 nos,
672 1391 859 1463 quibus
886 1393 1212 1463 reputabitur
1254 1395 1579 1448 credentibus
1621 1396 1677 1448 in
1721 1410 1839 1449 eum

253 1486 349 1556 qui
395 1486 666 1540 suscitavit
707 1483 891 1541 Iesum
936 1485 1200 1542 Christum
1240 1503 1275 1540 a
1319 1489 1560 1541 mortuis.
1604 1485 1721 1543 Non
1757 1494 1842 1544 est

255 1577 480 1647 (inquit)
510 1585 719 1632 tantum
753 1585 976 1649 propter
999 1578 1104 1634 hoc
1137 1579 1339 1650 scripta
1365 1579 1500 1634 tides
1524 1580 1756 1636 Abrahae
1779 1591 1840 1636 ut

255 1668 378 1738 ipse
424 1667 664 1739 legeret,
721 1669 812 1739 qui
855 1668 982 1723 olim
1034 1668 1209 1725 fuerat
1257 1667 1579 1736 defunctus,
1624 1669 1837 1740 quando

253 1760 470 1834 Moyses
490 1762 590 1817 ista
623 1762 915 1829 scribebat,
950 1765 1042 1819 sed
1066 1774 1286 1836 propter
1307 1781 1406 1821 nos
1445 1775 1500 1822 et
1537 1767 1836 1838 profectum

251 1864 524 1922 nostrum,
564 1863 625 1911 ut
663 1856 1001 1912 imitaremur
1045 1856 1204 1913 ﬁdem
1248 1857 1423 1924 illius,
1452 1859 1649 1929 quibus
1678 1875 1833 1930 repu-

1949 667 2004 713 et
2037 668 2224 730 gentes
2264 661 2408 715 inter
2435 677 2494 716 se
2537 662 2935 732 disceptarent,
2979 673 3035 718 et
3064 665 3137 719 illi
3177 666 3244 722 de
3286 666 3523 737 antiquae

1947 749 2081 818 legis
2115 751 2398 820 operibus,
2443 751 2498 805 hi
2539 767 2672 807 vero
2706 754 2773 808 de
2819 770 2956 809 nova
3003 753 3204 810 Christi
3245 757 3524 811 vocatione

1944 843 2328 913 praesumptive
2367 842 2749 912 gloriarentur,
2797 853 3125 916 pertractata
3162 853 3218 900 et
3257 845 3523 902 elucidata

1945 949 2126 998 causa,
2158 934 2284 1003 quia
2313 948 2469 988 nemo
2494 949 2684 989 eorum
2711 951 2779 991 ex
2808 938 3004 992 merito
3034 953 3132 992 suo
3156 946 3297 994 esset
3321 936 3520 1007 justiti-

1943 1030 2120 1089 catus,
2146 1021 2241 1078 sed
2268 1037 2456 1077 omnes
2468 1037 2565 1093 per
2592 1024 2821 1094 gratiam
2838 1040 2998 1095 quam
3015 1026 3175 1082 fidem
3205 1025 3441 1082 infundit
3466 1038 3522 1083 et

1942 1115 2226 1168 veritatem
2265 1113 2524 1180 ostendit,
2555 1124 2609 1168 et
2637 1115 2764 1184 quia
2803 1130 2903 1171 nec
2936 1132 3128 1187 genus,
3151 1133 3253 1172 nec
3281 1118 3522 1174 circum-

1941 1207 2078 1263 cisio
2097 1207 2259 1262 faciat
2291 1207 2431 1262 ﬁlios
2456 1207 2711 1274 Abrahaz,
2734 1210 2827 1264 sed
2855 1209 2988 1265 ﬁdes
3019 1218 3167 1265 recta
3195 1226 3300 1280 qua
3327 1211 3522 1268 claruit

1939 1301 2241 1364 Abraham,
2294 1317 2324 1355 a
2375 1301 2484 1356 Deo
2529 1300 2858 1357 illuminatus
2904 1311 2959 1357 et
2988 1311 3294 1374 praeventus
3337 1303 3520 1359 statim

1940 1393 2214 1463 subiunxit
2242 1393 2556 1464 Apostolus:
2587 1394 2874 1463 Justiﬁcati
2907 1395 3071 1465 igitur
3090 1411 3155 1450 ea:
3182 1394 3310 1463 ﬁde,
3333 1403 3386 1450 et
3413 1410 3520 1451 non

1939 1501 2006 1541 ex
2032 1486 2286 1556 operibus
2328 1485 2490 1556 legis,
2529 1499 2706 1555 neque
2746 1500 2842 1556 per
2888 1483 3103 1554 aliquod
3147 1484 3400 1539 meritum
3426 1499 3523 1539 no-

1938 1585 2112 1632 strum
2142 1577 2284 1648 quod
2311 1584 2666 1647 pmcesserat
2693 1575 2852 1631 fidem
2871 1617 2886 1643 ,
2913 1590 3102 1647 pacem
3129 1575 3426 1631 habeamus
3455 1575 3522 1629 ad

1938 1668 2108 1724 Deum
2157 1655 2404 1734 Patroni,
2438 1681 2536 1739 per
2563 1667 2916 1722 mediatorem
2944 1666 3232 1721 Dominum
3273 1673 3521 1720 nostrum

1936 1760 2119 1816 Jesum
2158 1760 2429 1816 Christum
2451 1801 2465 1826 ,
2500 1760 2654 1830 cujus
2693 1759 2942 1830 passione
2971 1756 3302 1813 reconciliati
3336 1771 3523 1812 sumus

1938 1855 2048 1911 Deo
2068 1855 2237 1920 Patri,
2263 1854 2405 1909 sicut
2427 1853 2600 1924 angeli
2620 1853 2672 1907 in
2698 1851 2813 1921 ejus
2832 1853 3110 1907 nativitate
3131 1858 3517 1908 cantaverunt:

251 1955 407 2002 tatur
433 1947 566 2004 fides
592 1947 709 2018 ejus
747 1948 815 2004 ad
847 1947 1111 2018 justitiam
1139 1951 1482 2007 credentibus
1509 1952 1564 2006 in
1601 1961 1749 2018 eum,
1782 1952 1836 2007 id
1861 1936 1910 1997 B
1937 1945 2120 2001 Gloria
2145 1947 2201 2000 in
2224 1945 2438 2001 excelsis
2460 1944 2589 2010 Deo,
2614 1953 2662 1998 et
2688 1944 2744 1998 in
2769 1953 2909 1998 terra
2929 1960 3034 2010 paa:
3055 1941 3352 1998 hominibus
3375 1943 3521 1996 bona:

247 2045 337 2092 est
363 2037 419 2092 in
447 2038 616 2094 Deum
641 2038 875 2104 Patrem,
907 2041 1001 2111 qui
1034 2041 1314 2097 suscitavit
1347 2040 1530 2098 Iesum
1557 2043 1834 2100 Christum

249 2143 282 2183 a
309 2130 564 2196 mortuis,
597 2130 652 2186 id
686 2140 769 2188 est
793 2147 825 2186 a
852 2132 1123 2203 sepulcro,
1149 2133 1242 2204 qui
1282 2135 1530 2205 proprius
1567 2134 1720 2190 locus
1753 2144 1837 2191 est

249 2230 614 2289 mortuorum,
644 2223 730 2280 vel
753 2234 899 2281 certe
923 2226 991 2280 ab
1012 2224 1244 2282 inferno.
1272 2226 1332 2283 Si
1357 2228 1430 2283 ita
1451 2228 1692 2300 perfecte
1719 2245 1836 2286 cre-

247 2312 550 2369 diderimus
567 2313 844 2370 Christum
867 2330 898 2370 a
912 2317 1142 2374 mortuis
1164 2320 1540 2385 resurrexisse,
1565 2322 1836 2390 quomodo

248 2405 343 2461 ille
371 2405 600 2462 credidit
634 2421 832 2478 corpus
866 2407 1016 2464 Sam
1061 2418 1368 2466 emortuum
1405 2426 1564 2482 posse
1592 2413 1665 2470 ad
1707 2427 1836 2468 con-

249 2499 562 2570 cipiendum
584 2498 871 2566 vivificari,
895 2510 951 2556 et
967 2502 1376 2560 verediderimus
1398 2503 1569 2560 Deum
1593 2503 1832 2570 Patrem,

249 2591 347 2660 qui
379 2588 650 2646 Christum
673 2593 952 2648 suscitavit
971 2609 1002 2648 a
1030 2595 1280 2662 mortuis,
1309 2596 1644 2667 reputabitur
1676 2595 1836 2652 nobis

249 2679 390 2737 ﬁdes
414 2691 599 2738 nostra
627 2684 694 2738 ad
713 2681 1174 2753 justiﬁeationem,
1207 2687 1336 2758 quia
1356 2687 1833 2758 repromissionem

249 2774 583 2845 accipiemus
593 2776 829 2831 omnium
849 2786 1212 2846 peccatorum,
1230 2779 1368 2834 Deus
1381 2779 1541 2834 Pater
1551 2779 1835 2834 suscitavit

247 2867 450 2922 Filium
477 2871 684 2924 suum'a
713 2871 942 2927 mortuis
961 2880 1016 2927 et
1038 2873 1150 2943 ipse
1171 2874 1335 2928 etiam
1356 2873 1525 2929 Filius
1548 2875 1834 2930 suscitavit

249 2960 628 3032 semetipsum,
658 2972 786 3018 etut
805 2965 966 3019 etiam
989 2965 1148 3020 altius
1164 2966 1428 3033 dicamus,
1453 2975 1564 3022 tota
1588 2967 1830 3022 Trinitas

249 3051 537 3107 suscitavit
556 3051 704 3108 illum
729 3053 1008 3108 hominem
1027 3064 1361 3126 assumptum
1388 3071 1417 3110 a
1441 3056 1604 3111 verbo
1625 3056 1751 3113 'Del.

326 3144 434 3212 Qui
474 3146 697 3202 traditus
731 3156 808 3202 est
849 3158 1058 3219 propter
1089 3149 1282 3205 delicta
1327 3161 1533 3216 nostra,
1564 3162 1614 3207 et
1661 3170 1836 3207 resu-r-

251 3237 389 3291 rexit
430 3245 640 3308 propter
670 3237 1106 3308 justiﬁcationem
1142 3251 1393 3297 nostram.
1437 3242 1616 3299 Multis
1657 3247 1835 3300 modis

251 3326 484 3382 traditus
521 3326 715 3397 legitur
754 3328 1012 3385 Dominus
1060 3331 1219 3388 Jesus
1244 3332 1511 3390 Christus.
1547 3334 1681 3390 Nam
1715 3345 1832 3391 tra-

250 3418 389 3474 didit
427 3417 579 3474 illum
622 3420 766 3477 Deus
807 3421 990 3490 Pater,
1029 3425 1172 3481 sicut
1209 3425 1340 3482 dicit
1382 3427 1688 3498 Apostolus.
1728 3429 1836 3496 Qui

247 3512 497 3582 proprio,
537 3512 818 3584 inquiens,
851 3513 992 3572 Filio
1030 3535 1125 3572 suo
1171 3535 1274 3574 non
1317 3523 1574 3591 pepercit,
1609 3523 1698 3576 sed
1739 3542 1836 3595 pro

249 3603 403 3656 nobis
449 3604 688 3660 omnibus
732 3606 952 3661 tradidit
994 3608 1144 3664 illum
1181 3610 1358 3680 (Rom.
1399 3613 1538 3685 vm).
1589 3614 1839 3671 Tradidit

249 3695 370 3766 ipse
404 3695 573 3752 Filius
609 3698 880 3769 seipsum,
910 3701 1050 3757 sicut
1085 3703 1331 3774 egregius
1354 3706 1676 3774 prmdicator
1701 3708 1839 3764 dicit

249 3787 309 3842 in
339 3790 592 3857 praesenti
635 3789 788 3858 loco,
819 3800 876 3846 et
907 3792 1041 3848 alias
1083 3794 1174 3849 ubi
1204 3794 1442 3864 loquitur
1469 3814 1481 3850 :
1508 3797 1613 3863 Qui
1649 3799 1837 3853 dilexit

255 3894 342 3931 me
361 3918 377 3943 ,
424 3889 472 3933 et
512 3881 723 3937 tradidit
770 3883 1099 3954 semetipsum
1128 3902 1222 3956 pro
1245 3903 1325 3940 me
1353 3885 1495 3958 (Gal.
1529 3889 1612 3959 ιι).
1641 3889 1684 3942 Τ
1692 3891 1834 3945 radi-

261 3970 465 4023 derunt
510 3969 652 4026 illum
688 3971 994 4040 daemones,
1035 3974 1127 4044 qui
1160 3985 1546 4047 persuaserunt
1579 3976 1734 4034 Juda:
1777 3988 1838 4035 ut

257 4059 504 4116 traderet
539 4061 704 4130 illum,
733 4065 878 4120 unde
919 4065 1050 4121 dicit
1073 4067 1436 4138 Evangelista,
1462 4068 1590 4138 quia
1611 4069 1837 4126 intravit

255 4151 492 4209 Satanas
516 4153 572 4208 in
593 4170 689 4210 cor
707 4155 859 4212 Judze
877 4163 939 4212 ut
965 4157 1200 4213 traderet
1226 4158 1375 4213 illum
1405 4157 1585 4230 (Joan.
1608 4163 1754 4234 xm),
1782 4171 1838 4218 et

249 4244 546 4316 Apostolus
589 4247 946 4317 manifestat,
1012 4249 1198 4306 dicens
1237 4251 1303 4306 de
1347 4251 1724 4310 daemonibus:
1775 4254 1837 4311 Si

251 4339 392 4392 enim
421 4339 776 4408 cognovissent
797 4381 813 4406 ,
838 4357 1104 4412 nunquam
1131 4340 1412 4396 Dominum
1443 4340 1629 4411 gloria:
1661 4346 1836 4398 cruci-

251 4432 497 4500 ﬁxissent
545 4431 597 4502 (Ι
632 4429 752 4487 Cor.
804 4434 888 4506 ιι).
934 4432 1176 4490 Tradidit
1215 4433 1364 4490 illum
1409 4433 1573 4491 Judas
1616 4445 1839 4508 propter

252 4525 481 4595 triginta
525 4535 831 4596 argenteos.
880 4526 1237 4583 Tradiderunt
1271 4543 1400 4584 .eum
1440 4528 1612 4592 Judaei
1642 4530 1832 4588 Pilato.

1936 2037 2218 2092 voluntatis
2246 2036 2394 2106 (Luc.
2421 2037 2504 2109 ιι).
2534 2036 2686 2091 Tunc
2711 2036 2854 2090 enim
2884 2051 3072 2106 pacem
3095 2035 3356 2091 habemus
3381 2035 3522 2105 apud

1936 2132 2106 2188 Deum
2125 2173 2140 2198 ,
2171 2132 2216 2186 si
2246 2132 2389 2187 inter
2415 2146 2513 2186 nos
2547 2145 2738 2201 pacem
2767 2138 2822 2184 et
2851 2129 3196 2184 concordiam
3227 2127 3518 2183 fraternam

1936 2232 2203 2279 tenemus.
2228 2224 2308 2279 Ac
2341 2224 2390 2279 si
2418 2224 2622 2278 diceret
2647 2241 2659 2276 :
2686 2221 2803 2277 lam
2826 2222 2951 2292 quia
2975 2220 3306 2278 reconciliati
3335 2235 3521 2276 sumus

1935 2331 2032 2386 per
2061 2316 2377 2387 sanguinem
2423 2314 2550 2370 Filii
2579 2314 2707 2381 Dei,
2741 2321 2796 2368 et
2834 2329 3021 2383 pacem
3067 2312 3330 2368 habemus
3381 2311 3520 2382 apud

1935 2409 2104 2464 Deum
2132 2409 2372 2475 Patrem,
2400 2408 2570 2463 simus
2590 2414 2645 2461 et
2671 2421 2771 2460 nos
2801 2405 2944 2461 inter
2971 2420 3070 2460 nos
3097 2419 3286 2476 pacem
3320 2401 3522 2458 haben-

1935 2507 2038 2565 tes,
2071 2515 2179 2555 non
2199 2506 2590 2570 praesumentes
2615 2497 2669 2552 in
2692 2496 2873 2566 aliquo
2895 2497 2961 2552 dc
2989 2497 3166 2562 nobis,
3191 2509 3317 2551 cum
3337 2494 3517 2550 omnia

1934 2607 2001 2647 ex
2023 2590 2128 2645 ﬁde
2157 2590 2252 2645 Dei
2284 2589 2580 2644 habeamus
2605 2606 2617 2642 :

2007 2682 2112 2738 Per
2139 2699 2292 2755 quem
2317 2683 2564 2736 habemus
2599 2690 2865 2736 a'ccessum
2905 2697 2995 2751 per
3024 2680 3182 2750 ﬁdem
3209 2681 3267 2734 in
3293 2681 3518 2751 gratiam

1932 2779 2090 2832 istdm
2109 2779 2163 2831 in
2192 2794 2297 2848 qua
2319 2785 2536 2830 stamus.
2569 2773 2674 2831 Per
2697 2774 2973 2830 Christum
3003 2774 3222 2845 (inquit)
3249 2789 3347 2828 nos
3373 2773 3524 2844 paci-

1935 2867 2120 2921 ficavit
2159 2867 2274 2921 Deo
2303 2867 2469 2932 Patri,
2499 2881 2595 2936 per
2626 2866 2775 2920 illum
2807 2866 2992 2935 utique
3029 2879 3308 2929 accessum
3349 2873 3406 2919 et
3435 2863 3520 2918 in-

1937 2958 2158 3012 troitum
2197 2958 2494 3021 habemus,
2530 2972 2626 3027 per
2670 2957 2830 3011 fidem
2869 2955 3012 3011 illius
3041 2956 3093 3009 in
3125 2955 3296 3026 gratia
3333 2954 3435 3010 ista
3467 2955 3519 3008 in

1935 3065 2040 3120 qua
2071 3060 2300 3113 stamus,
2331 3048 2599 3104 credendo
2627 3047 2684 3102 in
2709 3046 2925 3102 Patrem
2953 3054 3008 3101 et
3034 3044 3230 3100 Filium
3266 3053 3317 3099 et
3349 3043 3521 3114 Spiri—
3575 3115 3586 3124 ο

1937 3150 2050 3196 tum
2077 3146 2344 3194 sanctum.
2370 3137 2616 3193 Gratiam
2645 3136 2878 3207 appellat
2900 3138 2952 3191 in
2974 3137 3076 3190 hoc
3101 3136 3219 3190 loco
3241 3134 3400 3188 fidem
3427 3149 3523 3204 per

1936 3246 2099 3302 quam
2144 3229 2531 3300 plenitudinem
2557 3227 2956 3297 justiticationis
2983 3226 3324 3296 percepimus
3353 3225 3520 3298 gratis

1939 3338 1972 3378 a
1999 3323 2108 3378 Deo
2135 3330 2376 3391 tempore
2400 3319 2761 3390 baptismatis,
2791 3328 2845 3374 et
2869 3319 3088 3388 insuper
3121 3317 3382 3388 quidquid
3424 3317 3521 3372 do-

1938 3428 2131 3469 norum
2170 3413 2433 3467 habemus
2460 3411 2845 3482 spiritualium,
2874 3411 3091 3466 nomine
3118 3411 3305 3482 gratiae
3337 3411 3440 3465 isto
3468 3411 3521 3464 in

1937 3504 2058 3560 loco
2087 3501 2510 3572 comprehendit.
2547 3501 2606 3556 ιιι
2633 3517 2741 3572 qua
2763 3501 2845 3557 vel
2873 3502 2939 3556 ad
2965 3517 3128 3572 quam
3154 3502 3405 3572 gratiam,
3442 3502 3524 3556 in-

1938 3594 2160 3649 troitum
2202 3591 2288 3646 vel
2330 3605 2609 3647 accessum
2641 3592 2903 3647 habemus
2936 3606 3034 3662 per
3061 3591 3236 3662 ipsum
3266 3591 3359 3661 qui
3399 3600 3524 3646 ante

1937 3702 2154 3744 eramus
2188 3686 2366 3757 longe,
2393 3686 2519 3757 quia
2551 3687 2665 3758 ipse
2691 3696 2775 3742 est
2799 3687 2998 3742 ostium
3031 3686 3171 3743 sicut
3197 3686 3333 3741 dixit
3363 3703 3376 3739 :
3407 3686 3522 3758 Ego

1936 3797 2054 3835 sum
2084 3779 2274 3834 ostium
2319 3779 2500 3850 (Joan.
2535 3778 2614 3851 x),
2651 3788 2702 3834 et
2742 3796 2890 3834 nemo
2915 3780 3052 3834 venit
3078 3780 3146 3833 ad
3178 3778 3393 3834 Patrem
3423 3779 3524 3834 nisi

1935 3890 2028 3944 per
2049 3891 2128 3928 me
2153 3873 2335 3946 (Joan.
2364 3872 2498 3944 xw).
2523 3871 2580 3926 In
2609 3873 2930 3954 quagratia,
2961 3871 3015 3927 id
3037 3881 3120 3927 est
3140 3872 3244 3954 fide
3260 3871 3525 3941 justilica-

1937 3966 2100 4020 tionis
2132 3973 2188 4018 et
2215 3963 2543 4034 indulgentia
2584 3949 2930 4034 peccatorum
2968 3971 3112 4017 stare
3157 3949 3434 4027 debemus,
3466 3965 3520 4018 in

1936 4055 2091 4110 bonis
2120 4055 2328 4110 scilicet
2347 4053 2601 4123 operibus
2626 4053 2852 4107 viriliter
2887 4051 3204 4121 laborando,
3230 4053 3320 4122 qui
3359 4060 3519 4108 antea

1930 4144 2246 4214 jacebamus
2275 4145 2327 4197 in
2351 4142 2464 4197 luto
2484 4152 2539 4197 et
2555 4143 2724 4198 fetore
2747 4142 3022 4208 vitiorum,
3048 4142 3338 4214 gloriamur
3357 4144 3411 4196 in
3433 4161 3522 4213 spe

1937 4237 2121 4309 gloria:
2167 4235 2401 4305 ﬁliorum
2447 4233 2563 4288 Dei.
2615 4234 2674 4288 in
2719 4235 2973 4304 praesenti
3027 4233 3222 4290 saaculo
3284 4233 3379 4288 filii
3425 4232 3516 4287 Dei

1939 4341 2126 4384 sumus
2153 4316 2208 4380 iii
2239 4340 2354 4395 spe,
2384 4325 2438 4379 in
2465 4323 2636 4379 altera
2668 4331 2848 4378 autem
2876 4324 2989 4378 vita
3027 4323 3230 4378 erimus
3259 4323 3314 4378 in
3351 4338 3409 4377 rc
3429 4365 3442 4389 ,
3476 4324 3521 4377 si

1939 4420 1994 4474 in
2041 4420 2199 4475 bonis
2247 4418 2501 4490 operibus
2545 4416 2807 4473 articulus
2854 4417 3046 4473 mortis
3088 4431 3188 4472 nos
3233 4417 3519 4484 invenerit,

1939 4513 2080 4568 unde
2106 4512 2238 4568 dicit
2261 4511 2527 4568 Joannes:
2544 4510 2874 4578 Charissimi,
2889 4511 2990 4581 ﬁlii
3008 4511 3108 4565 Dei
3129 4527 3309 4566 sumus
3329 4511 3381 4565 in
3407 4526 3519 4581 spe,

253 4620 468 4722 Pilatus
510 4637 725 4695 quoque
770 4624 920 4679 illum
973 4623 1191 4680 tradidit
1223 4624 1510 4693 militibus,
1655 4628 1834 4684 cruci-
1861 4660 1916 4722 Β
1939 4615 1988 4658 ⁸⁸
2025 4604 2257 4722 Zona"?
2291 4603 2534 4673 αρναννίί
2569 4602 2698 4722 Ψξξά
2721 4603 2916 4722 “fin”.
2949 4603 3006 4722 ί¹ξ
3045 4615 3103 4656 re
3131 4601 3179 4673 (Ῐ
3196 4600 3377 4722 ’λανδ
3417 4604 3520 4722 "_')'

253 4713 496 4770 fixerunt
522 4729 667 4771 eum.
699 4716 805 4774 Sed
831 4718 972 4773 inter
996 4719 1112 4794 haec
1133 4719 1316 4774 omnia
1338 4719 1497 4790 digna
1526 4722 1836 4779 considera-

252 4806 406 4862 tione
439 4810 876 4879 perpendendum
914 4819 1026 4877 est,
1058 4811 1182 4882 quia
1228 4813 1373 4881 quod
1413 4812 1556 4869 Deus
1593 4813 1757 4870 Pater
1782 4824 1839 4871 et

250 4895 425 4953 Filius
451 4898 694 4955 fecerunt
713 4917 874 4958 causa
902 4902 1203 4959 dilectionis
1227 4910 1282 4958 et
1304 4903 1710 4972 misericordiae,
1735 4905 1838 4962 hoc

197 5015 200 5018 -
250 4983 424 5041 ludas
449 5001 616 5044 causa
657 4989 989 5060 cupiditatis,
1015 4991 1288 5047 daemones
1313 5007 1444 5050 vero
1477 5001 1534 5049 et
1558 4992 1727 5050 Judaei
1756 5003 1839 5050 at-

249 5092 361 5148 que
391 5076 598 5134 Pilatus
633 5095 796 5136 causa
829 5081 1062 5138 invidiae.
1098 5081 1346 5137 Traditus
1381 5091 1458 5138 est
1496 5093 1706 5154 propter
1743 5085 1838 5138 de-

251 5169 384 5224 licta
426 5178 629 5239 nostra,
671 5179 724 5226 et
749 5173 1032 5228 resurrexit
1054 5159 1262 5244 propter
1287 5172 1720 5244 justiﬁcationem
1747 5191 1842 5228 no-

249 5274 454 5328 stram,
490 5273 548 5318 ut
594 5265 874 5322 credentes
909 5281 1033 5323 eum
1075 5282 1298 5337 passum
1339 5276 1563 5339 propter
1613 5268 1836 5323 salutem

254 5365 533 5423 nostram,
559 5365 620 5413 et
661 5359 1022 5416 resurrexisse
1050 5360 1109 5415 in
1142 5360 1371 5416 veritate
1397 5375 1431 5415 a
1457 5361 1712 5425 mortuis,
1741 5375 1840 5430 per

254 5451 401 5504 hanc
427 5449 592 5504 fidem
609 5450 1228 5520 mereamurjustilicari.
1251 5453 1308 5508 ln
1331 5454 1618 5510 traditione
1638 5453 1838 5508 Christi

253 5540 547 5599 ineffabilia
614 5544 986 5602 misericordia
1037 5547 1272 5613 exstitit,
1331 5547 1387 5602 in
1439 5547 1837 5602 resurrectione

251 5651 474 5705 qumque
510 5637 1068 5707 incomprehensibilis
1093 5639 1332 5708 potentia
1365 5639 1582 5695 deitatis
1615 5638 1837 5694 demon-

252 5736 428 5783 strata
451 5735 556 5795 est,
583 5738 690 5784 etc.
785 5761 788 5764 -

885 5821 1113 5880 CAPUT
1149 5822 1216 5878 ν.

243 5935 246 5938 ·
326 5919 626 5989 Justiﬁeati
639 5920 810 5992 igitur
835 5936 899 5975 ea:
920 5920 1044 5985 ﬁde.
1071 5935 1253 5988 parem
1273 5919 1552 5974 habeamus
1579 5918 1647 5974 ad
1677 5917 1840 5973 Deum
1891 5983 1894 5988 ι

2017 4715 2142 4770 Non
2165 4713 2336 4770 solum
2361 4723 2557 4780 autem,
2586 4713 2841 4768 subaudis
2868 4712 3164 4784 gloriamur
3193 4714 3251 4769 in
3293 4728 3388 4784 spe
3412 4713 3522 4785 glo—

1943 4809 2040 4866 riae
2069 4808 2300 4864 ﬁliorum
2330 4806 2446 4871 Dei,
2481 4806 2571 4860 sed
2603 4816 2652 4860 ct
2678 4805 2968 4876 gloriamur
2993 4806 3048 4860 in
3075 4805 3520 4870 tribulationibus,

1945 4902 2000 4957 id
2037 4907 2122 4956 est
2149 4899 2410 4970 angustiis
2438 4905 2492 4952 et
2515 4897 2930 4953 adversitatibus
2970 4897 3402 4968 persecutionum
3425 4913 3523 4966 pro

1945 4993 2161 5049 Christo
2185 5008 2196 5045 :
2224 4991 2440 5044 scientes
2462 4990 2598 5060 quod
2620 4988 2888 5042 tribulatio
2907 4998 2962 5043 et
2984 4986 3200 5043 afflictio
3219 4989 3522 5058 patientiam

1947 5093 2194 5158 operatur
2220 5084 2274 5138 in
2301 5083 2488 5139 electis
2514 5083 2604 5154 qui
2633 5082 2898 5151 patienter
2917 5080 3144 5135 adversa
3167 5079 3322 5148 hujus
3343 5081 3521 5133 seculi

1945 5174 2244 5247 perferunt.
2276 5174 2543 5229 Patientia
2589 5189 2620 5227 a
2669 5172 2950 5242 patiendo,
2985 5169 3038 5225 id
3087 5177 3171 5224 est
3218 5184 3249 5222 a
3284 5168 3525 5223 feriendo

1946 5266 2164 5332 dicitur,
2195 5273 2252 5319 et
2297 5273 2380 5319 est
2418 5263 2678 5334 patientia
2718 5261 2932 5332 quando
2973 5274 3168 5328 corpus
3214 5267 3270 5313 et
3315 5258 3524 5313 animus

1948 5357 2140 5412 timore
2182 5363 2236 5409 et
2263 5352 2550 5408 aillictiOne
2583 5359 2974 5406 tormentorum
3019 5347 3237 5412 feritur,
3281 5348 3374 5402 sed
3412 5348 3524 5401 vin—

1944 5451 2090 5506 dicta
2117 5465 2222 5505 non
2251 5449 2470 5520 petitur.
2498 5448 2598 5502 Per
2618 5448 2760 5501 hanc
2792 5445 2960 5500 sancti
2988 5453 3255 5515 martyres
3282 5445 3522 5499 vicerunt

1947 5543 2377 5612 persecutionem
2424 5549 2479 5595 et
2521 5539 2782 5595 saevitiam
2824 5546 3206 5606 tyrannorum,
3248 5551 3357 5591 non
3401 5537 3523 5590 red-

1946 5635 2135 5690 dentes
2178 5635 2382 5700 vicem,
2413 5633 2506 5688 sed
2543 5629 2858 5703 patientiam
2903 5627 3016 5682 sive
3050 5627 3387 5683 tolerantiam
3415 5643 3521 5683 ser-

1950 5743 2048 5783 van
2056 5735 2155 5782 tes.
2645 5717 2650 5721 ’

2020 5818 2284 5874 Patientia
2321 5826 2494 5872 autem
2521 5815 2901 5884 probationem,
2931 5813 3245 5871 meritorum
3289 5823 3343 5870 et
3379 5811 3522 5876 fidei,

1911 5969 1914 5976 ,
1950 5912 2092 5970 sicut
2129 5910 2342 5982 probati
2373 5917 2497 5964 sunt
2525 5907 2697 5963 sancti
2726 5915 3014 5980 martyres,
3045 5914 3099 5962 et
3129 5907 3267 5962 sicut
3298 5907 3523 5977 probatu
