3936 6470
510 470 620 529 405

1005 469 1359 540 HAYMONIS
1401 469 1877 534 llg’thERS'l‘AT.
1922 469 2132 525 EPISC.
2173 469 2323 529 DPP.
2365 470 2625 531 PARS].
2670 503 2740 514 ——
2776 472 3126 531 COMMENT.
3158 475 3326 532 BIBL.

3601 482 3607 491 ’
3626 484 3699 539 illi

488 599 596 659 est
613 590 732 658 Job,
760 608 867 647 non
891 590 1146 646 deliciens
1174 590 1230 649 iu
1263 589 1623 651 triludationn.
1649 590 1747 648 Est
1773 590 1936 645 etiam
1961 591 2478 659 pre-.'A:mortu'usi,
2506 591 2795 662 tripliciter
2812 592 2981 662 accipi
3009 587 3185 662 potest
3215 610 3228 645 :
3258 585 3441 647 beatus
3473 593 3514 647 si
3535 595 3703 667 quidem

512 687 690 753 batio,
740 687 994 740 honestas
1041 697 1253 743 morum
1303 693 1372 741 et,
1404 683 1743 743 laudabilitas
1784 683 2085 751 actionitm,

514 776 654 832 unde
670 776 869 847 probus
888 773 1093 829 dicitur
1109 772 1273 830 laude
1302 774 1493 845 dignus
1526 790 1553 831 ς,
1571 774 1807 844 probatio
1833 778 2089 844 param-

490 880 664 935 ,ratur
691 883 851 937 spem,
881 866 1005 923 vitm
1039 874 1273 941 atteram.
1309 864 1559 936 SpescSt
1590 865 1920 937 exspectatio
1948 862 2092 933 ﬁstu-

490 972 694 1013 .rorum
758 956 1044 1013 bonorum.
1086 956 1190 1023 Qui
1238 971 1373 1024 ergo
1426 956 1567 1013 inter
1620 955 2009 1013 tribulationes.
2037 962 2092 1009 et

491 1052 736 1115 ,adversa
765 1065 862 1120 per
889 1049 1203 1119 patientiam
1247 1048 1557 1119 probabiles
1579 1048 1819 1104 existunt
1858 1045 1921 1109 in
1946 1044 2089 1110 ﬁde,

512 1142 586 1197 illi
617 1142 794 1199 securi
825 1142 893 1198 de
920 1141 1190 1211 pratmiis,
1221 1139 1459 1198 futuram
1485 1139 1883 1195 beatitudinem
1900 1150 2091 1205 exspe-

512 1241 681 1288 ctant.
1782 1270 1787 1277 θ

583 1322 716 1395 Spes
744 1334 919 1383 autem
960 1340 1065 1381 non
1094 1322 1394 1393 .confundit.
1426 1320 1562 1391 Spes
1605 1321 1721 1380 sive
1760 1318 2092 1390 exspectatio

513 1416 819 1483 futurorum
865 1416 1128 1478 bonorum
1173 1431 1385 1473 omnem
1425 1414 1795 1475 confusionem
1839 1422 1895 1471 et
1940 1427 2093 1471 vero-

512 1507 764 1564 cundiam
792 1507 952 1579 hujus
990 1508 1169 1567 saeculi
1210 1506 1618 1579 expellit.,Spes
1642 1521 1774 1579 ergo
1816 1522 1924 1564 non
1965 1520 2093 1563 cou-

512 1596 721 1663 fundit,
779 1597 835 1653 id
872 1606 961 1654 est
1002 1598 1096 1669 qui
1129 1598 1398 1668 probatus
1447 1607 1531 1655 est
1572 1599 1625 1657 iu
1676 1598 1781 1673 ﬁde
1833 1598 2093 1667 bonisque

511 1685 795 1757 operibus,
839 1696 896 1743 et
940 1702 1088 1759 spem
1141 1688 1300 1747 habet
1343 1695 1669 1759 aeternorum
1712 1687 2089 1757 praemiorum,

516 1792 621 1831 non
645 1777 915 1834 erubescit
942 1778 1202 1850 quidquid
1245 1780 1457 1843 adversi
1485 1780 1676 1839 inhoc
1711 1780 1908 1836 steculo
1932 1781 2093 1841 susti-

513 1870 710 1935 nuerit,
741 1858 964 1927 securus
988 1872 1054 1926 de
1081 1872 1322 1940 praemio.
1354 1872 1417 1929 Et
1445 1887 1612 1942 quare
1646 1872 1786 1929 hoc?
1819 1874 1943 1943 quia
1969 1872 2094 1931 cha-

2164 677 2507 739 .Ambrosius
2533 682 2637 738 hoc
2664 676 2824 737 modo
2860 682 2992 739 dicit
3021 698 3035 734 :
3062 680 3329 737 lor-suns.
3352 691 3436 737 est
3468 686 3702 742 munitm

2163 781 2435 842 .tempus,
2465 772 2615 842 quia.
2639 786 2808 842 parvo
2844 779 2902 828 et
2938 770 3089 827 brevi
3116 774 3547 843 tempore:th
3577 777 3705 831 tenui

2170 876 2220 928 ,a
2253 869 2427 920 morte
2457 880 2469 917 :
2501 862 2660 918 sertis
2691 863 2839 918 enim
2871 863 2960 918 die
2986 864 3301 920 resurrexit.
3332 864 3521 930 Aliter;
3549 866 3705 922 Som-

2165 936 2179 994 ι’
2191 952 2316 1011 dum
2353 962 2566 1023 tempus
2595 963 2843 1015 mortuus
2881 963 2965 1010 est
2983 994 2998 1020 ,
3028 954 3085 1009 id
3110 964 3197 1010 est
3234 954 3582 1025 tunc-quando
3602 966 3706 1019 totus

2170 1045 2423 1103 .mundus
2455 1047 2555 1101 sub
2578 1055 2802 1116 peccato
2823 1048 3137 1107 tenebatur.~
3153 1047 3231 1103 De
3248 1062 3357 1117 quo
3376 1054 3594 1119 teuipore
3612 1054 3706 1107 dicit

2172 1132 2477 1203 xApostolus
2507 1134 2633 1191 alibi
2664 1153 2677 1191 :
2709 1134 3003 1205 Postquam
3033 1136 3167 1190 venit
3203 1135 3471 1206 plenitudo
3500 1145 3704 1209 temporis,

2190 1225 2331 1278 misit
2371 1224 2511 1280 Deus
2537 1224 2937 1289 Ϊίιὶιιηιέωιιιιι,
2982 1235 3163 1283 natum
3188 1242 3255 1280 ets
3290 1227 3525 1293 muliere,
3560 1230 3703 1299 {nam

2178 1315 2284 1371 sub
2306 1316 2414 1386 lege
2446 1314 2643 1388 (Colat.
2668 1317 2763 1389 iv).
2791 1318 2856 1381 Et
2884 1317 3024 1375 Deus
3044 1318 3504 1381 Pntersdi‘ilinm
3523 1336 3604 1390 per
3619 1338 3707 1391 pre

2178 1407 2404 1477 .phelani
2436 1426 2456 1463 ς
2502 1407 2752 1480 Tempore
2780 1410 2985 1479 inquit,
3014 1422 3227 1481 accepto
3270 1411 3506 1471 “audiri
3532 1423 3575 1465 te
3606 1412 3702 1483 (lia.

2178 1499 2360 1572 mus).
2392 1500 2576 1558 Potest
2611 1501 2775 1561 etiam
2807 1503 2973 1559 tertio
2999 1504 3165 1558 modo
3186 1502 3443 1574 intelligi,
3473 1504 3582 1573 quia
3603 1519 3706 1559 mer-

2182 1600 2318 1649 ;tuus
2367 1601 2449 1647 est
2499 1594 2793 1665 secundum
2840 1601 3070 1664 tempus,
3103 1594 3165 1653 id
3196 1604 3282 1652 ost
3318 1595 3647 1667 corporaliter,
3670 1598 3707 1652 in

2181 1695 2452 1752 corpore,
2482 1695 2590 1737 non
2637 1682 2692 1736 in
2732 1682 2917 1742 anima
2945 1698 2971 1737 τ’
2993 1683 3119 1753 quia
3148 1697 3431 1754 peceatum
3460 1700 3558 1740 non
3593 1684 3706 1751 fecit,

2184 1789 2293 1830 .nec
2339 1774 2586 1831 inventus
2623 1784 2710 1831 est
2748 1775 2902 1832 dolus
2935 1775 2990 1831 in
3034 1792 3131 1833 ore
3175 1776 3313 1846 eius.
3364 1777 3580 1848 Tempus
3606 1780 3706 1833 enim

2192 1868 2390 1922 dicitur
2417 1882 2570 1933 esse,
2603 1868 2693 1925 ubi
2723 1867 2904 1938 aliqua
2942 1870 3181 1925 varietas
3220 1876 3343 1933 est,
3372 1870 3514 1925 verbi
3544 1871 3705 1939 gratis:

513 1961 640 2015 ritas
677 1959 777 2016 Dei
814 1977 921 2032 qua
959 1977 1059 2018 nos
1097 1962 1270 2032 diligit
1313 1962 1485 2027 Deus,
1532 1963 1617 2021 vel
1674 1979 1777 2034 qua
1820 1962 2094 2034 diligimus
2121 1953 2170 2019 Β
2199 1957 2299 2016 Ubi
2341 1959 2420 2014 sol
2458 1959 2636 2015 oritur
2671 1958 2752 2015 sol
2785 1967 2841 2017 et
2865 1960 3095 2027 occidit,
3124 1960 3217 2016 ubi
3255 1960 3387 2016 luna
3431 1971 3706 2032 augmentum

513 2050 701 2116 Deum,
732 2053 929 2123 diffusa
959 2062 1035 2109 eat
1062 2055 1120 2108 in
1157 2054 1399 2109 cordibus
1428 2054 1619 2118 nostris
1652 2064 1891 2125 tempore
1920 2055 2092 2124 bapti-

513 2145 724 2211 smatis,
749 2154 804 2202 et
832 2155 1077 2216 tempore
1105 2162 1295 2204 manus
1334 2148 1689 2219 impositiouis
1721 2164 1813 2218 per
1839 2145 2092 2220 Spiritum

511 2249 751 2294 sanctum
798 2240 888 2311 qui
925 2241 1083 2296 datus
1129 2251 1201 2296 est
1233 2242 1378 2304 nobis
1407 2257 1513 2296 non
1546 2257 1645 2311 per
1691 2241 1942 2299 meritum
1988 2256 2087 2301 no.-

513 2338 706 2387 strum.
743 2330 974 2388 Verbum
998 2332 1273 2390 ell‘usionis
1301 2336 1415 2390 sive
1450 2334 1755 2397 ditiusiouis
1784 2335 2088 2408 largitatem

514 2436 795 2477 munerum
819 2423 1104 2494 signiﬁcat,
1129 2424 1270 2480 sicut
1289 2425 1341 2480 in
1372 2424 1485 2483 Joel
1514 2424 1775 2491 habetur:
1800 2424 2089 2495 Effundant

510 2514 574 2568 de
614 2515 802 2585 spiritu
847 2533 957 2570 meo
987 2533 1142 2587 super
1165 2534 1367 2579 omnem
1404 2535 1612 2574 carnem
1649 2519 1807 2591 (Joel.
1847 2518 1929 2591 ιι).
1965 2518 2090 2577 Sive

512 2620 641 2676 ergo
681 2606 921 2661 charitas
950 2623 1053 2677 qua
1082 2607 1353 2678 diligimus
1379 2609 1545 2665 Deum
1584 2609 1638 2665 in
1676 2609 1833 2667 nobis
1862 2610 1965 2675 sit,
1993 2625 2090 2680 pro

510 2693 664 2763 cujus
703 2710 890 2751 amore
930 2697 1199 2767 patienter
1234 2698 1417 2771 omnia
1453 2698 1675 2757 adversa
1716 2700 2084 2757 sustinemus:

511 2785 626 2840 sive
651 2801 758 2857 qua
786 2786 1058 2858 diligimus
1099 2788 1424 2857 proximum,
1454 2790 1535 2844 vel
1578 2790 1835 2859 quidquid
1876 2790 2002 2846 boni
2035 2791 2090 2851 in

511 2878 666 2934 nobis
709 2879 957 2944 habetur,
1001 2894 1106 2933 non
1148 2894 1245 2950 per
1272 2879 1523 2935 meritum
1553 2889 1829 2946 nostrum,
1857 2881 1950 2936 sed
1994 2895 2092 2951 per

509 2970 740 3042 gratiam
764 2970 881 3037 Dei,
906 2970 1109 3041 Spiritu
1139 2978 1326 3026 sancto
1352 2978 1692 3041 cooperante,
1721 2973 1875 3031 nobis
1901 2972 2089 3026 tribui-

514 3069 638 3116 tur:
672 3061 900 3134 ideoque
927 3065 1192 3134 perceptis
1213 3063 1406 3134 quibus
1428 3064 1688 3121 voluntati
1719 3066 1859 3131 illius
1885 3068 2092 3121 obtcme

507 3168 697 3225 perare
743 3155 1025 3222 debemus,
1067 3158 1328 3213 habentes
1375 3159 1518 3215 inter
1565 3174 1664 3217 nos
1697 3174 1882 3230 pacem
1926 3176 2087 3229 quam

509 3245 624 3313 ipse
645 3248 1041 3303 commendavit
1063 3249 1358 3319 discipulis,
1384 3250 1569 3306 dicens
1596 3269 1610 3309 :
1636 3250 1830 3307 Pacem
1852 3252 2088 3325 relinquo

2197 2050 2280 2105 vel
2328 2051 2737 2113 decrementom
2773 2052 2947 2122 capit,
2999 2060 3209 2123 tempus
3252 2053 3451 2109 dicitur
3482 2053 3707 2109 misti

2194 2144 2358 2199 etiam
2405 2159 2497 2207 ver
2526 2144 2725 2206 transit;
2761 2145 2817 2205 in
2839 2152 3133 2210 vacantem,
3163 2154 3330 2203 testas
3354 2156 3553 2214 quoque
3584 2144 3625 2198 is
3646 2159 3707 2196 as.

2196 2242 2440 2295 tumcum
2470 2241 2739 2303 mutatur,
2758 2242 3050 2297 autumnus
3071 2234 3422 2295 nihilominus
3444 2235 3497 2293 iu
3515 2234 3704 2290 hiemen.

2194 2327 2437 2384 Mortuus
2464 2336 2545 2386 est
2567 2327 2819 2391 Christus
2836 2329 3133 2391 mm
3156 2339 3394 2402 tempus,
3408 2329 3460 2385 id
3480 2338 3707 2386 eum-

2194 2421 2319 2476 dum
2353 2436 2596 2488 carnem,
2621 2437 2742 2492 qua!
2780 2422 3053 2481 mutabilis
3079 2430 3164 2481 est
3186 2430 3247 2479 et
3271 2422 3551 2481 variationi
3580 2420 3706 2488 subis-

2189 2523 2311 2584 lcet,
2342 2525 2591 2569 mortuus
2631 2524 2715 2571 est
2757 2513 3123 2585 temporalitsr
3156 2529 3170 2568 :
3200 2528 3331 2571 nam
3371 2513 3460 2568 ubi
3498 2512 3705 2568 etet-nitas

2188 2612 2297 2669 est,
2331 2613 2540 2674 tempus
2568 2619 2689 2661 esse
2713 2620 2820 2667 non
2843 2611 3035 2674 potest.

2273 2694 2375 2751 Via:
2409 2696 2548 2750 enim
2584 2712 2679 2767 pro
2711 2696 2862 2766 justo
2899 2697 3015 2766 quis
3051 2696 3305 2767 moritur,
3354 2712 3473 2753 nam
3502 2711 3584 2767 pro
3612 2693 3702 2747 huc

2195 2786 2418 2856 forsitan
2452 2788 2568 2858 quis
2606 2786 2796 2843 audeat
2825 2789 2998 2843 meri?
3043 2787 3317 2845 Subaudis
3345 2788 3703 2852 sutaulhqsst

2201 2892 2378 2933 rarus.
2414 2877 2546 2944 Quis
2571 2879 2730 2947 enim,
2763 2894 2863 2950 pro
2890 2879 3058 2946 nullo,
3080 2888 3176 2941 aut
3201 2895 3303 2950 pro
3329 2895 3457 2937 raro
3478 2879 3702 2949 sepissime

2194 2970 2452 3041 ponitur:
2497 2985 2596 3041 pro
2636 2970 2783 3028 nullo
2822 2972 3101 3043 accipitur,
3141 2982 3203 3028 ut
3242 2973 3298 3029 in
3327 2974 3559 3045 psalmis,
3592 2973 3701 3031 Best.

2199 3058 2330 3135 Quis
2370 3060 2555 3118 similis
2590 3063 2688 3117 erit
2715 3062 2854 3119 tibi?
2880 3063 3054 3134 (Psal.
3081 3065 3316 3137 Luxu.)
3363 3066 3423 3122 id
3454 3073 3529 3122 est
3559 3063 3700 3119 solum

2196 3149 2302 3206 Pro
2327 3167 2466 3216 raro,
2504 3161 2565 3208 ut
2594 3154 2706 3220 hic,
2734 3163 2790 3210 et
2813 3154 2937 3215 alibi
2966 3157 3055 3212 ubi
3074 3157 3299 3213 dicitur:
3333 3157 3465 3225 Quis
3488 3157 3700 3224 sapiente:

2195 3242 2442 3314 intelliget
2465 3245 2607 3300 ista?
2632 3243 2803 3318 (Psal.
2825 3246 2956 3319 cvi.)
2974 3246 3423 3305 Raroinvenitur.
3450 3249 3514 3305 Et
3533 3256 3603 3303 est
3619 3261 3703 3301 ses-

508 3335 650 3390 vobis
678 3336 858 3406 (Joan.
893 3337 1024 3408 xiv).
1050 3338 1167 3408 Ipsa
1200 3341 1361 3397 etiam
1391 3356 1513 3410 spes
1559 3356 1655 3410 per
1682 3341 1939 3411 Spiritum
1965 3323 2088 3399 san-

2191 3350 2284 3389 sus
2315 3353 2328 3388 :
2364 3336 2463 3391 Vix
2494 3346 2671 3407 potest
2708 3337 2903 3408 aliquis
2932 3339 3183 3405 inveniri,
3213 3340 3307 3410 qui
3336 3355 3445 3398 non
3472 3339 3618 3395 Iohia
3638 3349 3702 3406 μ

510 3438 658 3484 ctum
698 3430 855 3484 nobis
897 3431 1073 3494 datur,
1117 3433 1208 3501 qui
1238 3432 1368 3488 facit
1396 3448 1493 3491 uos
1538 3434 1757 3488 credere
1785 3434 1927 3501 quod
1966 3449 2089 3502 pro.

512 3520 696 3575 mittit.
731 3521 839 3576 Nec
857 3521 1000 3575 enim
1019 3523 1301 3578 contundit
1324 3538 1421 3579 nos
1444 3539 1569 3593 spes
1584 3525 1836 3594 quoniam
1859 3526 2087 3595 amplius

448 3642 451 3649 ί
510 3612 656 3666 dabit
704 3626 866 3682 quam
909 3628 1190 3684 speramus
1220 3628 1340 3680 nos,
1377 3617 1571 3687 gaudia
1618 3616 1868 3673 videlicet
1896 3618 2089 3687 patria:

510 3705 766 3771 caelestis.

581 3792 650 3850 Ut
677 3795 805 3867 quid
833 3797 971 3852 enim
1009 3795 1268 3864 Christus,
1298 3814 1417 3857 cum
1441 3799 1612 3859 adhuc
1640 3798 1836 3870 inlinisi
1860 3816 2089 3857 “scmus

507 3890 795 3945 secundum
839 3900 1071 3961 tempus,
1111 3908 1206 3961 pro
1244 3892 1415 3961 impiis
1457 3903 1694 3952 mortuus
1720 3902 1818 3948 est.
1865 3892 1932 3949 Ut
1957 3894 2089 3963 quid

508 3981 652 4037 enim
698 3979 965 4047 Christus,
995 3998 1117 4038 cum
1159 3983 1336 4038 adhuc
1368 3982 1565 4038 inﬁrmi
1614 3999 1877 4053 essemus,
1913 3986 1967 4043 id
2004 3994 2088 4045 est

506 4081 819 4142 peccatores
845 4075 1140 4131 secundum
1173 4082 1387 4144 tempus
1406 4089 1505 4145 pro
1534 4075 1735 4146 impiis,
1761 4075 1815 4132 id
1841 4086 1924 4132 est
1952 4076 2119 4153 irw_

506 4165 710 4238 ligiosis
736 4177 979 4224 mortuus
1002 4178 1087 4224 est
1122 4167 1225 4227 nisi
1266 4177 1324 4222 ut
1355 4167 1735 4224 abundantiam
1775 4179 1827 4225 et
1856 4169 2095 4241 plenitu-_

506 4261 683 4316 dinem
735 4277 851 4317 suae
900 4262 1182 4320 charitatis
1239 4264 1395 4319 nobis
1439 4267 1881 4333 commendaret,
1945 4269 2089 4331 sicut

505 4352 783 4422 sequentia
811 4352 965 4408 nobis
990 4353 1353 4409 manifestam.
1376 4355 1626 4413 Infirmus
1647 4370 1729 4413 est
1756 4359 1933 4413 omnis
1960 4374 2085 4429 pec-

509 4451 662 4497 calor
688 4448 744 4495 et
777 4442 954 4501 omnis
997 4442 1251 4511 inﬁdelis,
1274 4444 1430 4501 fortis
1457 4462 1587 4502 vero
1620 4445 1800 4515 justus
1828 4456 1884 4503 et
1911 4448 2087 4504 ﬁdelis

509 4544 669 4604 atque
695 4548 1025 4605 cognoscens
1050 4536 1241 4594 Deum.
1270 4539 1450 4596 Pietas
1480 4550 1561 4595 est
1589 4541 1769 4596 cultus
1802 4551 1855 4596 et
1896 4542 2090 4613 religio

508 4624 628 4689 Dei,
659 4640 689 4683 a
717 4640 821 4695 qua
851 4626 1046 4695 dicitur
1083 4631 1240 4699 pius,
1280 4630 1333 4685 id
1358 4634 1442 4686 est
1478 4631 1779 4703 religiosus.
1818 4633 1860 4687 E
1892 4643 2083 4690 coiitra

2193 3428 2394 3501 impiis,
2428 3430 2522 3484 sed
2553 3446 2655 3487 nec
2681 3446 2778 3493 ore
2804 3446 2905 3502 pro
2930 3431 3093 3501 iustis
3120 3444 3177 3491 et
3200 3434 3365 3493 hostis
3386 3434 3571 3491 elidat
3591 3429 3698 3486 md.

2192 3517 2261 3572 Et
2285 3534 2407 3574 cum
2438 3536 2562 3597 raro
2589 3521 2894 3581 inveniatur
2922 3524 3011 3592 qui
3042 3538 3147 3593 pro
3167 3524 3319 3593 justo
3340 3534 3395 3583 et
3416 3527 3545 3583 hunc
3563 3522 3703 3579 sub!

2192 3610 2352 3674 mori,
2378 3610 2626 3669 Christus
2650 3629 2749 3683 pro
2780 3614 2964 3682 impiis
2989 3623 3237 3675 mortuus
3258 3625 3370 3673 est.
3399 3616 3535 3672 Inter
3553 3615 3701 3684 pistum

2190 3707 2245 3754 et
2268 3698 2467 3755 bonum
2494 3701 2597 3759 hoc
2620 3702 2802 3775 distat,
2827 3704 2951 3771 quia
2981 3704 3162 3773 justus
3205 3706 3280 3763 sit
3324 3707 3498 3763 studio
3518 3713 3566 3762 et
3594 3716 3703 3758 em-

2192 3788 2448 3844 citatione
2472 3791 2733 3848 virtutum
2763 3811 2776 3847 :
2804 3794 2881 3851 sic
2915 3794 3092 3849 sancti
3118 3805 3416 3867 martyres;
3446 3798 3597 3855 bonus
3615 3808 3702 3848 rem

2192 3878 2245 3933 in
2287 3880 2613 3948 innocentia,
2652 3883 2792 3938 sicut
2826 3894 2954 3939 sunt
2995 3885 3204 3956 parvuli
3230 3888 3324 3956 qui
3358 3889 3645 3945 inundantur
3666 3884 3701 3936 in

2190 3970 2534 4057 baptismate.
2569 3972 2751 4031 Potest
2771 3976 2938 4033 etiam
2963 3986 3019 4033 et
3040 3992 3141 4050 pro
3167 3994 3274 4037 uno
3318 3982 3490 4052 accitu
3514 3981 3703 4048 justum

2190 4065 2383 4121 bonus.

2260 4164 2599 4227 Commendat
2636 4176 2809 4223 autem
2833 4167 2975 4227 Deus
2999 4187 3151 4229 suasit
3175 4172 3485 4229 auritum
3506 4173 3558 4227 is
3582 4167 3700 4227 κει,

2187 4262 2434 4332 quoniam
2478 4279 2596 4317 cum
2622 4263 2796 4325 adhuc
2823 4276 3116 4335 peccatores
3142 4282 3398 4333 minus,
3429 4271 3574 4323 id-est
3596 4273 3704 4319 antit-

2188 4370 2351 4426 quam
2373 4354 2918 4425 essemusjustiticati
2940 4372 3040 4429 per
3059 4361 3241 4425 tidem,
3262 4361 3539 4417 secundum
3557 4369 3704 4425 tempus

2188 4446 2425 4511 Christus
2461 4465 2556 4520 pro
2596 4449 2745 4509 uobis
2768 4461 3013 4509 ustor-tuus
3037 4464 3133 4509 est.
3166 4454 3247 4509 Ad
3270 4456 3401 4526 quid
3426 4450 3704 4511 columem!“

2189 4538 2331 4611 Deus
2360 4554 2511 4593 suam
2541 4539 2866 4605 maritatam
2896 4543 2952 4599 in
2987 4545 3177 4600 nobis?
3205 4545 3272 4600 Ut
3311 4546 3458 4603 illum
3491 4544 3705 4598 imitemur

2187 4649 2252 4692 eo
2299 4634 2457 4701 modo
2492 4651 2602 4709 quo
2633 4637 3171 4705 superiusdiximus.
3203 4640 3371 4696 Multo
3409 4640 3567 4710 agis
3588 4635 3704 4705 ἄρα

508 4694 787 4786 impietas,
830 4729 913 4775 est
941 4694 1312 4797 irreligiosi-tas
1347 4742 1377 4780 a
1433 4742 1537 4796 qua
1579 4694 1731 4784 venit
1772 4729 1998 4800 impius,
2032 4732 2085 4788 id
2109 4694 2459 4796 Djmliﬁcali
2498 4694 2636 4793 dum:
2682 4694 2774 4798 tier
2812 4733 3119 4801 sanguinem
3160 4735 3355 4801 ipsius,
3400 4694 3525 4789 soliti
3557 4730 3703 4784 sum”

508 4818 590 4864 est
630 4810 981 4885 irreligiosus.
1021 4813 1193 4871 Tanta
1222 4816 1326 4873 fuit
1350 4818 1599 4890 Charitas.
1631 4818 1851 4887 Christi,
1887 4831 1943 4887 ut
1977 4838 2084 4881 non

504 4899 678 4955 solum
719 4917 818 4973 pro
864 4904 969 4961 illis
1010 4908 1100 4977 qui
1146 4910 1549 4982 comparatione
1596 4914 1949 4983 reprohorum
1999 4930 2084 4979 re:

506 4990 677 5061 ligiosi
728 5005 923 5062 erant,
958 4998 1057 5054 sed
1079 5000 1241 5055 etiam
1269 5017 1369 5071 pro
1396 5002 1575 5071 impiis
1600 5017 1903 5065 moreretur
1945 5023 2085 5078 quos

504 5091 689 5152 postea
712 5100 810 5156 per
837 5089 992 5144 [idem
1023 5106 1175 5145 suam
1188 5092 1367 5163 justos
1391 5094 1535 5150 fecit.
1568 5096 1731 5151 istam
1759 5100 2081 5155 charitatem

504 5174 659 5228 nobis
682 5182 1097 5246 commendavit,
1122 5192 1180 5236 ut
1208 5184 1352 5239 illam
1379 5186 1737 5256 imitaremur,
1763 5192 1900 5249 sicut
1923 5192 2084 5248 disci-

504 5265 644 5334 pulis
686 5267 842 5335 dixit,
880 5272 1093 5339 quando
1128 5273 1259 5331 lavit
1306 5277 1469 5346 pedes
1512 5295 1719 5335 eorum.
1772 5281 2085 5352 Exemplum

505 5354 796 5429 (inquiens)
820 5361 939 5415 dedi
976 5363 1133 5428 vobis,
1161 5376 1216 5419 ut
1245 5369 1422 5437 qualia
1463 5371 1605 5425 vobis
1650 5371 1819 5437 facio,
1851 5374 1974 5429 talia
2005 5374 2085 5430 fa-

506 5447 662 5536 ciatis
691 5446 873 5519 (Joan.
904 5454 1043 5523 xm),
1076 5455 1127 5509 id
1170 5468 1253 5514 est
1287 5460 1424 5515 sicut
1457 5475 1556 5532 ego
1578 5463 1733 5518 vobis
1762 5464 1865 5519 lavi
1891 5467 2077 5536 pedes,

505 5534 577 5587 ita
609 5545 664 5589 et
688 5552 780 5591 vos
807 5540 1123 5599 alterutrum
1149 5561 1162 5601 :
1184 5557 1239 5601 et
1267 5548 1409 5605 sicut
1435 5566 1535 5623 ego
1555 5568 1653 5622 pro
1676 5554 1830 5610 vobis
1848 5534 2079 5613 animam

509 5638 682 5679 meam
718 5642 823 5682 non
854 5628 1043 5689 dubito
1072 5651 1291 5704 ponere,
1326 5639 1397 5693 ita
1439 5650 1492 5694 et
1536 5656 1631 5697 vos
1660 5659 1766 5699 non
1802 5645 2078 5713 dubitetis,

506 5729 680 5785 neque
721 5732 822 5789 pro
864 5734 979 5787 me,
1030 5739 1202 5793 neque
1244 5743 1342 5797 pro
1385 5729 1669 5798 fratribus,
1705 5735 1751 5789 si
1788 5738 2083 5797 necessitas

505 5804 669 5865 fuerit
707 5826 871 5866 causa
902 5816 1103 5869 amoris
1143 5819 1245 5874 mei
1282 5820 1490 5877 animas
1518 5839 1733 5893 ponere.
1771 5827 1921 5896 Quod
1952 5845 2078 5884 vero

507 5899 637 5967 dicit
694 5901 983 5974 Apostolus
1028 5905 1302 5967 Christum
1350 5916 1639 5973 secundum
1702 5928 1910 5993 tempus
1960 5938 2081 5979 esse

2187 4817 2251 4891 qb
2286 4817 2368 4873 ira
2401 4834 2494 4889 per
2527 4819 2720 4889 ipsum,
2754 4819 2809 4875 Si
2837 4836 2959 4877 cum
2984 4810 3293 4892 peccatores
3317 4835 3568 4887 mann,
3592 4815 3705 4874 Chli-

2186 4918 2300 4964 stus
2325 4926 2423 4981 pro
2449 4911 2604 4969 nobis
2628 4912 2880 4985 dignatus
2904 4924 2988 4970 est
3030 4917 3187 4982 mori,
3226 4919 3401 4974 multo
3440 4916 3596 4987 magis
3622 4912 3702 4982 jam

2187 5004 2561 5063 remissionem
2597 5018 2944 5076 peccaton
2974 5010 3234 5065 habentes
3268 5011 3324 5066 in
3353 5010 3596 5080 sanguine
3616 5015 3704 5073 pa!-

2186 5096 2354 5151 sionis
2382 5097 2516 5168 ejus,
2549 5107 2607 5159 et
2634 5098 2917 5167 iustiﬁcati
2945 5116 3043 5171 per
3068 5102 3227 5156 [idem
3267 5102 3401 5157 salvi
3429 5102 3612 5157 erimus
3634 5106 3701 5163 per

2185 5186 2462 5247 Christum
2484 5190 2554 5249 ab
2580 5191 2687 5258 ira,
2709 5191 2763 5249 id
2785 5201 2871 5248 est
2894 5194 3131 5251 vindicta
3151 5195 3261 5252 diei
3282 5196 3467 5267 judieii
3487 5206 3594 5265 quae
3609 5201 3695 5240 vcn-

2186 5288 2306 5343 Lﬂl‘a
2331 5288 2414 5335 est
2440 5281 2705 5351 mprobis.
2739 5283 2893 5340 Licet
2918 5294 3099 5342 autem
3124 5288 3362 5358 legamus
3390 5286 3635 5358 plerisque
3664 5279 3701 5333 in

2184 5371 2317 5428 locis
2359 5375 2782 5443 omnipotentem
2821 5378 2987 5433 Deum
3023 5379 3161 5434 iram
3203 5379 3421 5445 habere,
3456 5392 3552 5432 non
3577 5371 3701 5428 delc

2185 5479 2305 5519 mus
2326 5472 2519 5534 putare
2535 5466 2680 5536 quod
2710 5467 2764 5521 in
2792 5467 2940 5523 illum
2961 5471 3120 5524 cadat
3134 5469 3238 5524 ulls
3254 5469 3588 5541 perturbatio,
3609 5459 3698 5532 φάει

2188 5556 2304 5625 ipse
2325 5570 2537 5625 semper
2561 5557 2704 5617 idem
2734 5567 2918 5614 manet
2937 5558 3091 5626 juxta
3118 5561 3260 5629 quod
3281 5560 3553 5616 Pssimists
3571 5549 3698 5608 dicit:

2192 5644 2269 5703 Tu
2304 5661 2521 5717 semper
2543 5648 2682 5713 idem
2707 5648 2816 5719 ipse
2847 5666 2901 5722 es
2930 5647 3105 5723 (Psal.
3135 5652 3231 5723 Cl),
3262 5652 3361 5717 sed
3388 5650 3466 5705 ira
3493 5646 3615 5702 illius
3634 5652 3699 5706 ap-

2188 5737 2415 5806 pellatur
2437 5739 2669 5793 vindicta
2693 5750 2747 5793 et
2769 5739 2898 5793 ultio
2926 5740 3113 5809 ipsius,
3142 5758 3303 5812 quam
3329 5741 3413 5797 ille
3440 5740 3546 5795 sine
3563 5732 3698 5797 alii!“a

2189 5830 2545 5885 mutabilitate
2571 5839 2807 5897 exercet,
2835 5834 3127 5891 secundum
3166 5835 3308 5903 quod
3337 5835 3386 5889 ei
3424 5825 3698 5900 sapientisst‘

2190 5938 2307 5976 ntus
2333 5932 2517 5977 orator
2540 5923 2670 5985 dicit
2695 5940 2711 5976 ;
2741 5921 2818 5993 Tu
2846 5933 3044 5990 autem,
3070 5925 3295 5985 Domine
3336 5920 3553 5980 Samii
3570 5956 3584 5981 ι
3609 5922 3696 5966 ⁸⁸³⁸

3832 6312 3833 6329 ι

3831 6338 3833 6362 l
