3936 6438
572 470 676 528 407

1085 467 1434 526 HAYMONIS
1469 465 1950 523 HALBERSTAT.
1989 465 2205 524 EPISC.
2247 465 2398 524 OPP.
2435 465 2618 522 PARS
2654 466 2695 523 l.
2723 495 2798 508 —
2831 467 3184 525 COMMENT.
3219 469 3385 526 BIBL.

3669 481 3743 540 m8

573 565 808 658 paratbsi
825 586 1062 650 comede,
1080 584 1145 639 de
1168 583 1312 656 ligno
1337 593 1517 641 autem
1540 585 1781 640 scientiae
1800 584 1928 639 boni
1947 591 2002 638 et
2024 583 2149 639 mali
2181 584 2228 644 Α
2255 597 2420 637 unum
2451 590 2786 652 peccantem,
2814 583 2870 638 id
2895 591 2980 640 est
3013 598 3113 654 per
3134 583 3326 651 Adam,
3353 587 3493 643 venit
3519 603 3674 648 mors:
3694 596 3746 651 ita

573 697 642 737 nc
673 679 944 742 comedas,
973 686 1076 732 ctc.
1101 672 1249 746 (Gen.
1279 677 1364 750 tt).
1389 675 1485 732 Ille
1505 693 1635 733 vero
1665 677 1719 732 in
1749 677 2150 732 similitudinem

570 772 701 827 Adae
714 786 818 826 non
834 777 1040 840 peccat,
1055 769 1146 838 qui
1168 749 1343 840 neque
1358 769 1532 841 legem
1543 770 1842 824 naturalem
1862 769 2042 834 habet,
2058 784 2154 824 nc-

571 877 676 932 que
722 874 844 915 cum
889 859 1066 913 studio
1113 869 1319 928 peccat.
1366 859 1469 926 Qui
1499 870 1574 915 est
1616 861 1787 931 forma
1821 861 2007 930 futuri.
2039 859 2152 914 Hoc

569 951 852 1020 tripliciter
871 958 1050 1020 potest
1072 950 1298 1022 intelligi
1322 970 1334 1005 :
1360 951 1532 1006 Adam
1555 953 1644 1022 qui
1672 961 1949 1022 peccatum
1971 951 2153 1007 attulit

568 1042 790 1107 mundo,
817 1041 1095 1110 exemplar
1133 1042 1246 1096 sive
1275 1041 1448 1098 forma
1476 1051 1560 1097 est
1605 1043 1769 1097 futuri
1799 1040 1949 1106 Adae,
1981 1042 2036 1096 id
2069 1049 2152 1096 est

567 1130 789 1197 Christi,
819 1132 944 1202 quia
970 1133 1109 1190 sicut
1139 1148 1204 1188 ex
1230 1132 1438 1204 virgine
1461 1141 1606 1188 terra
1629 1133 1719 1188 ille
1747 1132 1922 1190 factus
1941 1139 2041 1198 est,
2075 1133 2152 1188 ita

567 1222 818 1280 Christus
846 1237 915 1278 ex
937 1224 1144 1294 virgine
1179 1223 1344 1278 Maria
1375 1232 1534 1278 natus
1561 1231 1662 1278 est.
1689 1222 1788 1279 Vel
1815 1239 1846 1278 a
1876 1222 2151 1278 contraria

567 1323 745 1388 parte,
771 1315 928 1370 aliter
952 1315 1216 1386 accipitur
1239 1323 1402 1386 caput
1427 1316 1664 1386 peccati,
1692 1314 1850 1370 aliter
1873 1322 2032 1384 caput
2065 1311 2152 1382 ju-

569 1409 735 1465 stitiae
759 1426 772 1462 :
805 1409 930 1479 quia
958 1409 1096 1464 sicut
1119 1407 1290 1464 Adam
1312 1417 1594 1480 peccatum
1621 1406 1801 1463 attulit
1819 1414 1876 1462 et
1895 1415 2148 1471 mortem,

567 1503 644 1559 ita
674 1503 924 1560 Christus
945 1501 1382 1573 iustiﬁcationem
1422 1513 1477 1559 et
1504 1505 1689 1559 vitam.
1731 1503 1903 1558 Aliter
1932 1523 1945 1558 :
1975 1501 2034 1558 Si
2074 1504 2153 1559 sic

568 1595 886 1659 dixerimus,
916 1595 1008 1666 qui
1040 1603 1124 1650 est
1160 1595 1337 1650 forma
1362 1594 1576 1662 futuris,
1609 1604 1668 1649 ut
1694 1595 1912 1665 quidam
1939 1594 2152 1650 codices

567 1686 792 1754 habent,
823 1689 928 1743 erit
967 1704 1160 1744 sensus
1188 1705 1204 1744 :
1246 1689 1534 1761 Exemplar
1567 1698 1650 1744 est
1693 1688 1890 1746 futuris
1921 1689 2153 1761 posteris

567 1777 681 1833 suis
715 1779 770 1834 in
793 1790 1048 1850 peccato,
1075 1781 1201 1851 quia
1229 1783 1370 1837 sicut
1406 1781 1495 1838 ille
1529 1790 1784 1852 peccator
1810 1789 1867 1838 et
1908 1781 2154 1838 mortalis

567 1870 799 1936 exstitit,
828 1871 901 1925 ita
935 1887 1125 1928 omnes
1151 1873 1354 1944 posteri
1397 1872 1513 1942 ejus
1561 1881 1876 1943 peccatores
1918 1882 1975 1930 et
2006 1888 2153 1929 mor-

2253 681 2308 727 et
2335 673 2535 728 donum
2563 673 2751 742 gratiae
2785 674 2937 730 venit
2963 690 3060 745 per
3081 673 3376 731 Christum.
3403 677 3532 734 Nam
3549 681 3746 750 judicia-

2252 762 2459 829 quidem
2485 778 2550 817 ea:
2590 779 2696 816 uno
2724 764 2780 818 in
2819 763 3297 820 condemnationem
3315 806 3331 831 ,
3357 768 3514 837 gratia
3544 780 3684 828 autem
3704 791 3747 828 es

2253 855 2434 910 multis
2464 855 2670 910 delictis
2698 856 2754 908 in
2781 856 3237 926 justiﬁcationem.
3268 857 3542 926 Iudicium,
3572 863 3664 919 sive
3684 867 3748 921 da-

2253 948 2474 1011 mnatio,
2499 963 2567 1002 ex
2588 963 2696 1002 uno
2723 948 2960 1014 homine,
2975 948 3172 1016 Adam,
3186 948 3270 1005 vel
3288 967 3393 1006 uno
3412 963 3608 1023 peccato
3629 957 3746 1028 origi-

2253 1037 2362 1092 nali
2399 1039 2546 1093 venit
2589 1039 2644 1093 in
2673 1039 3176 1096 condemnationem
3221 1043 3457 1098 omnium
3498 1045 3744 1104 hominum:

2257 1129 2434 1198 gratia
2463 1137 2642 1186 autem
2673 1129 2872 1185 Christi
2902 1145 3008 1200 qua
3074 1133 3230 1188 nobis
3271 1134 3438 1204 gratis
3485 1136 3747 1193 dimittuntur

2265 1237 2520 1300 peccata,
2559 1229 2612 1284 in
2644 1226 3087 1298 justiﬁeationem
3121 1229 3359 1286 fidelium
3385 1232 3525 1287 venit
3543 1248 3600 1288 ex
3618 1234 3746 1291 multis

2253 1319 2461 1377 delictis
2499 1336 2618 1392 quae
2660 1330 2784 1391 post
2825 1321 3088 1392 originale
3130 1331 3411 1391 peccatum
3441 1323 3600 1379 addita
3649 1335 3744 1381 sunt.

2253 1411 2322 1466 Et
2354 1419 2437 1467 est
2471 1426 2702 1468 sensus:
2737 1411 3022 1468 Damnatio
3053 1412 3202 1468 venit
3241 1427 3451 1469 eruno
3477 1414 3674 1482 homine,
3693 1418 3747 1471 vel

2252 1521 2362 1562 uno
2391 1513 2615 1577 peccato
2655 1505 2937 1577 originali,
2980 1507 3034 1560 in
3080 1506 3568 1563 condemnationem
3600 1511 3747 1580 generis

2252 1595 2496 1661 humani,
2523 1595 2696 1666 gratia
2721 1603 2897 1650 autem
2919 1593 3122 1651 Christi
3149 1595 3298 1651 venit
3321 1597 3373 1651 in
3396 1595 3747 1666 justiﬁestionem

2252 1688 2544 1743 electorum
2575 1703 2638 1743 ex
2672 1687 2856 1743 multis
2881 1689 3114 1753 delictis,
3146 1689 3200 1744 id
3230 1697 3316 1744 est
3347 1689 3415 1744 ad
3438 1689 3692 1755 hoevenit,
3712 1702 3747 1744 ut

2253 1795 2362 1836 non
2391 1779 2565 1836 solum
2595 1780 2665 1836 ab
2693 1781 2784 1836 illo
2814 1795 2924 1836 uno
2956 1781 3228 1852 originali,
3251 1781 3348 1837 sed
3376 1782 3530 1838 etiam
3553 1783 3608 1838 ab
3629 1784 3746 1837 omni-

2252 1873 2355 1929 bus
2382 1873 2680 1929 actualibus
2707 1888 2808 1929 nos
2831 1872 3158 1942 justiﬁearet
3185 1893 3199 1928 :
3234 1875 3462 1946 ideoque
3503 1875 3636 1930 aliter
3651 1875 3746 1929 venit

568 1958 704 2014 tales
736 1961 848 2014 nati
877 1971 1001 2016 sunt
1025 1970 1080 2016 et
1102 1971 1398 2018 nascuntur
1415 1965 1673 2034 quotidie,
1699 1967 2014 2023 transducto
2041 1966 2152 2022 ori-
2179 1966 2231 2028 Β
2253 1971 2557 2034 peccatum,
2592 1963 2750 2018 aliter
2788 1965 2979 2035 gratia.
3020 1963 3508 2032 Considerandum,
3541 1967 3643 2036 quia
3669 1982 3746 2022 cum

567 2050 730 2121 ginali
749 2061 971 2122 peccato
999 2053 1052 2108 in
1067 2063 1336 2124 posteros,
1359 2062 1419 2108 ut
1434 2056 1623 2111 beatus
1643 2055 1976 2126 Augustinus
1997 2057 2148 2124 dicit,

567 2158 667 2214 per
711 2146 1207 2217 concupiscentiam
1253 2147 1426 2202 coitus
1450 2187 1465 2213 ,
1504 2146 1600 2200 sed
1641 2161 1740 2218 per
1781 2148 2012 2219 gratiam
2050 2148 2149 2204 Do-

569 2237 700 2292 mini
716 2237 887 2293 nostri
907 2235 1035 2295 Jesu
1050 2237 1253 2295 Christi
1285 2240 1585 2296 liberantur
1597 2256 1626 2296 a
1641 2242 1880 2311 peccatis
1899 2251 1956 2298 et
1977 2251 2152 2299 morte

569 2337 802 2385 :eterna:
835 2331 975 2386 sicut
1002 2331 1144 2386 enim
1172 2331 1347 2387 nullus
1383 2333 1544 2388 homo
1575 2343 1727 2388 extra
1752 2333 1957 2399 Adam,
1987 2335 2039 2390 id
2069 2343 2152 2390 est

567 2430 725 2477 extra
761 2423 1074 2494 progeniem
1113 2422 1285 2490 illius,
1328 2425 1404 2479 ita
1453 2425 1630 2480 nullus
1672 2434 1825 2482 extra
1870 2439 2152 2497 peccatum

568 2512 715 2569 illius
742 2522 937 2585 praeter
964 2513 1259 2571 Christum.

643 2603 750 2661 Sed
785 2623 889 2661 non
913 2609 1048 2661 sicut
1077 2607 1340 2672 delictum,
1369 2609 1530 2676 Adae,
1564 2611 1638 2665 ita
1662 2620 1710 2666 et
1736 2611 1930 2667 donum
1955 2613 2156 2683 justiﬁ-

569 2700 812 2764 cationis,
842 2700 945 2757 hoc
966 2711 1050 2757 est
1076 2701 1251 2771 majus
1271 2702 1372 2758 fuit
1397 2704 1595 2760 donum
1622 2705 1842 2772 Christi,
1865 2723 1974 2777 quo
1998 2708 2156 2763 nobis

567 2791 816 2848 remissio
838 2801 1186 2864 peccatorum
1208 2795 1376 2862 venit,
1397 2812 1560 2867 quam
1581 2809 1863 2867 peccatum
1885 2799 2033 2865 Adae,
2059 2816 2158 2870 per

569 2881 714 2950 quod
755 2883 902 2938 venit
945 2898 1111 2939 mors.
1139 2885 1207 2939 Et
1247 2885 1368 2955 plus
1403 2887 1687 2956 prmvaluit
1709 2888 1919 2959 justitia
1956 2888 2154 2946 Christi

569 2973 622 3028 in
647 2972 1016 3041 justilicando,
1053 2991 1214 3046 quam
1241 2987 1525 3048 peccatum
1552 2979 1682 3036 Adae
1723 2981 1780 3035 in
1815 2981 2106 3038 occidendo
2140 3001 2154 3038 :

569 3065 823 3138 quoniam
867 3066 921 3122 in
952 3067 1040 3122 his
1069 3069 1162 3139 qui
1200 3083 1297 3139 per
1321 3068 1593 3126 Christum
1625 3071 1988 3137 redimuntur,
2016 3081 2155 3128 tem-

567 3155 828 3225 poraliter
854 3156 1186 3214 valetforma
1216 3161 1405 3216 mortis
1433 3177 1500 3216 ex
1519 3160 1690 3217 Adam
1730 3181 1742 3216 :
1776 3162 1949 3218 forma
1978 3174 2160 3219 autem

567 3251 691 3305 vita:
717 3250 917 3306 valebit
941 3252 995 3306 in
1015 3261 1276 3308 aeternum
1301 3254 1708 3324 perChristum.
1741 3255 1805 3310 Si
1838 3257 1976 3311 enim
2001 3257 2157 3311 unius

2253 2053 2387 2109 dicit
2407 2053 2673 2124 judicium
2697 2054 2882 2110 venire
2913 2068 2982 2110 ex
3024 2069 3133 2110 uno
3161 2055 3382 2111 homine
3425 2056 3480 2111 in
3505 2056 3744 2112 condemna-

2255 2146 2479 2212 tionem,
2509 2145 2752 2216 loquitur
2773 2153 2962 2201 contra
2997 2144 3337 2217 Pelagianos,
3365 2145 3455 2216 qui
3489 2153 3655 2215 negant
3679 2146 3746 2200 oti-

2255 2237 2433 2310 ginale
2461 2245 2744 2307 peceatum
2776 2237 2914 2292 trahi
2948 2237 3016 2291 ab
3044 2235 3343 2293 infantibus
3366 2237 3564 2307 quando
3586 2251 3746 2292 nascim-

2252 2339 2363 2396 tur,
2389 2331 2630 2387 dicentes
2660 2348 2673 2386 :
2707 2331 2832 2401 quia
2858 2346 2964 2386 non
2991 2346 3091 2403 per
3113 2332 3377 2404 originem
3406 2331 3523 2387 illud
3549 2338 3746 2403 peccatum

2255 2427 2511 2491 trahitur,
2540 2426 2634 2481 sed
2657 2439 2754 2496 per
2800 2425 3179 2491 imitationem,
3209 2427 3360 2497 quod
3392 2427 3592 2483 omnino
3617 2425 3745 2480 falsum

2254 2527 2357 2575 est.
2402 2519 2460 2573 Si
2499 2519 2644 2574 enim
2690 2519 2768 2573 ita
2806 2526 2988 2584 esset,
3017 2527 3075 2572 ut
3103 2518 3177 2573 illi
3207 2518 3467 2584 delirant,
3498 2530 3744 2588 nequaquam

2253 2611 2514 2666 Dominus
2539 2623 2794 2680 expresse
2826 2611 2880 2665 in
2909 2610 3201 2681 Evangelio
3231 2609 3475 2665 diceret:
3503 2607 3555 2663 Si
3572 2609 3662 2678 quis
3682 2623 3744 2659 non

2256 2711 2467 2756 renatus
2504 2701 2658 2770 fuerit
2685 2717 2750 2756 ex
2775 2717 2913 2774 aqua
2943 2710 2992 2756 et
3023 2700 3224 2772 Spiritu
3262 2711 3466 2766 sancto,
3490 2716 3582 2754 non
3601 2697 3744 2751 intrabit

2255 2794 2310 2847 in
2357 2808 2568 2863 regnum
2615 2791 2860 2847 calorum
2909 2791 3092 2863 (Joan.
3142 2792 3256 2864 ιιι).
3305 2793 3364 2848 In
3409 2791 3570 2848 Veteri
3605 2801 3744 2859 quoque

2259 2881 2606 2938 Testamento
2658 2897 2998 2953 nequaquam
3051 2883 3261 2940 diceret
3307 2903 3320 2938 :
3373 2881 3616 2938 Masculus
3651 2877 3744 2946 «ﬁt

2259 2989 2380 3028 caro
2422 2973 2728 3028 circumcisa
2770 2990 2876 3029 non
2916 2974 3107 3044 fuerit,
3153 2975 3344 3046 peribit
3382 2975 3445 3029 de
3486 2972 3645 3045 popqu
3672 2983 3743 3029 tuo.

2258 3066 2382 3138 quia
2410 3075 2621 3136 pactum
2650 3082 2823 3122 meum
2847 3068 3057 3122 irritum
3085 3068 3208 3138 fecit
3237 3065 3396 3139 (Gen.
3425 3066 3569 3134 xvii),
3595 3079 3673 3120 non
3689 3074 3745 3131 per

2260 3172 2339 3222 se,
2369 3157 2464 3213 sed
2491 3157 2546 3211 in
2571 3166 2725 3228 patre
2755 3172 2853 3214 suo
2875 3157 3046 3212 Adam
3074 3158 3130 3213 in
3156 3159 3431 3229 paradiso.

2336 3247 2398 3303 Si
2433 3249 2571 3302 enim
2606 3248 2763 3304 unius
2803 3249 3028 3304 hominis
3071 3249 3260 3304 delicto
3290 3267 3442 3305 -mors
3480 3249 3667 3320 regnarit
3694 3261 3747 3314 per

569 3342 819 3410 hominis,
842 3343 994 3408 Adae,
1020 3341 1208 3399 delicto
1233 3345 1404 3414 multi,
1429 3346 1483 3401 id
1507 3356 1591 3401 est
1617 3347 1798 3414 electi,
1821 3350 2015 3403 mortui
2036 3360 2155 3404 sunt
2183 3327 2229 3390 C
2261 3357 2426 3396 unum
2444 3382 2460 3406 .
2487 3341 2650 3395 multo
2685 3342 2853 3412 magis
2886 3342 3210 3397 abundantia
3247 3339 3697 3414 graliw'dowiolﬁ
3719 3347 3745 3389 εί

571 3433 961 3504 temporaliter,
995 3435 1159 3489 multo
1188 3438 1354 3506 magis
1385 3439 1558 3508 gratia
1596 3437 1716 3505 Dei,
1740 3454 1846 3510 qua
1875 3441 2032 3496 nobis
2071 3442 2157 3496 di-

571 3522 858 3577 mittuntur
879 3532 1120 3594 peccata,
1145 3535 1194 3579 et
1224 3526 1416 3580 donum
1446 3525 1681 3596 Spiritus
1709 3531 1881 3584 sancti
1907 3531 1965 3585 in
1986 3531 2157 3602 gratia

571 3615 730 3670 unius
751 3616 976 3670 hominis
1003 3615 1133 3672 Jesu
1159 3615 1354 3673 Christi
1381 3618 1435 3674 in
1464 3619 1640 3690 plures
1669 3621 1974 3678 abundavit.
2006 3623 2158 3680 Multi

571 3715 630 3762 et
655 3708 836 3777 plures
880 3709 948 3765 ad
974 3708 1175 3766 electos
1204 3710 1531 3780 referuntur,
1562 3728 1663 3770 nec
1688 3723 1772 3770 est
1803 3717 2156 3786 comparatio,

573 3801 717 3871 quod
739 3801 869 3858 dicit
895 3802 1096 3874 plures,
1126 3803 1252 3875 quia
1283 3803 1466 3876 plures
1493 3814 1620 3861 sunt
1647 3806 1859 3878 reprobi
1889 3809 1982 3879 qui
2007 3809 2160 3864 dam-

573 3893 865 3961 nabuntur,
891 3911 1050 3965 quam
1079 3896 1187 3952 sint
1205 3894 1338 3966 justi
1359 3898 1452 3968 qui
1481 3899 1852 3966 salvabuntur,
1881 3902 1976 3957 sed
2003 3904 2160 3958 abso-

574 3986 684 4043 lute
708 3989 944 4060 positum
969 4001 1070 4045 est.
1099 3989 1362 4063 Jungatur
1385 4001 1440 4047 et
1474 3992 1579 4048 hoc
1607 3994 1768 4050 modo
1797 4013 1810 4049 :
1841 3992 1900 4051 Si
1938 4003 2160 4065 propter

573 4080 732 4136 unius
769 4081 1004 4138 hominis
1031 4081 1286 4138 delictum
1308 4082 1466 4150 Ade,
1497 4099 1602 4138 non
1637 4084 1808 4140 solum
1847 4085 2063 4155 reprobi
2105 4093 2164 4140 et.

572 4172 799 4228 nimium
843 4182 1190 4243 peccatores,
1238 4175 1332 4230 sed
1381 4175 1546 4230 etiam
1589 4175 1748 4231 electi
1794 4177 1990 4232 mortui
2034 4184 2162 4246 sunt

575 4265 946 4334 temporaliter
967 4281 1209 4336 corpore,
1239 4281 1348 4323 non
1371 4269 1573 4335 anima,
1597 4269 1767 4324 multo
1795 4271 1967 4342 magis
1990 4271 2161 4326 abun-

2249 3434 2476 3504 justitite
2505 3433 2815 3505 accipientes
2844 3435 2900 3490 in
2926 3435 3088 3490 vitam
3117 3437 3412 3507 regnabant
3445 3454 3531 3507 per
3558 3449 3682 3490 unus
3695 3429 3746 3484 lt-

2257 3544 2372 3583 sum
2400 3527 2682 3582 Christum.
2723 3527 2792 3582 Et
2821 3536 2908 3584 est
2950 3543 3140 3584 sensus
3168 3543 3184 3583 :
3222 3527 3283 3585 Si
3318 3545 3418 3601 pro
3450 3528 3620 3586 delicto
3650 3523 3748 3579 unius

2257 3619 2494 3676 hominis
2521 3618 2830 3690 Adae,quod
2861 3635 2962 3690 per
2982 3635 3149 3675 unum
3169 3619 3446 3677 hominem
3474 3620 3620 3675 Adam
3642 3613 3746 3684 venit,

2259 3730 2407 3771 mors
2437 3715 2682 3786 corporis
2712 3724 2768 3771 et
2796 3715 2988 3769 animae
3013 3715 3264 3784 regnavit
3293 3703 3748 3784 temporaliter,etad

2259 3818 2471 3880 tempus
2500 3809 2553 3864 in
2581 3809 2770 3866 electis
2797 3808 2967 3865 multo
3003 3809 3175 3881 magis
3216 3811 3516 3880 regnabant
3538 3807 3603 3863 illi
3626 3804 3666 3859 in
3685 3801 3748 3853 riu

2259 3907 2485 3964 aeterna,
2515 3899 2840 3970 accipientes
2877 3913 2976 3968 per
3011 3897 3196 3954 Iesum
3237 3897 3511 3955 Christum
3553 3890 3746 3952 abundan—
3829 3890 3831 3970 l

2261 3991 2392 4046 tiam
2413 4031 2428 4057 ,
2478 3989 2531 4045 id
2575 3999 2659 4046 est
2698 3989 3085 4062 plenitudinem
3112 3991 3336 4060 gratiae,
3361 4005 3469 4061 qua
3501 3985 3748 4045 dimittuntur

2260 4092 2506 4157 peccata,
2536 4091 2590 4139 et
2614 4083 3002 4153 plenitudinem
3036 4082 3453 4150 dominationis,
3485 4081 3536 4137 id
3569 4087 3636 4134 est
3665 4076 3749 4128 dona

2263 4173 2496 4247 Spiritus
2521 4175 2694 4231 sancti
2720 4190 2840 4245 quae
2867 4176 3052 4232 electis
3073 4175 3366 4242 donantur,
3388 4173 3586 4246 quando
3606 4164 3750 4225 illisdr
3827 4189 3829 4247 ι

2264 4279 2352 4324 tur
2379 4285 2476 4340 per
2499 4267 2760 4339 Spiritum
2788 4283 2968 4325 sermo
3003 4268 3285 4340 sapientiae
3307 4311 3322 4335 ,
3363 4277 3421 4324 et
3461 4274 3632 4324 cauta
3665 4260 3748 4313 dom

574 4357 720 4412 davit
744 4366 801 4412 et
829 4357 997 4412 crevit
1023 4358 1194 4430 gratia
1218 4357 1338 4424 Dei,
1359 4366 1413 4414 et
1437 4359 1636 4414 donum
1663 4375 1761 4430 per
1782 4361 2013 4432 gratiam
2033 4362 2160 4418 Jesu
2263 4361 2488 4432 singulis
2517 4361 2856 4427 dividuntur,
2900 4361 3228 4433 accipientes
3261 4361 3428 4418 etiam
3463 4353 3750 4431 plenitudinem
3826 4425 3827 4430 η

575 4447 775 4503 Christi
802 4448 856 4502 in
887 4447 1088 4518 plures,
1123 4449 1173 4504 id
1199 4458 1284 4505 est
1303 4450 1358 4505 in
1379 4451 1602 4519 electos,
1627 4452 1682 4509 in
1713 4452 1816 4508 hoc
1842 4454 1985 4509 enim
2017 4454 2159 4526 plus,
2257 4451 2504 4523 iustitiae,
2532 4451 2586 4507 id
2609 4461 2694 4508 est
2716 4466 2906 4508 omnes
2928 4453 3177 4520 virtutes,
3203 4460 3267 4508 ut
3292 4462 3418 4523 post
3440 4445 3655 4521 baptismi
3676 4457 3747 4512 gn-

576 4538 690 4595 sive
717 4538 886 4596 multo
925 4541 1095 4612 magis
1125 4541 1414 4597 abundavit
1457 4544 1662 4615 gratia,
1700 4545 1756 4600 id
1794 4553 1878 4600 est
1916 4547 2163 4603 remissio
2267 4544 2395 4598 tiam
2422 4541 2569 4612 juste
2603 4553 2896 4614 sancteque
2941 4543 3206 4601 vivamus.
3253 4543 3312 4600 Si
3357 4544 3499 4600 enim
3535 4538 3750 4597 moriunW

577 4637 926 4697 peccatorum
955 4630 1006 4684 in
1040 4629 1272 4700 electos,
1317 4647 1480 4703 quam
1508 4642 1788 4704 peccatum
1831 4650 1847 4690 :
1891 4636 2018 4706 quia
2053 4649 2159 4696 non
2186 4692 2236 4708 ﬁ
2264 4632 2420 4689 electi
2449 4629 2836 4704 temporaliter
2863 4644 3084 4707 propter
3109 4635 3374 4708 originale
3411 4637 3679 4706 peccatum.
3702 4633 3748 4674 ω’
3823 4673 3825 4706 ι

580 4721 753 4778 solum
805 4721 932 4778 illud
981 4733 1262 4795 peccatum
1306 4725 1593 4799 originale,
1643 4736 1864 4799 propter
1908 4729 2052 4799 quod
2105 4731 2160 4787 in

571 4825 809 4872 mortem
835 4819 1025 4875 animae
1051 4829 1106 4876 et
1133 4812 1377 4892 corporis
1404 4822 1640 4888 ruimus,
1671 4822 1766 4878 sed
1791 4823 1955 4878 etiam
1982 4824 2161 4893 omnia

577 4911 811 4967 actualia
842 4914 1060 4970 abstulit
1086 4915 1140 4970 in
1165 4915 1382 4981 electis,
1419 4924 1475 4971 et
1508 4915 1728 4987 insuper
1750 4916 1972 4973 donavit
1995 4918 2161 4975 vitam

577 5007 698 5064 sine
727 5006 834 5062 fine
861 5023 1196 5065 mansuram.
1808 5071 1811 5074 .

573 5135 578 5150 ..
655 5097 721 5154 Et
752 5117 855 5156 non
898 5103 1034 5156 sicut
1073 5118 1166 5172 per
1200 5117 1360 5162 unum
1385 5112 1673 5173 peccatum,
1705 5102 1965 5162 subaudis
1998 5103 2162 5174 origi-

579 5192 734 5259 nale,
757 5193 905 5248 venit
931 5208 1110 5258 mors,
1134 5194 1210 5247 ita
1245 5203 1295 5246 et
1325 5194 1540 5255 donum,
1573 5192 1826 5248 subaudis
1851 5177 2043 5263 gratiae
2060 5207 2157 5246 ve-

581 5286 693 5350 nit,
736 5286 879 5356 quod
918 5294 1000 5341 est
1044 5285 1226 5342 dicere
1259 5304 1272 5341 :
1313 5286 1484 5343 Aliter
1519 5293 1680 5354 atque
1724 5285 1792 5337 ad
1819 5282 1976 5338 .aliud
2012 5283 2162 5338 venit

583 5387 864 5446 peccatum
888 5377 1039 5443 Adae,
1067 5385 1122 5432 et
1147 5377 1302 5433 aliter
1329 5385 1488 5446 atque
1515 5375 1581 5429 ad
1617 5371 1760 5428 aliud
1785 5374 1930 5427 venit
1959 5373 2158 5428 donum

582 5465 802 5524 Christi.
843 5467 1130 5524 Peccatum
1175 5468 1320 5526 enim
1358 5467 1487 5522 Adae
1525 5467 1672 5522 venit
1711 5479 1813 5539 per
1852 5461 2158 5519 inobedien-

587 5558 717 5616 tiam
743 5567 800 5614 ut
827 5569 1056 5617 mortem
1086 5558 1301 5616 aﬂ‘erret
1325 5577 1340 5612 :
1368 5559 1565 5614 donum
1595 5565 1774 5612 autem
1796 5557 1982 5628 gratim
2005 5553 2161 5610 Chri-

583 5650 651 5706 sti
694 5650 842 5707 venit
904 5666 1000 5723 per
1028 5650 1390 5707 obedientiam
1426 5670 1437 5705 :
1473 5667 1576 5720 qua
1613 5645 1869 5706 obediens
1915 5648 2018 5704 fuit
2051 5650 2161 5704 Deo

495 5789 499 5796 .
582 5740 730 5800 Patri
777 5753 834 5799 ut
892 5759 998 5798 non
1051 5744 1222 5800 solum
1273 5742 1569 5814 originale,
1620 5741 1711 5798 sed
1768 5741 1932 5796 etiam
1981 5743 2161 5796 omnia

584 5835 814 5890 actualia
863 5835 1116 5890 auferret.
1162 5835 1300 5902 Quid
1358 5835 1610 5891 delictum
1659 5834 1820 5889 fuerit
1865 5850 1960 5904 per
1996 5851 2160 5889 unum

585 5934 918 5993 peccantem,
952 5929 1025 5983 ita
1059 5929 1162 5982 erit
1193 5927 1613 5998 intelligendum.
1655 5928 1721 5983 Et
1757 5943 1863 5982 non
1894 5928 2033 5984 sicut
2067 5942 2164 5998 per

2266 4741 2389 4782 men
2431 4742 2530 4798 per
2568 4727 2796 4798 gratiam
2831 4726 3033 4784 Christi
3067 4728 3342 4800 accipiunt
3365 4729 3525 4784 vitam
3559 4717 3750 4788 sentit?"

2266 4835 2416 4886 nam,
2449 4819 2540 4876 ubi
2573 4821 2876 4891 regnabunt
2900 4837 3024 4877 cum
3052 4821 3191 4893 ipso.

2337 4907 2511 4982 Igitur
2535 4912 2669 4965 sicut
2711 4928 2803 4982 per
2825 4911 2986 4965 unius
3031 4910 3274 4966 delictum
3317 4909 3376 4964 in
3412 4921 3576 4965 omnes
3597 4897 3750 4958 Ιιοιιὶιίι

2264 5001 2320 5056 in
2345 5001 2827 5060 condemnationem
2853 5006 3066 5071 mortis,
3089 5006 3165 5059 sic
3194 5021 3287 5075 per
3306 5005 3466 5059 unius
3491 4993 3700 5072 justiti“
3721 4991 3749 5037 ll

2267 5111 2444 5149 omnes
2487 5093 2811 5172 homines'in
2843 5095 3275 5168 justiﬁcationem
3313 5097 3461 5162 vitae,
3499 5092 3550 5148 id
3573 5096 3642 5144 est
3665 5083 3750 5137 εἷται

2264 5201 2361 5258 per
2408 5185 2570 5244 unius
2619 5177 2852 5244 hominis
2887 5187 3138 5244 delictum
3178 5189 3232 5242 in
3260 5201 3449 5242 omnes
3474 5182 3680 5240 homines
3695 5186 3733 5240 ετ
3819 5197 3821 5258 Ι

2266 5279 2524 5335 neraliter
2559 5283 2612 5335 in
2655 5279 3154 5336 condemnationem
3181 5281 3329 5336 venit
3371 5293 3516 5336 mors
3547 5283 3594 5330 et

2268 5382 2404 5438 tum,
2437 5373 2515 5427 sic
2541 5381 2594 5426 et
2624 5369 2721 5442 per
2745 5373 2904 5429 unius
2927 5375 3163 5430 hominis
3185 5373 3486 5445 justitiam,
3503 5367 3551 5422 id
3573 5371 3641 5418 est
3655 5357 3751 5445 Chrij

2267 5465 2358 5530 sti,
2402 5465 2455 5518 in
2488 5441 2677 5532 omnes
2708 5463 2950 5522 homines
2985 5441 3202 5522 electos-
3219 5475 3274 5521 et
3325 5459 3690 5535 pradeslinatos
3713 5441 3750 5496 ιδ

2269 5539 2434 5611 vitam
2463 5539 2722 5611 aitern'am
2748 5557 2897 5612 venit
2924 5557 3100 5629 gratia'
3128 5559 3190 5612 in'
3227 5555 3640 5626 iustiﬁcatlonem
3659 5543 3748 5592 rita.

2277 5655 2280 5664 '
2337 5645 2482 5705 Sicut
2523 5651 2659 5704 enim
2685 5649 2779 5722 pér'
2801 5651 3204 5706 inob‘edisntidm
3245 5652 3404 5705 unius
3432 5629 3751 5702 Ιιοθηᾶπὶινλδεν

2239 5751 2557 5822 peccatores
2585 5739 2852 5798 constituti
2883 5739 3002 5798 sunt
3041 5743 3193 5798 multi
3211 5784 3226 5808 ,
3266 5742 3317 5797 id
3353 5749 3439 5796 est
3471 5745 3617 5791 omne
3642 5729 3752 5831 Nl"?
3815 5727 3817 5831 χ

2203 5811 2562 5914 “humanum
2583 5833 2771 5906 ,'quod
2800 5834 3081 5892 in‘litmhis
3105 5836 3248 5892 'Adar
3273 5839 3420 5899 erat,
3450 5832 3521 5884 ita
3552 5837 3629 5897 ριν
3650 5811 3752 5914 Ill"

2269 5911 2490 5982 nomine
2534 5903 2877 5982 obedientiam
2896 5929 3015 5995 ,“id‘
3040 5937 3123 5985 est
3152 5917 3361 5984 Christi
3384 5945 3398 5990 ς
3419 5935 3527 5994 qua
3561 5915 3648 5972 fuit
3673 5903 3753 5960 ohe
3813 5961 3815 6067 ‘
