3936 6442
159 479 265 533 HS
367 486 377 497 '

867 470 1230 532 EXPOIITIO
1266 475 1331 529 IN
1372 472 1524 528 sse.
1560 470 1623 525 s.
1662 467 2349 539 PAULI..——_.IN.l‘3?lS.T-
2390 472 2484 541 AD
2522 471 2688 545 ιιοειις

3296 469 3399 537 ιιι

150 602 411 669 utrosque
460 598 528 652 ab
566 582 715 653 omni
771 595 1123 663 serenitate;
1168 590 1496 666 generaliter
1544 598 1727 647 autem
1753 588 1798 649 Δ
1824 594 1929 654 ρυιο
1966 586 2340 642 estomnium
2377 587 2679 649 electorum.
2724 596 2779 653 et
2804 590 3050 651 omnium
3122 588 3401 657 virtutum,

156 692 327 763 pascit
359 698 443 745 et
510 688 684 745 reiicit
735 695 903 743 totum
951 688 1213 744 mundum
1258 684 1384 741 cibo
1434 682 1723 754 corporali.

152 784 296 840 κοτε
335 782 499 838 etiam
524 782 642 853 ejus
667 780 832 835 arbor
852 786 1028 851 potest
1052 778 1300 849 intelligi,
1324 777 1451 848 qnia
1470 775 1726 832 sicntrart

154 879 251 931 bor
286 876 363 931 ad‘
388 876 493 931 hoc
513 874 787 945 plantatur
812 882 872 929 ut
908 873 1145 928 fructum
1193 868 1385 926 atterat
1408 869 1722 942 plantatori,

154 970 226 1024 ita
252 982 397 1025 mors
438 969 639 1025 Christi
673 970 740 1025 ad
771 968 876 1025 hoc
902 968 1175 1024 celebrata
1214 974 1300 1023 est
1326 967 1381 1020 in
1431 980 1615 1032 cruce,
1658 968 1725 1019 ‘ut

150 1059 383 1115 fmctum
406 1060 599 1117 salutis
624 1068 680 1116 et
693 1061 1079 1131 redemptionis
1100 1057 1548 1114 aﬂerretmundo.
1572 1058 1724 1126 Quasi

152 1152 289 1205 ritur
330 1164 496 1221 quare
546 1151 744 1207 dixerit
797 1151 1105 1221 Apostolus,
1152 1148 1499 1220 δαιμονιαώ
1540 1158 1724 1203 sumus

151 1244 481 1299 similitudini
512 1246 699 1299 mortis
735 1244 871 1315 ejus,
900 1244 954 1299 id
982 1252 1067 1300 est
1104 1243 1327 1309 Christi,
1354 1252 1412 1298 et
1452 1257 1560 1297 non
1591 1242 1722 1297 sim-o

148 1335 359 1405 pliciter
400 1335 746 1405 oomplantati
790 1350 977 1391 sumus
1021 1336 1189 1390 morti
1211 1335 1349 1406 eiust
1395 1333 1538 1389 Ilors
1572 1333 1721 1390 enim

146 1429 345 1484 Christi
380 1430 453 1483 int
480 1428 584 1485 hoc
633 1430 753 1486 loco
787 1429 1075 1500 dupliciter
1095 1436 1275 1499 potest
1321 1426 1567 1498 intelligi,
1595 1433 1721 1493 ’tans

148 1520 402 1588 spiritalis
421 1516 673 1576 videlicet
694 1534 856 1591 quam
875 1521 1189 1592 corporalis.
1212 1519 1564 1576 Sirnilitudini
1579 1534 1721 1574 mora

150 1611 212 1664 tis
242 1611 360 1681 ejus
388 1612 686 1682 corporalis
711 1612 1158 1683 complantamur,
1198 1612 1415 1683 quando
1451 1612 1592 1667 sicut
1629 1609 1719 1667 ille

148 1710 386 1757 mortuus
428 1711 514 1759 est
540 1719 766 1775 corpore
790 1718 889 1776 pro
912 1706 1291 1777 peccatoribus
1314 1721 1417 1761 nos
1454 1706 1722 1761 morimur

148 1804 380 1865 peccato.
433 1794 516 1855 ln-
546 1798 649 1854 boe
675 1799 823 1854 enim
846 1807 931 1855 est
956 1800 1274 1867 similitudo,
1301 1801 1429 1871 quia
1454 1800 1543 1855 ille
1570 1814 1716 1855 ωενι-

149 1896 265 1942 tuus
309 1896 393 1944 est
421 1903 671 1960 corpore,
712 1906 814 1946 nos
870 1891 1036 1947 vitiis.
1085 1891 1259 1947 Aliter
1298 1890 1715 1948 :-Similitudini

1827 691 2125 748 omnesque
2152 678 2333 743 electi,
2362 687 2418 733 et
2436 693 2625 735 omnes
2648 679 2876 735 virtutes
2899 687 3025 737 sunt
3052 695 3248 752 corpus
3265 680 3401 751 ejus,

1827 769 1904 824 ita
1931 768 2176 835 diabolus
2202 777 2362 839 caput
2383 778 2469 824 est
2488 769 2729 825 omnium
2752 771 3108 840 reproborum
3131 772 3403 833 omnium-

1824 860 2230 931 que'vitiorum.
2259 876 2555 932 omnesque
2594 863 2810 934 reprobi
2835 871 2889 917 et
2912 863 3091 919 omnia
3120 862 3246 917 vitia
3286 878 3404 917 cor-

1823 969 1925 1023 pus
1950 954 2092 1020 illius
2121 963 2268 1022 sunt,
2290 965 2347 1011 et
2374 956 2442 1015 ad
2468 957 2571 1012 hoc
2600 956 2776 1013 delata
2799 966 2879 1013 est
2902 958 3010 1013 vita
3039 969 3093 1012 et
3118 974 3404 1015 conversa-

1822 1045 1905 1107 tio
1942 1046 2140 1105 veteris
2192 1047 2424 1109 hominis
2476 1048 2605 1103 Adae
2661 1047 2831 1107 semel
2883 1049 2935 1103 iu
2986 1049 3255 1120 baptismo
3295 1069 3307 1105 :
3348 1058 3407 1106 ut

1821 1136 2127 1217 destruatur
2148 1138 2476 1213 universitas
2506 1139 2783 1203 vitiorum,
2810 1154 2930 1209 qua:
2959 1146 3042 1193 est
3063 1155 3261 1210 corpus
3282 1141 3402 1195 dia-

1819 1223 1926 1281 boli
1958 1243 1970 1280 :
2001 1235 2062 1280 ut
2090 1226 2231 1281 ultra
2269 1242 2376 1282 non
2404 1228 2706 1308 serviamus
2744 1227 2987 1308 diabolo;
3015 1227 3174 1282 aliter
3208 1245 3404 1285 secun-

1818 1317 1946 1389 dum
1971 1320 2247 1391 origencm
2277 1336 2472 1393 corpus
2511 1301 2718 1393 peccati
2752 1301 2930 1392 potest
2976 1321 3234 1397 appellari
3283 1321 3404 1377 uni-

1818 1411 2049 1481 versitas
2094 1413 2373 1484 vitiorum,
2420 1430 2540 1487 qua:
2564 1463 2569 1469 .
2592 1415 2797 1493 iaciunt
2827 1430 3236 1487 utrumcorpus
3271 1432 3406 1486 quo-

1818 1502 2105 1563 dammodo
2134 1505 2383 1577 peccati:
2409 1505 2616 1583 singula
2640 1516 2819 1586 autem
2844 1504 2979 1586 vitia
3016 1507 3259 1563 membra
3280 1514 3406 1562 sunt

1817 1595 2186 1665 universitatis
2212 1618 2225 1651 :
2260 1614 2426 1670 quam
2464 1601 2707 1673 prtecipit
2727 1583 2741 1660 Ῐ
2757 1583 3046 1673 Apostolus
3073 1601 3276 1656 destrui
3307 1586 3405 1673 per

1816 1688 2186 1757 abolitionem,
2212 1690 2265 1751 id
2288 1699 2372 1746 est
2387 1707 2484 1765 per
2505 1691 2827 1766 deletiqnem
2871 1692 3211 1755 cessationis.
3260 1691 3405 1748 Bene

1815 1787 1997 1849 autem
2047 1780 2179 1837 dicit
2221 1781 2511 1857 Apostolus
2569 1782 2737 1848 semel
2770 1768 3041 1847 mortuum
3089 1797 3208 1838 esse
3252 1790 3401 1837 vete-

1815 1886 1928 1939 rem
1957 1871 2249 1938 hominem,
2280 1881 2340 1933 ut
2378 1874 2667 1931 admoneat
2717 1890 2815 1938 nos
2870 1889 3062 1931 cavere
3092 1874 3404 1949 rcriminalia

148 1980 335 2034 ηιοτιίε
372 1981 487 2051 eius
510 1955 779 2052 ιξρίτίιδιίε
804 1984 1261 2054 mpjanmmr,
1292 1985 1511 2055 quando
1549 1985 1714 2041 mori-
1746 1955 1795 2021 Β
1819 1972 2041 2055 peccata
2069 1982 2082 2019 :
2125 1965 2253 2038 quia
2297 1966 2439 2022 sicut
2476 1965 2727 2024 Christus
2754 1966 2920 2025 semel
2949 1976 3196 2025 mortuus
3218 1977 3320 2033 est,
3350 1975 3405 2023 et

149 2084 268 2123 mur
314 2071 678 2129 criminalibus
713 2074 969 2145 peccatis.
1027 2074 1122 2131 llle
1168 2075 1313 2131 enim
1385 2076 1440 2133 in
1483 2077 1723 2133 veritate

151 2171 387 2218 tum-tuus
435 2172 519 2220 est
557 2175 798 2236 peccato,
842 2166 936 2237 qui
986 2183 1261 2238 nunquam
1311 2169 1570 2239 peccavit.
1612 2167 1713 2225 Cui

147 2257 354 2311 veritati
404 2273 510 2313 non
565 2274 849 2330 possumus
907 2261 1262 2333 complantari
1325 2270 1380 2318 et
1434 2261 1719 2335 conjungi,

142 2344 262 2418 quia
289 2346 525 2421 quandiu
551 2352 739 2411 sumus
760 2357 813 2411 in
844 2354 946 2412 hoc
980 2357 1196 2412 mortali
1222 2373 1471 2429 corpore,
1500 2375 1566 2412 ex
1596 2367 1711 2413 toto

140 2458 324 2499 carere
368 2448 606 2515 peccatis
630 2447 924 2503 levioribus
949 2464 1055 2504 non
1102 2464 1411 2519 possumus,
1443 2451 1582 2506 sicut
1629 2450 1721 2504 di-'

138 2531 482 2592 clt‘Joannes:
501 2536 563 2593 Si
581 2537 889 2607 dixerimus,
905 2541 1172 2610 inquiens,
1190 2542 1311 2613 quia
1326 2553 1590 2613 peccatum
1606 2559 1719 2597 non!

135 2629 384 2684 habemus
406 2648 498 2685 nos
512 2632 653 2699 ipsos
674 2633 991 2701 reducimus,
1006 2645 1053 2690 et
1069 2637 1257 2689 veritas
1268 2636 1323 2690 in
1337 2636 1482 2690 nobis
1499 2652 1604 2690 non
1631 2645 1719 2690 est-

136 2721 316 2789 (Joan.
341 2722 402 2795 ι).
428 2723 578 2780 Tunc
601 2726 743 2780 enim
759 2724 1163 2784 similitudinem
1198 2728 1389 2783 mortis
1410 2728 1528 2799 ejus
1550 2743 1715 2783 assu-.

136 2816 335 2871 mimus
363 2817 679 2888 spiritualis,
720 2823 937 2890 quando
981 2821 1098 2891 ejus
1132 2822 1333 2878 auxilio
1375 2823 1496 2878 freti
1527 2824 1711 2878 crimi-

136 2913 277 2968 nalia
310 2924 529 2983 peccata
561 2932 665 2971 non
700 2917 1107 2997 committimus,
1166 2925 1221 2973 et
1254 2919 1334 2974 sic
1370 2918 1707 2988 complanta-

133 3014 254 3060 mur
308 3007 361 3061 in
411 3011 664 3077 praesenti
711 3009 909 3066 saeculo
954 3010 1289 3066 similitudini
1338 3012 1528 3067 mortis
1572 3011 1710 3082 ejus,

132 3106 234 3151 tam
285 3100 579 3170 corporalis
608 3116 767 3171 quam
816 3102 1131 3172 spiritualis,
1162 3112 1221 3156 ut
1266 3103 1407 3157 sicut
1439 3102 1528 3157 ille
1568 3117 1711 3157 mor-

131 3204 253 3249 tuus
284 3192 619 3267 est‘corpore
647 3237 662 3261 ,
694 3205 749 3251 et
774 3203 1016 3252 mortuus
1048 3205 1132 3252 est
1160 3196 1410 3252 omnibus
1431 3196 1667 3267 peccatis
1692 3214 1705 3250 :

127 3294 251 3359 quia
308 3307 582 3362 nunquam
640 3295 916 3365 peccavit,
951 3295 1249 3349 moriamur
1292 3304 1342 3350 et
1395 3309 1494 3349 nos
1531 3294 1707 3348 omni-
1739 3319 1783 3383 ρ

126 3384 224 3437 bus
250 3384 488 3454 peccatis
521 3385 911 3451 eriminalibus,
951 3389 1155 3443 erimus
1203 3389 1391 3458 utique
1438 3387 1711 3458 complan-

129 3475 221 3528 ιλιι
256 3476 313 3529 ει
348 3474 619 3546 conjuncti
652 3478 1035 3533 resorrectioni
1065 3478 1182 3547 ejus
1211 3478 1262 3533 in
1286 3478 1473 3550 gloria,
1509 3488 1558 3533 et
1590 3494 1711 3533 cum

124 3569 450 3636 apparuerit,
506 3569 698 3624 similes
747 3570 794 3624 ei
866 3572 1078 3635 erimus,
1130 3571 1374 3642 quoniam
1424 3571 1709 3627 videbimus

124 3674 245 3711 rum
265 3660 419 3713 sicuti
445 3670 519 3715 est
548 3660 727 3733 (Joan.
761 3662 866 3734 ιιι).

198 3748 316 3804 Hoc
347 3753 563 3808 scientes
586 3757 709 3826 quia
747 3767 886 3811 vetus
936 3762 1089 3811 homo
1138 3768 1310 3812 noster
1342 3758 1501 3812 simul
1532 3758 1697 3813 cruci-

122 3841 269 3907 ﬁxus
297 3849 392 3906 est,
450 3853 505 3897 ut
530 3843 833 3899 destruatur
860 3861 1044 3917 corpus
1069 3848 1287 3917 peccati,
1340 3859 1389 3904 et
1430 3848 1570 3903 ultra
1602 3866 1707 3904 non

122 3933 415 3985 serviamus
440 3945 669 4003 peccato.
700 3933 951 3991 Veterem
974 3938 1269 4005 hominem,
1289 3949 1347 3993 ut
1367 3941 1495 3995 dicit
1517 3940 1707 3997 beatus

122 4020 480 4089 Augustinus.
543 4022 827 4078 voluerunt
876 4026 1093 4094 quidam
1139 4028 1440 4096 intelligere
1485 4043 1704 4097 corpus,

124 4124 328 4161 mnum
370 4124 497 4162 vero
523 4112 757 4167 animam
793 4132 806 4167 :
836 4115 929 4169 sed
970 4130 1075 4171 non
1105 4117 1358 4172 convenit
1383 4117 1532 4185 illud,
1581 4120 1705 4187 quia

121 4213 329 4267 corpus
372 4203 610 4257 exterior
638 4204 798 4259 homo
825 4221 854 4260 a
900 4206 1174 4278 plerisque
1204 4209 1522 4279 appellatur,
1563 4211 1705 4266 inte-

122 4290 245 4344 rior
266 4304 395 4346 vero
422 4292 622 4348 anima.
652 4294 767 4352 Hoc
785 4311 914 4353 vero
945 4299 999 4353 in
1020 4297 1140 4354 loco
1166 4310 1401 4355 veterem
1432 4302 1704 4358 hominem

123 4391 289 4438 meat
322 4385 487 4441 vitam
515 4396 570 4443 et
592 4392 1052 4447 conversationem
1072 4394 1272 4449 veteris
1294 4394 1529 4450 hominis
1552 4395 1697 4460 Δότε,

122 4494 248 4548 ψη·
295 4480 571 4548 cruciflxa,
600 4483 653 4537 id
701 4493 785 4540 est
819 4493 1051 4553 mortua,
1080 4487 1258 4543 occisa
1300 4494 1383 4543 est
1429 4490 1594 4544 semel
1648 4491 1699 4543 in

126 4570 473 4639 baptismate.
504 4573 847 4659 Quicunque
911 4579 1054 4633 enim
1108 4579 1353 4651 originali
1418 4583 1591 4637 adhuc
1647 4592 1702 4638 et

125 4660 433 4717 naualibus
453 4666 691 4734 peccatis
717 4674 930 4723 tenetur
952 4670 1217 4726 obnoxius
1236 4687 1357 4742 qurc
1377 4673 1547 4727 Adam
1572 4690 1701 4744 per—
1730 4676 1780 4735 D

125 4752 384 4822 petravit,
425 4754 508 4810 vel
556 4757 717 4811 etiam
766 4759 1030 4830 pluribus,
1052 4774 1204 4817 vetus
1233 4764 1395 4819 homo
1423 4774 1505 4820 est
1536 4775 1593 4821 et
1618 4783 1701 4821 se-

125 4860 275 4913 quax
297 4845 445 4912 Adte,
467 4848 592 4918 quia
618 4851 782 4906 vitam
805 4862 858 4907 et
889 4857 1353 4911 conversationem
1380 4858 1498 4928 ejus
1520 4859 1703 4914 imita-

132 4947 243 4987 tur.
269 4934 352 4989 Διὶ
372 4937 501 5006 quid
520 4946 650 5009 ergo
672 4951 882 4995 mortua
907 4950 993 4997 est
1014 4952 1068 4997 et
1092 4944 1264 4999 deleta
1296 4946 1382 5001 illa
1411 4962 1703 5004 conversae

129 5026 230 5089 tio,
274 5041 395 5095 quae
424 5036 578 5083 vetus
620 5031 781 5084 homo
817 5033 1051 5089 dicitur?
1080 5033 1147 5089 Ut
1181 5036 1482 5091 destruatur
1519 5055 1704 5104 corpus

128 5115 350 5183 peccati,
374 5115 584 5187 Corpus
604 5130 847 5175 nostrum
878 5136 1075 5193 corpus
1102 5126 1309 5195 peccati
1334 5135 1437 5190 est,
1458 5128 1583 5197 quia
1606 5144 1706 5184 nos

131 5204 295 5259 trahit
325 5205 395 5260 ad
421 5216 703 5276 pernotum
725 5214 1241 5283 pet-suggestionem
1272 5216 1453 5269 carnis
1492 5223 1548 5271 et
1578 5233 1706 5272 con-

130 5296 517 5364 cupiscentiam
545 5314 789 5368 pravam.
825 5301 978 5369 Quod
1007 5319 1202 5373 corpus
1234 5321 1339 5359 non
1368 5306 1438 5360 ita
1464 5308 1707 5378 prmcipit

129 5386 422 5454 Apostolus
464 5391 666 5445 destrui
700 5400 756 5446 ut
785 5393 1133 5461 annibiletur,
1158 5396 1250 5448 sed
1286 5404 1345 5450 ut
1373 5397 1615 5465 quiescat
1639 5399 1707 5453 ab

131 5491 299 5544 opere
335 5480 563 5547 peccati.
590 5479 739 5536 Tunc
765 5484 910 5538 enim
934 5485 1088 5553 quasi
1124 5486 1439 5551 destruitur,
1462 5486 1589 5544 dum
1622 5505 1705 5544 rc-

132 5567 380 5627 frenatnr
420 5581 476 5627 et
502 5573 798 5630 retrahitur
830 5593 858 5630 a
886 5587 1108 5647 peccato
1146 5589 1202 5635 et
1231 5580 1368 5635 mala
1404 5581 1698 5646 voluntate,

130 5674 296 5728 quam
337 5661 604 5719 desiderat
638 5666 949 5736 adimplere,
982 5685 1080 5725 nec
1123 5672 1452 5740 pennittitur
1499 5674 1702 5728 servire

132 5763 374 5823 peccato.
417 5754 591 5812 Aliter
627 5776 641 5812 :
682 5758 964 5815 Peccatum
1000 5762 1143 5816 enim
1182 5763 1268 5818 hic
1294 5778 1584 5832 possumus
1622 5764 1704 5818 in-

134 5846 374 5919 telligere
421 5849 711 5917 diabolum,
758 5852 851 5923 qui
901 5862 982 5908 est
1023 5864 1210 5909 auctor
1246 5857 1475 5926 peccati,
1505 5872 1701 5926 corpus

132 5955 261 6003 vero
280 5941 399 6015 ejus
426 5944 829 6002 universitatem
854 5945 1128 6003 vitiorum.
1152 5945 1304 6007 Sicut
1328 5949 1577 6007 Christus
1604 5963 1699 6007 ca-

1806 2054 1924 2127 jam
1944 2070 2050 2113 non
2068 2058 2316 2124 moritur,
2338 2058 2411 2117 ita
2427 2066 2483 2115 et
2496 2073 2594 2117 nos
2613 2059 2659 2121 si
2675 2058 2842 2125 semel
2858 2058 3058 2113 mortui
3079 2074 3265 2114 sumus
3280 2074 3404 2130 pec-

1813 2159 1935 2215 cato
1964 2151 2019 2206 in
2044 2151 2390 2223 baptismate,
2419 2167 2526 2209 non
2557 2166 2847 2224 possumus
2874 2151 3072 2213 iterum
3112 2152 3400 2223 baptizari.

1838 2317 1845 2328 .
1885 2243 1989 2311 Qui
2022 2246 2161 2301 enim
2204 2258 2441 2303 mortuus
2469 2256 2568 2313 est,
2625 2246 2883 2305 subaudis
2918 2254 3142 2317 peccato
3176 2245 3242 2327 in
3268 2245 3406 2317 bap-

1812 2322 1996 2405 tismo,
2038 2339 2365 2412 justi/iratus
2422 2350 2496 2395 est
2548 2358 2580 2397 α
2610 2348 2839 2409 peccato,
2873 2339 2927 2399 id
2976 2349 3059 2394 est
3090 2322 3300 2395 alienus
3324 2337 3404 2393 ef-

1811 2429 1987 2493 fectus
2017 2440 2105 2489 est
2132 2433 2199 2488 ab
2222 2432 2475 2489 omnibus
2499 2433 2735 2504 peccatis
2762 2452 2773 2488 :
2800 2441 3131 2504 quapropter
3161 2434 3319 2490 debet
3345 2449 3403 2491 se

1810 2524 2105 2590 custodire,
2130 2539 2198 2579 ne
2218 2525 2413 2579 iterum
2436 2522 2640 2595 polluat
2659 2540 2717 2580 se
2737 2524 3110 2580 criminalibus
3136 2526 3400 2596 peccatis,

1810 2617 1937 2687 quia
1967 2632 2073 2683 non
2100 2617 2301 2686 poterit
2339 2616 2537 2677 iterum
2578 2614 2867 2684 iustificari
2919 2630 3016 2688 per
3050 2616 3401 2687 baptismum.

1884 2707 1948 2783 Si
1975 2717 2147 2782 autem
2176 2708 2371 2783 mortui
2390 2724 2574 2763 sumus
2599 2724 2719 2763 cum
2749 2704 2982 2773 Christo,
3008 2715 3251 2776 tempore
3276 2700 3405 2776 bap-

1813 2798 2046 2855 tismatis
2066 2808 2312 2869 peccato,
2338 2813 2403 2855 eo
2428 2799 2591 2855 modo
2611 2814 2717 2870 quo
2746 2799 2996 2869 superior
3009 2814 3188 2854 sermo
3211 2798 3402 2863 texuit,

1810 2889 2069 2949 credimus
2098 2890 2221 2960 quia
2273 2889 2430 2943 simul
2465 2889 2620 2943 etiam
2657 2890 2887 2944 vivemus
2940 2906 3057 2943 cum
3108 2884 3317 2943 Christo
3349 2889 3400 2942 iu

1812 2966 1948 3047 cado
1985 2989 2104 3049 post
2135 2981 2441 3051 generalem
2470 2981 2944 3043 resurrectionem.
2973 2963 3216 3052 'Scieates
3262 2982 3402 3053 quod

1811 3071 2054 3131 Christus
2086 3089 2355 3142 resurgens
2382 3090 2413 3126 a
2444 3074 2685 3140 mortuis,
2718 3073 2770 3129 id
2793 3081 2877 3135 est
2899 3089 2928 3127 a
2960 3074 3228 3144 sepulcro,
3258 3073 3401 3142 quod

1812 3163 2034 3234 proprie
2078 3162 2230 3217 locus
2255 3170 2337 3216 est
2367 3171 2731 3228 mortuorum,
2778 3158 2863 3218 vel
2904 3161 2972 3225 ab
3004 3160 3239 3219 inferno,
3285 3162 3401 3229 jam

1815 3270 1918 3308 non
1936 3254 2178 3318 moritur,
2210 3268 2351 3306 mors
2382 3250 2461 3306 illi
2482 3251 2622 3305 ultra
2653 3268 2758 3306 non
2783 3252 3163 3305 dominabitur.
3190 3250 3301 3304 Hoc
3328 3251 3403 3304 la-

1815 3347 1969 3400 borat
1998 3343 2290 3415 Apostolus
2322 3343 2372 3397 in
2406 3343 2509 3398 hoc
2553 3342 2693 3408 loco,
2749 3349 2808 3396 ut
2854 3343 3108 3398 ostendat
3136 3340 3406 3396 credenti-

1816 3434 1932 3497 bus,
1967 3437 2095 3506 quia
2116 3435 2161 3489 si
2184 3433 2351 3490 semcl
2380 3433 2753 3513 remissionem
2785 3420 3132 3504 peccatorum
3179 3446 3403 3501 accepe-

1813 3530 1941 3597 rint,
1974 3544 2080 3584 non
2106 3544 2266 3601 posse
2296 3543 2390 3583 eos
2421 3528 2616 3582 iterum
2660 3526 2948 3599 baptizari,
2978 3525 3119 3581 sicut
3154 3523 3403 3580 Christus

1814 3639 1919 3678 non
1947 3622 2121 3692 potuit
2148 3621 2287 3677 mori
2313 3621 2417 3677 nisi
2441 3620 2627 3677 semel.
2652 3619 2719 3676 Et
2739 3622 2879 3676 sicut
2900 3620 3150 3676 Christus
3174 3633 3403 3692 surgens

1813 3730 1842 3768 a
1880 3715 2105 3769 mortuis
2133 3712 2244 3783 jam
2291 3730 2398 3769 non
2438 3714 2688 3780 moritur,
2747 3715 2821 3769 ita
2848 3722 2903 3770 et
2931 3728 3029 3768 nos
3075 3729 3289 3784 semper
3318 3713 3403 3768 de-

1812 3808 2000 3863 bemus
2018 3808 2203 3862 vivere
2231 3807 2546 3873 virtutibus,
2572 3806 2696 3877 quia
2721 3807 2901 3861 anima
2925 3822 3043 3877 quae
3067 3806 3398 3879 peccaverit,

1811 3896 2075 3953 criminali
2146 3906 2370 3968 peccato
2430 3896 2711 3951 morietur.
2792 3897 2947 3965 Quod
3005 3906 3186 3951 autem
3247 3898 3398 3963 dicit,

1811 4006 1950 4044 mors
1994 3988 2074 4044 illi
2098 3990 2239 4044 ultra
2267 4006 2370 4043 non
2400 3989 2781 4056 dominabitur,
2831 3998 3064 4044 mortem
3098 3990 3399 4060 intelligere

1810 4095 2101 4150 possumus
2127 4077 2429 4150 dupliciter,
2467 4079 2580 4132 sive
2610 4087 2838 4135 mortem
2868 4079 3203 4149 corporalem
3235 4088 3397 4148 atque

1809 4158 2191 4242 temporalem,
2259 4187 2398 4243 quae
2449 4172 2515 4225 ad
2576 4178 2786 4241 tempus
2859 4170 3131 4229 dominata
3190 4178 3276 4225 est
3324 4170 3398 4235 ei,

1808 4267 1923 4336 ipso
1951 4266 2316 4337 permittente,
2342 4265 2455 4320 sive
2475 4265 2743 4321 diabolum
2772 4266 2862 4336 qui
2892 4266 2941 4319 ei
2966 4265 3127 4318 etiam
3161 4263 3399 4335 quodam

1805 4361 1965 4417 modo
2012 4361 2266 4427 dimissus
2309 4370 2390 4423 est
2435 4360 2699 4415 dominari
2750 4375 2846 4435 per
2902 4358 3181 4417 ministros
3239 4372 3367 4413 suos

1806 4455 1921 4524 ipso
1948 4455 2313 4525 permittente.
2339 4452 2567 4508 Intravit
2596 4461 2776 4507 autem
2810 4450 3053 4507 diabolus
3074 4449 3128 4505 in
3157 4464 3253 4505 cor
3285 4446 3394 4503 ,ιιι-⁵

1803 4546 1883 4599 dzc
1921 4554 1979 4600 ut
1996 4545 2232 4600 traderet
2251 4542 2528 4601 Christum
2555 4544 2705 4613 (Luc.
2730 4544 2888 4617 χχιι).
2912 4543 3029 4616 Ipse
3044 4543 3206 4598 etiam
3223 4544 3394 4597 suasit

1806 4635 2005 4695 Judzeis
2032 4646 2085 4693 et
2105 4637 2301 4703 Pilato,
2327 4648 2387 4692 ut
2411 4652 2534 4692 eum
2554 4636 2953 4707 cruciﬁgerent.
2979 4636 3131 4705 Quod
3151 4634 3398 4691 diabolus

1810 4744 1954 4785 mors
1984 4730 2283 4802 appellatur
2312 4729 2402 4801 qui
2432 4738 2660 4784 mortem
2691 4728 2871 4784 attulit
2902 4728 3120 4795 mundo,
3159 4728 3396 4783 ostendit

1807 4821 2043 4878 Joannes
2084 4818 2335 4897 inquiens
2392 4838 2405 4875 :
2460 4820 2529 4877 Et
2556 4837 2741 4875 nomen
2790 4821 2870 4877 illi
2897 4839 3037 4876 mors
3070 4820 3253 4895 (Apoc.
3293 4819 3391 4890 vr).

1884 4932 2037 5000 Quod
2076 4934 2213 4989 enim
2259 4941 2517 4996 mortuus,
2561 4932 2819 4989 subaudis
2867 4931 3138 4998 Christus,
3182 4940 3391 5001 peccato

1812 5036 2049 5081 mortuus
2084 5033 2157 5081 est
2187 5023 2362 5087 semel,
2398 5024 2500 5079 iste
2541 5024 2841 5081 versiculus
2878 5024 2951 5079 ita
2982 5024 3391 5095 distinguendus

1811 5128 1895 5173 est
1944 5125 2003 5171 ut
2046 5116 2277 5186 primum
2308 5114 2521 5171 dicatur
2569 5115 2710 5187 quod
2744 5116 2881 5171 enim
2920 5124 3159 5171 mortuus
3186 5123 3281 5180 est,
3326 5128 3390 5168 ac

1809 5207 2004 5265 deinde
2028 5208 2407 5277 subsequatur,
2424 5217 2638 5276 peccato
2660 5218 2899 5273 mortuus
2928 5216 3002 5265 est
3028 5206 3206 5272 semel,
3235 5206 3287 5263 id
3307 5214 3388 5262 est

1808 5315 2023 5370 semper
2049 5308 2294 5355 mortuus
2334 5298 2433 5355 fuit
2460 5308 2698 5369 peccato,
2732 5302 2855 5373 quia
2903 5316 3178 5371 nunquam
3201 5316 3388 5370 pecea-

1808 5389 1902 5443 vit.
1959 5387 2115 5445 Solus
2178 5388 2424 5446 Christus
2478 5389 2643 5446 semel
2697 5400 2939 5449 mortuus
2987 5401 3072 5449 est
3126 5401 3381 5465 peccato,

1810 5480 1863 5534 id
1885 5488 2221 5551 estsemper,
2245 5482 2370 5551 quia
2401 5497 2673 5551 nunquam
2704 5483 2966 5553 peccavit.
2989 5484 3162 5557 Aliter
3195 5503 3206 5537 :
3234 5484 3383 5554 ριευιι

1807 5572 2052 5629 Christus
2072 5582 2315 5647 mortuus
2337 5584 2418 5631 est
2445 5575 2816 5647 corporaliter,
2841 5576 3006 5633 semel
3035 5588 3279 5635 mortuus
3301 5587 3384 5633 est

1808 5680 2026 5741 peccato
2056 5681 2261 5737 nostro,
2301 5687 2404 5726 non
2446 5672 2695 5741 amplius,
2729 5671 2805 5725 ita
2844 5681 2899 5727 et
2936 5687 3033 5727 nos
3059 5671 3223 5731 semel
3269 5688 3378 5731 mo~

1808 5763 1979 5818 rimur
2017 5764 2068 5819 in
2112 5764 2455 5835 baptismate.
2481 5763 2775 5819 Possumus
2813 5771 2990 5825 tamen
3034 5774 3156 5834 post
3183 5764 3382 5837 baptis-

1808 5872 1974 5921 mum,
2004 5857 2048 5911 si
2083 5857 2507 5926 peccaverimus,
2533 5857 2666 5910 mori
2692 5868 2934 5927 peccato,
2960 5865 3013 5917 et
3042 5873 3139 5928 per
3163 5858 3380 5925 dignam

1806 5948 2181 6020 paenitentiam
2211 5963 2493 6021 resurgere
2523 5972 2535 6001 -.
2564 5947 2701 6020 quod
2730 5958 2902 6013 autem
2930 5951 3074 6027 vivit,
3092 5951 3210 6013 vivit
3247 5948 3380 6011 Deo.
