3936 6492
539 443 645 533 iis
1008 465 1362 523 HAYMONIS
1400 465 1883 523 HALBERSTAT.
1923 463 2093 522 EPlSt

2260 461 2332 519 'P.
2373 463 2554 520 PARS
2592 463 2635 520 Ι.
2664 494 2737 508 -—
2763 463 3121 522 COMMENT.
3161 466 3331 523 BIBL.
3721 475 3814 527 41.6

539 593 811 659 Christus,
825 590 951 646 dum
972 594 1218 643 mortuus
1246 595 1390 641 esset
1415 586 1473 641 in
1498 601 1682 653 cruce,
1712 596 1767 641 et
1790 585 2032 656 sepultus
2056 584 2112 639 in
2139 587 2186 648 Α
2214 589 2427 652 parate,
2450 598 2537 636 vos
2559 581 2671 637 Deo
2696 594 2948 656 tanquam
2978 601 3043 639 ea:
3066 588 3290 641 mortuis
3318 589 3565 655 viventes,
3593 600 3646 644 et
3668 608 3816 646 mein-

537 691 909 748 monumento,
938 679 1225 736 videbatur
1255 696 1361 735 non
1402 679 1606 745 vivere,
1655 680 1749 735 sed
1775 679 1905 750 quid
1946 677 2116 733 fecit?
2221 675 2314 727 bra
2342 684 2509 728 vestra
2529 674 2782 730 exhibete
2809 692 2960 730 arma
2985 676 3213 747 justitite
3244 679 3375 734 Deo.
3407 680 3465 735 Id
3493 691 3600 747 est,
3627 693 3690 737 ut
3715 685 3815 739 sint

533 778 759 833 Intravit
804 776 859 830 in
889 775 1108 829 domum
1146 772 1322 838 fortis,
1374 772 1428 827 id
1455 780 1539 826 est
1566 773 1840 827 descendit
1874 771 1926 824 in
1956 769 2120 825 infer-
2217 765 2329 822 Deo
2356 782 2508 822 arma
2545 769 2786 823 omnium
2825 769 3089 824 virtutum
3124 771 3407 828 militando
3440 776 3511 829 ei.
3544 773 3604 830 Si
3634 780 3812 832 omnia

532 885 682 934 num,
714 865 936 922 abstulit
967 864 1181 920 diabolo
1211 864 1332 919 illos
1379 879 1514 933 quos
1543 865 1760 919 tenebat
1791 863 2012 928 electos,
2062 871 2118 918 et
2217 874 2338 930 quae
2378 861 2628 929 superius
2667 861 2904 918 diximus
2934 863 3002 918 de
3030 865 3291 920 membris
3329 868 3540 922 nostris
3582 879 3811 940 prater-

527 969 851 1034 potestatem
896 960 1060 1015 etiam
1092 975 1254 1030 quam
1304 958 1538 1013 habebat
1585 958 1640 1012 in
1666 958 1770 1012 hoc
1795 958 1995 1012 mundo
2038 955 2114 1011 illi
2214 954 2502 1022 mittimus,
2544 965 2600 1012 et
2640 958 2696 1012 in
2725 957 2822 1014 Dei
2855 960 3079 1014 servitio
3115 960 3206 1015 illa
3243 965 3727 1033 occupaverimus,
3761 980 3811 1022 ut

527 1055 771 1122 abstulit,
796 1056 984 1125 sicque
1009 1052 1425 1124 quadragesimo
1451 1051 1536 1106 die
1565 1049 1979 1105 resurrectionis
2001 1065 2113 1105 suae
2213 1044 2539 1103 inclinentus
2569 1063 2726 1105 aures
2749 1051 2818 1105 ad
2857 1052 3126 1107 audienda
3155 1055 3322 1110 verba
3349 1055 3466 1122 Dei,
3498 1060 3808 1128 aperiamus

525 1149 827 1204 ascendens
864 1148 919 1202 in
947 1147 1167 1212 coelum,
1221 1144 1354 1198 vivit
1397 1142 1728 1198 aeternaliter
1771 1141 1904 1207 Deo,
1941 1141 1996 1196 id
2028 1149 2114 1196 est
2215 1137 2398 1193 oculos
2422 1139 2491 1193 ad
2516 1142 2811 1196 scrutanda
2837 1141 3052 1213 eloquia
3101 1144 3285 1200 divina
3315 1155 3369 1202 et
3415 1149 3482 1203 ad
3514 1164 3809 1222 pauperem

524 1240 579 1295 in
606 1240 775 1312 gloria
812 1248 1052 1310 paternae
1078 1235 1397 1306 maiestatis.
2213 1233 2614 1302 respiciendum
2641 1250 2655 1288 :
2678 1235 2987 1306 aperiamus
3015 1252 3077 1293 os
3100 1239 3169 1293 ad
3200 1243 3509 1297 enarranda
3538 1245 3805 1315 magnalia

594 1331 681 1386 Ita
708 1341 757 1386 et
792 1347 883 1386 vos
920 1329 1214 1384 existimate
1241 1343 1329 1382 vos
1355 1336 1588 1382 mortuos
1616 1325 1825 1398 quidem
1853 1341 1962 1379 esse
1991 1341 2111 1396 pec-
2211 1323 2332 1392 Dei,
2357 1327 2716 1384 extendamus
2741 1343 2935 1384 manus
2961 1328 3028 1384 ad
3050 1330 3475 1405 eleemosynam,
3508 1336 3807 1407 dirigamus

521 1434 661 1489 cato,
687 1432 930 1493 tempore
967 1421 1329 1491 baptismatis,
1359 1419 1580 1474 viventes
1621 1426 1794 1472 autem
1825 1416 1956 1472 Deo.
1999 1415 2108 1471 Me-
2209 1418 2374 1487 pedes
2406 1419 2472 1474 ad
2503 1435 2714 1490 pacem,
2766 1421 2971 1477 bonum
3014 1422 3237 1480 odorem
3287 1425 3354 1481 de
3407 1426 3498 1481 his
3555 1429 3805 1484 omnibus

520 1516 625 1570 lius
652 1516 882 1570 habetur
912 1515 967 1569 in
995 1511 1205 1578 Graeco,
1237 1521 1298 1567 ut
1321 1511 1377 1566 in
1401 1509 1635 1583 Origene
1671 1510 1867 1580 legitur
1899 1527 1912 1565 :
1944 1509 2103 1581 Cogi-
2208 1509 2515 1576 reddentes,
2540 1521 2670 1568 tunc
2696 1513 2939 1569 membra
2967 1525 3153 1570 nostra
3181 1532 3334 1572 arma
3371 1519 3626 1574 omnium
3649 1521 3806 1575 virtu-

521 1616 629 1662 tate
650 1622 747 1662 vos
789 1614 1034 1661 mortuos
1079 1613 1323 1676 peccato,
1354 1603 1602 1659 viventes
1629 1612 1810 1658 autem
1859 1603 1998 1671 Deo;
2052 1612 2108 1658 et
2208 1610 2321 1657 tum
2342 1613 2523 1670 erunt,
2552 1614 2607 1660 et
2634 1606 2943 1662 militahunt
2970 1607 3098 1663 Deo.
3129 1608 3282 1676 Quod
3318 1617 3502 1664 autem
3526 1610 3670 1666 dicit
3695 1623 3804 1666 tan-

518 1706 604 1755 θη
633 1711 825 1753 sensus
862 1715 875 1751 :
925 1695 1076 1752 Sicut
1105 1696 1194 1752 ille
1224 1695 1315 1768 qui
1351 1695 1642 1752 cruciﬁxus
1666 1704 1768 1763 est,
1802 1696 1936 1751 nihil
1958 1696 2103 1753 aliud
2205 1711 2362 1765 quam
2385 1712 2449 1750 ea:
2476 1698 2697 1751 mortuis
2725 1698 2968 1765 viventes,
3009 1714 3202 1755 sensus
3239 1709 3325 1756 est
3356 1720 3367 1756 :
3400 1700 3564 1758 Sicut
3609 1702 3694 1758 illi
3722 1705 3801 1774 qui

517 1790 740 1859 cogitat,
764 1789 871 1844 nisi
897 1789 1272 1845 tantummodo
1294 1788 1722 1845 misericordiam
1743 1788 1840 1844 Dei
1860 1798 2098 1845 exoret:
2206 1790 2435 1848 Domino
2497 1803 2815 1866 resurgente
2866 1804 3244 1864 surrexerunt,
3281 1797 3348 1853 de
3409 1799 3620 1868 quibus
3682 1800 3802 1854 dicit

517 1891 782 1951 quatenus
825 1880 942 1951 ejus
974 1882 1225 1952 spiritum
1253 1881 1828 1953 dignetur'suscipere,
1861 1883 2003 1937 sicut
2045 1890 2103 1938 et
2203 1885 2546 1958 Evangelista
2583 1907 2597 1943 :
2651 1889 2820 1944 Multa
2845 1908 3065 1962 corpora
3090 1901 3394 1948 sanctorum
3451 1908 3799 1950 surrexerunt

517 1975 777 2030 Dominus
800 1976 938 2032 dixit
959 1975 1027 2030 ad
1045 1975 1266 2031 Patrem
1295 1993 1309 2030 :
1340 1975 1399 2030 In
1423 1990 1616 2031 manus
1630 1984 1754 2031 tuas
1777 1976 2098 2031 commendo
2123 1982 2174 2043 Β
2202 1977 2417 2052 (Matth.
2448 1981 2642 2052 xxvu),
2692 1982 2881 2038 vivunt
2916 1983 3158 2054 quidem,
3191 1985 3284 2040 sed
3320 1999 3502 2055 neque
3551 1987 3800 2054 concupi-

511 2069 762 2138 spiritum
785 2069 1139 2141 meum(Luc.
1167 2067 1360 2142 mu):
1381 2069 1458 2124 ita
1480 2076 1534 2124 et
1561 2084 1680 2135 vos,
1703 2069 1748 2124 si
1774 2069 1988 2140 quando
2003 2084 2094 2124 ve-
2198 2081 2413 2129 scentes
2441 2089 2618 2146 neque
2647 2089 2875 2146 peccare
2919 2084 3201 2147 appetunt,
3243 2077 3318 2130 ita
3349 2085 3406 2132 et
3432 2092 3538 2132 vos
3565 2079 3797 2147 cogitate

510 2160 592 2215 nit
612 2161 754 2216 mala
789 2162 1246 2234 concupiscentia,
1289 2172 1344 2217 et
1373 2162 1663 2218 delectatio
1688 2179 1854 2234 prava
1884 2162 2094 2218 inﬂam-
2197 2171 2438 2219 mortuos
2470 2164 2687 2234 quidem
2716 2179 2836 2221 esse
2863 2176 3090 2237 peccato
3139 2175 3193 2221 et
3241 2167 3408 2223 vivite
3445 2168 3589 2236 Deo,
3638 2170 3796 2224 dedi-

514 2262 629 2308 mat
654 2270 750 2310 vos
798 2255 866 2310 ad
907 2255 1186 2312 libidinem
1213 2264 1268 2311 et
1303 2258 1370 2312 ad
1399 2266 1598 2312 caetera
1632 2257 1772 2312 mala
1803 2259 2088 2330 patranda,
2196 2264 2391 2310 nantes
2414 2272 2442 2310 a
2469 2257 2706 2326 peccatis
2729 2257 3122 2313 criminalibus.

507 2346 744 2417 cogitate
787 2355 842 2403 et
892 2349 959 2403 ad
989 2347 1308 2404 memoriam
1348 2349 1611 2417 reducite,
1656 2351 1782 2421 quia
1814 2352 1867 2405 in
1894 2352 2093 2423 baptis-
2265 2348 2548 2402 Peccatum
2576 2349 2714 2404 enim
2736 2348 2879 2403 vobis
2914 2367 3016 2404 non
3045 2350 3428 2419 dominabitur,
3454 2352 3734 2408 subaudis
3753 2355 3792 2407 si

509 2444 650 2492 male
689 2439 886 2494 mortui
915 2441 1047 2496 estis
1077 2441 1326 2497 omnibus
1355 2443 1594 2512 peccatis
1637 2462 1649 2497 :
1688 2443 1779 2498 ubi
1811 2445 2090 2515 recepistis
2192 2440 2307 2495 haec
2329 2438 2589 2506 feceritis,
2626 2440 2721 2495 sed
2753 2440 2960 2495 utinam
2988 2441 3142 2496 vobis
3170 2450 3455 2511 peccatum
3478 2459 3596 2498 non
3625 2444 3791 2498 domi-

507 2529 884 2585 remissionem
933 2541 1304 2602 peccatorum,
1339 2541 1394 2587 et
1433 2533 1559 2587 talia
1597 2533 1897 2604 cogitantes
1921 2534 2087 2591 vivite
2190 2541 2351 2588 netur
2377 2550 2389 2586 :
2420 2531 2510 2586 ubi
2537 2532 2849 2588 dominatur
2895 2540 3200 2604 peccatum,
3241 2534 3319 2589 ibi
3343 2534 3663 2605 perﬁcitur.
3693 2535 3791 2590 Do-

507 2619 638 2686 Deo,
687 2621 740 2676 id
773 2631 860 2678 est
897 2625 1194 2694 sapientiae,
1249 2625 1568 2695 prudentiae,
1617 2626 1878 2692 castitati,
1923 2611 2084 2683 caeté-
2189 2625 2428 2679 minatur
2455 2623 2600 2679 enim
2632 2623 2839 2679 homini
2865 2625 3082 2696 quando
3115 2625 3300 2680 obedit
3324 2625 3627 2681 desideriis
3653 2627 3785 2697 eius.

508 2715 690 2784 risque
724 2715 1032 2772 virtutibus.
1077 2716 1394 2787 Quicunque
1416 2718 1562 2773 enim
1585 2719 1718 2773 vivit
1744 2720 1872 2784 Deo,
1905 2719 2084 2775 omni-
2191 2715 2314 2770 Non
2335 2717 2472 2770 enim
2494 2716 2619 2770 estis
2643 2715 2736 2770 sub
2769 2715 3006 2786 lege,sed
3031 2717 3126 2770 sub
3151 2718 3344 2788 gratia.
3376 2717 3500 2772 Non
3529 2719 3697 2784 estis,
3721 2720 3788 2772 in-

506 2808 606 2862 b‘us
630 2808 919 2866 virtutibus
939 2810 1072 2865 vivit
1091 2826 1212 2882 quae
1235 2811 1288 2866 in
1315 2811 1425 2867 Deo
1456 2820 1603 2868 sunt.
2187 2805 2324 2874 quit,
2365 2806 2464 2861 sub
2492 2806 2610 2878 lege
2633 2807 2824 2877 Moysi,
2871 2823 2992 2878 qua:
3024 2807 3179 2879 punit
3208 2817 3264 2863 et
3312 2810 3542 2863 damnat
3591 2824 3782 2879 pecca-

577 2899 699 2956 Non
739 2917 862 2973 ergo
901 2911 1075 2974 regnet
1109 2912 1378 2974 peccatum
1408 2905 1464 2959 in
1513 2914 1682 2960 uestro
1720 2906 1932 2962 mortali
1967 2923 2083 2962 eor-

2231 2912 2355 2962 ires,
2386 2899 2478 2954 sed
2503 2898 2604 2954 sub
2632 2900 2806 2972 gratia
2833 2898 3054 2966 Christi,
3106 2901 3158 2955 id
3201 2909 3282 2954 est
3309 2898 3411 2954 sub
3455 2901 3785 2956 remissione

499 3008 644 3062 pore,
674 3001 731 3046 ut
752 2992 1005 3049 obediatis
1023 2995 1455 3067 concupiscentiis
1471 2997 1606 3068 ejus.
1635 2997 1756 3054 Jam
1783 3000 1909 3070 quia
1937 3014 2084 3055 mor-
2187 2999 2572 3060 peccatorum:
2608 2999 2662 3047 et
2708 2992 2834 3062 quia
2867 2992 3246 3048 remissionem
3287 3001 3652 3062 peccatorum
3675 2994 3783 3063 iam

503 3084 578 3138 tui
615 3085 746 3140 estis
772 3093 995 3155 peccato
1033 3087 1090 3142 in
1132 3086 1475 3158 baptismate,
1520 3097 1576 3145 et
1599 3091 1780 3147 vivitis
1815 3093 1949 3156 Deo.
1985 3107 2083 3148 ca-
2183 3090 2494 3154 ρθνοεριτιηι
2520 3082 2751 3149 habetis.
2785 3099 2893 3138 1)οη
2915 3083 3123 3139 debetis
3146 3098 3388 3154 P8003“?-

498 3181 619 3230 vete
640 3190 708 3230 ne
744 3185 931 3248 regnet
962 3157 1244 3249 peccatum
1275 3179 1330 3234 in
1371 3157 1553 3237 vestro
1583 3182 1801 3238 mortali
1830 3199 2077 3255 corpore,
2257 3173 2397 3241 Quid
2425 3176 2590 3246 ergo?
2624 3175 2967 3231 Ρεεεαὺίηιιιε
3000 3177 3124 3247 quia
3170 3193 3271 3231 ηοη
3299 3191 3482 3230 sumus
3528 3178 3627 3230 sub
3658 3175 3784 3246 lege.

499 3267 551 3322 id
583 3277 666 3324 est
705 3271 943 3340 quandiu
967 3272 1036 3327 in
1075 3275 1330 3342 praesenti
1367 3275 1564 3330 saeculo
1593 3277 1744 3331 estis.
1784 3276 1902 3333 Non
1949 3279 2053 3335 dici

2229 3268 2376 3340 'oysi,
2413 3283 2533 3339 quae
2564 3278 2883 3338 peccatores
2929 3269 3101 3338 punit,
3139 3269 3228 3323 sed
3255 3269 3348 3323 sub
3381 3269 3565 3337 gratia
3593 3269 3620 3320 ?
3673 3283 3783 3338 qua:

496 3360 786 3432 Apostolus
813 3378 922 3418 non
964 3365 1037 3420 sit
1063 3375 1348 3435 peccatum
1393 3369 1449 3424 in
1475 3378 1662 3425 vestro
1702 3373 1918 3426 mortali
1959 3389 2050 3430 cor

2230 3368 2465 3417 eccatum
2493 3361 2739 3416 dimittit.
2772 3361 2993 3416 Poterat
3031 3360 3228 3431 aliquis
3260 3361 3465 3426 dicere,
3497 3361 3620 3430 jam
3662 3365 3784 3432 quia

497 3469 652 3524 pore,
691 3457 785 3512 sed
833 3472 941 3513 non
972 3467 1179 3528 regnet.
1216 3458 1467 3526 Quandiu
1508 3477 1694 3518 sumus
1718 3463 1773 3518 in
1804 3464 1908 3520 hoc
1932 3482 2051 3521 mor

2231 3453 2286 3507 ιι)
2312 3452 2432 3524 lege
2458 3467 2566 3507 non
2594 3467 2781 3508 sumus
2806 3467 2925 3522 quae
2952 3467 3170 3523 poenam
3205 3451 3368 3506 infert
3399 3455 3785 3522 peccantibus,

497 3547 594 3602 tali
623 3562 868 3619 corpore,
891 3549 959 3604 ad
986 3551 1257 3621 integrum
1274 3567 1462 3608 carere
1489 3555 1728 3623 peccatis
1760 3572 1868 3611 non
1890 3574 2080 3629 possu-
2183 3548 2316 3604 satis
2347 3562 2637 3618 Possumus
2657 3561 2906 3618 Ρθοοπθν
2937 3546 3064 3616 (Ιυίει
3091 3546 3356 3617 quidquid
3380 3546 3786 3616 deliquerim“

499 3653 640 3694 mus.
672 3641 748 3694 De
777 3640 975 3710 quibus
1012 3657 1143 3713 ergo
1174 3644 1412 3714 peccatis
1458 3645 1626 3700 dicit?
1657 3647 1734 3704 De
1763 3649 2053 3709 homicidio

2225 3638 2484 3692 imittetur
2523 3638 2681 3693 nobis
2718 3637 2867 3709 larga
2895 3637 3096 3708 pietate
3124 3651 3220 3707 per
3258 3637 3497 3707 gratiam
3528 3637 3741 3692 Christi
3771 3659 3779 3690 :

501 3730 567 3786 de
590 3730 858 3787 adulterio
893 3743 949 3788 et
977 3733 1043 3788 de
1065 3735 1276 3791 caeteris
1315 3737 1688 3795 criminalibus
1715 3741 1881 3809 vitiis,
1908 3759 2055 3813 quae:

2233 3730 2253 3785 l
2290 3730 2405 3786 haec
2443 3729 2754 3802 Apostolus,
2793 3744 2899 3784 non
2944 3726 3259 3784 aﬁirmando
3282 3727 3437 3792 dicit,
3470 3729 3574 3784 sed
3624 3731 3787 3783 dene-

499 3837 665 3894 regno
692 3822 789 3879 Dei
812 3839 910 3881 nos
939 3837 1212 3898 separant,
1241 3844 1348 3886 non
1388 3831 1454 3886 de
1485 3830 1797 3902 levioribus,
1828 3837 1968 3892 sicut
1996 3853 2053 3894 es

2231 3825 2360 3880 mdo
2390 3842 2403 3880 :
2435 3823 2689 3894 Nunquid
2713 3839 2842 3895 ergo
2881 3824 3507 3895 semperpeccabimus,
3542 3842 3613 3880 eo
3641 3828 3785 3896 quod

499 3925 784 3985 peccatum
825 3919 1168 3989 cogitationis
1211 3930 1269 3978 et
1319 3926 1788 3995 concupiscentiae.
1836 3929 1905 3984 Et
1950 3947 2053 4001 quo

2235 3931 2269 3969 κ
2296 3916 2448 3972 deest
2475 3913 2628 3983 cujus
2653 3929 2816 3984 pmna
2843 3915 3281 3986 constringamur
3298 3915 3324 3968 ἲ
3350 3915 3530 3979 Absit,
3560 3927 3622 3970 ut
3642 3933 3786 3972 sem-

505 4011 666 4066 modo
700 4027 808 4068 non
840 4021 1035 4085 regnat
1067 4024 1350 4086 peccatum
1378 4017 1437 4073 in
1474 4028 1663 4076 nostro
1709 4023 1926 4077 mortali
1955 4039 2078 4080 cor—
2179 4019 2278 4075 P3P
2323 4020 2645 4076 Ρθεοθπιυδν
2692 4004 2819 4074 (ἰυίθ
2875 4004 3050 4076 ενθιῖιι
3082 4005 3156 4058 ita
3178 4005 3293 4059 VU“
3323 4020 3426 4059 "05
3469 4006 3693 4072 Vivere»
3731 4021 3786 4062 ⁸η

495 4116 627 4171 pore
651 4103 695 4158 si
722 4105 904 4160 statim
929 4115 989 4161 ut
1011 4107 1308 4176 pulsaverit
1329 4125 1429 4165 nos
1451 4112 1839 4179 consentimus,
1873 4122 1927 4170 et
1949 4116 2077 4171 obe-
2180 4096 2481 4152 crimiﬂalia
2510 4103 2735 4167 Ρθεθθῑίι
2757 4111 2866 4151 ηοη
2891 4096 3261 4152 admittam“-

497 4195 674 4250 dimus
692 4195 1035 4253 delectationi
1061 4201 1198 4270 ejus,
1223 4202 1348 4270 quia
1374 4203 1746 4272 subjaccamus
1775 4204 1864 4261 ei?

2250 4192 2330 4246 An
2357 4191 2588 4256 nescitis,
2615 4191 2669 4245 id
2690 4200 2796 4256 est,
2820 4190 3064 4260 nunquid
3093 4191 3376 4262 ignoratis,
3410 4195 3680 4261 quoniam
3702 4199 3784 4249 cui

568 4286 674 4342 Sed
721 4303 899 4360 neque
928 4292 1249 4358 exhibeatis,
1281 4294 1333 4349 id
1361 4303 1445 4350 est
1471 4298 1810 4368 prmparetis,
1845 4301 2074 4354 membra
2177 4286 2426 4340 exhibetis
2476 4303 2563 4340 vos
2593 4302 2766 4340 servos
2814 4284 2882 4338 ad
2915 4285 3276 4351 obediendum,
3313 4290 3452 4342 servi
3481 4292 3619 4344 estis
3671 4293 3782 4359 ejus

493 4389 665 4434 vestra
705 4397 856 4435 arma
898 4382 1190 4453 iniquitatis
1227 4396 1458 4456 peccato.
1501 4389 1761 4460 lniquitas
1791 4400 1876 4446 est
1921 4392 2047 4462 quid

2227 4381 2262 4434 ti
2316 4378 2559 4445 obeditis,
2614 4379 2721 4432 sive
2773 4378 2894 4433 sitis
2938 4378 3121 4444 servi,
3166 4381 3365 4449 peccati
3423 4381 3493 4432 ad
3557 4393 3781 4435 mortem

495 4471 624 4538 quid
659 4481 845 4527 contra
877 4473 1051 4545 legem
1099 4476 1298 4547 agitur,
1346 4479 1574 4552 ideoque
1605 4496 1702 4551 per
1732 4482 2074 4552 iniquitatem
2177 4481 2456 4538 aeternam,
2491 4473 2610 4541 {sive
2663 4473 2973 4528 obeditiom’s
3009 4472 3213 4528 Christi
3265 4473 3334 4528 ad
3371 4469 3684 4542 justitiam.
3726 4476 3784 4531 Si

496 4561 750 4616 debemus
778 4563 1079 4635 intelligere
1126 4568 1308 4622 omnia
1343 4569 1494 4624 vitia.
1548 4570 1788 4627 Membra
1831 4575 2050 4642 corpori:

2233 4565 2443 4620 :rvimus
2471 4564 2760 4621 virtutibus
2783 4574 2837 4620 et
2867 4565 2995 4630 Deo,
3039 4563 3180 4619 servi
3215 4579 3405 4617 sumus
3430 4566 3710 4621 virtutum
3732 4580 3787 4623 et

496 4652 669 4708 nostri
697 4655 764 4709 ad
793 4656 895 4711 hoc
916 4655 1058 4712 facta
1083 4667 1230 4725 sunt,
1253 4670 1310 4715 et
1333 4676 1524 4718 sensus
1552 4663 1720 4718 nostri
1743 4664 1986 4733 corporis
2007 4663 2075 4718 ad
2177 4656 2275 4711 Dei
2307 4675 2321 4710 ε
2349 4656 2394 4712 Si
2419 4671 2550 4712 Vero
2584 4658 2852 4712 sentimus
2870 4657 3019 4712 νῑῐίίε
3049 4665 3104 4711 et
3137 4656 3375 4724 diabOlo’
3409 4661 3567 4714 εεΐνὶ
3597 4677 3785 4715 Slmmi

494 4747 596 4801 hoc
626 4747 780 4804 nobis
811 4749 922 4804 dati
958 4760 1101 4817 sunt,
1125 4760 1185 4806 ut
1231 4755 1388 4810 nobis
1426 4755 1736 4810 necessaria
1778 4766 2073 4825 procurent
2099 4742 2152 4801 D
2177 4749 2430 4805 Vitiorum
2461 4758 2517 4805 et
2541 4749 2761 4806 diaboli-

492 4846 549 4891 et
580 4838 687 4892 Deo
731 4838 979 4895 militent.
1013 4839 1073 4897 Si
1102 4851 1282 4898 autem
1309 4844 1634 4902 inclinamus
1679 4861 1840 4902 aures
1877 4848 1943 4902 ad
1976 4863 2073 4902 au-
2248 4840 2460 4898 Gratias
2477 4853 2649 4898 autem
2675 4844 2780 4898 Deo
2802 4844 2939 4915 quod
2963 4844 3137 4915 fuistis
3159 4847 3294 4900 servi
3313 4850 3546 4917 peccati.
3580 4850 3790 4906 Fuistis

494 4929 740 4985 diendam
763 4931 1155 4990 detractionem
1186 4935 1254 4990 de
1281 4937 1552 5007 proximo,
1583 4945 1639 4992 et
1662 4939 1730 4994 ad
1755 4937 2071 4994 delectanda
2176 4937 2417 5008 quidem,
2447 4939 2540 4992 sed
2562 4935 2676 5005 jam
2711 4951 2816 4991 non
2847 4937 2997 4992 estis.
3031 4936 3295 4993 Referens
3321 4939 3638 5009 Apostolus
3663 4960 3790 5016 gra-

492 5022 658 5077 verba
702 5023 897 5089 otiosa,
925 5033 978 5080 et
1008 5027 1077 5082 ad
1134 5029 1378 5084 carmina
1407 5031 1779 5097 meretricum,
1819 5033 1863 5087 si
1895 5033 2072 5102 aperi-
2177 5029 2281 5084 tias
2311 5029 2422 5084 Deo
2464 5029 2530 5083 de
2557 5027 2682 5093 ﬁde,
2721 5027 2984 5098 bonisque
3010 5029 3264 5098 operibus
3300 5029 3549 5097 illorum,
3600 5036 3790 5090 laudat

496 5129 614 5185 inus
635 5114 821 5171 oculos
850 5116 916 5172 ad
938 5119 1428 5188 concupiscendam
1455 5121 1760 5187 mulierem,
1790 5124 1833 5178 si
1865 5124 2070 5179 malum
2177 5120 2316 5186 illos,
2348 5119 2491 5174 sicut
2520 5127 2576 5174 et
2621 5118 2740 5174 illos
2783 5117 2850 5174 de
2889 5118 3085 5188 quibus
3128 5121 3339 5176 dicebat
3370 5140 3384 5176 :
3415 5120 3640 5181 Fuistis
3687 5131 3794 5181 aii—

494 5206 735 5273 odorem,
764 5207 819 5264 id
842 5217 928 5265 est
947 5210 1145 5265 malam
1170 5210 1371 5266 famam
1399 5228 1466 5267 ex
1496 5214 1650 5268 nobis
1677 5213 2025 5270 diﬁ‘undimus
2055 5233 2068 5270 :
2178 5214 2388 5284 quando
2404 5211 2649 5278 τεηεθτίε,
2665 5228 2802 5265 nunc
2827 5220 3002 5266 autem
3023 5211 3115 5266 ίαπ
3134 5213 3190 5267 in
3210 5212 3437 5268 Domino
3451 5213 3690 5287 (Ephes.
3709 5223 3794 5293 vi.

495 5297 542 5351 si
590 5298 924 5356 delectamur
953 5301 1010 5357 in
1041 5303 1300 5358 odoribus
1324 5305 1693 5370 meretricum,
1739 5305 1786 5359 si
1815 5320 1878 5361 os
1906 5307 2075 5376 aperi-
2178 5302 2438 5358 Obedistis
2475 5313 2650 5357 autem
2693 5321 2756 5357 ea:
2794 5303 2948 5358 corde
2986 5306 3041 5359 in
3077 5322 3192 5359 eam
3237 5306 3465 5377 formam
3511 5312 3794 5369 doctrina-

496 5406 617 5446 mus
645 5390 712 5445 ad
732 5391 1053 5463 loquendam
1077 5394 1468 5464 blasphemiam
1491 5396 1545 5451 in
1573 5395 1744 5451 Deum
1769 5396 1854 5452 vel
1891 5400 2075 5469 proxi-
2175 5397 2230 5450 in
2277 5413 2436 5466 quam
2481 5396 2664 5450 traditi
2686 5397 2828 5450 estis.
2860 5395 3153 5462 Obedistis,
3190 5399 3465 5468 inquiens,
3486 5401 3621 5458 Deo
3645 5407 3698 5460 in
3728 5424 3798 5461 ea

497 5499 645 5540 mum
677 5500 690 5538 :
719 5485 765 5541 si
806 5488 1146 5544 extendimus
1189 5504 1380 5543 manus
1417 5490 1485 5543 ad
1521 5489 1788 5560 rapinam,
1820 5491 1867 5545 si
1893 5492 2078 5564 dirigi-
2177 5489 2352 5544 forma
2394 5490 2672 5556 doctrinm,
2724 5489 2779 5544 id
2812 5497 2896 5546 est
2943 5489 2997 5544 in
3035 5488 3278 5544 doctrina
3309 5490 3798 5564 Christianitatis,

497 5593 616 5632 mus
658 5593 874 5650 gressus
922 5580 1120 5650 pedum
1183 5579 1250 5633 ad
1302 5579 1683 5638 eﬁ‘undendum
1730 5582 2066 5653 sanguinem,
2178 5580 2234 5636 in
2259 5581 2502 5635 doctrina
2544 5580 2929 5647 ecclesiastica,
2965 5581 3018 5634 in
3045 5595 3150 5648 qua
3192 5580 3332 5636 docti
3358 5582 3473 5637 sive
3507 5591 3704 5644 vocati
3743 5606 3804 5646 τι

497 5676 623 5727 tunc
647 5671 894 5740 membra
917 5681 1103 5740 nostra
1131 5671 1454 5727 exhibemus
1478 5672 1546 5727 ad
1576 5672 1775 5738 hoc,ut
1793 5673 2071 5750 sintarma
2181 5672 2438 5743 assignati
2467 5673 2599 5727 estis
2621 5672 2750 5727 Deo.

496 5763 780 5819 militantia
805 5775 1027 5834 peccato
1049 5773 1105 5822 et
1149 5765 1384 5832 diabolo,
1417 5767 1508 5836 qui
1533 5775 1617 5822 est
1654 5775 1844 5822 auctor
1883 5768 2074 5823 mortis
2185 5837 2188 5840 ἢ
2252 5765 2479 5820 Liberati
2516 5776 2691 5820 autem
2722 5783 2753 5820 a
2782 5775 3012 5836 peccato,
3045 5767 3100 5823 id
3119 5774 3205 5822 est
3225 5767 3292 5822 ab
3321 5770 3594 5827 omnibus
3634 5775 3808 5833 vitiis

496 5856 841 5925 omniumque
882 5857 1160 5925 vitiorum,
1213 5859 1315 5914 hoc
1354 5867 1438 5914 est
1470 5873 1836 5929 prteparamus
1881 5858 1970 5912 illa
2016 5869 2074 5913 ut
2181 5858 2326 5914 etab
2349 5859 2601 5928 omnibus
2624 5860 2864 5929 peccatis
2889 5876 2943 5914 tn
2976 5860 3278 5940 baptismo;
3311 5863 3451 5916 servi
3477 5865 3636 5940 facti
3658 5875 3808 5924 estis

496 5945 727 6000 militent
754 5955 976 6017 peccato
999 5957 1055 6003 et
1075 5949 1304 6006 diabolo.
1338 5949 1440 6005 Sed
1471 5951 1724 6016 exhibete,
1757 5951 1809 6005 id
1829 5961 1910 6006 est
1940 5968 2074 6022 prac-
2174 5953 2416 6022 justitiae,
2442 5953 2496 6007 id
2525 5962 2606 6007 est
2631 5954 2873 6009 omnium
2902 5937 3180 6010 virtutum.
3209 5953 3360 6011 Sicut
3391 5937 3626 6014 nomine
3655 5978 3814 6030 pec-
