3936 6448
139 444 234 498 417

838 436 1204 514 EXPQSITIO
1243 435 1311 490 IN
1351 434 1500 490 EPP.
1544 434 1604 490 S.
1645 434 1873 494 PAULI.
1913 466 1983 477 -—-
2021 434 2089 492 IN
2125 435 2344 494 EPIST.
2383 439 2476 494 AD
2515 436 2682 496 ROM.

3285 441 3390 498 418

139 555 234 614 cati
279 552 650 624 intelliguntur
681 551 866 608 omnia
904 553 1058 620 vitia,
1106 553 1179 608 ita
1231 552 1448 608 nomine
1477 551 1701 622 justitia:
1726 556 1782 615 Α
1807 552 1951 607 Nam
1990 553 2115 623 ﬁnis
2155 553 2368 608 illorum
2407 572 2546 610 mors
2585 564 2678 610 est.
2710 553 2938 609 Romani
2988 565 3276 626 antequam
3323 559 3392 614 ad

138 662 311 703 omnes
339 645 588 699 virtutes.

203 736 500 791 Humanum
531 735 646 790 dico
668 746 878 807 prapter
905 737 1262 806 inﬁrmitatem
1285 738 1460 792 carnis
1500 745 1701 793 vcstrw.

138 832 264 902 Quid
289 837 372 886 est
401 829 544 900 quod
569 829 700 886 dicit
721 829 1014 901 Apostolus
1044 848 1056 884 :
1090 829 1400 886 Humanum
1421 831 1576 886 dico?
1604 832 1707 886 hoc

138 939 210 982 εει
229 924 363 990 leve,
389 932 446 978 et
471 926 540 978 ad
568 923 948 993 complendum
973 923 1150 990 facile,
1186 939 1252 980 ac
1293 925 1342 981 si
1357 925 1563 982 diceret
1583 925 1706 980 aliis

137 1017 302 1074 verbis
348 1034 361 1070 :
404 1015 541 1083 Quia
589 1016 836 1072 carnales
883 1016 1060 1073 adhuc
1111 1016 1274 1082 estis,
1325 1032 1425 1072 nec
1478 1005 1710 1088 potestis.

138 1118 341 1180 propter
367 1106 718 1179 fragilitatem
742 1108 922 1164 carnis
947 1107 1154 1178 majora
1177 1117 1462 1180 praecepta
1487 1109 1631 1164 ferre
1652 1118 1708 1164 et

136 1200 370 1272 implere,
409 1199 611 1256 idcirco
663 1197 801 1254 levia
845 1209 1114 1271 praecepta
1155 1201 1308 1257 vobis
1348 1203 1701 1256 committam.

135 1295 259 1362 Quid
293 1295 440 1350 enim
479 1301 592 1348 tam
621 1292 802 1359 facile,
841 1302 900 1348 ut
925 1293 1186 1364 Origenes
1225 1295 1376 1362 dicit,
1417 1295 1548 1366 quid
1597 1304 1705 1350 tam

134 1386 238 1442 leve
263 1399 427 1454 quam
456 1393 516 1440 ut
547 1384 621 1440 sit
645 1385 808 1441 homo
836 1393 946 1440 tam
969 1394 1252 1457 promptus
1274 1387 1342 1441 ad
1360 1385 1632 1456 justitiam
1655 1395 1708 1443 et

134 1479 452 1535 voluntatem
510 1475 608 1533 Dei
662 1477 1038 1548 complendam
1066 1519 1080 1543 ,
1136 1479 1296 1533 sicuti
1344 1486 1399 1534 et
1450 1479 1518 1534 ad
1564 1479 1706 1534 mala

131 1585 286 1640 Opera
330 1569 469 1625 solet
509 1583 628 1624 esse
652 1577 936 1640 promptus
964 1570 1198 1640 ubique?
1239 1570 1405 1626 Multo
1441 1573 1612 1642 magis
1638 1572 1709 1627 si-

133 1663 339 1732 quidem
365 1660 540 1717 levius
579 1667 760 1731 potest
788 1660 1079 1718 virtutibus
1101 1663 1395 1729 deservire,
1425 1679 1588 1733 quam
1623 1664 1706 1718 vi-

135 1753 253 1809 tiis:
283 1761 338 1808 et
381 1752 477 1807 Dei
524 1751 856 1808 voluntatem
899 1753 1220 1824 adimplere,
1273 1771 1437 1826 quam
1486 1755 1704 1810 diaboli.

132 1844 412 1903 Videamus
437 1846 707 1918 quomodo
751 1853 807 1902 et
847 1845 1090 1902 dicamus
1131 1862 1306 1917 pauca
1335 1862 1404 1905 ex
1440 1847 1703 1919 pluribus.

135 1937 222 1993 Est
248 1937 467 2008 quilibet
504 1937 664 2003 latro,
713 1945 769 1993 et
804 1937 1030 2007 quilibet
1063 1937 1198 1994 alius
1230 1937 1442 2008 justitia
1489 1940 1708 2010 propria

133 2032 335 2099 vivens,
367 2045 476 2086 non
499 2029 567 2086 de
593 2030 805 2102 rapina.
845 2028 981 2084 Dum
1012 2029 1152 2086 latro
1195 2031 1474 2085 cruciatur
1500 2030 1623 2102 gelu
1650 2038 1706 2087 et

138 2123 348 2193 frigore,
395 2132 448 2178 et
476 2121 762 2193 superfluis
791 2122 1236 2179 meditationibus
1259 2139 1358 2194 per
1383 2124 1500 2180 dies
1523 2132 1578 2179 et
1610 2140 1706 2180 no-

134 2223 245 2269 ctes
269 2222 574 2283 torquetur,
595 2211 817 2268 volvens
851 2213 1034 2269 animo
1054 2221 1110 2269 et
1146 2224 1468 2285 exspectans
1497 2215 1552 2270 in
1577 2229 1707 2284 agro

131 2305 396 2374 quomodo
435 2303 637 2359 furtum
671 2303 937 2374 perficiat,
975 2303 1157 2374 justus
1191 2321 1416 2362 securus
1461 2307 1708 2377 epulatur

130 2398 180 2453 in
203 2399 289 2454 die
314 2398 382 2453 de
410 2396 688 2454 laboribus
715 2397 827 2456 suis
846 2439 861 2465 ,
903 2408 958 2454 et
993 2399 1174 2468 quiete
1199 2400 1376 2455 noctis
1400 2416 1524 2455 cum
1549 2416 1708 2456 secu-

129 2490 636 2559 ritate-delectatur,
681 2500 737 2546 et
778 2491 1080 2549 dormiente
1129 2493 1233 2550 isto
1282 2509 1473 2550 somno
1513 2496 1709 2566 gratis-

127 2583 282 2652 simo,
315 2583 634 2654 plerumque
669 2583 758 2638 ille
795 2583 888 2653 qui
923 2583 1044 2655 gelu
1077 2584 1298 2655 frigoris
1335 2594 1390 2641 et
1419 2587 1599 2642 inedia
1628 2586 1708 2642 fa-

126 2677 226 2731 mis
258 2683 575 2746 torquetur,
608 2674 877 2730 occiditur
917 2677 986 2731 ab
1008 2676 1094 2731 his
1131 2678 1326 2746 quibus
1360 2679 1472 2733 vim
1505 2678 1709 2735 inferre

123 2767 471 2823 moliebatur.
508 2764 770 2821 Similiter
809 2767 904 2836 qui
941 2767 1270 2823 adulterium
1295 2777 1596 2841 perpetrat,
1642 2770 1710 2826 ti-

123 2867 233 2913 met
259 2858 615 2930 supervenire
651 2857 905 2913 maritum
949 2867 1004 2914 et
1038 2859 1274 2916 interfici
1303 2862 1372 2917 ab
1407 2862 1522 2928 illo,
1556 2863 1710 2918 timet

121 2952 289 3006 etiam
344 2952 552 3009 vicinos
596 2962 817 3024 propter
864 2952 1066 3009 famam
1116 2955 1404 3012 volantem.
1472 2957 1710 3013 Econtra

121 3053 305 3098 castus
351 3051 406 3098 et
449 3052 659 3100 amator
708 3045 914 3116 proprii
954 3046 1212 3101 connubii
1244 3061 1368 3101 cum
1417 3048 1711 3103 securitate

119 3135 279 3191 firma
338 3144 522 3191 servat
567 3137 873 3192 castitatem
921 3152 1076 3192 suam
1118 3155 1131 3191 :
1171 3138 1257 3192 vel
1304 3139 1468 3194 etiam
1519 3126 1711 3194 secure

119 3244 244 3284 cum
270 3235 465 3299 optata
479 3229 658 3299 quiete
671 3228 1016 3298 amplectitur
1046 3229 1326 3300 proprium
1355 3229 1706 3297 connubium,

119 3297 457 3394 quapropter
495 3297 781 3394 ﬁsubjungit
817 3297 1108 3394 Apostolus
1134 3297 1324 3378 {Sicut
1373 3324 1511 3378 enim
1558 3323 1708 3378 exhi-
1737 3297 1784 3361 Ο

117 3413 333 3480 buistis,
383 3413 574 3484 inquit,
619 3413 674 3468 id
717 3422 801 3470 est
841 3414 1212 3485 przeparastis,
1269 3415 1500 3470 membra
1541 3425 1710 3470 vestra

117 3507 320 3563 servire
345 3507 717 3573 immunditiw,
748 3507 801 3562 id
827 3516 912 3564 est
941 3493 1571 3576 libidini,'foruicationi,
1605 3509 1710 3563 im-

114 3597 419 3668 pudicitiae,
461 3606 516 3653 et
579 3597 852 3670 iniquitati
907 3599 976 3654 ad
1027 3599 1400 3670 iniquitatem,
1452 3601 1710 3656 subaudis

114 3689 542 3759 perpetrandam
571 3707 585 3744 :
612 3689 700 3744 Ita
724 3707 860 3744 nunc
877 3691 1111 3746 exhibete
1152 3691 1383 3747 membra
1410 3702 1580 3746 vestra
1603 3709 1712 3746 ser-

113 3785 228 3838 vire
272 3783 496 3854 justitia:
533 3783 891 3854 omnibusque
914 3784 1207 3839 virtutibus
1244 3785 1300 3838 in
1329 3784 1709 3851 sanctiﬁcatio-

111 3893 269 3942 :iem,
297 3875 546 3932 videlicet
562 3885 622 3931 ut
643 3877 818 3932 sancti
839 3892 958 3932 esse
982 3877 1226 3947 possitis,
1244 3877 1538 3933 secundum
1568 3879 1712 3947 quod

107 3971 274 4026 Deus
301 3968 547 4038 prmcipit
578 3982 592 4020 :
624 3966 809 4022 Sancti
832 3978 989 4022 estote
1010 3969 1135 4040 quia
1169 3979 1215 4022 et
1237 3986 1328 4038 ego
1360 3978 1571 4022 sanctus
1595 3984 1710 4021 sum

107 4061 322 4133 (Leuit.
381 4057 493 4127 ιιι).
549 4059 653 4114 Per
707 4058 1049 4128 iniquitatem
1100 4059 1358 4114 debemus
1410 4058 1714 4129 intelligere

104 4152 312 4212 omnia
340 4160 578 4223 peccata,
615 4152 742 4220 quia
772 4152 1028 4223 quidquid
1053 4161 1242 4208 contra
1266 4152 1439 4222 legem
1473 4151 1570 4206 Dei
1599 4153 1712 4223 agi-

107 4257 213 4304 tur
247 4244 505 4315 iniquitas
532 4250 892 4312 nuncupatur.
938 4243 1042 4298 Per
1065 4242 1331 4313 justitiam
1368 4259 1497 4298 vero
1525 4257 1714 4297 omnes

103 4336 382 4399 virtutes,
406 4341 462 4388 et
483 4340 568 4388 est
597 4347 788 4386 sensus
815 4349 829 4385 :
861 4330 1014 4387 Sicut
1052 4346 1148 4386 vos
1186 4331 1532 4402 praeparastis
1562 4340 1715 4387 ante-

106 4442 294 4498 quam
321 4426 388 4481 ad
417 4425 577 4480 ﬁdem
605 4423 781 4479 vocati
807 4424 1020 4490 essetis,
1064 4431 1123 4478 ut
1156 4424 1438 4480 serviretis
1465 4423 1715 4480 omnibus

95 4516 488 4576 immunditiis
509 4515 868 4586 omnibusque
909 4516 1076 4581 vitiis,
1107 4515 1180 4571 ita
1209 4531 1352 4571 nunc
1395 4517 1449 4571 in
1474 4515 1580 4572 fide
1599 4513 1713 4585 jam

109 4607 492 4665 consistentes
553 4613 854 4676 praeparate
901 4606 1146 4662 membra
1192 4615 1370 4662 vestra
1422 4615 1478 4661 et
1523 4622 1713 4663 omnes

109 4716 328 4759 sensus
370 4698 612 4770 corporis
631 4697 826 4764 vestri,
859 4697 1126 4768 quomodo
1156 4697 1413 4755 serviatis
1460 4699 1712 4757 omnibus

112 4792 446 4849 virtutibus.

192 4882 338 4939 Cum
357 4884 494 4937 enim
512 4884 644 4938 servi
665 4881 842 4938 essetis
863 4884 1062 4953 peccati
1095 4883 1244 4938 liberi
1267 4882 1441 4952 fuistis
1458 4883 1710 4954 justitiw,

113 4979 174 5033 id
207 4985 301 5032 est
331 4975 490 5031 alieni
522 4975 701 5032 fuistis
731 4992 760 5030 a
784 4976 1016 5046 justitia.
1069 4975 1221 5032 Sicut
1245 4977 1338 5046 qui
1378 4979 1546 5033 servit
1587 4995 1706 5048 pec-

111 5079 258 5127 cato
285 5077 344 5124 et
386 5067 621 5136 diabolo,
673 5066 793 5140 ejus
831 5085 1020 5124 servus
1059 5077 1143 5124 est
1192 5070 1347 5140 cujus
1381 5070 1714 5126 voluntatem

113 5165 398 5235 adimplet
427 5183 439 5218 :
469 5167 546 5221 sic
574 5164 666 5236 qui
704 5165 872 5220 servit
904 5162 1128 5233 justitia:
1167 5145 1358 5219 servus
1387 5173 1470 5220 est
1491 5164 1716 5235 justitia:

112 5267 179 5313 et
210 5256 340 5312 Dei.
372 5256 472 5324 Qui
493 5257 636 5310 enim
661 5255 830 5312 servit
854 5254 1000 5313 furto
1028 5264 1084 5312 et
1109 5255 1396 5323 adulterio,
1426 5273 1616 5314 servus
1637 5268 1718 5314 est

113 5349 271 5408 furti
294 5357 355 5406 et
377 5345 643 5402 adulterii.
689 5347 797 5403 Sed
826 5357 881 5405 et
920 5349 1026 5405 hoc
1070 5349 1350 5404 sciendum
1375 5390 1389 5415 ,
1421 5352 1549 5421 quia
1578 5352 1718 5408 sicut

114 5457 358 5502 servum
405 5455 525 5496 esse
565 5439 793 5510 iustitiae
845 5439 1114 5496 laudabile
1160 5449 1262 5504 est,
1308 5440 1536 5496 liberum
1589 5459 1719 5499 vero

113 5548 258 5592 esse
299 5548 328 5587 a
350 5531 560 5601 justitia
605 5548 712 5606 non
758 5541 841 5588 est
883 5531 1149 5587 laudabile
1183 5551 1195 5584 :
1229 5532 1302 5586 ita
1339 5547 1555 5588 servum
1601 5549 1718 5590 esse

116 5625 352 5699 peccati
385 5624 761 5681 detestandum
798 5633 903 5690 est,
937 5624 1164 5680 liberum
1207 5633 1385 5680 autem
1418 5641 1450 5680 a
1474 5615 1719 5698 peccato,

113 5718 491 5774 laudandum.

132 5791 136 5794 ’
204 5793 382 5874 Quem
408 5801 528 5881 ergo
551 5808 779 5877 fructum
802 5805 1054 5860 habuistis
1077 5817 1196 5860 tunc
1231 5807 1285 5860 iu
1308 5804 1432 5873 illis,
1467 5809 1724 5865 subaudis

119 5898 501 5976 immunditiis
524 5895 891 5976 peccatOrum,
927 5897 978 5952 iu
1011 5896 1193 5967 quibus
1218 5906 1342 5951 tunc
1374 5899 1676 5953 erubescitis
1703 5901 1726 5954 ?

1809 647 1972 702 fidem
2004 647 2216 702 Domini
2262 649 2534 715 venirent,
2571 649 2822 705 omnibus
2861 648 3008 704 vitiis
3035 649 3394 721 omnibusque

1810 737 2232 810 turpitudinibus
2266 739 2599 807 serviebant,
2643 741 2786 810 quod
2819 741 2982 797 etiam
3017 751 3171 812 turpe
3207 751 3289 797 est
3315 741 3395 796 di-

1808 845 1955 896 cere,
1983 846 2104 901 qua:
2129 831 2196 886 ab
2223 829 2484 901 Apostolo
2525 830 2580 885 in
2606 831 2710 886 hac
2737 831 2974 902 Epistola
3001 831 3118 901 jam
3157 843 3280 888 sunt
3305 845 3396 889 su-

1807 923 1992 995 perius
2050 933 2494 980 commemorata.
2551 921 2843 982 Venientes
2890 934 3071 982 autem
3120 927 3189 983 ad
3231 927 3393 983 fidem

1809 1015 2204 1073 erubescebant
2233 1031 2298 1071 ac
2326 1015 2858 1083 verecundabantur,
2888 1032 2996 1072 non
3023 1018 3196 1074 solum
3225 1017 3392 1087 facto,

1811 1109 1905 1165 sed
1945 1108 2111 1163 etiam
2152 1107 2208 1163 in
2237 1107 2615 1163 recordatione
2653 1122 2863 1175 eorum,
2906 1109 3048 1164 unde
3085 1110 3272 1166 volens
3301 1125 3396 1167 eos

1809 1203 2150 1267 confirmare,
2184 1217 2252 1257 ne
2281 1201 2348 1258 ad
2369 1201 2457 1257 illa
2490 1210 2918 1267 reverterentur,
2961 1202 3140 1256 aiebat
3173 1221 3185 1256 :
3220 1203 3394 1260 Dicite

1809 1293 1942 1349 mihi
1967 1309 2128 1364 quem
2153 1292 2412 1354 fructum.
2437 1291 2493 1347 id
2524 1301 2609 1348 est
2636 1291 2766 1363 quid
2791 1292 2918 1348 boni
2949 1294 3226 1348 consecuti
3259 1297 3396 1352 estis

1809 1387 1896 1444 vel
1920 1403 2082 1458 quam
2115 1387 2610 1444 remunerationem
2649 1387 3160 1444 bonamJnabuistis
3197 1389 3252 1444 in
3291 1388 3398 1444 illis

1811 1481 2168 1538 immunditiis
2213 1496 2349 1551 quas
2393 1480 2748 1552 perpetrastis
2799 1489 3091 1551 antequam
3135 1481 3202 1536 ad
3237 1480 3395 1536 ﬁdem

1811 1575 2089 1641 veniretis,
2130 1575 2185 1629 in
2212 1590 2441 1645 quarum
2471 1575 2846 1631 recordatione
2873 1582 2930 1632 et
2953 1575 3215 1632 memoria
3254 1591 3398 1631 nunc

1812 1667 2134 1724 erubescitis
2155 1675 2209 1721 et
2237 1666 2716 1722 verecundamini?
2742 1666 2877 1722 Nam
2903 1667 3050 1734 finis,
3075 1667 3129 1721 id
3158 1675 3242 1723 est
3269 1682 3398 1723 con-

1811 1760 2104 1817 summatio
2153 1759 2371 1815 illorum
2414 1762 2795 1831 peccatorum,
2845 1775 2995 1815 mors
3038 1767 3239 1816 aeterna
3290 1767 3395 1815 est.

1813 1854 2038 1924 Quando
2065 1856 2228 1912 homo
2265 1857 2322 1911 in
2361 1856 2600 1927 peccatis
2629 1855 3001 1911 criminalibus
3036 1855 3301 1922 moritur,
3343 1863 3399 1911 et

1813 1947 2103 2002 terminum
2122 1949 2248 2004 vitae
2268 1948 2417 2014 facit,
2469 1948 2593 2004 finis
2622 1953 2969 2018 peccatorum
2997 1962 3146 2002 mors
3171 1957 3256 2002 est
3281 1947 3392 2002 illi:

1809 2040 1936 2112 quia
1968 2050 2197 2096 mortem
2233 2049 2494 2096 aeternam
2523 2039 2650 2094 inde
2681 2040 2898 2110 accipit.
2933 2040 3010 2096 De
3037 2040 3236 2096 talibus
3270 2040 3401 2096 dicit

1807 2127 2119 2200 Propheta:
2151 2127 2591 2200 Computruerunt
2634 2129 2880 2199 jumenta
2929 2131 2985 2184 in
3038 2141 3262 2185 stercore
3301 2148 3398 2185 suo

1811 2218 1966 2284 (Joel.
2004 2219 2064 2291 ι).
2096 2218 2348 2276 iumenta
2395 2219 2736 2291 appellantur
2763 2220 3009 2276 homines
3049 2220 3141 2290 qui
3179 2221 3397 2277 irratio-

1809 2312 2068 2380 nabiliter
2089 2313 2298 2380 vivunt,
2343 2313 2462 2370 sine
2501 2314 2790 2369 honestate
2835 2329 3048 2368 morum
3081 2321 3136 2369 et
3173 2328 3398 2369 conver-

1809 2406 2058 2461 sationis.
2081 2403 2334 2460 Jumenta
2363 2407 2562 2477 quippe
2587 2413 2904 2476 putrescere
2931 2414 3015 2460 est
3044 2406 3099 2459 in
3131 2413 3395 2471 stercore,

1809 2497 1865 2552 in
1908 2496 2082 2553 fetore
2111 2496 2360 2566 luxuriae,
2394 2505 2450 2552 et
2477 2495 2900 2566 turpitudinibus
2932 2495 3190 2551 vitiorum
3233 2495 3396 2550 vitam

1809 2590 1990 2648 finire.

1883 2683 2042 2738 Nunc
2061 2701 2181 2740 vero
2205 2685 2412 2741 liberati
2435 2703 2468 2740 a
2493 2695 2727 2756 peccato,
2759 2684 2894 2740 servi
2911 2693 3085 2739 autent
3113 2683 3240 2753 facti
3260 2682 3394 2747 Dea,

1809 2776 2008 2832 habetis
2055 2777 2285 2846 fructum
2328 2780 2649 2835 vestrumin
2696 2778 3186 2847 sanctiﬁcationem,
3235 2775 3397 2844 ﬁnem

1807 2886 1927 2925 vero
1952 2871 2109 2924 vitam
2137 2881 2407 2926 aeternam.
2439 2871 2617 2937 Nunc,
2649 2871 2846 2942 inquit,
2875 2869 3086 2925 liberati
3109 2885 3140 2922 a
3167 2876 3395 2939 peccato

1810 2977 1908 3031 per
1926 2961 2235 3030 passionem
2260 2963 2486 3029 Christi,
2510 2978 2607 3033 per
2634 2977 2829 3032 aquam
2865 2961 3228 3031 baptismatis,
3252 2958 3399 3014 servi

1811 3062 1994 3108 autem
2020 3052 2150 3108 facti
2174 3055 2284 3109 Deo
2303 3095 2317 3119 ,
2355 3056 2451 3126 qui
2480 3063 2638 3110 antea
2664 3055 2829 3110 eratis
2869 3054 3012 3114 servi
3042 3052 3272 3117 diaboli,
3302 3053 3398 3106 ha-

1811 3143 1953 3200 betis
1972 3143 2208 3200 fructum
2229 3161 2452 3216 operum
2478 3155 2782 3201 vestrorum
2804 3146 2860 3199 in
2889 3144 3393 3205 sanctificationem,

1815 3237 1945 3308 quia
1974 3251 2111 3307 opus
2139 3245 2382 3292 vestrum
2420 3245 2688 3302 sanctum,
2723 3234 3204 3292 sanctificationem
3247 3233 3402 3288 vobis

1813 3337 2071 3402 procurat
2112 3330 2315 3387 :ﬁnem
2355 3345 2486 3387 vero
2513 3331 2682 3386 vitam
2727 3339 3016 3396 aeternam,
3056 3329 3110 3385 id
3144 3337 3228 3384 est
3269 3344 3398 3398 pro-

1812 3433 1933 3494 pter
1963 3425 2484 3480 consummationem
2520 3440 2744 3496 operum
2781 3433 3090 3479 vestrorum
3134 3421 3401 3477 habebitis

1811 3515 1980 3570 vitam
2004 3523 2262 3572 aeternam
2297 3534 2308 3570 :
2342 3531 2462 3588 quae
2485 3515 2640 3573 vobis
2667 3516 2884 3573 dabitur
2911 3531 3011 3588 pro
3045 3527 3400 3586 perseveran-

1814 3608 1888 3663 tia
1912 3617 2112 3665 vestra.

1885 3700 2160 3772 Stipendia
2183 3703 2322 3757 enim
2348 3703 2578 3774 peccati,
2609 3703 2665 3759 id
2691 3712 2774 3760 est
2803 3703 3173 3760 remuneratio
3200 3719 3398 3774 pecca-

1813 3801 2012 3858 torum,
2059 3809 2220 3857 mors,
2269 3803 2472 3850 aeterna
2508 3803 2608 3850 est.
2647 3794 2767 3851 Non
2814 3804 2996 3851 tamen
3031 3796 3098 3851 de
3146 3795 3398 3850 omnibus

1813 3884 2050 3953 peccatis
2086 3884 2493 3956 intelligendum
2519 3894 2622 3952 est,
2651 3887 2746 3942 sed
2778 3887 2846 3941 de
2873 3885 3250 3941 criminalibus
3272 3899 3402 3954 pec-

1813 3974 1972 4039 catis,
1995 3975 2060 4028 de
2084 3975 2280 4044 quibus
2308 3974 2440 4030 dicit
2459 3973 2726 4031 Joannes:
2756 3975 2853 4029 Est
2871 3985 3143 4046 peccatum
3167 3975 3236 4028 ad
3263 3990 3404 4027 mor-

1815 4072 1939 4130 tem,
1972 4081 2074 4119 non
2105 4081 2202 4133 pro
2230 4065 2326 4118 hoc
2349 4066 2468 4119 dico
2493 4074 2550 4119 ut
2579 4067 2695 4135 quis
2720 4075 2862 4137 roget
2883 4065 2949 4137 (1
2980 4066 3141 4120 Joan.
3165 4063 3254 4132 v).
3287 4063 3403 4117 Sti-

1814 4157 2070 4228 pendium
2111 4157 2306 4212 dicitur
2345 4175 2376 4213 a
2413 4159 2594 4228 stipite
2628 4159 2928 4229 pandenda,
2980 4158 3036 4213 id
3077 4165 3162 4212 est
3201 4172 3233 4212 a
3269 4157 3398 4213 sub-

1816 4250 2016 4306 stantia
2045 4249 2410 4320 ponderanda.
2457 4251 2773 4321 Antiquitus
2807 4252 2952 4308 enim
2983 4252 3164 4322 potius
3201 4252 3403 4324 ponde-

1816 4342 2040 4396 rabatur
2068 4342 2296 4413 pecunia
2328 4358 2490 4414 quam
2513 4343 2920 4402 numerabatur.
2956 4343 3108 4401 Unde
3137 4345 3402 4399 militibus

1816 4448 1914 4504 pro
1953 4434 2061 4487 vita
2107 4435 2249 4504 regis
2287 4443 2342 4489 et
2379 4435 2628 4491 libertate
2667 4437 2856 4507 patriae
2891 4435 3254 4492 militantibus
3302 4436 3402 4490 sti-

1814 4525 2095 4594 pendium,
2133 4525 2238 4581 lnoc
2271 4533 2354 4581 est
2382 4528 2685 4582 substantia
2731 4537 2786 4583 et
2814 4529 3179 4584 remuneratio
3212 4544 3279 4583 ex
3309 4543 3405 4597 pu-

1817 4617 1959 4672 blico
2002 4617 2195 4672 aerario
2233 4618 2613 4674 conferebatur
2643 4637 2656 4673 :
2685 4629 2739 4674 et
2767 4620 2909 4675 sicut
2949 4619 3055 4676 illis
3093 4634 3405 4676 remunera-

1817 4708 1981 4764 tionis
2031 4723 2190 4764 causa
2246 4709 2572 4779 stipendium
2625 4711 2872 4777 dabatur,
2923 4711 2999 4766 ita
3048 4711 3406 4766 militantibus

1817 4798 2032 4855 diabolo
2061 4799 2278 4855 dabitur
2315 4816 2483 4865 mors,
2523 4801 2639 4856 sive
2679 4809 2884 4857 aeterna
2912 4803 3276 4858 damnationis
3303 4818 3405 4873 pro

1819 4885 2275 4950 remuneratiOne.
2327 4888 2515 4945 Gratia
2565 4902 2736 4946 autent
2788 4893 2888 4948 Dei
2937 4895 3044 4948 vita
3099 4904 3298 4948 aeterna
3351 4894 3407 4947 iu

1820 4980 2026 5036 Christo
2066 4979 2217 5035 Jesu.
2269 4980 2407 5048 Quid
2442 4989 2528 5037 est
2559 4984 2704 5053 quod
2741 4984 2968 5055 loquens
2997 4985 3064 5040 de
3087 4999 3405 5040 remunera-

1823 5075 1968 5128 tione
1995 5073 2229 5144 peccati,
2264 5073 2592 5144 stipendium
2617 5077 2919 5134 nominavit
2952 5079 3124 5149 ipsam
3151 5092 3404 5133 remune-

1821 5166 2111 5232 rationem,
2138 5163 2280 5220 etde
2310 5168 2750 5226 remuneratione
2779 5170 3077 5226 electorum
3119 5170 3256 5226 dixit
3286 5177 3406 5225 ter-

1821 5257 1952 5312 tiam
2004 5255 2136 5312 Dei?
2200 5256 2357 5323 ideo,
2402 5259 2529 5328 quia
2572 5259 2649 5315 illi
2687 5262 2781 5332 qui
2825 5262 3079 5330 militant,
3129 5262 3404 5332 propriam

1820 5347 2124 5404 mercedem
2144 5348 2446 5419 accipiunt,
2479 5351 2741 5424 quidquid
2776 5362 2957 5409 autem
2986 5353 3149 5409 electi
3177 5353 3402 5420 habent,

1821 5451 1992 5498 totum
2020 5458 2050 5496 a
2079 5442 2250 5513 gratia
2289 5441 2384 5498 Dei
2413 5443 2704 5520 accipiunt,
2741 5447 2855 5503 sive
2883 5446 3067 5515 ﬁdem,
3093 5449 3208 5504 sive
3226 5446 3406 5504 chari-

1821 5544 2012 5602 tatem,
2042 5550 2136 5591 seu
2163 5534 2380 5605 aliquod
2408 5535 2608 5593 bonum
2647 5552 2782 5611 Opus
2816 5541 3069 5608 habeant,
3097 5552 3152 5598 et
3183 5543 3407 5613 insuper

1822 5643 1922 5697 pro
1946 5628 2118 5698 gratia
2149 5627 2250 5682 ista
2278 5627 2402 5682 ﬁdei
2423 5637 2477 5684 et
2495 5615 2765 5687 bonorum
2795 5647 3017 5703 operum
3053 5635 3222 5708 gratis
3262 5635 3405 5692 acci-

1824 5715 1974 5786 pient
2021 5733 2051 5771 a
2095 5716 2206 5772 Deo
2258 5719 2423 5772 vitam
2454 5727 2711 5776 aeternam
2761 5738 2874 5792 per
2900 5724 3224 5794 adjutorium
3275 5725 3402 5782 Jesu

1827 5809 2047 5876 Christi,
2086 5811 2202 5866 'sine
2227 5825 2331 5880 quo
2354 5810 2493 5866 nihil
2516 5812 2648 5867 boni
2673 5813 2874 5871 habere
2902 5831 3186 5888 possumus
