3950 6346
577 435 684 498 M9

1172 553 1399 610 CAPUT
1451 553 1561 612 Vll.

649 645 1017 714 Anignoratis,
1042 643 1274 714 fratres?
1296 646 1345 701 id
1374 655 1454 702 est
1487 648 1725 718 nunquid
1751 647 2011 717 ignoratis
2036 661 2157 718 qua:

578 753 676 806 ego
701 737 941 790 dicturus
970 751 1087 791 sum
1121 755 1134 789 :
1161 738 1442 792 scientibus
1463 739 1598 792 enim
1623 737 1783 809 legem
1805 735 2009 808 loquor,
2033 735 2157 808 quia

578 831 661 884 lea:
695 831 748 884 in
777 829 983 883 homine
1015 829 1320 884 dominatur
1343 841 1538 902 quanto
1573 841 1798 900 tempore
1831 829 1970 884 vivit.
2000 828 2158 886 Com-

576 920 788 991 paratio
818 929 902 973 est
934 919 988 972 in
1018 919 1122 973 hoc
1159 919 1298 985 loco,
1324 931 1379 976 et
1409 921 1462 974 in
1492 919 1838 990 sequentibus
1864 936 1892 974 a
1915 917 2033 988 lege
2057 917 2158 971 hu-

578 1027 736 1066 mana
771 1013 997 1066 tendens
1027 1012 1092 1064 ad
1135 1011 1370 1066 divinam
1401 1012 1598 1084 legem,
1631 1013 1743 1067 sive
1771 1028 1800 1066 a
1843 1012 1958 1081 lege
1988 1009 2154 1083 Moysi

575 1107 642 1160 ad
681 1105 853 1176 legem
899 1104 1170 1176 Evangelii
1206 1107 1452 1178 gentibus
1495 1105 1800 1176 Judzeisque
1840 1106 2158 1176 loquebatur

573 1195 865 1267 Apostolus
897 1195 1266 1253 habitantibus
1294 1196 1512 1263 Rome,
1545 1213 1610 1252 ex
1649 1199 1845 1267 quibus
1882 1197 2050 1254 Judzei
2083 1197 2159 1252 le-

575 1299 693 1359 gem
734 1288 972 1342 divinam
1023 1288 1303 1354 sciebant,
1357 1287 1583 1344 Romani
1631 1305 1843 1360 quoque
1883 1289 1951 1344 ab
1985 1289 2156 1344 Athe-

575 1380 856 1436 niensibus
898 1380 1045 1450 leges
1086 1377 1188 1436 sibi
1220 1390 1581 1447 mutaverunt,
1615 1398 1843 1452 quorum
1886 1399 1976 1437 rex
2017 1379 2157 1437 Pho-

576 1488 775 1528 roneus
813 1472 959 1544 leges
998 1472 1260 1528 humanas
1305 1485 1704 1544 composuerat,
1756 1475 1876 1529 ideo
1907 1473 2041 1528 dixit
2079 1473 2157 1528 le-

573 1577 693 1634 gem
742 1565 1039 1620 scientibus
1072 1582 1084 1617 :
1115 1566 1188 1619 De
1220 1563 1336 1634 lege
1377 1563 1598 1634 loquor,
1645 1579 1762 1633 qua:
1809 1564 1950 1618 hanc
1996 1563 2160 1619 habet

571 1657 1038 1722 consuetudinem,
1052 1664 1111 1710 ut
1124 1657 1625 1727 unicuiquebomini
1643 1658 1944 1712 dominetur
1956 1665 2161 1728 quanto

573 1755 814 1816 tempore
854 1747 969 1818 ipse
1012 1747 1186 1803 homo'
1222 1749 1375 1803 vivit.
1419 1747 1582 1804 Verbi
1629 1748 1800 1820 gratia
1834 1767 1845 1802 :
1879 1747 2158 1804 Romanus

569 1849 774 1909 quanto
815 1847 1055 1908 tempore
1089 1840 1242 1904 vivit,
1291 1841 1391 1895 sub
1432 1839 1669 1895 dominio
1717 1840 1976 1896 Romana:
2022 1839 2157 1909 legis

1074 439 1426 499 HAYMONIS
1467 441 1945 502 HALBERSTAT.
1983 437 2196 499 EPlSC.
2234 443 2382 499 opp.
2422 443 2598 499 rans
2633 446 2672 499 ι.
2700 476 2770 485 -
2793 413 3146 502 costum.
3187 445 3349 501 BIBL.
3667 411 3741 513 tu

2188 553 2240 618 Α
2266 555 2363 609 tim
2385 565 2443 609 ut
2466 555 2645 626 pulsat
2667 551 2939 612 hominem
2959 557 3168 627 perlicit
3193 576 3206 613 :
3229 559 3442 614 moritur
3454 577 3564 618 vero
3583 581 3740 636 quam,

2263 661 2418 700 mens
2443 662 2550 701 non
2581 647 2764 702 obedit
2792 650 2909 720 ejus
2941 651 3266 722 suggestioni
3291 663 3342 706 et
3378 654 3677 712 delectationi.

2334 737 2506 809 Igitur
2526 739 2716 794 vivente
2741 741 2851 796 viro
2887 743 3156 796 vocabitur
3181 761 3310 798 uxor
3350 746 3562 801 adultera
3579 755 3613 804 si
3635 752 3744 821 [urit

2260 847 2377 884 cum
2419 828 2526 884 alio
2564 832 2695 885 viro.
2735 829 2851 887 Hoc
2877 833 3194 904 simpliciter
3219 833 3580 908 intelligendum
3603 854 3744 907 est,et

2258 937 2324 978 eo
2349 921 2508 976 modo
2529 937 2637 994 quo
2668 931 2724 977 et
2769 923 2897 978 illud
2934 925 2986 978 in
3033 925 3336 998 Evangelia.
3366 925 3527 984 Omnis
3549 933 3619 1003 qui
3637 934 3747 988 dfmi-

2260 1013 2386 1067 serit
2412 1029 2650 1080 uxorem,
2676 1024 2723 1069 et
2763 1014 2984 1069 alteram
3007 1016 3213 1072 duxerit
3237 1060 3251 1083 ,
3279 1021 3562 1088 moechatur,
3595 1036 3744 1097 excepta

2261 1120 2424 1157 causa
2453 1103 2817 1174 fornicationis
2840 1119 2858 1156 :
2890 1115 2939 1160 et
2973 1108 3062 1178 qui
3105 1107 3366 1163 dimissam
3392 1128 3422 1164 a
3447 1111 3542 1166 viro
3580 1113 3744 1182 duxerit,

2260 1195 2546 1249 machatur
2573 1193 2788 1267 (Matth.
2813 1197 2866 1268 v)
2902 1215 2914 1250 :
2951 1205 3006 1252 et
3028 1185 3120 1268 q'ui
3148 1198 3383 1264 dimittit,
3414 1201 3455 1256 si
3485 1202 3665 1258 alteram
3686 1219 3746 1260 ac-

2260 1285 2410 1354 cipit,
2438 1298 2493 1340 et
2519 1287 2612 1356 qui
2642 1287 2876 1342 dimissae
2905 1287 3239 1360 copulaverit
3264 1307 3346 1356 se,
3371 1301 3571 1363 uterque
3601 1297 3745 1352 adulta.

2261 1376 2400 1430 rium
2429 1385 2722 1447 perpetrat.
2763 1377 2952 1434 Potest
2991 1387 3174 1436 tamen
3206 1398 3310 1436 non
3349 1386 3674 1442 convenienter
3692 1405 3748 1443 re-

2261 1461 2390 1521 ferri
2445 1468 2511 1521 ad
2567 1469 2777 1538 plebem
2831 1470 3181 1527 lsraeliticam
3233 1474 3372 1528 sicut
3424 1487 3473 1529 et
3524 1479 3746 1548 superiora.

2260 1555 2506 1623 Quandiu
2539 1558 2623 1612 lex
2671 1560 2834 1626 vixit,
2865 1561 2917 1616 id
2944 1572 3055 1628 est,
3086 1564 3322 1633 quandiu
3350 1565 3596 1620 obsonari
3624 1568 3749 1623 debuit

2261 1649 2290 1702 a
2320 1647 2538 1715 Judmis,
2568 1652 2611 1705 si
2643 1654 2766 1720 quis
2794 1651 3100 1709 Iudaeorum
3128 1656 3344 1725 reliquit
3375 1657 3524 1723 illam,
3549 1669 3594 1716 et
3610 1659 3749 1715 cultum

2262 1739 2355 1794 Dei
2403 1742 2535 1807 veri,
2569 1750 2624 1795 et
2653 1757 2711 1796 se
2738 1745 3011 1813 copulavit
3044 1747 3218 1800 errori
3268 1743 3530 1818 gentilium
3553 1749 3750 1803 adorando

2263 1827 2425 1894 idola,
2455 1832 2665 1887 adulter
2709 1832 2828 1887 fuit.
2880 1833 3032 1888 Unde
3065 1836 3229 1890 etiam
3267 1836 3378 1905 ipsa
3407 1837 3544 1908 plebs
3565 1841 3749 1894 meretrix

566 1933 836 1998 consistit,
887 1930 1072 1989 Gallus
1117 1939 1170 1988 et
1215 1931 1488 2002 Hispanus
1531 1931 1803 1998 similiter,
1853 1931 2072 1989 Judzeus
2105 1939 2160 1988 et
2185 1913 2234 1978 Β
2262 1924 2588 1994 appellauit.
2620 1924 2834 1978 (Ῐίωιιῑθ
2861 1924 3152 1981 EZCChie'e
3182 1942 3196 1980 ε
3241 1926 3528 1994 Propterea.
3557 1931 3750 1992 tumlti-tt

567 2021 930 2089 Christianus,
983 2023 1284 2078 monachus
1313 2032 1366 2077 et
1408 2023 1716 2087 canonicus,
1768 2031 1968 2095 quanto
2016 2033 2156 2081 tem-

569 2129 700 2186 pore
729 2115 940 2182 vivunt,
977 2116 1077 2170 sub
1105 2113 1341 2170 dominio
1365 2115 1500 2188 legis
1522 2133 1632 2172 suae
1657 2117 1863 2172 vivunt.

641 2204 781 2259 Nam
806 2221 922 2276 quae
945 2209 1040 2260 sub
1067 2208 1174 2261 viro
1201 2217 1275 2260 est
1311 2207 1519 2274 mulier,
1545 2209 1742 2263 vivente
1772 2209 1902 2274 viro,
1936 2207 2158 2278 alligata

567 2307 642 2351 est
665 2296 788 2366 legi,
818 2297 866 2350 id
897 2305 981 2352 est
1012 2299 1269 2368 potestati
1299 2298 1401 2351 viri
1429 2312 1442 2351 :
1467 2300 1510 2352 si
1533 2309 1707 2352 autem
1737 2307 1972 2352 mortuus
2001 2297 2158 2368 fuerit

563 2391 639 2442 vir
689 2389 840 2456 eius,
888 2388 1061 2443 soluta
1107 2399 1180 2443 est
1229 2407 1260 2443 a
1309 2389 1418 2459 lege
1467 2389 1598 2454 viri,
1645 2390 1938 2444 secundum
1986 2389 2158 2460 legem

565 2478 736 2548 Moysi
782 2488 835 2534 et
883 2479 1182 2550 Evangelii,
1213 2495 1424 2534 necnon
1454 2479 1748 2534 secundum
1781 2479 1931 2551 leges
1959 2481 2154 2536 buma—

560 2585 660 2623 nas
691 2571 792 2623 ista
832 2578 916 2624 est
956 2572 1306 2634 consuetudo,
1354 2579 1410 2624 ut
1444 2571 1659 2625 vivente
1706 2571 1841 2637 viro,
1896 2573 1996 2627 sub
2041 2571 2156 2640 ejus

565 2669 831 2730 potestate
879 2661 946 2714 sit
987 2660 1217 2715 mulier?
1253 2671 1468 2716 mortuo
1508 2675 1638 2716 vero
1677 2661 1801 2727 illo,
1855 2662 2082 2717 solvitur
2120 2678 2149 2716 a

562 2760 832 2822 potestate
880 2751 1044 2816 illius,
1089 2761 1143 2806 et
1175 2760 1353 2821 potest
1400 2751 1484 2806 cui
1514 2751 1628 2807 vult
1658 2754 1880 2808 nubere.
1925 2753 2018 2808 Vel
2055 2753 2157 2808 ali-

562 2854 645 2900 ter
677 2865 688 2899 :
723 2844 778 2900 Si
809 2847 1080 2916 acceperit
1118 2847 1356 2902 Gallicus
1383 2847 1548 2902 homo
1583 2864 1808 2904 uxorem
1855 2847 2155 2905 Romanam

560 2953 780 3009 genere,
828 2939 1068 3008 quandiu
1100 2939 1302 2994 vixerit
1328 2939 1413 2993 vir
1446 2939 1592 3007 ejus,
1635 2941 1737 2995 sub
1763 2955 1824 2994 ca
1854 2941 1972 3012 lege
2014 2943 2155 2996 vivet

558 3045 661 3100 qua
689 3031 771 3083 vir
797 3028 932 3099 ejus,
983 3037 1037 3084 et
1064 3043 1162 3099 per
1193 3045 1311 3085 eam
1347 3031 1694 3100 respondebit
1738 3031 2067 3103 interrogata
2099 3031 2152 3086 in

559 3120 772 3190 publico
798 3138 809 3172 :
842 3127 1054 3175 mortuo
1079 3127 1262 3174 autem
1291 3121 1428 3186 viro,
1461 3129 1760 3175 revertetur
1788 3121 1854 3176 ad
1875 3123 2150 3192 propriam

557 3212 749 3282 legem,
787 3221 840 3268 et
887 3213 1148 3283 deinceps
1187 3227 1295 3268 non
1343 3214 1490 3268 vivet
1533 3213 1635 3268 sub
1673 3212 1788 3282 lege
1831 3212 1936 3267 viri
1971 3228 2151 3283 :prze-

2262 2014 2390 2066 audi
2412 2013 2619 2067 verbum
2663 2013 2875 2068 Domini
2903 2014 3124 2084 (Ezech.
3155 2015 3290 2088 xvx).
3327 2017 3386 2072 Si
3413 2027 3567 2070 autem
3587 2025 3750 2070 mortuus

2262 2102 2419 2171 fuerit
2432 2105 2510 2158 vir
2523 2104 2655 2173 ejus,
2679 2103 2896 2160 liberata
2910 2115 2986 2161 est
2999 2121 3028 2159 a
3051 2107 3160 2178 lege
3175 2110 3292 2172 viri,
3309 2121 3364 2162 ut
3387 2125 3480 2163 non
3494 2109 3553 2162 sit
3565 2109 3750 2170 adultera,

2259 2195 2305 2247 si
2338 2193 2497 2264 fuerit
2531 2211 2647 2249 cum
2679 2196 2844 2250 altero
2872 2197 3000 2252 viro.
3053 2198 3135 2252 Ad
3174 2199 3409 2255 litteram
3455 2201 3570 2255 satis
3592 2208 3749 2270 patent:

2261 2281 2317 2342 Si
2349 2296 2530 2341 autem
2565 2296 2812 2344 mortuus
2843 2288 3008 2344 fuerit
3036 2291 3119 2345 vir
3145 2290 3265 2360 ejus
3285 2334 3300 2358 ,
3329 2293 3380 2347 id
3426 2301 3518 2357 est,
3546 2293 3583 2349 si
3608 2301 3752 2345 mortua

2259 2376 2460 2433 fuerint
2487 2391 2709 2450 peccata
2744 2390 2797 2436 et
2839 2383 2972 2436 vitia
3015 2384 3196 2438 carnis
3218 2427 3233 2449 ,
3266 2400 3383 2455 quae
3420 2386 3570 2440 solent
3589 2385 3752 2455 plerum-

2259 2481 2364 2538 que
2401 2470 2664 2525 dominari
2707 2471 2924 2538 animm,
2951 2473 3178 2528 liberata
3210 2483 3298 2530 est
3322 2490 3352 2529 a
3385 2475 3492 2546 lege
3515 2475 3619 2539 viri,
3642 2475 3753 2528 idest

2259 2558 2452 2631 Moysi,
2496 2575 2615 2632 qum
2663 2563 2848 2618 tandiu
2895 2563 3280 2622 dominabatur
3327 2567 3545 2632 homini,
3585 2565 3752 2636 quandiu

2259 2651 2553 2720 peccabat:
2583 2662 2637 2708 et
2666 2669 2773 2709 non
2811 2655 2917 2709 erit
2946 2656 3188 2711 adultera
3214 2697 3232 2724 ,
3268 2657 3314 2712 si
3359 2656 3512 2712 fuerit
3559 2667 3653 2712 cum
3687 2653 3754 2708 alio

2258 2741 2396 2806 viro,
2429 2741 2484 2796 id
2512 2749 2596 2797 est
2647 2759 2770 2798 eum
2819 2743 3055 2812 Christo,
3078 2754 3139 2801 "et
3190 2746 3295 2802 sub
3351 2747 3626 2818 Evangelio.
3665 2745 3751 2798 Ani-

2259 2845 2344 2886 ma
2371 2835 2514 2888 enim
2540 2849 2662 2904 qua:
2702 2835 2928 2892 liberata
2953 2845 3036 2894 est
3073 2853 3103 2893 a
3130 2841 3389 2910 peccatis,
3433 2841 3621 2897 Christo
3649 2839 3754 2893 debet

2257 2923 2554 2980 adhaerere.

2327 3015 2533 3087 Itaque,
2569 3019 2759 3088 fratres
2799 3023 2902 3076 mei
2929 3032 2976 3076 et
2997 3039 3088 3078 vos
3128 3025 3437 3096 mortiﬁcati
3463 3029 3570 3081 estis
3598 3025 3674 3094 legi
3697 3037 3755 3090 ριν

2255 3123 2441 3180 corpus
2479 3108 2693 3165 Christi.
2746 3111 3016 3168 Debuerat
3045 3115 3230 3170 dicere
3260 3158 3274 3182 ,
3306 3116 3506 3172 Mortua
3527 3123 3596 3172 est
3615 3116 3678 3169 lex
3699 3127 3754 3166 to

2254 3198 2337 3255 bis
2359 3241 2372 3265 ,
2405 3202 2496 3256 sed
2525 3217 2594 3256 ne
2621 3203 3010 3260 scandalizaret
3045 3203 3287 3274 Iudaeos,
3320 3209 3506 3278 quibus
3541 3207 3629 3262 ista
3663 3202 3753 3258 scri-

558 3276 704 3356 terea
735 3303 895 3373 digna
922 3276 1358 3358 consideratione
1397 3276 1840 3374 perpendendum
1896 3311 1978 3356 est
2012 3276 2150 3360 duos

2255 3291 2435 3357 bebat,
2475 3293 2665 3348 maluit
2691 3295 2910 3351 dicere:
2943 3295 3251 3353 Mortiﬁcati
3281 3276 3410 3354 estis
3437 3297 3552 3369 legi,
3572 3295 3754 3367 quianon

557 3396 706 3454 viros
738 3395 790 3448 in
822 3395 926 3450 hoc
948 3395 1069 3450 loco
1099 3395 1452 3465 spiritualiter
1476 3396 1542 3449 ab
1571 3395 1827 3464 Apostolo
1859 3395 2149 3462 introduci,

560 3492 615 3540 et
643 3499 806 3538 unam
838 3485 1138 3539 mulierem.
1188 3486 1336 3540 Unus
1376 3495 1552 3540 autem
1593 3488 1678 3540 vir
1711 3486 1797 3542 lex
1836 3487 2154 3559 intelligitur

568 3577 760 3648 Moysi,
793 3593 911 3648 qua:
934 3579 1076 3634 sicut
1101 3580 1184 3633 vir
1221 3597 1383 3650 super
1409 3597 1650 3647 uxorem,
1700 3583 1775 3637 ita
1810 3583 1900 3638 illa
1932 3583 2153 3639 tenebat

562 3670 850 3724 Dominum
879 3685 1041 3740 super
1071 3671 1423 3727 lsraeliticam
1455 3674 1667 3742 plebem
1701 3693 1714 3727 :
1749 3675 1888 3730 alter
1913 3689 2044 3730 vero
2070 3675 2154 3729 vir

561 3760 827 3832 accipitur
879 3771 1157 3832 peccatum
1187 3803 1202 3829 ,
1262 3763 1404 3833 quod
1471 3765 1788 3836 plerumque
1845 3766 2154 3821 dominatur

560 3853 772 3907 animae.
834 3852 1075 3910 Mulieris
1135 3864 1316 3911 autem
1374 3858 1624 3920 nemine,
1693 3859 1778 3913 vel
1843 3857 2154 3929 specialiter

561 3959 998 4015 unamquamque
1042 3948 1300 4015 animam,
1331 3949 1414 4004 vel
1455 3951 1787 4020 generaliter
1826 3959 1995 4005 totam
2039 3950 2153 4020 ple-

560 4037 682 4091 bem
726 4037 1075 4092 lsraeliticam
1103 4039 1219 4093 vult
1246 4039 1489 4111 intelligi,
1537 4042 1680 4110 quod
1719 4041 1774 4096 in
1801 4042 2152 4110 sequentibus

558 4128 812 4185 distincte
839 4131 1069 4199 singulis
1101 4132 1153 4186 in
1186 4132 1319 4188 locis
1351 4131 1811 4190 manifestabitur.
1852 4133 1986 4188 Nam
2025 4147 2150 4190 cum

562 4222 692 4276 dicit
719 4223 1010 4293 Apostolus
1041 4243 1052 4278 :
1081 4224 1218 4290 Quae
1248 4226 1342 4279 sub
1370 4227 1480 4279 viro
1503 4239 1574 4280 est
1603 4226 1812 4293 mulier,
1848 4243 1946 4297 per
1974 4228 2150 4283 virum

560 4316 674 4368 vult
716 4316 942 4387 intelligi
970 4317 1142 4386 legem
1171 4316 1363 4389 Moysi,
1392 4333 1490 4388 per
1519 4319 1800 4374 mulierem
1828 4329 2005 4376 autem
2035 4335 2152 4391 Spe-

561 4407 770 4462 cialiter
809 4409 1106 4479 quamlibet
1141 4410 1402 4476 animam,
1448 4410 1531 4465 vel
1573 4411 1900 4480 generaliter
1937 4413 2150 4481 plebem

561 4499 912 4555 lsraeliticam
933 4543 947 4568 ,
979 4510 1039 4556 ut
1067 4501 1321 4568 diximus,
1354 4519 1474 4574 quae
1508 4505 1608 4559 sub
1646 4505 1763 4575 lege
1811 4505 1975 4578 Moysi
2022 4523 2151 4564 con-

563 4592 808 4646 sistebat.
851 4592 1004 4660 Quod
1047 4609 1176 4649 vero
1210 4594 1513 4666 subjungit,
1552 4597 1745 4651 vivente
1786 4599 1894 4651 viro
1927 4599 2147 4670 alligata

561 4695 635 4738 est
663 4685 785 4756 legi,
811 4701 910 4757 per
929 4688 1102 4742 virum
1133 4687 1221 4742 hic
1243 4687 1355 4742 vult
1382 4689 1607 4760 intelligi
1635 4692 1918 4760 passiones
1939 4695 2141 4760 carnis,

564 4777 616 4833 id
651 4787 733 4833 est
763 4779 913 4846 vitia,
947 4796 1068 4850 qua:
1108 4781 1344 4850 quandiu
1369 4781 1558 4836 vivunt
1598 4783 1652 4837 in
1682 4785 1920 4852 homine,
1961 4787 2148 4860 alliga-

563 4879 648 4926 tus
674 4881 757 4928 est
797 4873 900 4945 legi
945 4871 1138 4945 Moysi,
1172 4888 1291 4943 qum
1317 4873 1447 4928 dicit
1482 4889 1494 4928 :
1527 4873 1582 4929 Si
1613 4877 1733 4945 quis
1769 4876 1872 4932 hoc
1894 4879 1976 4935 vel
2019 4877 2148 4937 illud

562 4961 770 5030 fecerit,
810 4974 986 5021 morte
1029 4965 1318 5030 moriatur,
1361 4973 1416 5021 et
1452 4971 1537 5021 est
1575 4979 1802 5023 sensus:
1835 4970 2028 5025 Anima
2063 4969 2148 5026 vel

563 5057 712 5127 plebs
743 5071 861 5130 qua:
900 5057 1001 5114 sub
1030 5059 1147 5113 viro
1186 5065 1285 5123 est,
1323 5058 1375 5113 id
1421 5068 1506 5114 est
1543 5059 1642 5114 Sub
1671 5061 1788 5132 lege
1821 5060 1989 5132 Moysi
2021 5078 2149 5116 con-

564 5149 725 5217 sistit,
750 5150 968 5206 vivente
994 5149 1133 5214 viro,
1174 5149 1226 5204 id
1253 5157 1337 5205 est
1361 5151 1714 5222 regnantibus
1747 5152 1800 5204 in
1830 5150 1917 5204 illa
1940 5153 2147 5224 passio-

563 5242 718 5297 nibus
743 5249 798 5297 et
823 5241 1273 5297 delectationibus
1304 5249 1357 5297 et
1391 5243 1539 5297 vitiis
1565 5241 1764 5307 carnis,
1802 5241 2040 5311 subjacet
2073 5243 2149 5297 le-

562 5333 641 5403 gis
672 5332 843 5403 Moysi
876 5332 1125 5386 vindicta:
1156 5343 1274 5401 qua:
1315 5333 1437 5386 data
1477 5339 1558 5386 est
1592 5331 1770 5402 impiis
1797 5343 1847 5386 ct
1891 5341 2148 5403 peccato-

563 5423 732 5480 ribus.
782 5423 839 5480 Si
893 5434 1073 5479 autem
1120 5432 1365 5479 mortuus
1399 5421 1565 5478 fuerit
1600 5422 1685 5477 vir
1709 5425 1842 5496 ejus,
1886 5425 1939 5482 id
1980 5436 2060 5483 est
2103 5427 2148 5484 si

566 5529 776 5573 mortua
803 5517 1004 5573 fuerint
1038 5525 1258 5588 peccata
1286 5516 1338 5570 in
1372 5516 1548 5570 anima
1582 5525 1636 5570 et
1663 5516 1790 5571 vitia
1829 5520 2029 5585 carnis,
2055 5536 2144 5575 so-

567 5612 676 5665 luta
705 5621 788 5666 est
819 5629 843 5666 a
877 5613 992 5683 lege
1028 5612 1166 5676 viri,
1204 5609 1253 5663 id
1285 5617 1366 5663 est
1395 5624 1498 5663 non
1527 5617 1610 5663 est
1627 5607 1740 5677 jam
1772 5608 2006 5679 subjecta
2041 5611 2144 5684 legi

567 5701 845 5768 Mosaicae,
901 5705 1028 5774 quia
1079 5702 1211 5757 nihil
1263 5701 1424 5756 habet
1471 5701 1612 5770 quod
1661 5701 1709 5755 ei
1753 5701 1946 5758 debeat
1992 5721 2005 5758 :
2060 5703 2147 5761 lex

569 5798 709 5851 enim
737 5813 839 5852 non
867 5808 951 5852 est
988 5797 1162 5867 posita
1189 5795 1374 5864 justis,
1419 5794 1508 5848 sed
1541 5795 1916 5864 peccatoribus
1953 5807 2010 5854 et
2046 5800 2147 5855 im—

569 5889 690 5956 piis.
725 5889 860 5940 Vivit
894 5898 946 5940 et
971 5896 1156 5955 regnat
1185 5895 1462 5953 peccatum
1500 5885 1549 5937 in
1585 5885 1758 5938 anima
1788 5890 2000 5956 quando
2035 5899 2144 5947 sta-

2255 3383 2419 3440 babet
2442 3386 2584 3454 quod
2609 3387 2796 3455 puniat
2818 3387 2872 3442 in
2893 3387 3066 3444 vobis.
3091 3388 3148 3445 Si
3173 3391 3322 3446 enim
3351 3391 3592 3446 dixisset:
3613 3385 3756 3442 liortna

2254 3485 2337 3531 est
2382 3476 2487 3540 lex,
2518 3477 2975 3534 contristarentur
3002 3490 3057 3536 et
3077 3467 3384 3538 scandaliia
3395 3493 3565 3537 rentur
3589 3496 3640 3535 eo
3662 3474 3757 3548 quod

2255 3570 2460 3625 diceret
2505 3569 2652 3625 illam
2680 3572 2934 3628 abolitam
2964 3581 3018 3629 et
3044 3583 3339 3631 mortuam.
3387 3575 3459 3630 Illi
3486 3577 3610 3631 enim
3631 3570 3760 3627 morti-

2253 3660 2397 3716 ﬂcati
2454 3672 2582 3718 sunt
2605 3662 2706 3735 legi
2733 3665 2786 3719 in
2833 3667 3030 3735 quibus
3069 3665 3204 3723 nihil
3239 3669 3407 3726 habet
3444 3669 3576 3740 quod
3611 3665 3756 3738 puniat.

2255 3754 2386 3810 Cum
2417 3755 2548 3811 (icit
2585 3771 2600 3811 :
2629 3757 2731 3812 Per
2763 3773 2960 3829 corpus
2990 3759 3190 3816 Christi
3219 3763 3528 3819 mortiﬁcati
3551 3761 3660 3818 estis
3676 3757 3758 3827 legi.

2255 3845 2321 3900 de
2363 3861 2469 3916 quo
2499 3862 2725 3919 corpore
2771 3848 3050 3920 loquitur?
3081 3852 3212 3907 Nam
3267 3869 3460 3925 corpus
3503 3852 3672 3910 Christi
3708 3853 3762 3902 est

2253 3941 2396 4010 quod
2441 3943 2734 4012 assumpsit
2781 3945 2832 3998 in
2885 3953 3042 4000 utero
3073 3947 3324 4018 virginali
3355 3967 3368 4001 :
3401 3961 3586 4018 corpus
3621 3939 3761 4000 Christi

2253 4041 2336 4087 est
2360 4041 2470 4087 tota
2505 4033 2744 4090 Ecclesia
2790 4036 3027 4092 ﬁdelium
3057 4055 3070 4091 :
3101 4053 3306 4108 corpus
3333 4039 3529 4096 Christi
3557 4047 3643 4102 est,
3669 4029 3764 4104 quod

2253 4136 2605 4181 consecratur
2649 4129 2701 4182 in
2753 4129 2992 4185 Ecclesia
3022 4133 3287 4202 quotidie.
3321 4135 3552 4206 Apparet
3597 4147 3696 4204 ergo
3726 4127 3766 4182 de

2254 4217 2346 4272 illo
2383 4233 2611 4289 corpore
2650 4221 2851 4277 dixisse
2876 4222 3214 4290 Apostolum,
3265 4227 3410 4295 quod
3448 4223 3696 4292 assumpsit
3733 4217 3765 4271 in

2254 4315 2408 4364 utero
2455 4309 2723 4380 virginali.
2771 4310 2876 4367 Per
2906 4329 3104 4384 corpus
3131 4331 3288 4369 suum
3311 4331 3441 4388 ergo
3473 4315 3687 4372 Christus
3705 4321 3769 4363 nos

2253 4400 2506 4456 liberavit
2553 4418 2582 4456 a
2614 4403 2748 4474 lege,
2783 4405 2835 4459 id
2868 4418 2972 4470 est,
3004 4421 3103 4478 per
3129 4409 3444 4476 passionem
3485 4405 3693 4478 corporis
3714 4397 3768 4454 sui

2253 4493 2403 4549 dedit
2423 4494 2578 4550 nobis
2604 4497 2977 4553 remissionem
3003 4507 3357 4568 peccatorum
3387 4521 3400 4556 :
3425 4513 3482 4557 ut
3493 4501 3595 4571 jam
3618 4511 3699 4553 non
3722 4493 3770 4547 si-

2255 4603 2376 4642 mus
2425 4589 2653 4659 subjecti
2689 4590 2812 4664 legi,
2860 4591 2903 4646 si
2937 4607 3169 4662 peccare
3199 4593 3513 4651 desistimus
3558 4612 3570 4648 :
3610 4590 3666 4645 Ut
3695 4587 3771 4642 sitit

2253 4693 2348 4733 vos
2379 4677 2620 4746 alterius,
2649 4681 2700 4735 id
2724 4691 2807 4736 est
2841 4682 3066 4750 Christi,
3109 4688 3199 4756 qui
3244 4703 3310 4742 ea:
3350 4688 3564 4742 mortuis
3601 4695 3774 4738 resum-

2251 4773 2376 4824 xit:
2409 4781 2464 4824 ut
2490 4771 2819 4842 fructiﬁcetis
2853 4775 2962 4830 Deo
2985 4791 3002 4828 :
3028 4778 3170 4842 Ideo,
3197 4779 3394 4850 inquit,
3429 4775 3665 4848 redempti
3686 4769 3776 4825 eSIiS

2253 4865 2506 4936 passione
2547 4865 2749 4924 Christi
2781 4887 2791 4922 :
2823 4868 2944 4924 ideo
2991 4873 3276 4944 accepistis
3320 4875 3670 4932 remissionem
3693 4881 3777 4938 pec-

2251 4967 2495 5013 catorum
2514 4999 2528 5024 ,
2557 4968 2617 5014 ut
2639 4959 2751 5030 jam
2785 4975 2892 5016 non
2919 4963 3037 5019 sitis
3067 4966 3294 5036 subjecti
3324 4967 3447 5038 legi,
3475 4967 3562 5024 sed
3589 4962 3776 5020 Christo.

2254 5055 2311 5100 ut
2357 5045 2695 5103 fructiﬂcetis
2725 5048 2855 5105 Deo.
2903 5051 2993 5106 ille
3024 5051 3319 5110 fructiﬁcat
3357 5055 3471 5110 Deo
3509 5054 3593 5126 qui
3623 5050 3779 5106 animas

2251 5139 2298 5193 ei
2330 5139 2669 5210 multiplicat,
2695 5149 2747 5195 et
2769 5142 2860 5213 qui
2885 5144 3117 5214 acquirit
3141 5159 3232 5202 eas
3261 5147 3430 5204 verbo
3454 5157 3505 5203 et
3527 5143 3730 5214 exemplo
3746 5145 3779 5189 (³1

2253 5229 2663 5308 quibuscunque
2692 5233 2883 5288 modis.

2322 5337 2448 5392 Cum
2473 5341 2609 5395 enim
2647 5359 2872 5398 essemus
2894 5344 2949 5397 in
2987 5362 3167 5412 carne,
3195 5347 3464 5418 passiones
3493 5349 3781 5416 peccatorum.

2251 5445 2367 5500 qua’
2391 5445 2483 5501 per
2505 5430 2666 5503 legem
2687 5445 2868 5502 erant,
2892 5439 3245 5506 operabantur
3281 5440 3337 5493 in
3371 5437 3605 5494 membris
3643 5427 3786 5486 nostri!

2256 5531 2307 5574 ut
2331 5521 2709 5592 fructiﬁcarent
2732 5528 2907 5582 morti.
2945 5527 3080 5582 Cum
3109 5531 3250 5584 enim
3272 5546 3535 5594 essemus,
3565 5524 3727 5597 inquit,
3749 5520 3787 5571 in

2254 5625 2438 5679 carne,
2463 5614 2516 5669 id
2537 5623 2620 5670 est
2649 5616 2701 5670 in
2731 5631 2825 5688 spe
2848 5633 3029 5672 rerum
3053 5620 3356 5674 carnalium
3390 5617 3546 5691 positi
3571 5626 3619 5672 et
3639 5616 3684 5669 in
3701 5623 3791 5666 con-

2256 5705 2604 5775 cupiscentiis
2631 5709 2960 5788 carnalibus,
2987 5712 3267 5780 passiones
3295 5721 3652 5783 peccatorum,
3679 5697 3791 5758 adul-

2261 5799 2450 5854 terium
2477 5800 2746 5868 videlicet,
2778 5805 2987 5875 rapina,
3012 5803 3384 5868 homicidium,
3407 5819 3526 5875 qum
3551 5817 3637 5872 per
3659 5797 3790 5866 legem

2259 5899 2412 5945 erant
2443 5893 2670 5962 COgnita‘
2702 5896 3010 5974 hominibus
3031 5939 3045 5961 ,
3073 5906 3124 5951 et
3151 5911 3268 5966 qua:
3313 5911 3412 5966 per
3443 5896 3606 5964 legem
3633 5898 3789 5956 coam“
