3936 6438
163 479 263 538 421

874 470 1234 529 EXPOSlTlO
1272 471 1340 527 ΙΝ
1374 466 1523 527 EPP.
1565 468 1625 525 S.
1662 466 1891 524 PAULI.
1932 494 1998 505 --
2033 465 2101 521 lN
2140 456 2359 522 EPIST.
2399 466 2493 522 AD
2529 455 2696 521 30M.

3297 454 3405 518 422

160 596 444 651 scebantur
467 604 588 647 esse
616 595 859 659 peccata,
889 587 1252 657 opembantur
1276 586 1329 639 in
1353 583 1609 639 membris
1634 596 1734 637 no-.
1756 584 1807 645 Α
1831 579 2008 649 primo
2036 576 2244 633 homini
2271 582 2293 631 τ’
2311 577 2766 646 consideransque
2807 572 3010 646 legem,
3033 572 3237 629 invenit
3268 587 3403 643 quo-

160 685 282 741 stris
332 682 462 738 vitia
507 690 562 737 et
607 687 847 752 peccata,
887 685 947 732 ut
974 677 1364 732 fructiﬁcarent
1408 673 1588 738 morti,
1630 674 1745 727 hoc

158 784 256 842 est,
286 782 348 830 ut
384 781 612 829 mortem
657 779 914 825 aeternam
970 767 1127 822 nobis
1170 766 1533 837 acquirerem.
1578 762 1732 817 Sicut

159 866 297 922 enim
332 864 424 936 qui
454 862 622 919 servit
655 860 942 916 virtutibus
968 900 983 924 ,
1024 856 1318 913 fructiﬁcat
1342 856 1468 910 vita:
1492 862 1725 918 mter-nae,

157 955 276 1025 quia
320 954 487 1008 vitam
535 961 794 1007 aeternam
842 949 1077 1019 acquirit
1117 962 1133 1002 :
1173 948 1245 1002 ita
1272 948 1364 1018 qui
1389 946 1556 1002 servit
1585 945 1729 1000 vitiis

158 1054 383 1102 mortem
434 1051 695 1100 aeternam
723 1043 824 1099 sibi
863 1041 1114 1111 acquirit.
1142 1039 1472 1109 Stipendium
1498 1036 1644 1092 enim
1673 1045 1745 1093 et»

157 1137 522 1195 remuneratio
540 1137 737 1208 peccati
758 1150 897 1189 mors
924 1142 1127 1188 aeterna
1147 1139 1230 1188 est
1251 1129 1423 1202 (Rom.
1454 1129 1551 1200 vi).

220 1228 381 1285 Nunc
422 1236 597 1283 autem
637 1227 795 1281 soluti
820 1223 1474 1294 sumus,perpassionem
1521 1220 1740 1276 Christi:

153 1325 203 1374 et
221 1331 322 1388 per
344 1316 694 1387 baptismum,
717 1332 750 1367 a
777 1312 885 1384 lege
933 1314 1134 1379 mortis,
1158 1313 1211 1367 id
1233 1320 1315 1368 est
1342 1327 1375 1367 a
1403 1312 1517 1381 lege
1536 1309 1723 1382 Moysi,

152 1422 267 1479 quae
296 1413 527 1462 mortem
552 1404 818 1459 inferebat
844 1403 1236 1472 peccatoribus,
1265 1402 1322 1457 in
1360 1416 1464 1472 qua
1502 1401 1741 1457 destine-.

152 1498 349 1559 tamur,
399 1496 655 1552 subaudis
694 1501 982 1563 antequam
1026 1508 1126 1563 per
1168 1492 1737 1559 Christumsoivere-z

152 1604 305 1644 mur:
334 1590 413 1642 ita
456 1597 509 1642 ut
540 1587 826 1642 serviamus
863 1584 924 1638 in
950 1584 1175 1638 novitate
1194 1584 1406 1654 spiritus
1444 1592 1494 1637 et
1528 1599 1631 1638 non
1668 1584 1737 1637 int

151 1692 393 1736 vetustate
414 1680 618 1734 litterae.
642 1679 700 1733 In
743 1685 1009 1734 vetustate
1046 1677 1240 1733 litterae
1269 1678 1441 1733 servit
1482 1677 1575 1748 qui
1610 1678 1733 1733 εἰν-ι.

148 1772 527 1827 cumcisionetn
541 1770 889 1825 et‘sabbatum
902 1769 1195 1825 carnaliter
1208 1777 1408 1837 servat,
1438 1778 1492 1823 et
1514 1770 1610 1840 qui
1626 1778 1724 1839 per

147 1864 412 1919 carnalem
442 1861 837 1918 observantiam
875 1861 1007 1932 legis
1031 1870 1182 1932 putat
1217 1876 1278 1917 se
1318 1862 1517 1915 salvari
1542 1876 1718 1930 posse.

1828 668 1990 725 modo
2006 682 2101 737 per
2122 664 2599 737 transgressionem
2625 664 2741 736 ejus
2761 664 2953 733 posset
2977 661 3125 717 illum
3146 661 3403 719 damnare

1826 777 1987 834 quem
2028 769 2188 819 antea
2226 758 2585 823 damnaverat-
2621 772 2719 834 per
2748 756 3012 828 originale
3052 763 3337 827 peccatum
3381 769 3400 812 :

1827 833 1883 912 et
1935 862 2155 925 accepta
2201 851 2487 908 occasione
2510 890 2526 917 ,
2571 833 2693 919 per.
2723 849 3206 923 transgressionem
3266 847 3401 923 legis

1826 945 2177 1002 inﬂammavit
2222 942 2391 1007 illum,
2429 955 2538 994 non
2573 938 2745 995 solum
2796 938 2865 997 ad
2907 938 3400 1010 concupiscentiam

1825 1037 2080 1100 libidinis,
2113 1033 2209 1092 sed
2231 1032 2472 1089 omnium
2499 1030 2775 1097 vitiorum,
2816 1038 2875 1085 ut
2896 1041 2993 1099 per
3020 1030 3402 1100 concupiscen-

1826 1129 1956 1185 tiam
1988 1127 2142 1183 ﬁeret
2170 1124 2551 1196 praevaricator
2577 1122 2730 1194 legis.
2789 1119 2924 1175 Nam
2955 1122 3058 1175 hoc
3080 1121 3243 1177 habet
3276 1138 3402 1193 pro-

1827 1218 2000 1289 prium
2026 1232 2123 1287 per
2152 1215 2635 1287 transgressionem
2664 1213 2913 1269 humana:
2947 1212 3144 1267 mentis
3168 1212 3400 1271 inﬁrmi-

1826 1318 1939 1377 tas,
1971 1318 2032 1365 ut
2071 1307 2338 1364 dilIicilius
2376 1306 2652 1363 observari
2697 1304 2923 1385 possint.
2945 1303 3236 1375 prohibita.
3273 1301 3399 1361 Sine

1822 1401 1959 1459 enim
2005 1399 2115 1469 iege
2163 1397 2419 1464 naturali,
2460 1396 2543 1452 vel
2590 1395 2782 1467 Moysi,
2819 1402 3087 1466 peccatum
3136 1404 3397 1450 mortuum

1823 1498 1957 1556 erat,
1989 1489 2042 1544 id
2077 1496 2161 1544 est
2209 1488 2448 1554 latebat,
2494 1487 2883 1559 ignorabatur,
2928 1501 3039 1545 non
3084 1486 3395 1555 apparebat.

1822 1580 2123 1651 Antequam
2148 1580 2232 1635 lex
2260 1579 2523 1638 naturalis
2555 1586 2611 1633 et
2638 1578 2942 1635 intellectus
2966 1576 3187 1648 incipiat
3214 1576 3399 1647 vigere

1824 1673 1878 1727 in
1929 1672 2203 1743 parvulis,
2251 1671 2480 1743 aliisque
2524 1670 2866 1735 hominibus,
2915 1668 3042 1724 licet
3090 1668 3399 1739 percutiant

1822 1777 2034 1837 patrem
2077 1774 2133 1824 et
2183 1773 2430 1830 matrem,
2476 1774 2532 1821 et
2561 1766 2884 1823 maledicunt
2915 1765 3255 1836 parentibus,
3289 1780 3398 1822 non

1822 1868 2066 1931 peccant.
2098 1858 2391 1929 Postquam
2413 1866 2591 1913 autem
2617 1858 2687 1915 ad
2715 1857 2983 1928 legitimos
3002 1872 3174 1924 annos
3196 1856 3397 1913 intelli—

149 1954 233 2009 Ille
257 1969 388 2010 vero
424 1952 593 2008 servit
628 1953 682 2007 in
730 1952 968 2008 novitate
1010 1952 1253 2023 spiritus,
1295 1952 1385 2022 qui
1433 1953 1718 2009 circumci-
1748 1936 1793 1998 Β
1820 1952 2012 2022 gentiae
2036 1951 2395 2022 pervenerint,
2428 1950 2471 2006 si
2499 1948 2701 2020 aliquid
2748 1948 2855 2005 tale
2899 1948 3127 2007 fecerint
3146 1956 3394 2021 peccant,

152 2044 358 2099 sionem
383 2043 736 2113 spiritualiter
763 2053 963 2109 servat,
994 2051 1049 2098 et
1078 2042 1419 2098 circumcidit
1445 2059 1540 2101 cor
1556 2057 1716 2098 suum

153 2134 217 2188 ab
271 2134 517 2190 omnibus
564 2135 729 2200 vitiis,
762 2143 817 2190 et
860 2135 1091 2204 quiescit
1135 2149 1166 2188 a
1218 2149 1388 2205 pravo
1434 2146 1618 2205 opere,
1663 2144 1731 2191 et

151 2234 341 2281 caetera
379 2240 501 2296 quae
526 2227 613 2283 lex
659 2228 816 2283 docet
862 2226 1215 2298 spiritualiter
1262 2225 1510 2297 intelligit
1537 2234 1592 2283 et
1618 2228 1715 2282 ad-

149 2318 349 2388 implet.

211 2412 354 2477 Quid
399 2426 521 2483 ergo
561 2413 835 2468 dicemus?
880 2412 988 2468 Lea:
1039 2422 1309 2483 peccatus
1339 2414 1456 2468 est?
1523 2412 1718 2480 Absit,

142 2516 198 2560 ut
248 2505 335 2560 lex
380 2522 501 2576 qua:
542 2516 766 2576 peccata
806 2506 1057 2577 mhibet
1097 2520 1261 2561 causa
1307 2507 1514 2577 peccati
1563 2506 1719 2561 nobis

142 2599 265 2653 data
311 2600 401 2654 sit.
454 2598 627 2654 iudex
680 2598 896 2668 quidem
941 2606 1025 2654 est
1071 2605 1437 2668 peccatorum,
1466 2607 1524 2652 et
1561 2598 1723 2653 docet

140 2690 272 2757 quid
299 2690 371 2744 sit
394 2691 750 2761 appetendum
774 2697 831 2745 et
856 2689 985 2759 quid
1014 2690 1312 2755 vitandum,
1357 2704 1464 2747 non
1511 2696 1597 2745 est
1640 2698 1729 2744 tam

139 2797 264 2835 men
294 2783 562 2851 operatrix
592 2782 822 2851 peccati,
852 2792 1025 2852 neque
1053 2796 1216 2836 causa
1249 2781 1440 2837 mortis
1486 2789 1571 2840 est
1616 2781 1725 2837 illis

138 2874 224 2942 qui
265 2883 509 2944 peccant.
535 2874 698 2929 Verbi
728 2874 899 2944 gratia
930 2893 942 2928 :
978 2874 1131 2930 Sicut
1158 2874 1400 2930 medicus
1428 2876 1520 2945 qui
1547 2875 1723 2931 homi-

138 2981 265 3020 nem
318 2966 567 3035 prohibet
615 2965 890 3021 abstinere
936 2981 968 3021 a
1028 2966 1165 3021 cibis
1215 2966 1514 3022 mortiferis
1585 2974 1639 3022 et
1687 2982 1724 3024 λ

135 3072 305 3113 succo
333 3067 611 3113 venenatae
639 3058 841 3123 herbae,
885 3059 931 3115 si
956 3059 1045 3114 ille
1080 3060 1378 3116 comederit
1406 3068 1499 3115 aut
1525 3060 1722 3116 biberit

133 3160 331 3207 contra
349 3160 674 3222 praeceptum
692 3151 907 3215 medici,
938 3160 995 3207 et
1022 3159 1264 3207 mortuus
1292 3152 1477 3219 fuerit,
1508 3167 1615 3207 non
1640 3153 1719 3208 id-

134 3244 291 3299 circo
337 3244 421 3298 est
445 3243 688 3298 medicus
718 3257 879 3298 causa
910 3244 1100 3298 mortis
1124 3244 1264 3299 illius
1302 3244 1391 3299 cui
1420 3244 1716 3314 prohibuit,

1821 2050 1877 2096 et
1930 2042 2219 2098 vindictam
2284 2040 2570 2111 recipiunt.
2633 2038 2898 2107 Similiter
2957 2048 3245 2110 antequam
3309 2039 3399 2094 lex

1820 2133 1988 2205 Moysi
2048 2135 2173 2190 data
2242 2142 2423 2200 esset,
2477 2140 2637 2189 erant
2688 2133 2932 2204 quasdam
3002 2141 3225 2205 peccata
3278 2147 3400 2203 qua:

1820 2226 2209 2297 ignorabantur
2237 2233 2455 2297 peccata
2480 2240 2619 2290 esse,
2648 2239 2772 2294 qua:
2789 2225 3075 2280 commissa
3103 2240 3210 2279 non
3235 2231 3398 2279 tantm

1820 2318 2175 2388 gravitudinis
2226 2324 2387 2373 erant
2425 2332 2442 2370 :
2489 2314 2577 2378 vel
2619 2316 2785 2370 etiam
2842 2315 2889 2373 si
2937 2315 3399 2387 cognoscebantur

1818 2425 1938 2465 esse
1968 2418 2214 2481 peccata,
2244 2409 2446 2465 latebat
2467 2424 2575 2479 qua
2594 2423 2755 2477 ptena
2778 2408 2941 2479 digna
2970 2417 3168 2465 essent.

1844 2548 1849 2551 χ
1889 2501 2002 2572 Ego
2034 2509 2217 2556 autem
2239 2500 2483 2556 vivebam
2512 2500 2630 2556 sine
2655 2500 2773 2570 lege
2818 2498 3127 2570 aliquando.
3157 2497 3228 2554 Se
3246 2497 3401 2569 ponit

1818 2606 1918 2663 pro
1936 2590 2209 2658 omnibus,
2238 2599 2292 2646 et
2319 2599 2402 2648 est
2422 2605 2613 2647 sensus
2640 2608 2652 2642 :
2680 2590 2968 2660 aliquando
2984 2629 3000 2655 ,
3028 2590 3082 2644 id
3103 2596 3189 2646 est
3204 2628 3221 2656 ,
3249 2595 3400 2645 ante-

1820 2698 1981 2752 quam
1997 2683 2168 2754 legem
2189 2696 2572 2754 cognoscerem
2597 2682 2778 2737 vivere
2790 2697 2876 2737 me
2899 2682 3207 2738 arbitrabar
3228 2687 3397 2747 recte,

1820 2788 1941 2829 cum
1966 2789 2103 2843 pene
2139 2774 2390 2830 omnibus
2416 2774 2564 2833 vitiis
2614 2773 2962 2830 deservirem.
3003 2772 3111 2829 Sed
3163 2786 3280 2829 cum
3315 2787 3400 2827 ve-

1820 2864 1978 2918 nisset
2032 2864 2340 2918 mandatum
2381 2863 2514 2932 legis
2559 2862 2727 2934 Moysi
2771 2863 2958 2919 dicens
3000 2879 3014 2916 :
3060 2860 3117 2917 Si
3147 2861 3268 2932 quis
3291 2862 3401 2917 hoc

1818 2953 1906 3009 vel
1942 2953 2070 3008 illud
2114 2952 2308 3009 fecerit
2335 2960 2510 3010 morte
2556 2954 2842 3019 moriatur,
2874 2963 3142 3024 peccatum
3191 2954 3403 3009 reuixit.

1819 3043 1953 3099 illud
1975 3044 2175 3101 dicitur
2193 3045 2511 3101 reviviscere
2541 3044 2685 3113 quod
2707 3044 2818 3113 jam
2841 3045 2998 3103 vixit.
3023 3044 3089 3098 Et
3112 3052 3394 3113 peccatum
3500 3082 3509 3093 .

1820 3136 1874 3191 in
1898 3136 2072 3207 primo
2090 3136 2304 3206 quidem
2332 3136 2547 3193 homine
2576 3135 2709 3190 vixit
2734 3135 2828 3205 qui
2857 3135 3089 3193 scienter
3119 3134 3396 3203 peccavit;

1820 3238 1875 3286 et
1916 3230 1971 3284 in
2000 3228 2133 3286 Cain
2177 3230 2271 3301 qui
2302 3230 2476 3286 dixit:
2508 3228 2688 3299 Major
2714 3238 2789 3284 est
2825 3228 3072 3300 iniquitas
3100 3245 3215 3282 mea
3243 3245 3399 3299 quam

131 3335 226 3390 scd
258 3334 376 3403 ipse
397 3334 499 3389 sibi
523 3342 607 3390 est
643 3346 808 3390 causa
832 3335 1022 3391 mortis
1047 3334 1138 3404 qui
1166 3336 1402 3403 comedit
1430 3336 1499 3391 de
1534 3336 1721 3406 probi-
1745 3314 1789 3377 C
1821 3333 1878 3377 ut
1926 3324 2129 3378 ueniam
2156 3338 2359 3378 merear
2400 3318 2553 3393 (Gen.
2583 3318 2687 3393 ιν);
2716 3320 2809 3376 sed
2836 3319 2889 3374 in
2920 3318 3046 3379 aliis
3087 3319 3204 3390 ejus
3253 3333 3399 3375 mor-

131 3426 270 3481 bitis
321 3442 335 3479 :
375 3426 447 3479 ita
487 3426 573 3480 lex
617 3439 737 3495 quae
788 3425 1106 3497 prohibebat
1149 3435 1365 3496 peccata
1391 3462 1406 3493 ,
1470 3428 1655 3483 dicens
1701 3444 1716 3481 :

132 3518 190 3574 Si
219 3519 350 3590 quis
373 3520 479 3575 hoc
500 3519 585 3575 vel
628 3519 757 3575 illud
805 3519 1015 3587 iecerit,
1044 3529 1217 3575 morte
1264 3522 1562 3589 moriatur,
1592 3538 1720 3593 pec-

131 3610 390 3666 cantibus
404 3619 460 3665 et
480 3624 545 3665 ea
571 3608 896 3667 facientibus
931 3626 1052 3682 quae
1076 3613 1191 3682 ipsa
1218 3613 1565 3683 prohibebat,
1611 3630 1720 3675 non

133 3709 263 3756 erat
305 3716 468 3758 causa
507 3702 719 3768 mortis,
759 3704 851 3757 sed
884 3702 984 3772 ipsi
1012 3703 1105 3774 qui
1134 3711 1565 3775 tunSgreSSOres
1601 3704 1719 3759 exi-

132 3796 379 3861 stebant,
406 3803 563 3849 erant
593 3794 696 3850 sibi
730 3808 893 3849 causa
919 3809 1028 3849 sua)
1054 3794 1436 3850 damnationis.
1463 3794 1570 3850 Sed
1596 3810 1723 3865 pec-

134 3880 323 3939 catum
368 3899 473 3940 non
505 3887 732 3956 cognovi
761 3887 865 3941 nisi
896 3900 995 3956 per
1019 3886 1212 3955 legem,
1256 3887 1310 3942 id
1353 3896 1459 3954 est,
1504 3901 1723 3958 prunam

131 3983 193 4029 et
242 3975 536 4030 vindictam
584 3976 788 4045 peccati
839 3990 945 4031 non
995 3979 1239 4047 cognovi,
1290 3980 1394 4034 nisi
1424 3992 1524 4050 per
1551 3978 1723 4050 legem

131 4081 268 4136 quae
291 4067 447 4136 punit
473 4075 716 4137 peccata,
749 4067 832 4122 vel
882 4068 1047 4123 etiam
1077 4070 1321 4138 quaedam
1364 4070 1509 4125 mala
1556 4082 1723 4140 opera

133 4172 257 4214 non
292 4159 681 4228 cognoscebam
731 4160 855 4229 quia
905 4170 1185 4230 peccatum
1221 4170 1421 4227 essent,
1449 4175 1726 4232 usquequo

133 4250 232 4304 lex
283 4249 452 4304 venit.
505 4249 674 4304 Erant
718 4251 865 4305 enim
910 4251 1154 4320 quantum
1194 4260 1438 4320 peccata,
1469 4267 1590 4322 qua:
1616 4268 1724 4308 non

132 4343 474 4416 putabantur
499 4353 629 4399 ante
654 4344 825 4415 legem
862 4358 982 4399 esse
1003 4352 1223 4413 peccata
1245 4384 1259 4411 ,
1290 4344 1431 4399 sicut
1458 4352 1575 4399 erat
1601 4358 1728 4413 peca-

134 4446 326 4492 catum
372 4435 824 4505 concapiscentim
857 4435 924 4491 de
963 4449 1072 4505 quo
1098 4435 1214 4506 ipse
1259 4433 1572 4506 subiungit:
1604 4448 1726 4490 nam

134 4526 615 4596 concupiscentiam
665 4525 935 4592 libidinis,
968 4527 1301 4596 aliarumque
1328 4527 1591 4582 malarum
1642 4542 1727 4583 re-

135 4632 265 4670 rum
288 4616 597 4683 nesciebam,
622 4618 878 4673 subaudis
904 4625 1187 4687 peccatum
1210 4632 1354 4682 esse,
1377 4618 1479 4672 nisi
1516 4617 1603 4672 te:
1647 4617 1726 4673 di-

134 4717 325 4763 ceret:
361 4707 485 4763 Non
514 4710 864 4780 concupisces.
896 4709 1002 4765 Per
1047 4711 1543 4781 concupiscentiam
1571 4711 1719 4769 enim

132 4798 520 4870 intelliguntur
560 4808 617 4856 et
656 4800 759 4855 alia
801 4799 1120 4871 quampiam
1170 4809 1394 4871 peccata
1442 4816 1563 4871 qum
1596 4808 1721 4858 ante

133 4891 317 4961 legem
339 4890 726 4962 ignorabantur
746 4906 868 4948 esse
891 4892 1219 4963 peceatavel
1242 4906 1350 4964 qua
1376 4904 1535 4962 pinna
1557 4892 1721 4965 digna

132 4994 343 5042 essent.

210 5074 504 5132 Occasione
522 5084 694 5132 autem
724 5087 934 5147 accepta
958 5118 974 5143 ,
998 5086 1266 5148 peccatum
1288 5092 1380 5149 per
1418 5078 1722 5133 mandatum

130 5168 291 5237 legis,
315 5179 582 5239 operatum
606 5180 680 5225 est
702 5171 761 5227 in
786 5188 867 5225 me
888 5184 1090 5225 omnem
1119 5172 1609 5241 concupiscentiam.
1642 5170 1721 5226 Ex

137 5274 378 5332 persona
405 5259 710 5319 Judzeorum
742 5264 983 5335 loquitur
1016 5263 1304 5334 Apostolus
1346 5263 1724 5332 paenitentiam

1823 3424 1972 3469 tuum
1994 3421 2079 3469 est
2102 3413 2194 3483 qui
2219 3412 2288 3468 ad
2316 3420 2523 3467 tantum
2546 3417 2910 3481 pervenerunt
2936 3423 3177 3465 errorem
3209 3415 3268 3465 ut
3292 3423 3399 3465 non

1821 3511 2073 3581 putarent
2097 3518 2218 3560 esse
2241 3512 2522 3574 peccatum
2552 3504 2694 3573 quod
2738 3510 2855 3566 erat
2888 3509 3190 3573 peccatum.
3225 3500 3401 3557 Advo-

1823 3599 2006 3652 niente
2032 3606 2211 3652 autem
2252 3596 2367 3668 lege
2413 3595 2581 3667 Moysi
2610 3594 2806 3652 revixit
2828 3593 2972 3651 auod
3021 3601 3263 3660 ceperat
3288 3607 3399 3649 non

1822 3687 2004 3743 vivere
2028 3686 2244 3756 quando
2272 3686 2491 3743 latebat.

1824 3826 1829 3833 ,
1896 3778 2008 3848 Ego
2029 3788 2203 3832 autem
2226 3786 2461 3832 mortuus
2488 3792 2626 3843 sum,
2657 3775 2713 3831 id
2736 3784 2820 3830 est
2846 3775 3065 3846 dignum
3102 3789 3187 3830 me
3227 3782 3404 3830 morte

1825 3867 2120 3929 intellwxie
2167 3875 2453 3937 postquam
2501 3865 2683 3935 accepi
2712 3864 2885 3937 legem
2930 3874 2987 3920 et
3035 3872 3405 3933 transgressus

1824 3973 1945 4016 sum
1969 3973 2087 4013 eam
2122 3977 2135 4009 :
2171 3968 2220 4011 et
2254 3957 2518 4011 inventum
2547 3964 2622 4010 est
2644 3955 2773 4011 mihi
2792 3954 3100 4019 mandatum
3125 3954 3264 4023 quod
3291 3962 3405 4008 erat

1824 4049 1895 4103 ad
1917 4049 2099 4114 uitam,
2124 4047 2223 4101 hoc
2240 4062 2350 4101 esse
2372 4046 2442 4099 ad
2463 4044 2929 4109 mortem.‘,Sensus
2953 4042 3259 4115 hujusmodi
3277 4050 3362 4098 est
3387 4056 3403 4096 :

1824 4140 1957 4199 Illud
1980 4140 2291 4195 mandatum
2319 4136 2462 4208 quod
2492 4136 2622 4191 mihi
2651 4136 2717 4191 ad
2747 4136 2851 4191 hoc
2878 4136 3063 4193 datum
3092 4141 3199 4198 est,
3228 4140 3291 4188 ut
3312 4130 3408 4188 ob-

1822 4240 2096 4290 servatum
2141 4239 2197 4288 et
2241 4231 2575 4289 custoditum
2606 4228 2896 4301 proliceret
2924 4229 2991 4285 ad
3039 4227 3206 4293 vitam
3250 4235 3408 4281 teter—

1823 4339 1984 4391 nam,
2024 4323 2324 4396 neglectum
2367 4321 2621 4394 perduxit
2661 4321 2729 4376 ad
2765 4330 2993 4377 mortem
3026 4329 3305 4375 aternam.
3341 4316 3407 4372 Et

1824 4417 1901 4472 ita
1944 4414 2144 4473 factum
2187 4421 2272 4469 est
2316 4421 2376 4467 ut
2424 4413 2566 4483 quod
2618 4411 2747 4483 mihi
2774 4427 2872 4484 pro
2900 4413 3042 4469 bono
3086 4411 3269 4466 datum
3300 4417 3403 4473 est.

1826 4523 1948 4564 meo
1972 4507 2104 4563 vitio
2124 4512 2428 4563 mutaretur
2452 4504 2508 4560 in
2536 4503 2757 4560 malum.

1886 4599 2044 4655 Nam
2070 4607 2365 4671 peccatum,
2394 4598 2448 4653 id
2477 4605 2561 4654 est
2579 4595 2828 4655 diabolus
2853 4605 3042 4652 auctor
3060 4595 3293 4667 peccati,
3321 4612 3406 4649 oc-

1745 4673 1799 4734 Ῑ)
1824 4692 2033 4748 casione
2081 4698 2291 4761 accepta
2323 4705 2415 4759 per
2448 4688 2758 4745 mandatum
2798 4687 2951 4760 legis,
2993 4703 3057 4744 eo
3090 4688 3249 4743 modo
3301 4701 3406 4756 quo

1808 4781 2074 4857 ‘superius
2097 4780 2333 4837 diximus
2351 4817 2366 4845 ,
2395 4778 2602 4834 seduxit
2630 4795 2731 4844 me,
2783 4787 2838 4834 et
2869 4779 3079 4851 decepit
3106 4793 3190 4833 me
3220 4776 3402 4833 dulce-

1828 4876 1952 4931 dine
1977 4874 2188 4946 peccati
2227 4883 2282 4929 et
2332 4873 2798 4943 concupiscentia),
2844 4880 2903 4927 ut
2948 4887 3009 4928 ea
3059 4871 3337 4941 implerem
3375 4885 3405 4923 a

1826 4967 2023 5037 quibus
2072 4966 2158 5023 lex
2205 4964 2476 5036 prohibet,
2507 4974 2557 5019 et
2601 4982 2693 5035 per
2731 4964 2864 5035 illud
2916 4964 3248 5029 mandatum,
3303 4963 3407 5018 hoc

1828 5068 1933 5126 est,
1980 5073 2079 5130 per
2131 5058 2614 5130 transgressionem
2664 5058 2929 5126 mandati,
2970 5058 3157 5113 occidit
3215 5070 3304 5112 me
3349 5056 3405 5110 in

1826 5149 2026 5209 anima.
2748 5218 2753 5223 ε

1892 5239 2080 5313 Itaque
2102 5239 2192 5296 lea:
2211 5240 2420 5312 quidem
2448 5252 2629 5296 sancta
2648 5249 2697 5295 et
2723 5240 3029 5296 mandatum
3058 5245 3320 5302 sanctum,
3356 5243 3404 5288 et

133 5329 415 5425 ᾖεεηιευω
447 5371 462 5407 τ
513 5353 596 5408 νει
630 5366 701 5409 εχ
730 5329 959 5425 ικηῖεικω³
1012 5329 1435 5423 ,πὶίυεωίυεέυθ
1488 5352 1724 5411 hami,“
1810 5334 2021 5404 justum
2058 5341 2106 5387 et
2145 5331 2357 5425 bonum:
2379 5330 2572 5425 _Uuum
2606 5329 2917 5425 mandatum
2945 5329 3132 5425 accipe
3157 5341 3255 5398 pro
3288 5341 3402 5381 om-

132 5442 518 5512 paanitentiam
549 5444 775 5515 agentis.
808 5444 942 5498 Nam
970 5444 1188 5513 quando
1234 5444 1334 5500 ista
1378 5442 1719 5514 loquebatur,

131 5533 316 5603 gratia
346 5532 683 5604 baptismatis
706 5534 1037 5603 justiﬁeatus
1082 5546 1224 5591 erat.
1282 5535 1492 5591 Peccati
1540 5544 1719 5590 autem

135 5627 367 5683 nomine
395 5627 450 5682 in
483 5630 588 5685 isto
614 5628 745 5685 loco
768 5629 959 5685 beatus
997 5629 1320 5685 Ambrosius
1344 5629 1462 5685 vult
1496 5627 1722 5702 intenti

132 5718 448 5786 diabolum,
495 5721 585 5791 qui
648 5727 732 5775 est
786 5728 974 5775 auctor
1026 5718 1255 5790 peccati.
1318 5718 1518 5775 Videns
1580 5719 1724 5776 enim

136 5814 388 5872 diabolus
435 5816 561 5887 quia
609 5830 705 5884 per
754 5814 1156 5870 observantiam
1219 5813 1351 5885 legis
1417 5814 1725 5869 redditurus

135 5918 287 5965 esset
330 5909 497 5967 homo
525 5909 881 5972 adveniam,
926 5905 1117 5960 invidit
1158 5908 1353 5962 iterum
1391 5908 1465 6004 .ei,
1500 5907 1641 5961 sicut
1672 5913 1727 5960 et

1819 5426 1979 5482 nibus
2034 5424 2323 5480 mandatis.
2377 5422 2488 5479 Lex
2547 5431 2768 5488 sancta,
2806 5421 2955 5493 justa
2997 5431 3053 5477 et
3091 5421 3232 5477 bona
3261 5429 3345 5475 est
3387 5435 3400 5472 :

1821 5520 1948 5592 quia
1983 5519 2324 5579 sanctitatem
2349 5557 2365 5583 ,
2390 5517 2682 5589 justitiam,
2713 5516 3008 5572 bonitatem
3048 5513 3324 5586 praedicat,
3348 5521 3405 5569 et

1823 5614 2200 5671 observatores
2222 5625 2349 5669 suos
2372 5618 2610 5677 sanctos,
2633 5609 2811 5681 iustos
2832 5604 2887 5663 et
2914 5606 3086 5663 bonos
3112 5605 3257 5662 facit.

1896 5712 2050 5781 Quod
2087 5729 2207 5784 ergo
2256 5713 2447 5767 bonum
2475 5722 2548 5766 est
2597 5710 2725 5765 nti/ti
2767 5709 2968 5779 [actum
3007 5718 3081 5765 est
3132 5708 3313 5763 mors?
3351 5707 3405 5762 id

1824 5813 1929 5871 est,
1960 5804 2271 5867 mandatum
2316 5803 2450 5873 legis
2472 5801 2616 5873 quod
2646 5814 2742 5872 per
2769 5816 2828 5855 se
2872 5801 3070 5856 bonum
3100 5808 3200 5864 est,
3233 5799 3274 5855 si
3309 5798 3403 5856 ob-

1825 5906 2094 5959 servetur,
2124 5896 2252 5950 mihi
2283 5876 2480 5955 factm
2511 5904 2593 5949 est
2624 5893 2803 5950 mors?
2839 5888 3003 5959 Absit,
3055 5901 3113 5947 ut
3155 5891 3284 5947 illud
3330 5890 3400 5944 sit
