3936 6480
179 436 270 495 425

850 435 1212 495 EXPOSITIO
1248 435 1318 493 IN
1354 435 1503 505 EPP.
1548 434 1605 489 S.
1648 431 1872 488 PAULI.
1911 462 1982 472 —
2013 430 2080 486 IN
2116 432 2335 490 EPIST.
2374 434 2466 490 AD
2500 432 2668 491 ROM.

3279 432 3393 491 426

180 548 377 621 appellat
416 562 555 604 onus
598 548 908 619 pondusque
956 534 1319 614 mortalitatis,
1352 548 1475 617 quia
1522 558 1717 616 corpus
1741 549 1795 610 Α
1820 550 1929 596 tate
1951 548 2191 606 manent,
2221 542 2355 596 nihil
2394 551 2478 598 est
2504 542 2860 599 damnationis
2884 551 2946 598 ut
2987 543 3149 600 morti
3175 553 3390 604 aeterna:

178 648 387 695 nostrum
411 637 584 693 adhuc
623 638 848 693 mortale
875 640 1041 694 trahit
1084 654 1182 694 nos
1203 638 1443 709 quotidie
1472 636 1538 691 ad
1573 653 1705 692 con-

178 730 534 802 cupiscentiam
560 730 752 785 malam
775 737 828 786 et
851 731 1289 787 consuetudinem
1316 744 1556 799 pravam.
1597 729 1709 784 Lex

175 821 298 878 enim
338 822 696 877 membrorum
725 821 968 893 corporis
1010 829 1095 876 est
1120 822 1523 891 concupiscere,
1570 820 1712 874 sicut

173 912 247 969 lex
273 912 455 967 mentis
481 927 586 967 non
626 912 1022 982 concupiscere.
1051 912 1172 968 Alio
1201 913 1381 980 modo,
1413 912 1711 969 secundum

172 1002 363 1057 beatum
392 1000 748 1073 Gregorium:
777 1001 896 1057 A'lia
935 1002 1023 1058 lex
1067 1019 1188 1074 quae
1215 1010 1297 1059 est
1333 1003 1387 1057 in
1431 1003 1708 1070 membris,

172 1100 446 1160 repugnans
492 1090 599 1162 legi
635 1091 854 1157 mentis,
897 1091 1213 1163 intelligitur
1243 1092 1474 1148 titillatio
1507 1093 1707 1160 carnis,

172 1183 217 1237 id
238 1191 311 1238 est
334 1185 598 1253 promotio
625 1185 693 1241 ad
726 1185 1041 1241 libidinem:
1090 1185 1174 1240 vel
1195 1194 1344 1242 certe
1369 1186 1544 1241 omnis
1584 1198 1712 1239 con-

169 1275 469 1351 cupiscentia
495 1277 656 1331 mala.

233 1363 414 1434 lnlelia:
438 1382 530 1437 ego
560 1367 735 1433 homo,
756 1384 870 1439 quis
890 1384 971 1423 me
989 1368 1226 1423 liberabit
1251 1368 1315 1423 de
1342 1385 1553 1440 corpore
1572 1385 1711 1423 mor-

165 1458 225 1513 tis
251 1457 396 1528 hujus
419 1458 445 1513 7
471 1457 654 1513 Gratia
684 1459 781 1515 Dei
803 1478 894 1532 per
926 1461 1105 1517 Iesum
1133 1461 1398 1517 Christum
1427 1461 1709 1516 Dominum

166 1556 397 1602 nostrum.
428 1548 509 1603 Ex
537 1563 767 1619 persona
794 1552 1008 1623 generis
1029 1552 1248 1607 humani
1276 1552 1529 1622 loquitur,
1568 1554 1710 1608 sicut

161 1648 214 1695 et
231 1641 502 1712 superius;
533 1642 616 1697 vel
665 1659 733 1698 ex
768 1660 995 1714 persona
1033 1646 1243 1701 illorum
1272 1646 1362 1716 qui
1396 1648 1651 1702 recedunt
1675 1661 1707 1701 a

162 1732 377 1800 peccatis
398 1771 415 1798 ,
449 1740 505 1787 et
543 1748 609 1788 ex
651 1742 763 1788 toto
806 1736 967 1791 corde
994 1737 1301 1791 desiderant
1347 1736 1456 1807 Deo
1480 1737 1706 1805 servire,

162 1824 248 1879 sed
285 1823 658 1895 impugnantur
679 1841 708 1880 a
732 1828 1177 1896 concupiscentiis
1202 1829 1380 1903 carnis
1400 1836 1455 1884 et
1475 1829 1707 1885 delecta-

1809 632 2132 703 subjaceant.

1879 725 1989 781 Lex
2024 726 2185 789 enim,
2222 724 2436 796 spiritus
2487 726 2602 780 vitw
2628 728 2684 781 in
2721 726 2927 782 Christo
2965 724 3115 792 Jesu,
3154 726 3384 784 liberavit

1807 836 1890 874 me
1911 836 1943 873 α
1971 820 2078 889 lege
2112 820 2313 890 peccati
2341 828 2389 873 et
2419 822 2622 875 mortis.
2666 823 2865 895 Legem
2899 823 3132 896 appellat
3159 823 3386 892 gratiam

1810 910 2043 979 Spiritus
2079 909 2273 974 sancti,
2314 910 2404 979 qui
2450 911 2671 980 spiritus
2724 914 2850 967 vitae
2898 913 3016 970 ideo
3067 914 3384 986 appellatur,

1809 1001 1935 1071 quia
1949 1017 2300 1072 quoscunque
2320 1002 2622 1071 repleverit,
2644 1004 2823 1059 vivere
2846 1005 2974 1059 facit
2994 1006 3047 1060 in
3069 1007 3386 1074 virtutibus,

1809 1102 1864 1148 et
1893 1093 2213 1148 dimittendo
2242 1101 2487 1164 peccata,
2519 1094 2766 1163 perducit
2806 1096 2871 1149 ad
2906 1095 3073 1149 vitam
3107 1094 3384 1164 aeternam,

1808 1184 1920 1239 Lex
1946 1185 2091 1239 enim
2120 1185 2341 1255 spiritus
2376 1186 2520 1250 vitae,
2548 1185 2602 1240 id
2625 1177 2709 1240 est
2733 1185 2905 1256 gratia
2931 1185 3166 1255 Spiritus
3189 1192 3384 1255 sancti,

1809 1291 1928 1346 qua:
1943 1276 2177 1330 viviﬁcat
2192 1290 2291 1330 nos
2317 1276 2371 1330 in
2393 1276 2570 1330 anima
2596 1284 2835 1345 tempore
2864 1277 3223 1346 baptismatis,
3253 1279 3392 1357 libe-~

1820 1369 1958 1424 ravit
1985 1384 2071 1423 me
2109 1384 2139 1423 a
2163 1369 2546 1424 consuetudine
2570 1369 2795 1439 peccati,
2828 1383 2924 1439 per
2952 1385 3112 1438 quam
3140 1371 3388 1441 perveni-

1809 1469 1898 1514 tur
1921 1458 1987 1513 ad
2017 1459 2413 1514 damnationem
2438 1460 2631 1516 mortis
2664 1469 2898 1515 internae.
2929 1460 3098 1515 Aliter
3148 1479 3161 1515 :
3208 1462 3381 1532 legem

1808 1549 1863 1604 in
1893 1549 1996 1604 hoc
2024 1548 2141 1603 loco
2169 1550 2403 1619 gratiam
2450 1550 2623 1605 sancti
2654 1550 2927 1621 Evangelii
2978 1566 3265 1621 possumus
3298 1569 3388 1609 ac-

1808 1642 2006 1712 cipere,
2032 1656 2193 1712 quam
2219 1657 2317 1712 per
2364 1641 2625 1713 Spiritum
2667 1653 2913 1699 sanctum
2956 1643 3262 1709 didicimus,
3292 1646 3384 1700 ubi

1809 1734 1967 1791 nobis
2011 1736 2120 1791 vita
2176 1736 2571 1805 repromittitur
2614 1745 2814 1791 aeterna
2846 1753 2860 1803 ;
2894 1737 2977 1792 vel
3026 1737 3107 1793 lex
3142 1739 3384 1809 spiritus,

1811 1826 1941 1883 ﬁdes
1991 1827 2304 1899 intelligitur
2352 1843 2470 1897 qua:
2504 1827 2737 1899 Spiritus
2784 1829 2956 1884 sancti
2997 1845 3118 1886 esse
3165 1832 3381 1888 dicitur.

162 1914 377 1971 tionibus
397 1916 917 1988 corporis;ideoque
945 1919 1255 1975 desiderant
1276 1920 1494 1976 liberari
1523 1936 1702 1976 acor-
1733 1924 1780 1984 Β
1807 1920 1933 1989 quia
1978 1920 2046 1975 ab
2070 1919 2158 1975 illo
2206 1928 2261 1975 et
2304 1934 2401 1990 per
2442 1919 2589 1974 illum
2644 1920 2972 1975 conceditur.
3024 1921 3192 1977 Nemo
3241 1925 3379 1978 enim

159 2024 281 2078 pore
306 2008 511 2064 mortali
540 2020 592 2065 et
618 2011 948 2081 corruptibili
972 2053 987 2079 ,
1039 2028 1137 2083 per
1164 2015 1304 2084 quod
1332 2014 1619 2069 trahuntur
1640 2012 1706 2068 ad

157 2099 648 2168 concupiscentiam.
697 2099 803 2156 Sed
830 2116 937 2157 non
988 2116 1176 2158 omnes
1218 2104 1459 2159 homines
1505 2103 1705 2158 libera-

159 2187 350 2243 buntur
376 2190 440 2243 ab
468 2190 568 2246 hoc
609 2205 834 2262 corpore
866 2194 1244 2263 corruptionis.
1292 2194 1525 2266 Reprobi
1561 2196 1705 2251 enim

150 2278 275 2334 licet
292 2280 548 2351 recipiant
566 2297 792 2351 corpora
828 2282 1173 2351 immortalia,
1202 2292 1381 2341 tamen
1429 2302 1537 2342 non
1585 2286 1707 2342 ideo

149 2368 511 2427 liberabuntur
530 2387 562 2427 a
592 2374 957 2445 corruptione,
990 2376 1114 2447 quia
1150 2376 1518 2448 corruptibilia
1546 2384 1707 2432 erunt

142 2466 201 2513 et
233 2467 481 2529 poterunt
507 2468 777 2533 corrumpi
809 2479 839 2519 a
875 2466 1146 2523 vermibus
1173 2475 1230 2524 et
1271 2468 1431 2539 igne:
1474 2477 1532 2523 ut
1564 2471 1706 2524 sicut

140 2540 371 2621 propriis
398 2553 837 2611 delectationibus
883 2558 1205 2625 servierunt,
1244 2568 1299 2616 et
1345 2560 1706 2631 voluptatibus

139 2643 446 2716 incorpore
471 2654 527 2703 et
575 2649 777 2715 anima,
824 2650 895 2705 ita
939 2666 1165 2721 corpore
1212 2660 1267 2706 et
1310 2653 1486 2706 anima
1517 2667 1706 2725 pmnas

137 2744 370 2793 aeternas
394 2736 578 2793 luant:
610 2738 769 2794 electi
806 2749 985 2795 autem
1022 2740 1389 2796 liberabuntur
1416 2742 1470 2796 in
1492 2741 1579 2797 die
1615 2741 1704 2813 ju-

132 2825 271 2882 dicii
291 2828 356 2883 ab
375 2827 522 2884 omni
546 2826 678 2884 faece
691 2830 921 2900 peccati,
938 2838 993 2885 et
1014 2831 1378 2898 mortalitatis,
1395 2840 1557 2903 atque
1581 2849 1705 2889 cor-

129 2906 423 2988 ruptionis,
469 2919 594 2989 quia
642 2919 904 2991 recipient
933 2934 1161 2990 corpora
1188 2920 1515 2975 immortalia
1540 2930 1594 2976 et
1624 2922 1707 2975 in-

125 3010 532 3083 corruptibilia,
562 3011 617 3067 in
638 3012 819 3067 anima
845 3026 1057 3083 quoque
1085 3012 1703 3083 incommutabilitatem,

121 3115 230 3157 nec
277 3109 529 3170 poterunt
573 3100 715 3156 ultra
761 3102 1145 3172 concupiscere
1190 3110 1285 3156 aut
1330 3101 1532 3173 aliquid
1579 3102 1705 3181 mali

118 3192 398 3263 cogitare,
448 3191 544 3249 sed
593 3192 650 3247 in
680 3191 774 3248 Dei
806 3192 1202 3264 'omnipOtentis
1254 3193 1709 3263 contemplatione

1813 2009 1944 2062 dicit
1969 2024 1990 2063 :
2015 2008 2270 2063 Dominus
2296 2009 2467 2073 Jesus,
2503 2008 2607 2063 nisi
2652 2009 2706 2063 in
2736 2008 2936 2077 Spiritu
2968 2020 3155 2066 sancto
3184 2011 3236 2083 (Ι
3256 2013 3377 2067 Cor.

1810 2100 1929 2171 xu),
1969 2109 2024 2155 et
2052 2099 2185 2156 ﬁdes
2212 2100 2321 2154 vita
2346 2108 2451 2166 est,
2495 2100 2620 2169 quia
2671 2101 2740 2156 ad
2779 2101 2944 2156 vitam
2989 2110 3245 2157 aeternam
3284 2119 3384 2160 nos

1809 2190 1973 2246 ducit.

1881 2283 2022 2339 Nam
2045 2284 2184 2355 quod
2204 2284 2517 2356 impossibile
2540 2295 2651 2339 erat
2674 2283 2792 2355 legi,
2819 2286 2872 2339 in
2892 2302 2992 2357 quo
3013 2285 3371 2356 inﬁrmabatur

1805 2389 1898 2444 per
1918 2390 2125 2429 carnem
2140 2393 2158 2431 :
2173 2374 2314 2429 Deus
2335 2375 2505 2444 [ilium
2524 2392 2677 2430 suum
2697 2378 2905 2431 mittens
2922 2378 2977 2432 in
2988 2377 3380 2433 similitudinem

1806 2463 1981 2517 carnis
2004 2464 2220 2531 peccati.
2248 2462 2579 2535 lmpossibile
2603 2472 2720 2519 erat
2761 2466 2864 2536 legi
2906 2474 2965 2521 ut
2989 2467 3261 2522 hominem
3284 2464 3378 2536 ju-

1806 2553 2087 2621 stiﬁcaret,
2138 2563 2191 2609 et
2226 2556 2511 2611 mundaret
2549 2572 2581 2611 a
2606 2559 2864 2628 peccatis,
2891 2568 2946 2614 et
2968 2568 3028 2614 ut
3045 2559 3264 2629 januam
3288 2576 3383 2631 pa-

1807 2647 1926 2700 triae
1970 2646 2210 2701 caelestis
2252 2647 2506 2719 aperiret,
2559 2649 2703 2720 quod
2750 2650 2922 2721 gratia
2972 2650 3244 2723 Evangelii
3287 2666 3385 2722 per

1806 2737 2111 2807 passionem
2140 2738 2349 2793 Domini
2391 2736 2685 2794 Salvatoris
2732 2747 2787 2795 et
2820 2756 3014 2810 aquam
3042 2741 3385 2812 baptismatis

1806 2827 2150 2885 credentibus
2197 2838 2436 2899 praestat.
2489 2830 2556 2885 Et
2598 2831 2652 2885 in
2680 2832 2785 2887 hoc
2809 2840 2927 2886 erat
2949 2832 2999 2887 ei
3050 2832 3384 2904 impossibile

1808 2918 1950 2973 istud
1985 2918 2185 2986 facere,
2225 2920 2279 2974 in
2309 2935 2415 2990 quo
2455 2919 2830 2977 inﬁrmabatur
2866 2937 2964 2992 per
3006 2938 3247 2989 carnem,
3278 2925 3381 2979 hoc

1807 3018 1891 3064 est
1917 3024 2016 3078 per
2052 3009 2299 3065 carnales
2327 3011 2722 3078 observantius,
2746 3020 2801 3067 et
2828 3029 2925 3083 per
2952 3013 3384 3071 observationem

1807 3099 2082 3156 carnalem
2138 3100 2351 3156 illorum
2399 3103 2493 3171 qui
2540 3105 2833 3159 carnaliter
2880 3119 2943 3159 ea
2991 3106 3386 3176 intelligebant,

1812 3198 1976 3261 atque
2021 3191 2313 3247 carnaliter
2358 3194 2629 3249 vivebant.
2682 3194 3017 3265 lmpossibile
3076 3198 3222 3251 enim
3267 3206 3385 3252 erat

117 3296 297 3343 erunt
320 3284 536 3352 intenti,
561 3291 617 3341 et
638 3272 743 3340 hoc
759 3300 858 3355 per
875 3285 1105 3358 gratiam
1134 3284 1230 3340 Dei
1256 3284 1435 3341 Patris
1472 3294 1527 3340 et
1554 3284 1708 3354 adiu-
1734 3281 1780 3345 C
1810 3283 2071 3352 sanguine
2095 3284 2368 3338 hircorum
2404 3285 2651 3341 mundari
2690 3295 2910 3356 peccata
2932 3327 2947 3351 ,
2982 3287 3109 3357 quia
3157 3287 3243 3343 lex
3278 3304 3386 3344 non

114 3382 333 3437 torium
358 3379 572 3436 Domini
595 3379 765 3435 nostri
791 3376 919 3435 Iesu
958 3378 1182 3446 Christi,
1211 3393 1310 3449 per
1334 3394 1494 3451 quem
1523 3379 1704 3433 omnia

111 3477 275 3532 bona
325 3475 607 3531 habemus.
661 3474 832 3529 Aliter
870 3491 885 3527 :
935 3488 1130 3545 corpus
1174 3474 1365 3529 mortis
1421 3488 1708 3542 possumus

110 3563 436 3636 intelligere
458 3564 862 3620 universitatem
904 3562 1180 3629 vitiorum,
1234 3563 1373 3619 sicut
1395 3561 1510 3631 jam
1541 3578 1707 3632 supra

110 3659 340 3715 dictum
366 3665 449 3714 est
483 3674 499 3713 :
530 3673 694 3713 unum
745 3656 996 3728 quodque
1029 3664 1311 3727 peccatum
1336 3669 1433 3726 per
1453 3670 1513 3711 se
1540 3670 1710 3709 mem-

104 3752 293 3807 brum
317 3757 420 3815 est,
467 3749 795 3805 universitas
839 3762 967 3803 vero
1002 3756 1350 3819 peccatorum
1385 3762 1583 3818 corpus
1610 3761 1706 3816 ap-

102 3841 388 3914 pellatur.
442 3839 592 3910 Quod
622 3841 826 3897 idcirco
872 3855 1068 3910 corpus
1094 3841 1285 3895 mortis
1334 3839 1547 3902 dicitur,
1582 3839 1709 3909 quia

102 3940 369 3990 mortem
392 3940 648 3987 aeternam
672 3931 853 3986 infert.
905 3930 981 3985 De
1020 3945 1126 3999 quo
1149 3945 1377 4000 corpore
1411 3929 1622 3995 mortis,
1656 3929 1712 3984 id

98 4032 209 4080 est
236 4020 594 4076 universitate
612 4022 851 4075 omnium
887 4030 1255 4090 peccatorum,
1283 4020 1544 4075 exorabat
1570 4020 1713 4089 Apo-

97 4110 311 4169 stolas
333 4107 571 4162 liberari.
622 4106 800 4178 Igitur
820 4123 912 4179 ego
941 4109 1048 4177 ipse
1084 4118 1252 4163 mente
1272 4108 1437 4162 seruio
1463 4106 1564 4177 legi
1592 4106 1712 4173 Dei,

99 4212 302 4256 carne
345 4205 518 4250 autem
556 4194 657 4267 legi
693 4197 912 4267 peccati.
953 4195 1393 4251 Rationabilitate
1421 4196 1618 4250 mentis
1659 4203 1717 4252 et

90 4289 441 4349 intentione
461 4288 639 4345 servio
657 4287 761 4361 legi
781 4288 895 4354 Dei,
921 4288 1305 4344 consentiendo
1334 4289 1405 4354 ei,
1437 4289 1563 4344 dum
1592 4288 1715 4345 volo

88 4379 599 4453 concupiscentia
651 4379 855 4436 carnali
882 4378 1178 4449 subiacere,
1210 4394 1373 4436 carne
1401 4387 1581 4435 autem
1611 4380 1717 4452 legi

86 4474 371 4551 peccati,
399 4473 455 4529 id
472 4480 555 4529 est
593 4472 967 4529 consuetudini
990 4472 1144 4527 malae
1166 4512 1182 4538 ,
1217 4472 1341 4542 quia
1366 4473 1714 4542 concupisco.

82 4569 160 4623 In
200 4572 487 4637 quantum
535 4562 801 4635 malignus
830 4561 1051 4633 spiritus
1076 4562 1314 4634 suggerit
1336 4572 1393 4618 et
1413 4578 1541 4619 caro
1567 4563 1714 4619 dele-

1808 3375 1957 3438 venit
1982 3375 2168 3431 tollere
2193 3384 2437 3447 peccata,
2466 3377 2561 3432 sed
2588 3378 2892 3433 ostendere.
2940 3377 2998 3433 In
3042 3380 3144 3436 hoc
3173 3379 3388 3436 inﬁrma

1808 3475 1946 3535 erat,
1969 3469 2093 3538 quia
2115 3484 2289 3540 neque
2311 3460 2580 3525 hominem
2603 3485 2660 3526 se
2683 3470 2970 3526 carnaliter
2989 3471 3387 3540 observantem,

1810 3575 1985 3630 neque
2010 3575 2072 3614 ea
2109 3562 2471 3616 destruenteiu
2504 3577 2624 3632 qua)
2673 3563 2789 3634 ipsa
2839 3565 3201 3636 praecipiebat,
3227 3565 3390 3636 justi-
3472 3636 3485 3639 _

1810 3649 1976 3706 ﬁcare
2019 3659 2249 3720 poterat,
2308 3652 2536 3722 ideoque
2584 3652 2964 3710 inﬁrmabatur
3002 3672 3101 3727 per
3142 3672 3386 3724 carnem,

1810 3743 1938 3813 quia
1964 3759 1996 3797 a
2046 3743 2193 3800 nullo
2237 3745 2546 3800 mortalium
2595 3746 2894 3802 secundum
2934 3764 3152 3804 carnem
3182 3750 3392 3820 impleri

1812 3841 2041 3903 poterat.
2090 3835 2245 3889 Unde
2291 3837 2482 3892 beatus
2529 3836 2723 3893 Petrus
2775 3839 2950 3894 dicit:
2995 3839 3136 3907 Quid
3180 3844 3391 3897 tentatis

1812 3921 2001 3988 Deum,
2042 3923 2304 3983 imponere
2335 3924 2526 3994 jugunt
2554 3926 2681 3996 legis
2727 3944 2883 3997 super
2913 3931 3136 3984 cervices
3162 3931 3391 4001 fratrum

1812 4013 1953 4083 quod
1975 4029 2139 4082 neque
2152 4031 2265 4079 nos,
2283 4030 2445 4084 neque
2466 4025 2640 4085 patres
2663 4020 2826 4072 nostri
2850 4028 3060 4089 portare
3086 4024 3392 4091 potuimus?

1816 4101 1955 4175 (Act.
1980 4103 2093 4171 xv).
2117 4102 2213 4158 Vel
2247 4103 2302 4158 in
2342 4105 2445 4159 hoc
2483 4105 2855 4161 inﬁrmabatur
2881 4124 2978 4179 per
3005 4123 3241 4176 carnem,
3285 4128 3392 4182 qua

1814 4201 2035 4263 propter
2062 4193 2528 4264 concupiscentias
2548 4195 2727 4251 carnis
2775 4198 3045 4253 nemiuem
3066 4200 3394 4270 justiﬁcabat

1818 4280 1970 4337 Sient
1999 4283 2143 4337 enim
2180 4284 2422 4339 medicus
2450 4285 2503 4339 in
2525 4300 2590 4341 ea
2617 4293 2770 4356 parte
2807 4296 2891 4343 est
2917 4289 3161 4346 inﬁrmus
3201 4293 3255 4346 in
3285 4308 3391 4362 qua

1815 4386 1923 4426 non
1968 4379 2147 4443 potest
2191 4388 2334 4428 caeco
2386 4372 2564 4430 lumen
2599 4375 2844 4443 reddere,
2887 4378 3116 4449 aliisque
3164 4381 3394 4438 inﬁrmis

1818 4463 2105 4517 sanitatem
2144 4463 2403 4534 praebere,
2435 4464 2507 4518 ita
2532 4464 2617 4521 lex
2646 4466 2698 4520 in
2729 4481 2791 4521 ea
2823 4477 2977 4536 parte
3005 4478 3124 4525 erat
3154 4469 3389 4538 inﬁrma,

1817 4556 1873 4611 in
1900 4571 2006 4627 qua
2025 4571 2130 4611 non
2155 4564 2369 4626 poterat
2394 4556 2667 4612 hominem
2689 4560 2948 4615 mundare
2971 4576 3002 4615 a
3022 4562 3391 4620 criminallbus

84 4667 262 4724 ctat,
286 4658 458 4713 homo
489 4655 589 4729 legi
617 4656 826 4728 peccati
845 4656 1039 4712 servit:
1067 4655 1121 4710 in
1139 4664 1399 4726 quantum
1424 4670 1556 4712 vero
1583 4671 1711 4712 con-
1812 4647 2074 4719 peccatis,
2124 4647 2218 4703 sed
2259 4647 2402 4702 Deus
2444 4647 2607 4704 Pater
2646 4648 2865 4705 mittens
2908 4650 3104 4707 Filium
3132 4668 3290 4711 suum
3319 4656 3387 4710 ad

83 4749 360 4808 mdicit
380 4763 537 4806 mens
561 4749 670 4816 his,
694 4746 798 4821 legi
823 4747 919 4805 Dei
967 4747 1171 4805 servire
1196 4749 1491 4805 contendit.

731 4903 957 4962 CAPUT
993 4902 1124 4962 VIII.

178 5016 369 5076 Nihil
395 5032 516 5089 ergo
558 5031 697 5071 nunc
738 5014 1089 5069 damnationis
1137 5023 1213 5071 est
1244 5017 1327 5070 his
1357 5032 1449 5088 qut
1491 5024 1613 5072 sunt
1659 5016 1718 5071 in

79 5111 349 5169 Christo
375 5106 526 5173 Iesu,
575 5107 662 5179 qui
694 5121 799 5160 non
840 5105 1125 5160 secundum
1166 5120 1376 5160 carnem
1418 5104 1709 5160 ambulant.

76 5196 468 5261 Hin'crdatur
492 5195 645 5252 nobis
669 5195 914 5266 intelligi,
940 5196 1066 5265 quia
1088 5209 1146 5250 se
1167 5195 1317 5265 ponit
1340 5209 1440 5266 pro
1462 5196 1715 5251 omnibus

76 5274 413 5351 ﬁdelibus.
442 5287 546 5356 Qui
580 5294 709 5359 ergo
736 5294 917 5342 mente
966 5286 1209 5341 serviunt
1260 5285 1363 5356 legi
1424 5286 1537 5353 Dei,
1589 5287 1717 5342 licet

70 5384 530 5455 concupiscant
557 5386 749 5447 carne,
767 5379 904 5435 nihil
924 5378 1289 5435 damnationis
1307 5387 1393 5434 est
1437 5378 1563 5444 illis,
1588 5380 1717 5448 quia

75 5495 231 5536 non
288 5473 577 5530 ambulant
602 5471 893 5527 secundum
921 5483 1159 5534 carnem,
1200 5468 1251 5523 id
1285 5479 1369 5524 est
1422 5469 1713 5524 secundum

70 5567 388 5631 caﬂtalia
415 5563 826 5621 desideria‘uon
847 5562 1066 5626 vivunt;
1101 5560 1186 5615 rel
1212 5569 1361 5616 certe
1388 5560 1443 5615 in
1475 5560 1581 5615 illis
1624 5561 1717 5631 qui

61 5658 347 5739 janrde
378 5673 607 5731 corpore
644 5658 848 5712 mortis
896 5662 1020 5711 sunt
1048 5655 1281 5720 liberati,
1309 5656 1360 5710 id
1390 5664 1474 5710 est
1513 5656 1604 5726 qui
1650 5658 1720 5711 ab

69 5756 502 5819 adversitate
528 5752 773 5809 omnium
791 5754 1134 5820 peccatorum
1159 5748 1400 5819 tempore
1423 5749 1720 5820 baptisma-

77 5857 183 5911 tis
223 5846 467 5923 νει-’θεῖ
512 5844 746 5918 gratiam
766 5846 900 5898 sunt
927 5840 1199 5907 exuti,“et'
1228 5841 1283 5896 in
1306 5841 1497 5897 eadem
1524 5842 1725 5897 sancti-

232 5926 1201 5999 ’π-ίοτρλτκοιξρχνηετι
1354 5944 1357 5947 λ
1506 5938 1507 5941 γ
1636 5938 1641 5943 ·

1819 4736 2136 4793 salvandum
2156 4752 2323 4808 genus
2356 4738 2675 4804 humanum,
2715 4753 2835 4809 quae
2879 4740 3065 4797 missio
3093 4742 3227 4798 nihil
3246 4743 3393 4800 aliud

1820 4839 1905 4885 est
1927 4845 2087 4900 quam
2112 4830 2255 4886 illius
2277 4830 2609 4898 incarnatio,
2634 4832 2776 4901 quod
2793 4831 2882 4887 lex
2903 4848 3012 4890 non
3039 4843 3252 4906 poterat
3264 4852 3395 4893 con-

1821 4919 1969 4976 ferre
1996 4921 2223 4976 contulit
2263 4922 2396 4992 ipse.
2420 4921 2602 4989 Quare
2643 4932 2824 4979 autem
2847 4925 3015 4981 dicit:
3060 4926 3116 4982 in
3145 4928 3396 4985 similitu-

1823 5011 2005 5069 dinem
2033 5012 2213 5067 carnis
2231 5013 2441 5082 peccati
2468 5012 2619 5068 illum
2656 5013 2906 5082 missum,
2932 5030 3055 5071 cum
3084 5016 3140 5072 in
3165 5018 3397 5074 veritate

1823 5102 2151 5158 credendum
2192 5102 2262 5158 sit
2305 5117 2429 5156 eum
2456 5117 2643 5158 verum
2681 5117 2878 5174 corpus
2919 5107 3276 5177 assumpsisse
3327 5124 3397 5164 ex

1819 5202 1983 5252 carne
2019 5204 2075 5251 et
2101 5194 2372 5250 ossibus?
2414 5194 2625 5266 Corpus
2657 5207 2903 5253 nostrum
2943 5206 3000 5254 et
3045 5214 3174 5255 caro
3209 5208 3392 5256 nostra

1822 5302 1950 5343 caro
1976 5286 2184 5358 peccati
2234 5293 2338 5352 est,
2367 5286 2492 5357 quia
2520 5287 2867 5343 libitudinoso
2909 5304 3011 5345 usu
3037 5299 3392 5359 procreatur;

1820 5378 2050 5449 ideoque
2074 5391 2196 5432 cum
2220 5385 2445 5449 peccato
2469 5376 2792 5447 concipitur,
2820 5392 2941 5433 cum
2966 5386 3186 5449 peccato
3231 5380 3399 5451 origi-

1822 5467 1931 5522 nali
1966 5468 2245 5524 nascitur:
2294 5475 2351 5523 et
2395 5468 2452 5522 in
2508 5466 2613 5523 hoc
2641 5468 2836 5524 saeculo
2880 5468 2997 5524 sine
3039 5478 3262 5538 peccato
3288 5478 3396 5527 non

1822 5568 2002 5630 potest
2020 5560 2351 5616 conversari.
2378 5558 2587 5630 Corpus
2613 5572 2746 5615 vero
2789 5558 2990 5615 Christi
3018 5572 3125 5615 non
3151 5550 3395 5617 libitudié4

1827 5666 1960 5706 noso
1981 5666 2084 5705 usu
2113 5651 2280 5706 maris
2299 5658 2355 5706 et
2380 5649 2596 5705 feminae
2616 5656 2705 5705 est
2726 5657 3088 5720 procreatum,
3110 5652 3205 5715 sed
3226 5664 3396 5725 opere

1830 5746 2063 5816 Spiritus
2086 5745 2260 5801 sancti
2286 5746 2352 5799 de
2401 5745 2608 5801 semine
2639 5743 2881 5799 mulieris
2926 5743 3043 5800 sine
3076 5745 3283 5803 semine
3311 5749 3396 5803 vi-A

1830 5842 1957 5907 riii;
1999 5840 2226 5913 ideoque
2274 5840 2388 5895 sine
2415 5846 2640 5910 peccato
2682 5845 2994 5906 conceptus,
3022 5836 3140 5892 sine
3168 5846 3395 5907 peccato
