3936 6452
506 369 618 431 455

975 367 1329 425 HAYMONIS
1366 365 1849 424 HALBERSTAT.
1890 364 2105 421 EPISC.
2147 363 2299 421 OPP.
2335 360 2516 418 PARS
2554 361 2595 416 l.
2643 390 2698 405 —-
2729 361 3089 419 COMMENT.
3128 361 3302 419 BIBL.

3675 366 3773 422 456

508 496 699 547 contra
715 484 1039 543 eosexcitati
1062 481 1830 538 suntetinflammatiinvidim
1857 480 2085 535 facibus.
2117 480 2169 543 Α
2195 477 2385 532 neﬁcia
2423 476 2723 548 largissime
2749 477 2954 533 tribuit.
2990 477 3127 532 Nam
3156 488 3398 536 mortuos
3425 479 3647 536 illorum
3691 497 3776 537 su-

509 583 796 653 Exponens
817 593 946 648 ergo
968 573 1253 645 Apostolus
1288 574 1430 644 quod
1459 573 1698 638 dixerat,
1723 587 1827 626 non
1851 581 2086 641 gentem,

511 673 677 731 infert
705 686 720 725 :
758 669 827 723 In
852 677 1051 738 gentem
1092 667 1439 735 insipientem,
1475 666 1527 719 id
1566 673 1667 729 est,
1693 663 1833 718 idola
1859 679 1958 734 pro
1981 663 2091 717 Deo

509 779 642 820 vero
677 761 961 824 colentem,
992 759 1046 812 in
1069 759 1203 811 iram
1229 775 1316 812 vos
1336 759 1568 820 mittant,
1613 758 1869 812 subaudis
1899 766 2090 811 contra

511 858 654 912 hanc
676 862 890 925 gentem
917 853 1278 923 insipientem.
1315 851 1444 919 Quae
1472 867 1595 906 cum
1617 850 1802 905 fuisset
1829 865 2000 920 usque
2023 849 2091 904 ad

511 949 802 1002 adventum
831 945 1034 1000 Christi
1085 945 1366 1014 insipiens,
1420 944 1536 1013 ejus
1576 943 1681 997 ﬁde
1726 943 1916 1011 potita,
1945 942 2089 996 facta

509 1049 591 1095 est
619 1039 854 1110 sapiens.
887 1036 1088 1093 Contra
1127 1053 1289 1106 quam
1330 1035 1443 1104 jam
1489 1035 1801 1090 credentem
1851 1034 1903 1088 in
1954 1034 2090 1088 iram

511 1133 802 1186 mittuntur
813 1129 1004 1195 Judaei,
1019 1144 1125 1184 non
1144 1129 1284 1197 quod
1315 1129 1453 1182 Deus
1475 1127 2091 1182 mmulationemetiram

514 1223 569 1277 in
588 1221 694 1276 illis
709 1229 985 1290 operetur,
1025 1221 1120 1274 sed
1149 1220 1291 1289 quod
1337 1219 1598 1273 henelicia
1629 1235 1726 1272 sua
1752 1234 1871 1287 qua:
1893 1217 2092 1272 Iudaeis

510 1314 940 1382 displicuerunt,
982 1313 1049 1367 ad
1095 1327 1152 1366 se
1196 1312 1474 1366 conversis
1519 1312 1766 1382 gentibus
1808 1311 2087 1382 largiatur.

510 1406 693 1460 Potest
721 1407 943 1475 etquod
966 1397 1118 1471 dicit',
1155 1405 1207 1459 in
1231 1421 1334 1458 non
1367 1413 1601 1476 gentem,
1635 1404 1790 1459 aliter
1818 1403 2040 1471 intelligi
2074 1421 2087 1456 :

511 1497 750 1552 Gentiles
780 1496 1040 1550 increduli
1073 1505 1198 1550 ante
1240 1505 1550 1564 perceptam
1581 1494 1739 1548 ﬁdem
1771 1509 1902 1566 gens
1927 1508 2090 1547 voca-

511 1592 708 1646 bantur
737 1609 750 1645 :
778 1599 1029 1661 percepta
1075 1599 1254 1644 autem
1293 1589 1466 1660 gratia
1507 1589 1651 1655 ﬁdei,
1685 1604 1789 1642 non
1813 1586 1924 1655 jam
1961 1602 2093 1659 gens

511 1693 798 1748 vocantur,
827 1682 922 1738 sed
965 1682 1062 1736 Dei
1094 1681 1322 1751 populus
1353 1688 1407 1734 et
1437 1680 1591 1749 plebs
1620 1679 1980 1750 appellantur,
2012 1677 2093 1732 di-

512 1785 667 1832 cente
713 1776 939 1830 Domino
975 1789 1071 1844 per
1113 1773 1494 1828 Psalmistam:
1524 1770 1755 1842 Populus
1797 1787 1947 1840 quem
1988 1787 2092 1824 non

511 1867 724 1937 cognovi
747 1866 948 1919 servivit
978 1865 1105 1918 mihi
1131 1861 1302 1936 (Psal.
1332 1861 1486 1934 xvn).
1520 1861 1674 1917 Unde
1707 1861 1834 1916 alibi
1858 1861 2094 1931 Aposto-

511 1958 630 2012 lus:
661 1957 840 2022 Scitis,
865 1957 1058 2026 inquit,
1079 1957 1207 2027 quia
1239 1972 1357 2008 cum
1393 1964 1565 2025 gentes
1603 1953 1803 2018 essetis,
1828 1952 1896 2006 ad
1936 1953 2094 2006 simu-

511 2047 656 2101 lacra
675 2057 819 2101 muta
834 2057 987 2116 prout
1000 2045 1350 2109 ducebamini,
1365 2043 1550 2107 eratis,
1564 2051 1739 2096 euntes
1763 2040 1812 2112 (I
1829 2039 1950 2095 Cor.
1969 2040 2090 2112 xu).

513 2138 668 2206 Quod
699 2137 803 2191 tale
831 2146 915 2192 est
938 2153 1002 2192 ac
1023 2137 1069 2191 si
1090 2137 1332 2191 diceret:
1364 2134 1565 2189 Fuistis
1589 2133 1860 2202 quondam
1887 2140 2092 2203 gentes,

513 2233 608 2289 sed
638 2231 750 2301 jam
787 2246 894 2285 non
919 2231 1050 2285 estis
1077 2238 1284 2301 gentes.
1312 2228 1368 2282 In
1400 2229 1540 2283 hanc
1568 2241 1698 2298 ergo
1737 2241 1842 2280 non
1880 2235 2095 2298 gentem

515 2327 827 2380 irascuntur
849 2323 1020 2379 Iudici
1062 2323 1260 2378 invidia
1287 2322 1453 2377 ducti.

583 2417 758 2471 Isaias
781 2427 956 2470 autem
990 2416 1145 2468 audet
1168 2424 1214 2468 et
1259 2413 1383 2467 dicit
1407 2430 1425 2468 :
1452 2413 1568 2468 Non
1597 2413 1714 2468 sine
1737 2412 1950 2468 ratione
1991 2413 2095 2468 hoc

511 2509 737 2564 verbum
790 2509 932 2579 quod
980 2517 1065 2563 est
1103 2508 1283 2572 audet,
1341 2507 1520 2578 posuit
1570 2505 1871 2576 Apostolus.
1931 2505 2096 2561 Isaias

514 2601 707 2672 spiritu
737 2602 1053 2670 prophetico
1080 2600 1338 2670 repletus,
1388 2600 1592 2654 sciebat
1643 2614 1702 2654 se
1745 2608 2098 2655 contemnen-

514 2693 640 2746 dum
672 2708 702 2747 a
724 2691 944 2758 Judzeis,
987 2701 1042 2748 et
1087 2693 1249 2746 etiam
1301 2707 1452 2746 serra
1495 2692 1671 2762 lignea
1702 2691 2016 2758 secandum,
2042 2699 2097 2746 et

517 2792 696 2837 tamen
725 2784 906 2848 audet,
939 2783 992 2838 id
1018 2792 1104 2838 est
1133 2784 1390 2838 audacter
1418 2784 1546 2840 dicit
1573 2801 1638 2838 ex
1669 2799 1899 2853 persona
1939 2783 2096 2839 Citri-

516 2873 606 2936 sti,
641 2887 746 2926 non
783 2873 1080 2928 formidans
1102 2872 1316 2929 Judteos
1351 2875 1574 2929 rebelles
1601 2893 1614 2927 :
1644 2874 1890 2930 Inventus
1917 2892 2029 2928 sum
2063 2891 2095 2928 a

517 2981 621 3018 non
641 2965 990 3035 quaerentibus
1010 2982 1112 3031 me,
1134 2965 1310 3036 palam
1337 2967 1649 3036 apparuihis
1678 2967 1766 3037 qui
1790 2983 1870 3020 me
1897 2983 1998 3020 non
2023 2966 2096 3021 in-

516 3055 867 3124 terrogabant.
907 3053 1211 3112 Gentilibus
1248 3071 1352 3111 non
1382 3057 1748 3127 quaerentibus
1791 3057 2092 3122 Christum,

519 3145 612 3214 qui
660 3160 835 3215 neque
878 3145 1030 3215 legis,
1067 3161 1241 3217 neque
1269 3147 1651 3217 prophetarum
1683 3147 1895 3217 aliquod
1926 3147 2091 3203 habe-

2194 571 2453 626 scitavit:
2500 571 2744 624 diverSas
2791 570 3134 627 inﬁrmitates
3174 575 3492 630 morborum
3547 578 3772 644 curavit,

2191 663 2498 718 esurientes
2519 672 2572 717 et
2600 663 2879 718 famelicos
2905 665 3134 734 panibus
3157 667 3270 722 suis
3293 670 3482 738 pavit”
3503 670 3776 740 multaque

2193 753 2604 808 innumerabilia
2634 754 2774 808 bona
2821 754 2902 808 eis
2930 755 3208 824 impendit,
3237 757 3434 826 quibus
3461 774 3680 828 semper
3707 760 3774 816 illi

2191 852 2638 907 contradixerunt
2665 860 2908 908 dicentes
2951 853 3017 908 de
3043 853 3133 908 illo
3167 853 3274 908 ειη
3308 855 3604 910 Beelzebub
3636 861 3772 927 priu-

2190 945 2304 1015 cipe
2322 945 2699 998 da'moniorum
2734 945 2876 1014 ejicit
2905 947 3167 1000 dtemonia
3220 947 3440 1018 (Matth.
3478 953 3622 1019 xit),
3665 960 3717 1004 et
3756 969 3769 1005 :

2194 1035 2318 1091 Non
2347 1045 2422 1090 est
2445 1036 2528 1089 hic
2576 1037 2729 1090 homo
2776 1054 2808 1090 a
2856 1036 2988 1102 Deo,
3035 1039 3162 1109 quia
3218 1039 3501 1093 sabbatum
3552 1057 3663 1094 non
3685 1058 3770 1094 cu-

2190 1130 2347 1183 stodit
2375 1127 2556 1200 (Joan.
2601 1133 2698 1198 Ix).
2749 1128 2874 1184 Sive
2917 1131 3079 1186 etiam
3112 1146 3305 1186 manus
3334 1133 3626 1204 expandit,
3658 1133 3772 1187 dum

2190 1237 2283 1276 eas
2325 1223 2376 1276 in
2399 1237 2562 1278 cruce
2600 1222 2746 1293 afﬁgi
2775 1225 3039 1293 permisit.
3078 1224 3174 1279 Est
3195 1240 3409 1295 quoque
3437 1227 3772 1280 consuetudo

2190 1322 2405 1382 patrum
2436 1320 2494 1366 ut
2518 1313 2826 1382 expandant
2841 1314 3061 1368 brachia
3083 1315 3280 1383 quibus
3302 1315 3628 1370 carissimos
3650 1314 3773 1368 ﬁlios

2193 1405 2582 1475 amplexentur,
2608 1414 2662 1459 et
2689 1405 2738 1459 in
2763 1406 3026 1475 gremium
3057 1423 3211 1461 suum
3235 1407 3507 1462 collocent
3532 1421 3548 1460 :
3579 1408 3666 1462 sic
3685 1407 3775 1461 Do-

2193 1496 2371 1551 minus
2399 1494 2612 1551 Judmos
2641 1497 2936 1567 amplexari
2959 1498 3145 1562 voluit,
3171 1508 3226 1554 et
3249 1501 3301 1552 in
3345 1501 3471 1555 sinu
3510 1516 3635 1555 suae
3662 1502 3774 1555 cha-

2192 1586 2372 1640 ritatis
2420 1589 2656 1651 trahere,
2697 1587 2884 1642 dicens
2925 1589 3348 1646 :Pmnitentiam
3389 1592 3567 1662 agite,
3591 1607 3776 1662 appro-

2192 1678 2631 1748 pinquabitenim
2657 1694 2880 1748 regnum
2905 1680 3165 1735 caelorum
3205 1679 3420 1752 (Matth.
3454 1682 3558 1753 tv),
3589 1684 3689 1737 sed
3716 1683 3776 1737 illi

2195 1784 2408 1838 semper
2457 1770 2780 1824 studuerunt
2826 1773 3221 1837 contradicere,
3252 1773 3496 1829 dicentes
3536 1792 3552 1829 :
3614 1774 3778 1829 Nesci-

2121 1869 2171 1930 B
2197 1877 2312 1914 mus
2342 1861 2480 1915 hunc
2503 1863 2640 1916 unde
2659 1863 2724 1916 sit
2749 1862 2929 1934 (Ioan.
2956 1864 3052 1935 tx).
3085 1864 3234 1921 Solet
3265 1867 3430 1921 etiam
3463 1869 3663 1922 nutrix
3698 1885 3776 1923 ex-

2199 1953 2417 2008 tendere
2433 1969 2640 2018 manus,
2666 1963 2725 2010 ut
2748 1956 3045 2012 delectatus
3067 1958 3114 2013 is
3136 1959 3226 2028 qui
3249 1961 3491 2014 nutritur
3513 1963 3776 2017 veniendo

2195 2044 2262 2098 ad
2285 2059 2403 2098 eam
2430 2045 2604 2100 discat
2637 2046 2918 2102 ambulare
2952 2066 2964 2102 :
2997 2058 3051 2103 et
3076 2051 3305 2120 populus
3326 2050 3678 2108 Israeliticus
3697 2055 3778 2108 ad—

2194 2135 2412 2188 modum
2442 2135 2667 2190 claudns
2693 2146 2830 2200 erat,
2864 2139 2989 2207 quia
3021 2155 3237 2210 gressus
3264 2141 3415 2196 bona:
3440 2145 3778 2214 operationis

2189 2223 2298 2293 jam
2327 2241 2432 2280 non
2461 2225 2712 2291 habebat,
2743 2229 2811 2282 ad
2859 2244 3023 2298 quam
3070 2229 3331 2288 Dominus
3381 2234 3777 2302 quodammodo

2195 2331 2386 2370 manus
2435 2317 2690 2386 expandit
2728 2327 2786 2372 ut
2815 2319 2882 2373 ad
2907 2335 2966 2375 se
2991 2322 3200 2376 veniret
3224 2323 3350 2378 dum
3382 2325 3527 2380 dixit
3556 2344 3572 2379 :
3613 2324 3777 2382 Venite

2195 2411 2265 2465 ad
2290 2428 2394 2476 me,
2413 2429 2588 2467 omnes
2616 2414 2703 2484 qui
2728 2413 2979 2468 laboratis
3001 2426 3048 2469 et
3073 2418 3273 2471 onerati
3297 2420 3441 2483 estis,
3467 2430 3520 2474 et
3545 2438 3645 2490 ego
3676 2423 3778 2490 reﬁ-

2195 2505 2330 2558 ciam
2355 2523 2441 2560 vos
2463 2505 2677 2578 (Matth.
2709 2507 2807 2576 x1).
2840 2507 2946 2563 Sed
2964 2509 3073 2575 ille,
3095 2510 3492 2580 neglectisejus
3520 2513 3775 2569 donorum

2195 2596 2498 2664 beneficiis,
2525 2611 2744 2669 gressus
2767 2607 2912 2654 retro
2943 2601 2996 2653 in
3024 2600 3394 2656 inﬁdelitatem
3421 2605 3704 2658 retrorsit.

2773 2689 3004 2746 CAPUT
3041 2689 3133 2746 XI.

2266 2781 2396 2836 Dico
2419 2799 2540 2853 ergo
2559 2798 2580 2838 .'
2610 2780 2866 2854 Nunquid
2893 2785 3079 2856 repulit
3111 2785 3253 2842 Deus
3305 2780 3569 2860 populum
3591 2808 3774 2846 sum:

2195 2871 2449 2926 subaudis
2475 2888 2540 2926 cx
2570 2881 2715 2938 toto,
2766 2874 2932 2928 Absit.
2963 2875 3106 2929 Nam
3139 2886 3190 2932 et
3217 2895 3309 2948 ego
3348 2877 3612 2934 Israelita
3651 2899 3775 2947 an,

2194 2981 2259 3018 ex
2282 2965 2475 3019 semine
2500 2965 2788 3030 Abraham,
2811 2967 2875 3020 de
2897 2969 3036 3020 tribu
3059 2967 3362 3040 Benjamin,
3405 2974 3506 3042 qui
3534 2990 3648 3029 non
3673 2992 3778 3028 sum

2194 3056 2460 3126 repulsus,
2487 3057 2580 3111 sed
2609 3073 2730 3111 cum
2760 3057 2881 3113 aliis
2923 3073 3020 3128 per
3067 3059 3226 3115 ﬁdem
3277 3060 3484 3118 Christi
3524 3065 3775 3121 salvatus.

2197 3149 2252 3204 Si
2281 3153 2424 3205 enim
2458 3167 2525 3205 ex
2551 3159 2663 3207 toto
2697 3152 2983 3222 repulisset
3007 3154 3262 3225 populum
3293 3173 3452 3213 suum
3481 3159 3678 3224 Israel,
3705 3177 3779 3216 ms

518 3238 652 3291 bant
675 3237 1074 3303 documentum,
1099 3239 1211 3293 sive
1224 3239 1654 3310 promissionem,
1686 3239 1752 3293 de
1776 3253 1841 3293 eo
1866 3239 1979 3309 ipse
2005 3256 2092 3310 ap-
2117 3229 2162 3292 C
2193 3259 2298 3297 non
2327 3243 2582 3308 salvaret,
2611 3243 2701 3314 qui
2730 3245 2794 3299 de
2821 3260 3008 3301 eorum
3038 3250 3289 3318 prosapia
3323 3251 3600 3322 originem
3634 3255 3777 3308 duco.

514 3327 713 3397 paruit.
745 3327 836 3381 Ille
864 3341 1126 3397 apparere
1146 3328 1364 3392 dicitur,
1393 3329 1482 3398 qui
1513 3345 1619 3382 non
1665 3338 1971 3397 separatur,
1999 3331 2092 3384 sed

516 3417 696 3472 subito
734 3425 789 3471 et
819 3417 1087 3486 insperate
1133 3419 1302 3482 venit,
1352 3420 1491 3473 sicut
1543 3421 1792 3490 apparuit
1832 3422 2094 3476 Dominus

515 3505 747 3559 Abrahae
773 3521 892 3558 cum
925 3521 1030 3560 non
1077 3517 1408 3576 speraretur,
1443 3518 1497 3562 et
1527 3510 1663 3566 sicut
1703 3511 1948 3580 apparuit
2001 3528 2096 3565 an-

519 3591 669 3660 gelus
698 3591 974 3646 Zachariae
1011 3612 1024 3646 :
1050 3594 1130 3648 sic
1162 3594 1422 3650 Dominus
1459 3594 1614 3652 Jesus
1643 3599 1889 3668 apparuit
1922 3601 2095 3670 genti-

522 3681 636 3740 lius,
665 3681 1086 3750 praedicantibus
1113 3685 1392 3754 apostolis,
1425 3695 1478 3741 et
1500 3689 1913 3743 coruscantibus
1935 3691 2097 3744 mira-

521 3770 674 3834 culis,
732 3786 854 3825 cum
902 3787 1008 3826 non
1050 3784 1459 3845 exspectaretur
1509 3779 1573 3832 ab
1610 3779 1733 3834 illis.
1785 3779 1917 3834 Nam
1953 3782 2096 3850 quod

518 3859 635 3930 ipse
667 3862 719 3916 in
769 3863 1024 3932 apostolis
1063 3867 1376 3936 apparuerit
1424 3869 1695 3938 gentibus,
1728 3879 1953 3925 testatur
1987 3872 2099 3927 suis

520 3955 878 4009 sermonibus.
921 3953 1056 4010 Ecce
1082 3973 1174 4027 ego
1211 3959 1474 4012 uobiscum
1496 3977 1616 4014 sum
1643 3963 1879 4016 omnibus
1915 3963 2098 4018 diebus

517 4061 680 4118 usque
709 4045 780 4100 ad
807 4048 1306 4103 consummationem
1333 4051 1514 4104 steculi
1538 4049 1753 4124 (Matth.
1780 4054 1955 4125 xxix).
1993 4053 2098 4110 Per

518 4142 822 4198 doctrinam
849 4145 992 4198 enim
1019 4145 1314 4210 caelestem,
1333 4156 1498 4218 etper
1525 4150 1906 4206 miraculorum
1923 4153 2093 4223 signa,

518 4249 638 4302 qua:
689 4234 917 4303 apostoli
947 4238 1331 4304 operabantur,
1370 4242 1620 4310 apparuit
1655 4241 1900 4299 Christus
1914 4243 2102 4315 genti-

519 4325 641 4386 bus,
680 4325 936 4393 quoniam
971 4327 1086 4394 ipse
1119 4330 1510 4397 cooperabatur
1546 4333 1626 4387 eis
1672 4344 1725 4388 et
1781 4335 2102 4404 loquebatur

519 4430 615 4482 per
631 4429 725 4467 ora
746 4415 1370 4489 illorum.Dicitnamque
1383 4423 1749 4493 Evangelium,
1765 4429 1905 4496 quod
1923 4429 2100 4498 profe-

521 4503 590 4555 cti
608 4504 1036 4570 praedicaverunt
1053 4509 1250 4576 ubique
1265 4510 1491 4566 Domino
1503 4528 1728 4582 coopera
1736 4533 1766 4569 n
1774 4525 1823 4570 te
1838 4525 1890 4571 et
1901 4535 2103 4574 sermo-

2269 3335 2390 3390 Non
2443 3335 2627 3404 repulit
2685 3335 2826 3391 Deus
2881 3337 3077 3406 plebem
3135 3357 3285 3394 suam
3317 3359 3482 3412 quam
3507 3346 3778 3414 prcutit-it.

2195 3427 2538 3482 Praescientia
2565 3428 3094 3498 pmdestinationem
3123 3432 3397 3501 praecedit,
3444 3441 3506 3488 et
3537 3449 3652 3489 non
3679 3450 3783 3488 out-

2196 3519 2285 3572 nia
2308 3534 2426 3588 qum
2451 3520 2832 3589 praesciuntur,
2866 3522 3318 3592 praedestinantur
3347 3544 3361 3579 :
3403 3538 3781 3583 verumtamen

2197 3624 2316 3677 quae
2343 3610 2808 3679 przedestinantur,
2840 3613 3020 3668 omnia
3046 3616 3421 3684 prmsciuntur.
3459 3615 3580 3673 Hoc
3612 3632 3781 3673 autem

2198 3700 2411 3765 inloco,
2460 3702 2794 3770 pratscientia
2840 3719 2938 3774 pro
2979 3705 3452 3774 przcdestinatione
3497 3711 3781 3780 accipitur,

2199 3806 2293 3860 per
2337 3792 2478 3862 quod
2531 3793 2767 3847 ostendit
2815 3794 3040 3861 nullum,
3091 3797 3202 3850 sive
3233 3812 3301 3852 ex
3324 3797 3538 3855 Iudaeis
3572 3802 3695 3857 sive
3727 3817 3780 3854 ex

2198 3883 2446 3951 gentibus
2473 3885 2931 3953 prwdestinatum,
2975 3903 3095 3942 esse
3129 3890 3425 3958 repulsum.
3475 3891 3784 3950 Prmsciun-

2199 3981 2286 4027 tur
2315 3973 2459 4027 enim
2484 3975 2624 4028 bona
2653 3983 2706 4030 et
2735 3976 2874 4030 mala
2901 3992 2930 4031 a
2961 3977 3092 4046 Deo,
3119 3977 3584 4052 praadeStinantur
3611 4000 3783 4041 autem

2200 4065 2536 4121 solummodo
2563 4067 2726 4122 bona.
2758 4069 2824 4123 Et
2853 4071 2956 4125 hoc
2978 4071 3144 4127 distat
3181 4073 3323 4130 inter
3350 4077 3784 4146 prmdestinatio—

2201 4173 2322 4211 nem
2351 4167 2404 4211 et
2434 4160 2664 4229 gratiam
2691 4177 2704 4212 :
2742 4163 2866 4232 quia
2909 4165 3314 4232 praedestinatio
3345 4177 3430 4224 est
3460 4176 3786 4243 praparatia

2201 4250 2408 4320 gratim,
2441 4252 2612 4321 gratia
2639 4262 2817 4308 autem
2835 4252 2947 4322 jam
2977 4256 3089 4326 ipsa
3105 4258 3324 4315 donatio
3347 4277 3648 4334 munerum
3679 4282 3786 4335 gra-

2201 4343 2357 4396 tuita.
2395 4343 2475 4397 An
2506 4347 2733 4411 nescitis,
2762 4347 2814 4402 id
2858 4358 2940 4404 est
2969 4353 3208 4422 nunquid
3240 4353 3534 4424 ignoratis,
3556 4361 3694 4429 quid
3714 4362 3786 4412 di~

2200 4433 2268 4485 cit
2291 4432 2565 4504 Scriptura
2588 4437 2640 4489 in
2659 4436 2800 4503 Elia,
2829 4443 3267 4510 quemadmodum
3294 4447 3602 4518 interpellat
3633 4453 3790 4506 Dan

2202 4525 2478 4579 adversum
2501 4525 2670 4582 Israel
2695 4548 2713 4586 :
2735 4529 2932 4585 Contra
2958 4548 3051 4588 eos
3077 4535 3342 4603 videlicet,
3376 4540 3472 4607 qui
3505 4556 3574 4595 ex
3606 4543 3789 4597 decem

524 4610 645 4647 nem
664 4593 1406 4668 conﬁrmante,sequéntibus
1422 4603 1610 4675 signis.
1631 4605 1886 4676 Sequitur
1903 4626 1916 4661 τ
1933 4609 1998 4663 Et
2013 4611 2096 4664 his
2123 4585 2177 4644 D
2203 4616 2450 4672 tribubus
2474 4629 2691 4690 propter
2720 4620 3080 4680 idololatriam
3108 4585 3506 4686 interfecerimt
3555 4585 3793 4689 cultores

524 4683 614 4750 qui
647 4698 732 4736 me
763 4699 867 4738 non
899 4686 1322 4759 interrogabant.
1354 4690 1507 4762 Saepe
1537 4693 1730 4766 legitur
1753 4696 1895 4752 Deus
1923 4699 2098 4752 omni-

524 4781 714 4842 potens
738 4790 768 4827 a
795 4777 996 4831 sanctis
1044 4779 1428 4852 interrogatus,
1456 4785 1595 4840 sicut
1622 4802 1650 4839 a
1687 4786 1892 4858 Moyse,
1918 4788 2094 4843 Abra-

523 4862 670 4927 ham,
701 4861 952 4920 Samuele
1005 4877 1059 4921 et
1088 4871 1320 4936 caeteris,
1350 4881 1404 4926 at
1455 4876 1684 4945 gentiles
1734 4894 1838 4932 non
1868 4879 2097 4935 interro-

520 4955 722 5026 gabant
754 4955 919 5011 Deum
952 4977 964 5012 :
998 4962 1091 5015 sed
1116 4963 1469 5020 consulebant
1499 4967 1638 5022 idola
1665 4978 1720 5023 et
1745 4970 2026 5026 daemonia.

589 5045 670 5098 Ad
723 5045 895 5101 Israel
946 5062 1118 5105 autem
1162 5055 1285 5108 dicit
1334 5056 1473 5110 idem
1523 5059 1689 5116 Isaias
1754 5075 1820 5115 ex
1863 5078 2096 5132 persona

519 5136 719 5191 Christi
751 5155 764 5190 :
796 5138 925 5193 Tota
952 5142 1035 5196 die
1065 5146 1287 5214 cxpandi
1316 5165 1503 5203 manus
1552 5169 1694 5206 meas
1737 5153 1806 5206 ad
1848 5153 2097 5224 populum

522 5245 624 5282 non
677 5231 988 5298 credentem,
1048 5237 1138 5290 sed
1194 5242 1634 5297 contradicentem
1692 5245 1841 5298 mihi.
1902 5247 2097 5302 Totum

521 5323 662 5377 diem
693 5327 924 5396 appellat
950 5337 1118 5384 totum
1152 5341 1361 5403 tempus
1384 5335 1674 5392 Dominica:
1700 5339 2098 5408 praedicationis

523 5427 692 5482 usque
713 5417 780 5469 ad
805 5419 1112 5485 passionem
1148 5422 1308 5477 illius.
1353 5424 1452 5491 Qui
1480 5427 1729 5483 videlicet
1752 5447 1942 5487 manus
1973 5447 2098 5487 suas

525 5503 591 5556 ad
616 5507 861 5561 eumdem
887 5511 1138 5580 populum
1169 5514 1434 5580 extendit,
1475 5518 1602 5585 quia
1634 5534 1856 5574 munera
1898 5523 2099 5577 beneﬁ-

527 5598 733 5654 ciorum
757 5618 976 5660 suorum
1010 5607 1309 5679 largissima
1338 5611 1577 5668 bonitate
1599 5615 1860 5671 exhibuit.
1885 5619 2100 5689 Expan-

527 5689 607 5742 sio
632 5691 774 5746 enim
821 5710 1097 5763 manuum,
1128 5701 1471 5756 donationem
1517 5718 1799 5760 munerum
1831 5708 2093 5780 designat.

529 5778 594 5834 Et
615 5779 700 5835 ille
729 5781 925 5841 dicitur
948 5802 1138 5845 manus
1165 5793 1490 5864 expandere,
1522 5795 1611 5864 qui
1628 5778 1972 5865 poscentibus
2001 5799 2100 5855 be-

2199 4709 2359 4765 unius
2382 4710 2476 4766 Dei
2498 4713 2632 4766 veri.

2271 4799 2511 4866 Domine,
2537 4804 2812 4873 prophetas
2837 4813 2954 4861 tuos
2997 4808 3317 4864 occiderunt.
3356 4810 3476 4868 Hoc
3533 4815 3588 4870 in
3647 4815 3797 4870 libris

2199 4890 2404 4962 Regum
2433 4892 2551 4961 (III
2586 4894 2713 4965 Reg.
2746 4912 2878 4963 xvn,
2905 4897 2968 4952 II
2995 4897 3122 4954 Par.
3177 4903 3312 4973 xvn)
3341 4905 3568 4976 plenius
3596 4925 3798 4964 narra-

2199 4990 2306 5047 tur,
2335 4986 2602 5052 quomodo
2629 4986 2814 5042 Achab
2835 5000 2889 5043 et
2915 4987 3130 5045 Iezabel
3176 5007 3299 5047 cum
3321 4987 3440 5048 sibi
3477 4997 3799 5053 faventibus

2199 5077 2492 5145 prophetas
2525 5078 2734 5132 Domini
2781 5081 3136 5137 occiderunt:
3170 5083 3362 5140 altaria
3427 5098 3526 5143 tua
3570 5094 3806 5160 διαπράτ-

2201 5175 2321 5219 runt
2348 5166 2532 5221 decem
2568 5168 2757 5233 tribus,
2791 5173 2931 5241 apud
2959 5189 3095 5242 quos
3122 5175 3246 5228 talia
3275 5175 3500 5240 ﬁebant,
3532 5182 3628 5249 qui
3665 5183 3808 5233 vitu-

2200 5255 2280 5310 los
2320 5269 2511 5312 aureos
2555 5259 2606 5312 in
2641 5260 2754 5314 Dan
2802 5270 2855 5316 et
2881 5263 2934 5316 in
2965 5263 3149 5320 Bethel
3174 5283 3203 5320 a
3231 5266 3526 5324 Jeroboam
3561 5274 3634 5327 ad
3679 5275 3810 5328 ado-

2203 5348 2400 5402 randos
2425 5352 2963 5419 acceperant,a|taria
2978 5355 3449 5429 Hierosolymitani
3474 5366 3680 5433 templi
3703 5382 3810 5418 nm

2204 5437 2556 5503 sull‘oderant,
2583 5448 2639 5494 et
2667 5441 2867 5498 idcirco
2897 5445 3241 5518 intelligimus
3277 5453 3419 5520 quod
3444 5453 3501 5508 in
3535 5455 3687 5526 ipsis
3711 5458 3813 5509 de-

2205 5546 2324 5585 ccm
2370 5532 2634 5587 tribubus.
2674 5533 2828 5591 Licet
2878 5539 3098 5607 quidam
3153 5541 3342 5598 altaria
3393 5546 3500 5600 diis
3546 5550 3813 5618 gentium

2204 5623 2554 5689 aedificarent,
2585 5636 2740 5680 erant
2766 5637 2944 5684 tamen
2975 5632 3065 5701 qui
3096 5632 3206 5688 Deo
3232 5635 3596 5704 mdiﬁcabant,
3635 5651 3706 5694 et
3739 5640 3814 5694 ibi

2207 5714 2577 5781 immolabant,
2618 5735 2725 5774 non
2760 5721 3040 5796 audientes
3061 5724 3138 5780 ire
3166 5725 3222 5779 in
3246 5725 3549 5784 Jerusalem
3571 5740 3819 5801 propter

2209 5821 2360 5876 reges
2383 5807 2542 5862 Israel
2593 5809 2925 5877 idololatras,
2953 5814 3044 5882 qui
3075 5813 3192 5870 illos
3223 5832 3253 5871 a
3285 5818 3484 5886 templo
3512 5818 3611 5876 Dei
3643 5835 3818 5875 alu-
