  <div class='ocr_page' id='page_1' title='image "/cluster/home/n/w/nwhite01/storage/ocr_20150623/117/hvd.32044015466899/235.png"; bbox 0 0 3936 6468; ppageno 0'>
   <div class='ocr_carea' id='block_1_1' title="bbox 472 325 649 389">
    <p class='ocr_par' dir='ltr' id='par_1_1' title="bbox 472 325 649 389">
     <span class='ocr_line' id='line_1_1' title="bbox 472 325 649 389; baseline 0.023 -10"><span class='ocrx_word' id='word_1_1' title='bbox 472 384 477 389; x_wconf 20' lang='grc' dir='ltr'><em>Α</em></span> <span class='ocrx_word' id='word_1_2' title='bbox 543 325 649 383; x_wconf 62' lang='grc'><strong>459</strong></span> 
     </span>
    </p>
   </div>
   <div class='ocr_carea' id='block_1_2' title="bbox 1004 329 2101 407">
    <p class='ocr_par' dir='ltr' id='par_1_2' title="bbox 1004 329 2100 407">
     <span class='ocr_line' id='line_1_2' title="bbox 1004 329 2100 407; baseline 0.003 -22"><span class='ocrx_word' id='word_1_3' title='bbox 1004 329 1091 385; x_wconf 80' lang='lat' dir='ltr'><strong>l‘lA</strong></span> <span class='ocrx_word' id='word_1_4' title='bbox 1107 330 1356 388; x_wconf 64' lang='lat' dir='ltr'><strong>“10le</strong></span> <span class='ocrx_word' id='word_1_5' title='bbox 1392 331 1869 407; x_wconf 79' lang='lat' dir='ltr'><strong>HALBERSTAT.</strong></span> <span class='ocrx_word' id='word_1_6' title='bbox 1908 332 2100 388; x_wconf 83' lang='lat' dir='ltr'><strong>EPlSC</strong></span> 
     </span>
    </p>
   </div>
   <div class='ocr_carea' id='block_1_3' title="bbox 2204 329 3314 407">
    <p class='ocr_par' dir='ltr' id='par_1_3' title="bbox 2204 334 3314 399">
     <span class='ocr_line' id='line_1_3' title="bbox 2204 334 3314 399; baseline 0.005 -11"><span class='ocrx_word' id='word_1_7' title='bbox 2204 334 2314 389; x_wconf 41' lang='lat' dir='ltr'><strong>*Pl‘.</strong></span> <span class='ocrx_word' id='word_1_8' title='bbox 2346 335 2527 391; x_wconf 79' lang='lat' dir='ltr'><strong>PARS</strong></span> <span class='ocrx_word' id='word_1_9' title='bbox 2564 339 2614 393; x_wconf 80' lang='lat' dir='ltr'><strong>l.</strong></span> <span class='ocrx_word' id='word_1_10' title='bbox 2650 363 2722 382; x_wconf 68' lang='grc' dir='ltr'><strong>α·-</strong></span> <span class='ocrx_word' id='word_1_11' title='bbox 2749 336 3102 399; x_wconf 73' lang='lat' dir='ltr'><strong>comm.</strong></span> <span class='ocrx_word' id='word_1_12' title='bbox 3144 338 3314 395; x_wconf 84' lang='lat' dir='ltr'><strong>BlBL.</strong></span> 
     </span>
    </p>
   </div>
   <div class='ocr_carea' id='block_1_4' title="bbox 3702 340 3804 396">
    <p class='ocr_par' dir='ltr' id='par_1_4' title="bbox 3702 340 3804 396">
     <span class='ocr_line' id='line_1_4' title="bbox 3702 340 3804 396; baseline 0 0"><span class='ocrx_word' id='word_1_13' title='bbox 3702 340 3804 396; x_wconf 70' lang='grc' dir='ltr'>ιω</span> 
     </span>
    </p>
   </div>
   <div class='ocr_carea' id='block_1_5' title="bbox 543 444 3801 525">
    <p class='ocr_par' dir='ltr' id='par_1_5' title="bbox 543 444 3801 525">
     <span class='ocr_line' id='line_1_5' title="bbox 543 444 3801 525; baseline 0.004 -28"><span class='ocrx_word' id='word_1_14' title='bbox 543 445 792 515; x_wconf 84' lang='lat' dir='ltr'><strong>gentibus</strong></span> <span class='ocrx_word' id='word_1_15' title='bbox 829 444 998 515; x_wconf 84' lang='lat' dir='ltr'><strong>culpis</strong></span> <span class='ocrx_word' id='word_1_16' title='bbox 1025 444 1348 525; x_wconf 68' lang='lat' dir='ltr'><strong>Iudaeorum,</strong></span> <span class='ocrx_word' id='word_1_17' title='bbox 1388 444 1635 515; x_wconf 78' lang='lat' dir='ltr'><strong>permisit</strong></span> <span class='ocrx_word' id='word_1_18' title='bbox 1663 444 1743 500; x_wconf 87' lang='lat' dir='ltr'><strong>eis</strong></span> <span class='ocrx_word' id='word_1_19' title='bbox 1773 445 1970 501; x_wconf 88' lang='lat' dir='ltr'><strong>habere</strong></span> <span class='ocrx_word' id='word_1_20' title='bbox 1997 445 2109 515; x_wconf 83' lang='lat' dir='ltr'><strong>spi-</strong></span> <span class='ocrx_word' id='word_1_21' title='bbox 2135 459 2183 518; x_wconf 69' lang='grc' dir='ltr'>Α</span> <span class='ocrx_word' id='word_1_22' title='bbox 2283 447 2639 507; x_wconf 80' lang='lat' dir='ltr'><strong>Obscurentttr</strong></span> <span class='ocrx_word' id='word_1_23' title='bbox 2685 449 2826 505; x_wconf 67' lang='lat' dir='ltr'><strong>oculi</strong></span> <span class='ocrx_word' id='word_1_24' title='bbox 2873 468 3053 511; x_wconf 78' lang='lat' dir='ltr'><strong>eorum</strong></span> <span class='ocrx_word' id='word_1_25' title='bbox 3096 468 3160 508; x_wconf 85' lang='lat' dir='ltr'><strong>ne</strong></span> <span class='ocrx_word' id='word_1_26' title='bbox 3209 454 3455 518; x_wconf 71' lang='lat' dir='ltr'><strong>rideant;</strong></span> <span class='ocrx_word' id='word_1_27' title='bbox 3487 464 3542 508; x_wconf 77' lang='lat' dir='ltr'><strong>et</strong></span> <span class='ocrx_word' id='word_1_28' title='bbox 3579 457 3801 511; x_wconf 68' lang='lat' dir='ltr'><strong>domat</strong></span> 
     </span>
    </p>
   </div>
   <div class='ocr_carea' id='block_1_6' title="bbox 480 524 2113 613">
    <p class='ocr_par' dir='ltr' id='par_1_6' title="bbox 480 524 2113 613">
     <span class='ocr_line' id='line_1_6' title="bbox 480 524 2113 613; baseline -0.001 -25"><span class='ocrx_word' id='word_1_29' title='bbox 480 524 485 525; x_wconf 22' lang='grc' dir='ltr'>ί</span> <span class='ocrx_word' id='word_1_30' title='bbox 546 533 707 588; x_wconf 86' lang='lat' dir='ltr'><strong>ritum</strong></span> <span class='ocrx_word' id='word_1_31' title='bbox 737 535 1076 606; x_wconf 90' lang='lat' dir='ltr'><strong>perditionis,</strong></span> <span class='ocrx_word' id='word_1_32' title='bbox 1100 534 1190 603; x_wconf 92' lang='lat' dir='ltr'><strong>qui</strong></span> <span class='ocrx_word' id='word_1_33' title='bbox 1212 548 1307 613; x_wconf 85' lang='lat' dir='ltr'><strong>eos</strong></span> <span class='ocrx_word' id='word_1_34' title='bbox 1330 535 1562 605; x_wconf 82' lang='lat' dir='ltr'><strong>perimat</strong></span> <span class='ocrx_word' id='word_1_35' title='bbox 1587 535 1642 590; x_wconf 93' lang='lat' dir='ltr'><strong>in</strong></span> <span class='ocrx_word' id='word_1_36' title='bbox 1669 534 1873 599; x_wconf 84' lang='lat' dir='ltr'><strong>anima,</strong></span> <span class='ocrx_word' id='word_1_37' title='bbox 1895 535 2034 589; x_wconf 83' lang='lat' dir='ltr'><strong>sicut</strong></span> <span class='ocrx_word' id='word_1_38' title='bbox 2058 542 2113 587; x_wconf 91' lang='lat' dir='ltr'><strong>et</strong></span> 
     </span>
    </p>
   </div>
   <div class='ocr_carea' id='block_1_7' title="bbox 546 614 2115 695">
    <p class='ocr_par' dir='ltr' id='par_1_7' title="bbox 546 614 2115 695">
     <span class='ocr_line' id='line_1_7' title="bbox 546 614 2115 695; baseline -0.001 -18"><span class='ocrx_word' id='word_1_39' title='bbox 546 624 612 680; x_wconf 89' lang='lat' dir='ltr'><strong>de</strong></span> <span class='ocrx_word' id='word_1_40' title='bbox 645 624 979 695; x_wconf 82' lang='lat' dir='ltr'><strong>philosophis</strong></span> <span class='ocrx_word' id='word_1_41' title='bbox 1005 623 1244 690; x_wconf 80' lang='lat' dir='ltr'><strong>gentium</strong></span> <span class='ocrx_word' id='word_1_42' title='bbox 1273 614 1490 689; x_wconf 84' lang='lat' dir='ltr'><strong>dicitur,</strong></span> <span class='ocrx_word' id='word_1_43' title='bbox 1518 624 1660 694; x_wconf 91' lang='lat' dir='ltr'><strong>quod</strong></span> <span class='ocrx_word' id='word_1_44' title='bbox 1689 622 1969 681; x_wconf 82' lang='lat' dir='ltr'><strong>tradiderit</strong></span> <span class='ocrx_word' id='word_1_45' title='bbox 1996 621 2115 695; x_wconf 80' lang='lat' dir='ltr'><strong>illos</strong></span> 
     </span>
    </p>
   </div>
   <div class='ocr_carea' id='block_1_8' title="bbox 545 712 2109 783">
    <p class='ocr_par' dir='ltr' id='par_1_8' title="bbox 545 712 2109 783">
     <span class='ocr_line' id='line_1_8' title="bbox 545 712 2109 783; baseline -0.001 -16"><span class='ocrx_word' id='word_1_46' title='bbox 545 713 689 768; x_wconf 84' lang='lat' dir='ltr'><strong>Deus</strong></span> <span class='ocrx_word' id='word_1_47' title='bbox 717 712 769 768; x_wconf 91' lang='lat' dir='ltr'><strong>in</strong></span> <span class='ocrx_word' id='word_1_48' title='bbox 800 713 1087 783; x_wconf 87' lang='lat' dir='ltr'><strong>reprobum</strong></span> <span class='ocrx_word' id='word_1_49' title='bbox 1135 728 1351 768; x_wconf 88' lang='lat' dir='ltr'><strong>sensum</strong></span> <span class='ocrx_word' id='word_1_50' title='bbox 1388 733 1400 767; x_wconf 92' lang='lat'>:</span> <span class='ocrx_word' id='word_1_51' title='bbox 1430 714 1616 769; x_wconf 90' lang='lat' dir='ltr'><strong>oculos</strong></span> <span class='ocrx_word' id='word_1_52' title='bbox 1646 723 1705 768; x_wconf 90' lang='lat' dir='ltr'><strong>ut</strong></span> <span class='ocrx_word' id='word_1_53' title='bbox 1736 730 1840 768; x_wconf 91' lang='lat' dir='ltr'><strong>non</strong></span> <span class='ocrx_word' id='word_1_54' title='bbox 1873 714 2109 768; x_wconf 80' lang='lat' dir='ltr'><strong>videant.</strong></span> 
     </span>
    </p>
   </div>
   <div class='ocr_carea' id='block_1_9' title="bbox 542 801 2110 873">
    <p class='ocr_par' dir='ltr' id='par_1_9' title="bbox 542 801 2110 873">
     <span class='ocr_line' id='line_1_9' title="bbox 542 801 2110 873; baseline 0 -16"><span class='ocrx_word' id='word_1_55' title='bbox 542 801 724 859; x_wconf 82' lang='lat' dir='ltr'><strong>Oculis</strong></span> <span class='ocrx_word' id='word_1_56' title='bbox 758 803 971 872; x_wconf 85' lang='lat' dir='ltr'><strong>quidem</strong></span> <span class='ocrx_word' id='word_1_57' title='bbox 1014 804 1257 873; x_wconf 88' lang='lat' dir='ltr'><strong>corporis</strong></span> <span class='ocrx_word' id='word_1_58' title='bbox 1293 804 1543 859; x_wconf 88' lang='lat' dir='ltr'><strong>viderunt</strong></span> <span class='ocrx_word' id='word_1_59' title='bbox 1577 804 1745 859; x_wconf 71' lang='lat' dir='ltr'><strong>Judaei</strong></span> <span class='ocrx_word' id='word_1_60' title='bbox 1796 803 2110 869; x_wconf 87' lang='lat' dir='ltr'><strong>Dominum,</strong></span> 
     </span>
    </p>
   </div>
   <div class='ocr_carea' id='block_1_10' title="bbox 539 893 2112 971">
    <p class='ocr_par' dir='ltr' id='par_1_10' title="bbox 539 893 2112 971">
     <span class='ocr_line' id='line_1_10' title="bbox 539 893 2112 971; baseline 0 -24"><span class='ocrx_word' id='word_1_61' title='bbox 539 901 595 947; x_wconf 90' lang='lat' dir='ltr'><strong>et</strong></span> <span class='ocrx_word' id='word_1_62' title='bbox 622 893 786 947; x_wconf 88' lang='lat' dir='ltr'><strong>multa</strong></span> <span class='ocrx_word' id='word_1_63' title='bbox 810 893 1068 948; x_wconf 84' lang='lat' dir='ltr'><strong>miracula</strong></span> <span class='ocrx_word' id='word_1_64' title='bbox 1100 895 1165 948; x_wconf 87' lang='lat' dir='ltr'><strong>ab</strong></span> <span class='ocrx_word' id='word_1_65' title='bbox 1194 908 1258 948; x_wconf 92' lang='lat' dir='ltr'><strong>eo</strong></span> <span class='ocrx_word' id='word_1_66' title='bbox 1291 893 1442 961; x_wconf 83' lang='lat' dir='ltr'><strong>ﬁeri;</strong></span> <span class='ocrx_word' id='word_1_67' title='bbox 1488 896 1582 950; x_wconf 88' lang='lat' dir='ltr'><strong>sed</strong></span> <span class='ocrx_word' id='word_1_68' title='bbox 1612 896 1738 964; x_wconf 89' lang='lat' dir='ltr'><strong>quia</strong></span> <span class='ocrx_word' id='word_1_69' title='bbox 1763 894 2112 971; x_wconf 78' lang='lat' dir='ltr'><strong>immoderate</strong></span> 
     </span>
    </p>
   </div>
   <div class='ocr_carea' id='block_1_11' title="bbox 541 974 2116 1051">
    <p class='ocr_par' dir='ltr' id='par_1_11' title="bbox 541 974 2116 1051">
     <span class='ocr_line' id='line_1_11' title="bbox 541 974 2116 1051; baseline 0.001 -16"><span class='ocrx_word' id='word_1_70' title='bbox 541 984 774 1039; x_wconf 83' lang='lat' dir='ltr'><strong>terrenis</strong></span> <span class='ocrx_word' id='word_1_71' title='bbox 828 983 1059 1051; x_wconf 87' lang='lat' dir='ltr'><strong>negotiis</strong></span> <span class='ocrx_word' id='word_1_72' title='bbox 1113 983 1479 1049; x_wconf 82' lang='lat' dir='ltr'><strong>intendebant,</strong></span> <span class='ocrx_word' id='word_1_73' title='bbox 1530 974 1702 1040; x_wconf 83' lang='lat' dir='ltr'><strong>oculis</strong></span> <span class='ocrx_word' id='word_1_74' title='bbox 1748 982 2022 1038; x_wconf 82' lang='lat' dir='ltr'><strong>ﬁdelitatis</strong></span> <span class='ocrx_word' id='word_1_75' title='bbox 2060 991 2116 1038; x_wconf 93' lang='lat' dir='ltr'><strong>et</strong></span> 
     </span>
    </p>
   </div>
   <div class='ocr_carea' id='block_1_12' title="bbox 539 1074 2115 1151">
    <p class='ocr_par' dir='ltr' id='par_1_12' title="bbox 539 1074 2115 1151">
     <span class='ocr_line' id='line_1_12' title="bbox 539 1074 2115 1151; baseline -0.002 -22"><span class='ocrx_word' id='word_1_76' title='bbox 539 1076 744 1151; x_wconf 69' lang='lat' dir='ltr'><strong>amoris</strong></span> <span class='ocrx_word' id='word_1_77' title='bbox 772 1091 1110 1146; x_wconf 85' lang='lat' dir='ltr'><strong>nequaquam</strong></span> <span class='ocrx_word' id='word_1_78' title='bbox 1145 1083 1458 1129; x_wconf 88' lang='lat' dir='ltr'><strong>meruerunt</strong></span> <span class='ocrx_word' id='word_1_79' title='bbox 1485 1074 1630 1128; x_wconf 91' lang='lat' dir='ltr'><strong>illum</strong></span> <span class='ocrx_word' id='word_1_80' title='bbox 1662 1074 1997 1129; x_wconf 69' lang='lat' dir='ltr'><strong>cernere-Et</strong></span> <span class='ocrx_word' id='word_1_81' title='bbox 2020 1089 2115 1127; x_wconf 88' lang='lat' dir='ltr'><strong>au-</strong></span> 
     </span>
    </p>
   </div>
   <div class='ocr_carea' id='block_1_13' title="bbox 538 1163 2113 1235">
    <p class='ocr_par' dir='ltr' id='par_1_13' title="bbox 538 1163 2113 1235">
     <span class='ocr_line' id='line_1_13' title="bbox 538 1163 2113 1235; baseline -0.003 -12"><span class='ocrx_word' id='word_1_82' title='bbox 538 1182 626 1224; x_wconf 86' lang='lat' dir='ltr'><strong>res</strong></span> <span class='ocrx_word' id='word_1_83' title='bbox 657 1176 715 1223; x_wconf 94' lang='lat' dir='ltr'><strong>ut</strong></span> <span class='ocrx_word' id='word_1_84' title='bbox 737 1184 841 1224; x_wconf 92' lang='lat' dir='ltr'><strong>non</strong></span> <span class='ocrx_word' id='word_1_85' title='bbox 864 1168 1107 1231; x_wconf 88' lang='lat' dir='ltr'><strong>audiant,</strong></span> <span class='ocrx_word' id='word_1_86' title='bbox 1132 1166 1355 1221; x_wconf 84' lang='lat' dir='ltr'><strong>subaudi</strong></span> <span class='ocrx_word' id='word_1_87' title='bbox 1388 1165 1633 1235; x_wconf 74' lang='lat' dir='ltr'><strong>permisit</strong></span> <span class='ocrx_word' id='word_1_88' title='bbox 1655 1165 1736 1220; x_wconf 89' lang='lat' dir='ltr'><strong>eis</strong></span> <span class='ocrx_word' id='word_1_89' title='bbox 1762 1165 1979 1220; x_wconf 85' lang='lat' dir='ltr'><strong>habere.</strong></span> <span class='ocrx_word' id='word_1_90' title='bbox 2004 1163 2113 1218; x_wconf 84' lang='lat' dir='ltr'><strong>Au-</strong></span> 
     </span>
    </p>
   </div>
   <div class='ocr_carea' id='block_1_14' title="bbox 539 1250 2114 1322">
    <p class='ocr_par' dir='ltr' id='par_1_14' title="bbox 539 1250 2114 1322">
     <span class='ocr_line' id='line_1_14' title="bbox 539 1250 2114 1322; baseline -0.003 -9"><span class='ocrx_word' id='word_1_91' title='bbox 539 1259 758 1315; x_wconf 89' lang='lat' dir='ltr'><strong>dierunt</strong></span> <span class='ocrx_word' id='word_1_92' title='bbox 787 1258 1064 1316; x_wconf 84' lang='lat' dir='ltr'><strong>Christum</strong></span> <span class='ocrx_word' id='word_1_93' title='bbox 1094 1250 1315 1312; x_wconf 85' lang='lat' dir='ltr'><strong>auribus</strong></span> <span class='ocrx_word' id='word_1_94' title='bbox 1344 1257 1542 1322; x_wconf 86' lang='lat' dir='ltr'><strong>carnis,</strong></span> <span class='ocrx_word' id='word_1_95' title='bbox 1570 1257 1796 1312; x_wconf 69' lang='lat' dir='ltr'><strong>sed&#39;non</strong></span> <span class='ocrx_word' id='word_1_96' title='bbox 1827 1256 2114 1311; x_wconf 91' lang='lat' dir='ltr'><strong>audierunt</strong></span> 
     </span>
    </p>
   </div>
   <div class='ocr_carea' id='block_1_15' title="bbox 537 1345 2115 1417">
    <p class='ocr_par' dir='ltr' id='par_1_15' title="bbox 537 1345 2115 1417">
     <span class='ocr_line' id='line_1_15' title="bbox 537 1345 2115 1417; baseline -0.002 -14"><span class='ocrx_word' id='word_1_97' title='bbox 537 1351 759 1405; x_wconf 86' lang='lat' dir='ltr'><strong>auribus</strong></span> <span class='ocrx_word' id='word_1_98' title='bbox 781 1349 978 1413; x_wconf 86' lang='lat' dir='ltr'><strong>cordis,</strong></span> <span class='ocrx_word' id='word_1_99' title='bbox 1006 1364 1141 1417; x_wconf 87' lang='lat' dir='ltr'><strong>quas</strong></span> <span class='ocrx_word' id='word_1_100' title='bbox 1172 1347 1428 1401; x_wconf 86' lang='lat' dir='ltr'><strong>Dominus</strong></span> <span class='ocrx_word' id='word_1_101' title='bbox 1459 1348 1786 1417; x_wconf 85' lang='lat' dir='ltr'><strong>requirebat,</strong></span> <span class='ocrx_word' id='word_1_102' title='bbox 1819 1362 1941 1400; x_wconf 90' lang='lat' dir='ltr'><strong>cum</strong></span> <span class='ocrx_word' id='word_1_103' title='bbox 1969 1345 2115 1400; x_wconf 84' lang='lat' dir='ltr'><strong>dicc-</strong></span> 
     </span>
    </p>
   </div>
   <div class='ocr_carea' id='block_1_16' title="bbox 538 1432 2109 1508">
    <p class='ocr_par' dir='ltr' id='par_1_16' title="bbox 538 1432 2109 1508">
     <span class='ocr_line' id='line_1_16' title="bbox 538 1432 2109 1508; baseline -0.004 -13"><span class='ocrx_word' id='word_1_104' title='bbox 538 1440 790 1508; x_wconf 83' lang='lat' dir='ltr'><strong>ret:Qni</strong></span> <span class='ocrx_word' id='word_1_105' title='bbox 836 1441 987 1495; x_wconf 82' lang='lat' dir='ltr'><strong>habet</strong></span> <span class='ocrx_word' id='word_1_106' title='bbox 1034 1456 1188 1492; x_wconf 83' lang='lat' dir='ltr'><strong>aures</strong></span> <span class='ocrx_word' id='word_1_107' title='bbox 1235 1437 1505 1502; x_wconf 79' lang='lat' dir='ltr'><strong>audiendi,</strong></span> <span class='ocrx_word' id='word_1_108' title='bbox 1547 1437 1730 1491; x_wconf 83' lang='lat' dir='ltr'><strong>audiat</strong></span> <span class='ocrx_word' id='word_1_109' title='bbox 1775 1435 1930 1507; x_wconf 88' lang='lat' dir='ltr'><strong>(an.</strong></span> <span class='ocrx_word' id='word_1_110' title='bbox 1968 1432 2109 1505; x_wconf 86' lang='lat' dir='ltr'><strong>vut).</strong></span> 
     </span>
    </p>
   </div>
   <div class='ocr_carea' id='block_1_17' title="bbox 538 1526 2111 1601">
    <p class='ocr_par' dir='ltr' id='par_1_17' title="bbox 538 1526 2111 1601">
     <span class='ocr_line' id='line_1_17' title="bbox 538 1526 2111 1601; baseline -0.003 -16"><span class='ocrx_word' id='word_1_111' title='bbox 538 1529 765 1586; x_wconf 67' lang='lat' dir='ltr'><strong>Caecitas</strong></span> <span class='ocrx_word' id='word_1_112' title='bbox 794 1530 957 1601; x_wconf 78' lang='lat' dir='ltr'><strong>igitur</strong></span> <span class='ocrx_word' id='word_1_113' title='bbox 982 1539 1036 1584; x_wconf 90' lang='lat' dir='ltr'><strong>et</strong></span> <span class='ocrx_word' id='word_1_114' title='bbox 1060 1530 1297 1584; x_wconf 85' lang='lat' dir='ltr'><strong>surditas</strong></span> <span class='ocrx_word' id='word_1_115' title='bbox 1324 1537 1482 1598; x_wconf 79' lang='lat' dir='ltr'><strong>atque</strong></span> <span class='ocrx_word' id='word_1_116' title='bbox 1513 1544 1665 1584; x_wconf 88' lang='lat' dir='ltr'><strong>mens</strong></span> <span class='ocrx_word' id='word_1_117' title='bbox 1693 1526 2002 1582; x_wconf 73' lang='lat' dir='ltr'><strong>invidentia:</strong></span> <span class='ocrx_word' id='word_1_118' title='bbox 2024 1542 2111 1591; x_wconf 76' lang='lat' dir='ltr'><strong>us-</strong></span> 
     </span>
    </p>
   </div>
   <div class='ocr_carea' id='block_1_18' title="bbox 536 1618 2111 1695">
    <p class='ocr_par' dir='ltr' id='par_1_18' title="bbox 536 1618 2111 1695">
     <span class='ocr_line' id='line_1_18' title="bbox 536 1618 2111 1695; baseline -0.003 -19"><span class='ocrx_word' id='word_1_119' title='bbox 536 1639 637 1695; x_wconf 81' lang='lat' dir='ltr'><strong>que</strong></span> <span class='ocrx_word' id='word_1_120' title='bbox 668 1624 723 1677; x_wconf 88' lang='lat' dir='ltr'><strong>in</strong></span> <span class='ocrx_word' id='word_1_121' title='bbox 752 1621 1078 1676; x_wconf 55' lang='lat' dir='ltr'><strong>hodiernum</strong></span> <span class='ocrx_word' id='word_1_122' title='bbox 1107 1622 1241 1674; x_wconf 81' lang='lat' dir='ltr'><strong>diem</strong></span> <span class='ocrx_word' id='word_1_123' title='bbox 1281 1622 1331 1674; x_wconf 91' lang='lat' dir='ltr'><strong>in</strong></span> <span class='ocrx_word' id='word_1_124' title='bbox 1355 1618 1555 1675; x_wconf 71' lang='lat' dir='ltr'><strong>Judzeis</strong></span> <span class='ocrx_word' id='word_1_125' title='bbox 1590 1630 1789 1685; x_wconf 88' lang='lat' dir='ltr'><strong>manet,</strong></span> <span class='ocrx_word' id='word_1_126' title='bbox 1817 1619 1946 1689; x_wconf 78' lang='lat' dir='ltr'><strong>’quia</strong></span> <span class='ocrx_word' id='word_1_127' title='bbox 1984 1618 2111 1673; x_wconf 89' lang='lat' dir='ltr'><strong>dum</strong></span> 
     </span>
    </p>
   </div>
   <div class='ocr_carea' id='block_1_19' title="bbox 538 1709 2109 1783">
    <p class='ocr_par' dir='ltr' id='par_1_19' title="bbox 538 1709 2109 1783">
     <span class='ocr_line' id='line_1_19' title="bbox 538 1709 2109 1783; baseline -0.004 -14"><span class='ocrx_word' id='word_1_128' title='bbox 538 1714 729 1770; x_wconf 91' lang='lat' dir='ltr'><strong>nolunt</strong></span> <span class='ocrx_word' id='word_1_129' title='bbox 771 1713 991 1769; x_wconf 83' lang='lat' dir='ltr'><strong>obedire</strong></span> <span class='ocrx_word' id='word_1_130' title='bbox 1038 1711 1349 1783; x_wconf 76' lang='lat' dir='ltr'><strong>Evangelio,</strong></span> <span class='ocrx_word' id='word_1_131' title='bbox 1382 1711 1448 1765; x_wconf 90' lang='lat' dir='ltr'><strong>ad</strong></span> <span class='ocrx_word' id='word_1_132' title='bbox 1495 1713 1598 1767; x_wconf 88' lang='lat' dir='ltr'><strong>hoc</strong></span> <span class='ocrx_word' id='word_1_133' title='bbox 1642 1718 1702 1765; x_wconf 93' lang='lat' dir='ltr'><strong>ut</strong></span> <span class='ocrx_word' id='word_1_134' title='bbox 1745 1711 1798 1765; x_wconf 89' lang='lat' dir='ltr'><strong>in</strong></span> <span class='ocrx_word' id='word_1_135' title='bbox 1836 1709 2109 1765; x_wconf 86' lang='lat' dir='ltr'><strong>Christum</strong></span> 
     </span>
    </p>
   </div>
   <div class='ocr_carea' id='block_1_20' title="bbox 2210 542 3801 617">
    <p class='ocr_par' dir='ltr' id='par_1_20' title="bbox 2210 542 3801 617">
     <span class='ocr_line' id='line_1_20' title="bbox 2210 542 3801 617; baseline 0.006 -22"><span class='ocrx_word' id='word_1_136' title='bbox 2210 555 2392 595; x_wconf 82' lang='lat' dir='ltr'><strong>eorum</strong></span> <span class='ocrx_word' id='word_1_137' title='bbox 2420 557 2619 612; x_wconf 77' lang='lat' dir='ltr'><strong>semper</strong></span> <span class='ocrx_word' id='word_1_138' title='bbox 2638 542 2873 598; x_wconf 76' lang='lat' dir='ltr'><strong>incurva.</strong></span> <span class='ocrx_word' id='word_1_139' title='bbox 2900 542 3024 601; x_wconf 62' lang='lat' dir='ltr'><strong>ﬂare</strong></span> <span class='ocrx_word' id='word_1_140' title='bbox 3050 546 3213 602; x_wconf 74' lang='lat' dir='ltr'><strong>verba</strong></span> <span class='ocrx_word' id='word_1_141' title='bbox 3238 561 3347 601; x_wconf 80' lang='lat' dir='ltr'><strong>non</strong></span> <span class='ocrx_word' id='word_1_142' title='bbox 3371 546 3624 617; x_wconf 77' lang='lat' dir='ltr'><strong>optantis</strong></span> <span class='ocrx_word' id='word_1_143' title='bbox 3651 557 3801 613; x_wconf 61' lang='lat' dir='ltr'><strong>voto,</strong></span> 
     </span>
    </p>
   </div>
   <div class='ocr_carea' id='block_1_21' title="bbox 2210 628 3801 701">
    <p class='ocr_par' dir='ltr' id='par_1_21' title="bbox 2210 628 3801 701">
     <span class='ocr_line' id='line_1_21' title="bbox 2210 628 3801 701; baseline 0.005 -15"><span class='ocrx_word' id='word_1_144' title='bbox 2210 628 2303 686; x_wconf 83' lang='lat' dir='ltr'><strong>sed</strong></span> <span class='ocrx_word' id='word_1_145' title='bbox 2333 631 2671 701; x_wconf 66' lang='lat' dir='ltr'><strong>praedicentis</strong></span> <span class='ocrx_word' id='word_1_146' title='bbox 2705 632 2889 689; x_wconf 76' lang='lat' dir='ltr'><strong>cilicio</strong></span> <span class='ocrx_word' id='word_1_147' title='bbox 2921 635 3195 691; x_wconf 89' lang='lat' dir='ltr'><strong>dicuntur.</strong></span> <span class='ocrx_word' id='word_1_148' title='bbox 3227 634 3615 692; x_wconf 82' lang='lat' dir='ltr'><strong>Obscurentur</strong></span> <span class='ocrx_word' id='word_1_149' title='bbox 3658 640 3801 694; x_wconf 75' lang='lat' dir='ltr'><strong>oeuli</strong></span> 
     </span>
    </p>
   </div>
   <div class='ocr_carea' id='block_1_22' title="bbox 2211 722 3801 794">
    <p class='ocr_par' dir='ltr' id='par_1_22' title="bbox 2211 722 3801 794">
     <span class='ocr_line' id='line_1_22' title="bbox 2211 722 3801 794; baseline 0.006 -18"><span class='ocrx_word' id='word_1_150' title='bbox 2211 722 2625 790; x_wconf 84' lang='lat' dir='ltr'><strong>cordiseorum,</strong></span> <span class='ocrx_word' id='word_1_151' title='bbox 2658 725 2710 779; x_wconf 90' lang='lat' dir='ltr'><strong>id</strong></span> <span class='ocrx_word' id='word_1_152' title='bbox 2739 733 2823 781; x_wconf 90' lang='lat' dir='ltr'><strong>est</strong></span> <span class='ocrx_word' id='word_1_153' title='bbox 2846 726 3151 783; x_wconf 86' lang='lat' dir='ltr'><strong>intellectus</strong></span> <span class='ocrx_word' id='word_1_154' title='bbox 3173 743 3389 794; x_wconf 79' lang='lat' dir='ltr'><strong>eorum,</strong></span> <span class='ocrx_word' id='word_1_155' title='bbox 3413 736 3479 784; x_wconf 84' lang='lat' dir='ltr'><strong>ut</strong></span> <span class='ocrx_word' id='word_1_156' title='bbox 3499 744 3619 784; x_wconf 87' lang='lat' dir='ltr'><strong>non</strong></span> <span class='ocrx_word' id='word_1_157' title='bbox 3645 730 3801 786; x_wconf 80' lang='lat' dir='ltr'><strong>intel-</strong></span> 
     </span>
    </p>
   </div>
   <div class='ocr_carea' id='block_1_23' title="bbox 2212 811 3800 883">
    <p class='ocr_par' dir='ltr' id='par_1_23' title="bbox 2212 811 3800 883">
     <span class='ocr_line' id='line_1_23' title="bbox 2212 811 3800 883; baseline 0.009 -19"><span class='ocrx_word' id='word_1_158' title='bbox 2212 811 2377 882; x_wconf 82' lang='lat' dir='ltr'><strong>ligant</strong></span> <span class='ocrx_word' id='word_1_159' title='bbox 2404 812 2690 870; x_wconf 71' lang='lat' dir='ltr'><strong>Christum</strong></span> <span class='ocrx_word' id='word_1_160' title='bbox 2708 814 2759 869; x_wconf 65' lang='lat' dir='ltr'><strong>&#39;F</strong></span> <span class='ocrx_word' id='word_1_161' title='bbox 2765 815 2912 870; x_wconf 84' lang='lat' dir='ltr'><strong>ilium</strong></span> <span class='ocrx_word' id='word_1_162' title='bbox 2940 817 3036 872; x_wconf 86' lang='lat' dir='ltr'><strong>Dei</strong></span> <span class='ocrx_word' id='word_1_163' title='bbox 3073 832 3226 883; x_wconf 88' lang='lat' dir='ltr'><strong>esse;</strong></span> <span class='ocrx_word' id='word_1_164' title='bbox 3259 828 3317 874; x_wconf 80' lang='lat' dir='ltr'><strong>et</strong></span> <span class='ocrx_word' id='word_1_165' title='bbox 3350 819 3585 876; x_wconf 82' lang='lat' dir='ltr'><strong>dorsum</strong></span> <span class='ocrx_word' id='word_1_166' title='bbox 3615 834 3800 877; x_wconf 71' lang='lat' dir='ltr'><strong>ma</strong></span> 
     </span>
    </p>
   </div>
   <div class='ocr_carea' id='block_1_24' title="bbox 2213 903 3797 979">
    <p class='ocr_par' dir='ltr' id='par_1_24' title="bbox 2213 903 3797 979">
     <span class='ocr_line' id='line_1_24' title="bbox 2213 903 3797 979; baseline 0.006 -23"><span class='ocrx_word' id='word_1_167' title='bbox 2213 916 2426 971; x_wconf 82' lang='lat' dir='ltr'><strong>semper</strong></span> <span class='ocrx_word' id='word_1_168' title='bbox 2454 903 2678 957; x_wconf 84' lang='lat' dir='ltr'><strong>incurva</strong></span> <span class='ocrx_word' id='word_1_169' title='bbox 2707 920 2720 955; x_wconf 88' lang='lat'><strong>:</strong></span> <span class='ocrx_word' id='word_1_170' title='bbox 2751 904 2890 961; x_wconf 85' lang='lat' dir='ltr'><strong>sicut</strong></span> <span class='ocrx_word' id='word_1_171' title='bbox 2918 906 3010 975; x_wconf 86' lang='lat' dir='ltr'><strong>qui</strong></span> <span class='ocrx_word' id='word_1_172' title='bbox 3028 920 3193 977; x_wconf 79' lang='lat' dir='ltr'><strong>grave</strong></span> <span class='ocrx_word' id='word_1_173' title='bbox 3219 922 3360 964; x_wconf 85' lang='lat' dir='ltr'><strong>onus</strong></span> <span class='ocrx_word' id='word_1_174' title='bbox 3392 917 3591 979; x_wconf 79' lang='lat' dir='ltr'><strong>portat</strong></span> <span class='ocrx_word' id='word_1_175' title='bbox 3622 909 3797 965; x_wconf 82' lang='lat' dir='ltr'><strong>incur-</strong></span> 
     </span>
    </p>
   </div>
   <div class='ocr_carea' id='block_1_25' title="bbox 2212 992 3798 1069">
    <p class='ocr_par' dir='ltr' id='par_1_25' title="bbox 2212 992 3798 1069">
     <span class='ocr_line' id='line_1_25' title="bbox 2212 992 3798 1069; baseline 0.008 -25"><span class='ocrx_word' id='word_1_176' title='bbox 2212 1001 2370 1046; x_wconf 89' lang='lat' dir='ltr'><strong>vatur</strong></span> <span class='ocrx_word' id='word_1_177' title='bbox 2418 992 2472 1051; x_wconf 84' lang='lat' dir='ltr'><strong>in</strong></span> <span class='ocrx_word' id='word_1_178' title='bbox 2522 1000 2721 1048; x_wconf 88' lang='lat' dir='ltr'><strong>terram</strong></span> <span class='ocrx_word' id='word_1_179' title='bbox 2748 1033 2764 1059; x_wconf 95' lang='lat'><strong>,</strong></span> <span class='ocrx_word' id='word_1_180' title='bbox 2809 995 2882 1049; x_wconf 90' lang='lat' dir='ltr'><strong>ita</strong></span> <span class='ocrx_word' id='word_1_181' title='bbox 2927 997 3338 1065; x_wconf 75' lang='lat' dir='ltr'><strong>quodammodo</strong></span> <span class='ocrx_word' id='word_1_182' title='bbox 3389 1006 3666 1068; x_wconf 74' lang='lat' dir='ltr'><strong>peccator</strong></span> <span class='ocrx_word' id='word_1_183' title='bbox 3712 1004 3798 1069; x_wconf 68' lang='lat' dir='ltr'><strong>qui</strong></span> 
     </span>
    </p>
   </div>
   <div class='ocr_carea' id='block_1_26' title="bbox 2212 1084 3798 1154">
    <p class='ocr_par' dir='ltr' id='par_1_26' title="bbox 2212 1084 3798 1154">
     <span class='ocr_line' id='line_1_26' title="bbox 2212 1084 3798 1154; baseline 0.004 -17"><span class='ocrx_word' id='word_1_184' title='bbox 2212 1084 2448 1152; x_wconf 90' lang='lat' dir='ltr'><strong>pondere</strong></span> <span class='ocrx_word' id='word_1_185' title='bbox 2498 1092 2846 1152; x_wconf 87' lang='lat' dir='ltr'><strong>peccatorum</strong></span> <span class='ocrx_word' id='word_1_186' title='bbox 2896 1086 3194 1154; x_wconf 87' lang='lat' dir='ltr'><strong>premitur,</strong></span> <span class='ocrx_word' id='word_1_187' title='bbox 3246 1086 3619 1153; x_wconf 73' lang='lat' dir='ltr'><strong>incurvam;</strong></span> <span class='ocrx_word' id='word_1_188' title='bbox 3670 1089 3798 1145; x_wconf 72' lang='lat' dir='ltr'><strong>sicut</strong></span> 
     </span>
    </p>
   </div>
   <div class='ocr_carea' id='block_1_27' title="bbox 2212 1173 3797 1248">
    <p class='ocr_par' dir='ltr' id='par_1_27' title="bbox 2212 1173 3797 1248">
     <span class='ocr_line' id='line_1_27' title="bbox 2212 1173 3797 1248; baseline 0.004 -21"><span class='ocrx_word' id='word_1_189' title='bbox 2212 1174 2494 1229; x_wconf 87' lang='lat' dir='ltr'><strong>Psalmista</strong></span> <span class='ocrx_word' id='word_1_190' title='bbox 2526 1173 2789 1244; x_wconf 77' lang='lat' dir='ltr'><strong>deplorat,</strong></span> <span class='ocrx_word' id='word_1_191' title='bbox 2825 1176 3009 1231; x_wconf 87' lang='lat' dir='ltr'><strong>dicens</strong></span> <span class='ocrx_word' id='word_1_192' title='bbox 3038 1195 3051 1228; x_wconf 90' lang='lat'>:</span> <span class='ocrx_word' id='word_1_193' title='bbox 3086 1175 3398 1247; x_wconf 68' lang='lat' dir='ltr'><strong>Iniquitate:</strong></span> <span class='ocrx_word' id='word_1_194' title='bbox 3443 1194 3587 1233; x_wconf 64' lang='lat' dir='ltr'><strong>mea</strong></span> <span class='ocrx_word' id='word_1_195' title='bbox 3628 1195 3797 1248; x_wconf 66' lang='lat' dir='ltr'><strong>super-</strong></span> 
     </span>
    </p>
   </div>
   <div class='ocr_carea' id='block_1_28' title="bbox 2194 1256 3383 1339">
    <p class='ocr_par' dir='ltr' id='par_1_28' title="bbox 2194 1256 3383 1339">
     <span class='ocr_line' id='line_1_28' title="bbox 2194 1256 3383 1339; baseline 0.003 -22"><span class='ocrx_word' id='word_1_196' title='bbox 2194 1281 2400 1336; x_wconf 79' lang='lat' dir='ltr'><strong>.gressa:</strong></span> <span class='ocrx_word' id='word_1_197' title='bbox 2426 1276 2545 1320; x_wconf 82' lang='lat' dir='ltr'><strong>sunt</strong></span> <span class='ocrx_word' id='word_1_198' title='bbox 2571 1275 2726 1336; x_wconf 79' lang='lat' dir='ltr'><strong>caput</strong></span> <span class='ocrx_word' id='word_1_199' title='bbox 2750 1256 2922 1320; x_wconf 78' lang='lat' dir='ltr'><strong>meum</strong></span> <span class='ocrx_word' id='word_1_200' title='bbox 2950 1266 3119 1337; x_wconf 85' lang='lat' dir='ltr'><strong>(Psal.</strong></span> <span class='ocrx_word' id='word_1_201' title='bbox 3150 1266 3383 1339; x_wconf 46' lang='lat' dir='ltr'><strong>sum).</strong></span> 
     </span>
    </p>
   </div>
   <div class='ocr_carea' id='block_1_29' title="bbox 2281 1355 3795 1429">
    <p class='ocr_par' dir='ltr' id='par_1_29' title="bbox 2281 1355 3795 1429">
     <span class='ocr_line' id='line_1_29' title="bbox 2281 1355 3795 1429; baseline 0.002 -17"><span class='ocrx_word' id='word_1_202' title='bbox 2281 1356 2414 1412; x_wconf 83' lang='lat' dir='ltr'><strong>Dico</strong></span> <span class='ocrx_word' id='word_1_203' title='bbox 2460 1373 2580 1426; x_wconf 82' lang='lat' dir='ltr'><strong>ergo</strong></span> <span class='ocrx_word' id='word_1_204' title='bbox 2629 1370 2648 1408; x_wconf 89' lang='lat'><em>:</em></span> <span class='ocrx_word' id='word_1_205' title='bbox 2696 1355 2948 1426; x_wconf 75' lang='lat' dir='ltr'><strong>Nunquid</strong></span> <span class='ocrx_word' id='word_1_206' title='bbox 3009 1359 3087 1413; x_wconf 82' lang='lat' dir='ltr'><strong>sic</strong></span> <span class='ocrx_word' id='word_1_207' title='bbox 3140 1359 3475 1429; x_wconf 72' lang='lat' dir='ltr'><strong>offenderunt</strong></span> <span class='ocrx_word' id='word_1_208' title='bbox 3520 1357 3709 1417; x_wconf 63' lang='lat' dir='ltr'><strong>Judei</strong></span> <span class='ocrx_word' id='word_1_209' title='bbox 3748 1372 3795 1415; x_wconf 77' lang='lat' dir='ltr'><strong>It</strong></span> 
     </span>
    </p>
   </div>
   <div class='ocr_carea' id='block_1_30' title="bbox 2194 1446 3796 1513">
    <p class='ocr_par' dir='ltr' id='par_1_30' title="bbox 2194 1446 3796 1513">
     <span class='ocr_line' id='line_1_30' title="bbox 2194 1446 3796 1513; baseline 0.004 -13"><span class='ocrx_word' id='word_1_210' title='bbox 2194 1446 2454 1501; x_wconf 66' lang='lat' dir='ltr'><strong>caderent</strong></span> <span class='ocrx_word' id='word_1_211' title='bbox 2471 1447 2496 1499; x_wconf 87' lang='lat'><strong><em>?</em></strong></span> <span class='ocrx_word' id='word_1_212' title='bbox 2520 1447 2779 1501; x_wconf 83' lang='lat' dir='ltr'><strong>subaudis</strong></span> <span class='ocrx_word' id='word_1_213' title='bbox 2799 1446 3160 1513; x_wconf 81' lang='lat' dir='ltr'><strong>solummodo,</strong></span> <span class='ocrx_word' id='word_1_214' title='bbox 3211 1457 3269 1503; x_wconf 78' lang='lat' dir='ltr'><strong>ut</strong></span> <span class='ocrx_word' id='word_1_215' title='bbox 3299 1465 3499 1505; x_wconf 85' lang='lat' dir='ltr'><strong>eorum</strong></span> <span class='ocrx_word' id='word_1_216' title='bbox 3525 1466 3702 1506; x_wconf 83' lang='lat' dir='ltr'><strong>casus</strong></span> <span class='ocrx_word' id='word_1_217' title='bbox 3724 1453 3796 1507; x_wconf 82' lang='lat' dir='ltr'><strong>ni-</strong></span> 
     </span>
    </p>
   </div>
   <div class='ocr_carea' id='block_1_31' title="bbox 2214 1536 3795 1606">
    <p class='ocr_par' dir='ltr' id='par_1_31' title="bbox 2214 1536 3795 1606">
     <span class='ocr_line' id='line_1_31' title="bbox 2214 1536 3795 1606; baseline 0.006 -15"><span class='ocrx_word' id='word_1_218' title='bbox 2214 1537 2289 1591; x_wconf 87' lang='lat' dir='ltr'><strong>hil</strong></span> <span class='ocrx_word' id='word_1_219' title='bbox 2319 1536 2601 1606; x_wconf 85' lang='lat' dir='ltr'><strong>profuerit.</strong></span> <span class='ocrx_word' id='word_1_220' title='bbox 2629 1537 2796 1593; x_wconf 77' lang='lat' dir='ltr'><strong>Absit.</strong></span> <span class='ocrx_word' id='word_1_221' title='bbox 2816 1539 2896 1593; x_wconf 66' lang='lat' dir='ltr'><strong>Et</strong></span> <span class='ocrx_word' id='word_1_222' title='bbox 2931 1548 3014 1594; x_wconf 91' lang='lat' dir='ltr'><strong>est</strong></span> <span class='ocrx_word' id='word_1_223' title='bbox 3041 1555 3233 1597; x_wconf 85' lang='lat' dir='ltr'><strong>sensus</strong></span> <span class='ocrx_word' id='word_1_224' title='bbox 3263 1559 3278 1595; x_wconf 88' lang='lat'><strong>:</strong></span> <span class='ocrx_word' id='word_1_225' title='bbox 3309 1558 3421 1596; x_wconf 86' lang='lat' dir='ltr'><strong>non</strong></span> <span class='ocrx_word' id='word_1_226' title='bbox 3452 1540 3795 1600; x_wconf 77' lang='lat' dir='ltr'><strong>oll&#39;enderut</strong></span> 
     </span>
    </p>
   </div>
   <div class='ocr_carea' id='block_1_32' title="bbox 2212 1626 3794 1702">
    <p class='ocr_par' dir='ltr' id='par_1_32' title="bbox 2212 1626 3794 1702">
     <span class='ocr_line' id='line_1_32' title="bbox 2212 1626 3794 1702; baseline 0.006 -22"><span class='ocrx_word' id='word_1_227' title='bbox 2212 1626 2379 1682; x_wconf 85' lang='lat' dir='ltr'><strong>Deum</strong></span> <span class='ocrx_word' id='word_1_228' title='bbox 2402 1627 2569 1684; x_wconf 67' lang='lat' dir='ltr'><strong>Judaei</strong></span> <span class='ocrx_word' id='word_1_229' title='bbox 2591 1628 2928 1685; x_wconf 88' lang='lat' dir='ltr'><strong>solummodo</strong></span> <span class='ocrx_word' id='word_1_230' title='bbox 2941 1639 3161 1701; x_wconf 87' lang='lat' dir='ltr'><strong>propter</strong></span> <span class='ocrx_word' id='word_1_231' title='bbox 3182 1631 3285 1686; x_wconf 84' lang='lat' dir='ltr'><strong>hoc</strong></span> <span class='ocrx_word' id='word_1_232' title='bbox 3303 1641 3364 1685; x_wconf 87' lang='lat' dir='ltr'><strong>ut</strong></span> <span class='ocrx_word' id='word_1_233' title='bbox 3380 1632 3490 1702; x_wconf 84' lang='lat' dir='ltr'><strong>ipsi</strong></span> <span class='ocrx_word' id='word_1_234' title='bbox 3517 1634 3794 1697; x_wconf 79' lang='lat' dir='ltr'><strong>caderent.</strong></span> 
     </span>
    </p>
   </div>
   <div class='ocr_carea' id='block_1_33' title="bbox 2212 1718 3793 1795">
    <p class='ocr_par' dir='ltr' id='par_1_33' title="bbox 2212 1718 3793 1795">
     <span class='ocr_line' id='line_1_33' title="bbox 2212 1718 3793 1795; baseline 0.006 -25"><span class='ocrx_word' id='word_1_235' title='bbox 2212 1718 2307 1773; x_wconf 89' lang='lat' dir='ltr'><strong>sed</strong></span> <span class='ocrx_word' id='word_1_236' title='bbox 2338 1730 2397 1773; x_wconf 88' lang='lat' dir='ltr'><strong>nt</strong></span> <span class='ocrx_word' id='word_1_237' title='bbox 2429 1719 2984 1790; x_wconf 80' lang='lat' dir='ltr'><strong>multitudogentium</strong></span> <span class='ocrx_word' id='word_1_238' title='bbox 3009 1722 3063 1777; x_wconf 92' lang='lat' dir='ltr'><strong>in</strong></span> <span class='ocrx_word' id='word_1_239' title='bbox 3091 1737 3280 1778; x_wconf 89' lang='lat' dir='ltr'><strong>eorum</strong></span> <span class='ocrx_word' id='word_1_240' title='bbox 3309 1724 3494 1779; x_wconf 86' lang='lat' dir='ltr'><strong>locum</strong></span> <span class='ocrx_word' id='word_1_241' title='bbox 3524 1736 3793 1795; x_wconf 72' lang='lat' dir='ltr'><strong>surgeret,</strong></span> 
     </span>
    </p>
   </div>
   <div class='ocr_carea' id='block_1_34' title="bbox 535 1801 3789 1886">
    <p class='ocr_par' dir='ltr' id='par_1_34' title="bbox 535 1801 3789 1886">
     <span class='ocr_line' id='line_1_34' title="bbox 535 1801 3789 1886; baseline 0.005 -30"><span class='ocrx_word' id='word_1_242' title='bbox 535 1803 781 1868; x_wconf 83' lang='lat' dir='ltr'><strong>credant,</strong></span> <span class='ocrx_word' id='word_1_243' title='bbox 829 1803 998 1857; x_wconf 85' lang='lat' dir='ltr'><strong>livore</strong></span> <span class='ocrx_word' id='word_1_244' title='bbox 1045 1802 1256 1856; x_wconf 80' lang='lat' dir='ltr'><strong>invidiae</strong></span> <span class='ocrx_word' id='word_1_245' title='bbox 1296 1801 1564 1868; x_wconf 88' lang='lat' dir='ltr'><strong>succensi,</strong></span> <span class='ocrx_word' id='word_1_246' title='bbox 1612 1817 1825 1873; x_wconf 89' lang='lat' dir='ltr'><strong>semper</strong></span> <span class='ocrx_word' id='word_1_247' title='bbox 1870 1801 2112 1857; x_wconf 89' lang='lat' dir='ltr'><strong>invident</strong></span> <span class='ocrx_word' id='word_1_248' title='bbox 2138 1813 2267 1871; x_wconf 60' lang='grc' dir='ltr'><strong>Βςει</strong></span> <span class='ocrx_word' id='word_1_249' title='bbox 2294 1826 2545 1882; x_wconf 71' lang='lat' dir='ltr'><strong>magnam</strong></span> <span class='ocrx_word' id='word_1_250' title='bbox 2566 1811 2853 1866; x_wconf 84' lang='lat' dir='ltr'><strong>utilitatem</strong></span> <span class='ocrx_word' id='word_1_251' title='bbox 2877 1829 3034 1868; x_wconf 83' lang='lat' dir='ltr'><strong>casus</strong></span> <span class='ocrx_word' id='word_1_252' title='bbox 3056 1813 3267 1869; x_wconf 86' lang='lat' dir='ltr'><strong>illorum</strong></span> <span class='ocrx_word' id='word_1_253' title='bbox 3297 1816 3789 1886; x_wconf 64' lang='lat' dir='ltr'><strong>nobisprastaret;</strong></span> 
     </span>
    </p>
   </div>
   <div class='ocr_carea' id='block_1_35' title="bbox 534 1892 981 1965">
    <p class='ocr_par' dir='ltr' id='par_1_35' title="bbox 534 1892 981 1965">
     <span class='ocr_line' id='line_1_35' title="bbox 534 1892 981 1965; baseline -0.002 -18"><span class='ocrx_word' id='word_1_254' title='bbox 534 1892 692 1947; x_wconf 86' lang='lat' dir='ltr'><strong>saluti</strong></span> <span class='ocrx_word' id='word_1_255' title='bbox 722 1892 981 1965; x_wconf 88' lang='lat' dir='ltr'><strong>gentium.</strong></span> 
     </span>
    </p>
   </div>
   <div class='ocr_carea' id='block_1_36' title="bbox 606 2002 2108 2076">
    <p class='ocr_par' dir='ltr' id='par_1_36' title="bbox 606 2002 2108 2076">
     <span class='ocr_line' id='line_1_36' title="bbox 606 2002 2108 2076; baseline 0.001 -20"><span class='ocrx_word' id='word_1_256' title='bbox 606 2003 734 2058; x_wconf 79' lang='lat' dir='ltr'><strong>Fiat</strong></span> <span class='ocrx_word' id='word_1_257' title='bbox 756 2021 935 2060; x_wconf 81' lang='lat' dir='ltr'><strong>mensa</strong></span> <span class='ocrx_word' id='word_1_258' title='bbox 967 2022 1146 2058; x_wconf 80' lang='lat' dir='ltr'><strong>eorum</strong></span> <span class='ocrx_word' id='word_1_259' title='bbox 1176 2004 1229 2058; x_wconf 90' lang='lat' dir='ltr'><strong>in</strong></span> <span class='ocrx_word' id='word_1_260' title='bbox 1260 2004 1522 2076; x_wconf 80' lang='lat' dir='ltr'><strong>laqueum.</strong></span> <span class='ocrx_word' id='word_1_261' title='bbox 1552 2003 1632 2057; x_wconf 81' lang='lat' dir='ltr'><strong>Ad</strong></span> <span class='ocrx_word' id='word_1_262' title='bbox 1662 2017 1904 2058; x_wconf 82' lang='lat' dir='ltr'><strong>mensam</strong></span> <span class='ocrx_word' id='word_1_263' title='bbox 1932 2002 2108 2058; x_wconf 77' lang='lat' dir='ltr'><strong>solen‘t</strong></span> 
     </span>
    </p>
   </div>
   <div class='ocr_carea' id='block_1_37' title="bbox 535 2094 2108 2167">
    <p class='ocr_par' dir='ltr' id='par_1_37' title="bbox 535 2094 2108 2167">
     <span class='ocr_line' id='line_1_37' title="bbox 535 2094 2108 2167; baseline -0.001 -18"><span class='ocrx_word' id='word_1_264' title='bbox 535 2104 771 2151; x_wconf 86' lang='lat' dir='ltr'><strong>tractare</strong></span> <span class='ocrx_word' id='word_1_265' title='bbox 793 2095 941 2167; x_wconf 90' lang='lat' dir='ltr'><strong>impii</strong></span> <span class='ocrx_word' id='word_1_266' title='bbox 966 2096 1032 2151; x_wconf 78' lang='lat' dir='ltr'><strong>de</strong></span> <span class='ocrx_word' id='word_1_267' title='bbox 1056 2111 1185 2150; x_wconf 87' lang='lat' dir='ltr'><strong>nece</strong></span> <span class='ocrx_word' id='word_1_268' title='bbox 1217 2095 1583 2159; x_wconf 84' lang='lat' dir='ltr'><strong>innocentum,</strong></span> <span class='ocrx_word' id='word_1_269' title='bbox 1612 2095 1752 2149; x_wconf 85' lang='lat' dir='ltr'><strong>sicut</strong></span> <span class='ocrx_word' id='word_1_270' title='bbox 1777 2094 2015 2150; x_wconf 77' lang='lat' dir='ltr'><strong>Herodes</strong></span> <span class='ocrx_word' id='word_1_271' title='bbox 2041 2094 2108 2149; x_wconf 89' lang='lat' dir='ltr'><strong>de</strong></span> 
     </span>
    </p>
   </div>
   <div class='ocr_carea' id='block_1_38' title="bbox 532 2183 2104 2255">
    <p class='ocr_par' dir='ltr' id='par_1_38' title="bbox 532 2183 2104 2255">
     <span class='ocr_line' id='line_1_38' title="bbox 532 2183 2104 2255; baseline 0.001 -17"><span class='ocrx_word' id='word_1_272' title='bbox 532 2184 944 2240; x_wconf 88' lang='lat' dir='ltr'><strong>obtruncatione</strong></span> <span class='ocrx_word' id='word_1_273' title='bbox 970 2185 1113 2240; x_wconf 86' lang='lat' dir='ltr'><strong>beati</strong></span> <span class='ocrx_word' id='word_1_274' title='bbox 1138 2183 1362 2241; x_wconf 80' lang='lat' dir='ltr'><strong>Joannis</strong></span> <span class='ocrx_word' id='word_1_275' title='bbox 1394 2202 1409 2240; x_wconf 88' lang='lat'><strong>:</strong></span> <span class='ocrx_word' id='word_1_276' title='bbox 1441 2192 1497 2240; x_wconf 88' lang='lat' dir='ltr'><strong>et</strong></span> <span class='ocrx_word' id='word_1_277' title='bbox 1518 2183 1837 2240; x_wconf 80' lang='lat' dir='ltr'><strong>Holofernes</strong></span> <span class='ocrx_word' id='word_1_278' title='bbox 1859 2185 2104 2255; x_wconf 82' lang='lat' dir='ltr'><strong>spurcis-</strong></span> 
     </span>
    </p>
   </div>
   <div class='ocr_carea' id='block_1_39' title="bbox 532 2273 2109 2347">
    <p class='ocr_par' dir='ltr' id='par_1_39' title="bbox 532 2273 2109 2347">
     <span class='ocr_line' id='line_1_39' title="bbox 532 2273 2109 2347; baseline -0.001 -17"><span class='ocrx_word' id='word_1_279' title='bbox 532 2275 704 2331; x_wconf 88' lang='lat' dir='ltr'><strong>simus</strong></span> <span class='ocrx_word' id='word_1_280' title='bbox 746 2276 812 2330; x_wconf 88' lang='lat' dir='ltr'><strong>de</strong></span> <span class='ocrx_word' id='word_1_281' title='bbox 874 2274 1161 2330; x_wconf 81' lang='lat' dir='ltr'><strong>violatione</strong></span> <span class='ocrx_word' id='word_1_282' title='bbox 1209 2273 1392 2329; x_wconf 73' lang='lat' dir='ltr'><strong>Iudith</strong></span> <span class='ocrx_word' id='word_1_283' title='bbox 1437 2273 1605 2346; x_wconf 81' lang='lat' dir='ltr'><strong>(Jud.</strong></span> <span class='ocrx_word' id='word_1_284' title='bbox 1634 2290 1734 2340; x_wconf 84' lang='lat' dir='ltr'><strong>xu,</strong></span> <span class='ocrx_word' id='word_1_285' title='bbox 1761 2274 1891 2347; x_wconf 71' lang='lat' dir='ltr'><strong>xv).</strong></span> <span class='ocrx_word' id='word_1_286' title='bbox 1923 2274 2109 2330; x_wconf 80' lang='lat' dir='ltr'><strong>Solent</strong></span> 
     </span>
    </p>
   </div>
   <div class='ocr_carea' id='block_1_40' title="bbox 530 2366 2107 2430">
    <p class='ocr_par' dir='ltr' id='par_1_40' title="bbox 530 2366 2107 2430">
     <span class='ocr_line' id='line_1_40' title="bbox 530 2366 2107 2430; baseline 0.001 -10"><span class='ocrx_word' id='word_1_287' title='bbox 530 2368 695 2422; x_wconf 90' lang='lat' dir='ltr'><strong>etiam</strong></span> <span class='ocrx_word' id='word_1_288' title='bbox 733 2382 828 2422; x_wconf 90' lang='lat' dir='ltr'><strong>eos</strong></span> <span class='ocrx_word' id='word_1_289' title='bbox 867 2382 1059 2421; x_wconf 86' lang='lat' dir='ltr'><strong>vocare</strong></span> <span class='ocrx_word' id='word_1_290' title='bbox 1098 2366 1163 2420; x_wconf 89' lang='lat' dir='ltr'><strong>ad</strong></span> <span class='ocrx_word' id='word_1_291' title='bbox 1202 2381 1461 2430; x_wconf 88' lang='lat' dir='ltr'><strong>mensam,</strong></span> <span class='ocrx_word' id='word_1_292' title='bbox 1514 2375 1573 2421; x_wconf 91' lang='lat' dir='ltr'><strong>ut</strong></span> <span class='ocrx_word' id='word_1_293' title='bbox 1602 2366 1723 2422; x_wconf 90' lang='lat' dir='ltr'><strong>dolo</strong></span> <span class='ocrx_word' id='word_1_294' title='bbox 1750 2367 1871 2422; x_wconf 90' lang='lat' dir='ltr'><strong>illos</strong></span> <span class='ocrx_word' id='word_1_295' title='bbox 1902 2367 2107 2423; x_wconf 76' lang='lat' dir='ltr'><strong>interli~</strong></span> 
     </span>
    </p>
   </div>
   <div class='ocr_carea' id='block_1_41' title="bbox 528 2455 2103 2513">
    <p class='ocr_par' dir='ltr' id='par_1_41' title="bbox 528 2455 2103 2513">
     <span class='ocr_line' id='line_1_41' title="bbox 528 2455 2103 2513; baseline -0.001 -1"><span class='ocrx_word' id='word_1_296' title='bbox 528 2458 673 2513; x_wconf 86' lang='lat' dir='ltr'><strong>ciant</strong></span> <span class='ocrx_word' id='word_1_297' title='bbox 697 2476 713 2512; x_wconf 89' lang='lat'><strong>:</strong></span> <span class='ocrx_word' id='word_1_298' title='bbox 737 2458 878 2512; x_wconf 86' lang='lat' dir='ltr'><strong>sicut</strong></span> <span class='ocrx_word' id='word_1_299' title='bbox 897 2457 1128 2513; x_wconf 86' lang='lat' dir='ltr'><strong>Absalou</strong></span> <span class='ocrx_word' id='word_1_300' title='bbox 1156 2457 1425 2511; x_wconf 81' lang='lat' dir='ltr'><strong>interfecit</strong></span> <span class='ocrx_word' id='word_1_301' title='bbox 1448 2455 1673 2511; x_wconf 77' lang='lat' dir='ltr'><strong>fratrem</strong></span> <span class='ocrx_word' id='word_1_302' title='bbox 1695 2471 1851 2511; x_wconf 88' lang='lat' dir='ltr'><strong>suum</strong></span> <span class='ocrx_word' id='word_1_303' title='bbox 1874 2455 2103 2510; x_wconf 81' lang='lat' dir='ltr'><strong>Ammon</strong></span> 
     </span>
    </p>
   </div>
   <div class='ocr_carea' id='block_1_42' title="bbox 500 2548 2106 2622">
    <p class='ocr_par' dir='ltr' id='par_1_42' title="bbox 500 2548 2106 2622">
     <span class='ocr_line' id='line_1_42' title="bbox 500 2548 2106 2622; baseline -0.001 -18"><span class='ocrx_word' id='word_1_304' title='bbox 500 2548 613 2622; x_wconf 79' lang='lat' dir='ltr'><strong>(ll</strong></span> <span class='ocrx_word' id='word_1_305' title='bbox 646 2550 770 2622; x_wconf 85' lang='lat' dir='ltr'><strong>Reg.</strong></span> <span class='ocrx_word' id='word_1_306' title='bbox 804 2556 948 2621; x_wconf 70' lang='lat' dir='ltr'><strong>sui).</strong></span> <span class='ocrx_word' id='word_1_307' title='bbox 982 2549 1071 2605; x_wconf 88' lang='lat' dir='ltr'><strong>Sic</strong></span> <span class='ocrx_word' id='word_1_308' title='bbox 1106 2548 1274 2604; x_wconf 59' lang='lat' dir='ltr'><strong>Judaei</strong></span> <span class='ocrx_word' id='word_1_309' title='bbox 1312 2548 1682 2619; x_wconf 76' lang='lat' dir='ltr'><strong>intelliguntur</strong></span> <span class='ocrx_word' id='word_1_310' title='bbox 1704 2563 1865 2618; x_wconf 88' lang='lat' dir='ltr'><strong>super</strong></span> <span class='ocrx_word' id='word_1_311' title='bbox 1894 2562 2106 2602; x_wconf 83' lang='lat' dir='ltr'><strong>mensas</strong></span> 
     </span>
    </p>
   </div>
   <div class='ocr_carea' id='block_1_43' title="bbox 527 2635 2104 2706">
    <p class='ocr_par' dir='ltr' id='par_1_43' title="bbox 527 2635 2104 2706">
     <span class='ocr_line' id='line_1_43' title="bbox 527 2635 2104 2706; baseline -0.003 -11"><span class='ocrx_word' id='word_1_312' title='bbox 527 2654 657 2695; x_wconf 89' lang='lat' dir='ltr'><strong>suas</strong></span> <span class='ocrx_word' id='word_1_313' title='bbox 707 2650 969 2695; x_wconf 84' lang='lat' dir='ltr'><strong>tractasse</strong></span> <span class='ocrx_word' id='word_1_314' title='bbox 1009 2640 1073 2693; x_wconf 90' lang='lat' dir='ltr'><strong>de</strong></span> <span class='ocrx_word' id='word_1_315' title='bbox 1119 2653 1248 2693; x_wconf 85' lang='lat' dir='ltr'><strong>nece</strong></span> <span class='ocrx_word' id='word_1_316' title='bbox 1296 2637 1598 2692; x_wconf 87' lang='lat' dir='ltr'><strong>innocentis</strong></span> <span class='ocrx_word' id='word_1_317' title='bbox 1628 2635 1851 2700; x_wconf 84' lang='lat' dir='ltr'><strong>Christi,</strong></span> <span class='ocrx_word' id='word_1_318' title='bbox 1878 2635 2104 2706; x_wconf 80' lang='lat' dir='ltr'><strong>ideoque</strong></span> 
     </span>
    </p>
   </div>
   <div class='ocr_carea' id='block_1_44' title="bbox 525 2728 2101 2805">
    <p class='ocr_par' dir='ltr' id='par_1_44' title="bbox 525 2728 2101 2805">
     <span class='ocr_line' id='line_1_44' title="bbox 525 2728 2101 2805; baseline -0.003 -17"><span class='ocrx_word' id='word_1_319' title='bbox 525 2750 623 2805; x_wconf 80' lang='lat' dir='ltr'><strong>per</strong></span> <span class='ocrx_word' id='word_1_320' title='bbox 636 2747 875 2789; x_wconf 85' lang='lat' dir='ltr'><strong>mensam</strong></span> <span class='ocrx_word' id='word_1_321' title='bbox 895 2733 1152 2787; x_wconf 86' lang='lat' dir='ltr'><strong>debemus</strong></span> <span class='ocrx_word' id='word_1_322' title='bbox 1170 2729 1466 2801; x_wconf 79' lang='lat' dir='ltr'><strong>intelligere</strong></span> <span class='ocrx_word' id='word_1_323' title='bbox 1481 2728 1797 2784; x_wconf 85' lang='lat' dir='ltr'><strong>collationes</strong></span> <span class='ocrx_word' id='word_1_324' title='bbox 1813 2729 2101 2783; x_wconf 89' lang='lat' dir='ltr'><strong>verborum</strong></span> 
     </span>
    </p>
   </div>
   <div class='ocr_carea' id='block_1_45' title="bbox 525 2820 2103 2894">
    <p class='ocr_par' dir='ltr' id='par_1_45' title="bbox 525 2820 2103 2894">
     <span class='ocr_line' id='line_1_45' title="bbox 525 2820 2103 2894; baseline -0.003 -17"><span class='ocrx_word' id='word_1_325' title='bbox 525 2823 759 2887; x_wconf 87' lang='lat' dir='ltr'><strong>illorum,</strong></span> <span class='ocrx_word' id='word_1_326' title='bbox 781 2838 919 2894; x_wconf 86' lang='lat' dir='ltr'><strong>quas</strong></span> <span class='ocrx_word' id='word_1_327' title='bbox 932 2823 1161 2894; x_wconf 81' lang='lat' dir='ltr'><strong>agebant</strong></span> <span class='ocrx_word' id='word_1_328' title='bbox 1179 2837 1341 2892; x_wconf 84' lang='lat' dir='ltr'><strong>super</strong></span> <span class='ocrx_word' id='word_1_329' title='bbox 1358 2834 1599 2875; x_wconf 86' lang='lat' dir='ltr'><strong>mensam</strong></span> <span class='ocrx_word' id='word_1_330' title='bbox 1615 2821 1684 2875; x_wconf 91' lang='lat' dir='ltr'><strong>de</strong></span> <span class='ocrx_word' id='word_1_331' title='bbox 1697 2820 1911 2875; x_wconf 63' lang='lat' dir='ltr'><strong>Christo</strong></span> <span class='ocrx_word' id='word_1_332' title='bbox 1928 2836 1942 2885; x_wconf 93' lang='lat'><strong>;</strong></span> <span class='ocrx_word' id='word_1_333' title='bbox 1962 2820 2103 2875; x_wconf 91' lang='lat' dir='ltr'><strong>unde</strong></span> 
     </span>
    </p>
   </div>
   <div class='ocr_carea' id='block_1_46' title="bbox 528 2896 2103 2985">
    <p class='ocr_par' dir='ltr' id='par_1_46' title="bbox 528 2896 2103 2985">
     <span class='ocr_line' id='line_1_46' title="bbox 528 2896 2103 2985; baseline -0.003 -14"><span class='ocrx_word' id='word_1_334' title='bbox 528 2896 660 2971; x_wconf 81' lang='lat' dir='ltr'><strong>dicit</strong></span> <span class='ocrx_word' id='word_1_335' title='bbox 691 2914 960 2985; x_wconf 89' lang='lat' dir='ltr'><strong>Propheta</strong></span> <span class='ocrx_word' id='word_1_336' title='bbox 991 2932 1005 2968; x_wconf 89' lang='lat'><strong>:</strong></span> <span class='ocrx_word' id='word_1_337' title='bbox 1036 2905 1155 2969; x_wconf 80' lang='lat' dir='ltr'><strong>Fiat</strong></span> <span class='ocrx_word' id='word_1_338' title='bbox 1196 2925 1380 2967; x_wconf 89' lang='lat' dir='ltr'><strong>mensa</strong></span> <span class='ocrx_word' id='word_1_339' title='bbox 1415 2926 1637 2976; x_wconf 91' lang='lat' dir='ltr'><strong>eorum,</strong></span> <span class='ocrx_word' id='word_1_340' title='bbox 1680 2912 1732 2967; x_wconf 91' lang='lat' dir='ltr'><strong>id</strong></span> <span class='ocrx_word' id='word_1_341' title='bbox 1766 2920 1849 2967; x_wconf 88' lang='lat' dir='ltr'><strong>est</strong></span> <span class='ocrx_word' id='word_1_342' title='bbox 1888 2911 2103 2967; x_wconf 84' lang='lat' dir='ltr'><strong>collatio</strong></span> 
     </span>
    </p>
   </div>
   <div class='ocr_carea' id='block_1_47' title="bbox 523 3004 2103 3076">
    <p class='ocr_par' dir='ltr' id='par_1_47' title="bbox 523 3004 2103 3076">
     <span class='ocr_line' id='line_1_47' title="bbox 523 3004 2103 3076; baseline -0.003 -14"><span class='ocrx_word' id='word_1_343' title='bbox 523 3007 1146 3063; x_wconf 75' lang='lat' dir='ltr'><strong>verborum-Judzeorutn</strong></span> <span class='ocrx_word' id='word_1_344' title='bbox 1190 3006 1244 3060; x_wconf 90' lang='lat' dir='ltr'><strong>in</strong></span> <span class='ocrx_word' id='word_1_345' title='bbox 1272 3005 1544 3076; x_wconf 88' lang='lat' dir='ltr'><strong>laqueum,</strong></span> <span class='ocrx_word' id='word_1_346' title='bbox 1578 3013 1639 3059; x_wconf 92' lang='lat' dir='ltr'><strong>ut</strong></span> <span class='ocrx_word' id='word_1_347' title='bbox 1665 3004 2022 3074; x_wconf 85' lang='lat' dir='ltr'><strong>illaqueentur</strong></span> <span class='ocrx_word' id='word_1_348' title='bbox 2049 3011 2103 3058; x_wconf 90' lang='lat' dir='ltr'><strong>et</strong></span> 
     </span>
    </p>
   </div>
   <div class='ocr_carea' id='block_1_48' title="bbox 524 3096 2101 3167">
    <p class='ocr_par' dir='ltr' id='par_1_48' title="bbox 524 3096 2101 3167">
     <span class='ocr_line' id='line_1_48' title="bbox 524 3096 2101 3167; baseline -0.001 -16"><span class='ocrx_word' id='word_1_349' title='bbox 524 3097 905 3164; x_wconf 87' lang='lat' dir='ltr'><strong>involvantur;</strong></span> <span class='ocrx_word' id='word_1_350' title='bbox 972 3098 1088 3153; x_wconf 87' lang='lat' dir='ltr'><strong>sive</strong></span> <span class='ocrx_word' id='word_1_351' title='bbox 1142 3096 1486 3167; x_wconf 88' lang='lat' dir='ltr'><strong>decipiantur</strong></span> <span class='ocrx_word' id='word_1_352' title='bbox 1539 3096 1742 3152; x_wconf 89' lang='lat' dir='ltr'><strong>ultione</strong></span> <span class='ocrx_word' id='word_1_353' title='bbox 1798 3096 2101 3167; x_wconf 84' lang='lat' dir='ltr'><strong>iniquitatis</strong></span> 
     </span>
    </p>
   </div>
   <div class='ocr_carea' id='block_1_49' title="bbox 2209 1903 3787 1979">
    <p class='ocr_par' dir='ltr' id='par_1_49' title="bbox 2209 1903 3787 1979">
     <span class='ocr_line' id='line_1_49' title="bbox 2209 1903 3787 1979; baseline 0.006 -24"><span class='ocrx_word' id='word_1_354' title='bbox 2209 1904 2348 1957; x_wconf 78' lang='lat' dir='ltr'><strong>unde</strong></span> <span class='ocrx_word' id='word_1_355' title='bbox 2375 1904 2619 1974; x_wconf 84' lang='lat' dir='ltr'><strong>sequitur</strong></span> <span class='ocrx_word' id='word_1_356' title='bbox 2643 1922 2654 1957; x_wconf 92' lang='lat'>:</span> <span class='ocrx_word' id='word_1_357' title='bbox 2682 1903 2786 1958; x_wconf 86' lang='lat' dir='ltr'><strong>Sed</strong></span> <span class='ocrx_word' id='word_1_358' title='bbox 2811 1903 3019 1959; x_wconf 84' lang='lat' dir='ltr'><strong>illorum</strong></span> <span class='ocrx_word' id='word_1_359' title='bbox 3042 1906 3231 1961; x_wconf 85' lang='lat' dir='ltr'><strong>delicto</strong></span> <span class='ocrx_word' id='word_1_360' title='bbox 3252 1907 3505 1962; x_wconf 59' lang='lat' dir='ltr'><strong>salutat</strong></span> <span class='ocrx_word' id='word_1_361' title='bbox 3524 1911 3787 1979; x_wconf 66' lang='lat' dir='ltr'><strong>gentibus.</strong></span> 
     </span>
    </p>
   </div>
   <div class='ocr_carea' id='block_1_50' title="bbox 2204 1995 3794 2057">
    <p class='ocr_par' dir='ltr' id='par_1_50' title="bbox 2204 1995 3794 2057">
     <span class='ocr_line' id='line_1_50' title="bbox 2204 1995 3794 2057; baseline 0.004 -7"><span class='ocrx_word' id='word_1_362' title='bbox 2204 2003 2261 2050; x_wconf 88' lang='lat' dir='ltr'><strong>ut</strong></span> <span class='ocrx_word' id='word_1_363' title='bbox 2290 1995 2409 2050; x_wconf 87' lang='lat' dir='ltr'><strong>illos</strong></span> <span class='ocrx_word' id='word_1_364' title='bbox 2433 1995 2763 2050; x_wconf 69' lang='lat' dir='ltr'><strong>temulenter.</strong></span> <span class='ocrx_word' id='word_1_365' title='bbox 2781 1997 2859 2052; x_wconf 84' lang='lat' dir='ltr'><strong>Ac</strong></span> <span class='ocrx_word' id='word_1_366' title='bbox 2880 1997 2926 2052; x_wconf 92' lang='lat' dir='ltr'><strong>si</strong></span> <span class='ocrx_word' id='word_1_367' title='bbox 2953 1999 3158 2054; x_wconf 84' lang='lat' dir='ltr'><strong>diceret</strong></span> <span class='ocrx_word' id='word_1_368' title='bbox 3183 1999 3303 2055; x_wconf 86' lang='lat' dir='ltr'><strong>aliis</strong></span> <span class='ocrx_word' id='word_1_369' title='bbox 3330 2000 3518 2056; x_wconf 68' lang='lat' dir='ltr'><strong>verbis</strong></span> <span class='ocrx_word' id='word_1_370' title='bbox 3543 2020 3561 2055; x_wconf 87' lang='lat'>:</span> <span class='ocrx_word' id='word_1_371' title='bbox 3582 2001 3663 2056; x_wconf 65' lang='lat' dir='ltr'><strong>in</strong></span> <span class='ocrx_word' id='word_1_372' title='bbox 3689 2003 3794 2057; x_wconf 83' lang='lat' dir='ltr'><strong>illo-</strong></span> 
     </span>
    </p>
   </div>
   <div class='ocr_carea' id='block_1_51' title="bbox 2206 2088 3790 2163">
    <p class='ocr_par' dir='ltr' id='par_1_51' title="bbox 2206 2088 3790 2163">
     <span class='ocr_line' id='line_1_51' title="bbox 2206 2088 3790 2163; baseline 0.004 -21"><span class='ocrx_word' id='word_1_373' title='bbox 2206 2105 2323 2143; x_wconf 88' lang='lat' dir='ltr'><strong>rum</strong></span> <span class='ocrx_word' id='word_1_374' title='bbox 2352 2088 2547 2144; x_wconf 87' lang='lat' dir='ltr'><strong>delicto</strong></span> <span class='ocrx_word' id='word_1_375' title='bbox 2575 2088 2721 2143; x_wconf 90' lang='lat' dir='ltr'><strong>salus</strong></span> <span class='ocrx_word' id='word_1_376' title='bbox 2754 2090 3003 2159; x_wconf 82' lang='lat' dir='ltr'><strong>gentibus</strong></span> <span class='ocrx_word' id='word_1_377' title='bbox 3040 2100 3125 2147; x_wconf 87' lang='lat' dir='ltr'><strong>est</strong></span> <span class='ocrx_word' id='word_1_378' title='bbox 3167 2101 3487 2161; x_wconf 78' lang='lat' dir='ltr'><strong>procurata,</strong></span> <span class='ocrx_word' id='word_1_379' title='bbox 3516 2095 3659 2163; x_wconf 77' lang='lat' dir='ltr'><strong>quia</strong></span> <span class='ocrx_word' id='word_1_380' title='bbox 3700 2096 3790 2149; x_wconf 80' lang='lat' dir='ltr'><strong>nisi</strong></span> 
     </span>
    </p>
   </div>
   <div class='ocr_carea' id='block_1_52' title="bbox 2203 2178 3792 2252">
    <p class='ocr_par' dir='ltr' id='par_1_52' title="bbox 2203 2178 3792 2252">
     <span class='ocr_line' id='line_1_52' title="bbox 2203 2178 3792 2252; baseline 0.003 -18"><span class='ocrx_word' id='word_1_381' title='bbox 2203 2178 2373 2234; x_wconf 71' lang='lat' dir='ltr'><strong>Judaei</strong></span> <span class='ocrx_word' id='word_1_382' title='bbox 2396 2181 2684 2250; x_wconf 81' lang='lat' dir='ltr'><strong>perissent,</strong></span> <span class='ocrx_word' id='word_1_383' title='bbox 2707 2196 3048 2252; x_wconf 85' lang='lat' dir='ltr'><strong>nequaquam</strong></span> <span class='ocrx_word' id='word_1_384' title='bbox 3080 2192 3268 2250; x_wconf 88' lang='lat' dir='ltr'><strong>gentes</strong></span> <span class='ocrx_word' id='word_1_385' title='bbox 3294 2184 3675 2239; x_wconf 77' lang='lat' dir='ltr'><strong>salvarentur.</strong></span> <span class='ocrx_word' id='word_1_386' title='bbox 3700 2186 3792 2239; x_wconf 83' lang='lat' dir='ltr'><strong>De-</strong></span> 
     </span>
    </p>
   </div>
   <div class='ocr_carea' id='block_1_53' title="bbox 2196 2271 3788 2341">
    <p class='ocr_par' dir='ltr' id='par_1_53' title="bbox 2196 2271 3788 2341">
     <span class='ocr_line' id='line_1_53' title="bbox 2196 2271 3788 2341; baseline 0.004 -17"><span class='ocrx_word' id='word_1_387' title='bbox 2196 2271 2389 2326; x_wconf 81' lang='lat' dir='ltr'><strong>lictum</strong></span> <span class='ocrx_word' id='word_1_388' title='bbox 2439 2271 2636 2326; x_wconf 89' lang='lat' dir='ltr'><strong>dicitur</strong></span> <span class='ocrx_word' id='word_1_389' title='bbox 2682 2271 2835 2341; x_wconf 88' lang='lat' dir='ltr'><strong>quasi</strong></span> <span class='ocrx_word' id='word_1_390' title='bbox 2875 2272 3216 2337; x_wconf 84' lang='lat' dir='ltr'><strong>derelictum,</strong></span> <span class='ocrx_word' id='word_1_391' title='bbox 3244 2283 3301 2329; x_wconf 91' lang='lat' dir='ltr'><strong>et</strong></span> <span class='ocrx_word' id='word_1_392' title='bbox 3341 2273 3612 2330; x_wconf 84' lang='lat' dir='ltr'><strong>delictum</strong></span> <span class='ocrx_word' id='word_1_393' title='bbox 3652 2274 3717 2329; x_wconf 80' lang='lat' dir='ltr'><strong>lit</strong></span> <span class='ocrx_word' id='word_1_394' title='bbox 3744 2278 3788 2330; x_wconf 83' lang='lat' dir='ltr'><strong>in</strong></span> 
     </span>
    </p>
   </div>
   <div class='ocr_carea' id='block_1_54' title="bbox 2205 2363 3789 2437">
    <p class='ocr_par' dir='ltr' id='par_1_54' title="bbox 2205 2363 3789 2437">
     <span class='ocr_line' id='line_1_54' title="bbox 2205 2363 3789 2437; baseline 0.005 -19"><span class='ocrx_word' id='word_1_395' title='bbox 2205 2363 2551 2434; x_wconf 79' lang='lat' dir='ltr'><strong>cogitatione,</strong></span> <span class='ocrx_word' id='word_1_396' title='bbox 2581 2373 2860 2434; x_wconf 87' lang='lat' dir='ltr'><strong>peccatum</strong></span> <span class='ocrx_word' id='word_1_397' title='bbox 2887 2380 3016 2420; x_wconf 87' lang='lat' dir='ltr'><strong>vero</strong></span> <span class='ocrx_word' id='word_1_398' title='bbox 3043 2366 3096 2420; x_wconf 89' lang='lat' dir='ltr'><strong>in</strong></span> <span class='ocrx_word' id='word_1_399' title='bbox 3132 2369 3471 2437; x_wconf 85' lang='lat' dir='ltr'><strong>operatione.</strong></span> <span class='ocrx_word' id='word_1_400' title='bbox 3498 2368 3721 2424; x_wconf 63' lang='lat' dir='ltr'><strong>Dicitur</strong></span> <span class='ocrx_word' id='word_1_401' title='bbox 3740 2380 3789 2426; x_wconf 76' lang='lat' dir='ltr'><strong>et</strong></span> 
     </span>
    </p>
   </div>
   <div class='ocr_carea' id='block_1_55' title="bbox 2204 2456 3783 2526">
    <p class='ocr_par' dir='ltr' id='par_1_55' title="bbox 2204 2456 3783 2526">
     <span class='ocr_line' id='line_1_55' title="bbox 2204 2456 3783 2526; baseline 0.003 -14"><span class='ocrx_word' id='word_1_402' title='bbox 2204 2456 2458 2512; x_wconf 85' lang='lat' dir='ltr'><strong>delictum</strong></span> <span class='ocrx_word' id='word_1_403' title='bbox 2497 2457 2712 2526; x_wconf 88' lang='lat' dir='ltr'><strong>quando</strong></span> <span class='ocrx_word' id='word_1_404' title='bbox 2753 2472 2858 2511; x_wconf 91' lang='lat' dir='ltr'><strong>non</strong></span> <span class='ocrx_word' id='word_1_405' title='bbox 2909 2457 3233 2526; x_wconf 86' lang='lat' dir='ltr'><strong>adimpletnr</strong></span> <span class='ocrx_word' id='word_1_406' title='bbox 3280 2459 3373 2514; x_wconf 87' lang='lat' dir='ltr'><strong>Dei</strong></span> <span class='ocrx_word' id='word_1_407' title='bbox 3413 2461 3743 2516; x_wconf 69' lang='lat' dir='ltr'><strong>mandatum</strong></span> <span class='ocrx_word' id='word_1_408' title='bbox 3769 2503 3783 2524; x_wconf 90' lang='lat'><strong>,</strong></span> 
     </span>
    </p>
   </div>
   <div class='ocr_carea' id='block_1_56' title="bbox 2205 2545 3784 2619">
    <p class='ocr_par' dir='ltr' id='par_1_56' title="bbox 2205 2545 3784 2619">
     <span class='ocr_line' id='line_1_56' title="bbox 2205 2545 3784 2619; baseline 0.004 -19"><span class='ocrx_word' id='word_1_409' title='bbox 2205 2552 2483 2617; x_wconf 81' lang='lat' dir='ltr'><strong>peccatum</strong></span> <span class='ocrx_word' id='word_1_410' title='bbox 2511 2562 2637 2602; x_wconf 74' lang='lat' dir='ltr'><strong>vero</strong></span> <span class='ocrx_word' id='word_1_411' title='bbox 2663 2547 2878 2615; x_wconf 87' lang='lat' dir='ltr'><strong>quando</strong></span> <span class='ocrx_word' id='word_1_412' title='bbox 2910 2545 2972 2600; x_wconf 86' lang='lat' dir='ltr'><strong>lit</strong></span> <span class='ocrx_word' id='word_1_413' title='bbox 2999 2549 3140 2616; x_wconf 74' lang='lat' dir='ltr'><strong>quod</strong></span> <span class='ocrx_word' id='word_1_414' title='bbox 3164 2549 3503 2619; x_wconf 84' lang='lat' dir='ltr'><strong>prohibitum</strong></span> <span class='ocrx_word' id='word_1_415' title='bbox 3530 2559 3647 2607; x_wconf 78' lang='lat' dir='ltr'><strong>est.</strong></span> <span class='ocrx_word' id='word_1_416' title='bbox 3690 2551 3784 2606; x_wconf 75' lang='lat' dir='ltr'><strong>Sed</strong></span> 
     </span>
    </p>
   </div>
   <div class='ocr_carea' id='block_1_57' title="bbox 2200 2636 3782 2712">
    <p class='ocr_par' dir='ltr' id='par_1_57' title="bbox 2200 2636 3782 2712">
     <span class='ocr_line' id='line_1_57' title="bbox 2200 2636 3782 2712; baseline 0.001 -16"><span class='ocrx_word' id='word_1_417' title='bbox 2200 2640 2499 2711; x_wconf 74' lang='lat' dir='ltr'><strong>Apostolus.</strong></span> <span class='ocrx_word' id='word_1_418' title='bbox 2536 2636 2905 2695; x_wconf 68' lang='lat' dir='ltr'><strong>indifferenter</strong></span> <span class='ocrx_word' id='word_1_419' title='bbox 2937 2641 3091 2708; x_wconf 81' lang='lat' dir='ltr'><strong>ponit</strong></span> <span class='ocrx_word' id='word_1_420' title='bbox 3126 2639 3381 2696; x_wconf 87' lang='lat' dir='ltr'><strong>delictum</strong></span> <span class='ocrx_word' id='word_1_421' title='bbox 3408 2657 3515 2711; x_wconf 86' lang='lat' dir='ltr'><strong>pro</strong></span> <span class='ocrx_word' id='word_1_422' title='bbox 3543 2655 3782 2712; x_wconf 76' lang='lat' dir='ltr'><strong>peccato.</strong></span> 
     </span>
    </p>
   </div>
   <div class='ocr_carea' id='block_1_58' title="bbox 2202 2729 3785 2801">
    <p class='ocr_par' dir='ltr' id='par_1_58' title="bbox 2202 2729 3785 2801">
     <span class='ocr_line' id='line_1_58' title="bbox 2202 2729 3785 2801; baseline 0.004 -17"><span class='ocrx_word' id='word_1_423' title='bbox 2202 2729 2467 2785; x_wconf 90' lang='lat' dir='ltr'><strong>Delictum</strong></span> <span class='ocrx_word' id='word_1_424' title='bbox 2512 2743 2644 2801; x_wconf 87' lang='lat' dir='ltr'><strong>ergo</strong></span> <span class='ocrx_word' id='word_1_425' title='bbox 2687 2729 2995 2785; x_wconf 58' lang='lat' dir='ltr'><strong>Iudaeorum</strong></span> <span class='ocrx_word' id='word_1_426' title='bbox 3022 2744 3169 2787; x_wconf 84' lang='lat' dir='ltr'><strong>mors</strong></span> <span class='ocrx_word' id='word_1_427' title='bbox 3201 2730 3403 2787; x_wconf 84' lang='lat' dir='ltr'><strong>Christi</strong></span> <span class='ocrx_word' id='word_1_428' title='bbox 3443 2731 3577 2799; x_wconf 74' lang='lat' dir='ltr'><strong>fuit,</strong></span> <span class='ocrx_word' id='word_1_429' title='bbox 3606 2744 3669 2790; x_wconf 82' lang='lat' dir='ltr'><strong>et</strong></span> <span class='ocrx_word' id='word_1_430' title='bbox 3703 2749 3785 2790; x_wconf 78' lang='lat' dir='ltr'><strong>eor</strong></span> 
     </span>
    </p>
   </div>
   <div class='ocr_carea' id='block_1_59' title="bbox 2196 2820 3785 2897">
    <p class='ocr_par' dir='ltr' id='par_1_59' title="bbox 2196 2820 3785 2897">
     <span class='ocr_line' id='line_1_59' title="bbox 2196 2820 3785 2897; baseline 0.003 -22"><span class='ocrx_word' id='word_1_431' title='bbox 2196 2820 2549 2890; x_wconf 79' lang='lat' dir='ltr'><strong>impteuitens</strong></span> <span class='ocrx_word' id='word_1_432' title='bbox 2599 2835 2720 2875; x_wconf 92' lang='lat' dir='ltr'><strong>cum</strong></span> <span class='ocrx_word' id='word_1_433' title='bbox 2765 2820 3101 2888; x_wconf 81' lang='lat' dir='ltr'><strong>inﬁdelitate,</strong></span> <span class='ocrx_word' id='word_1_434' title='bbox 3137 2821 3291 2891; x_wconf 83' lang='lat' dir='ltr'><strong>cujus</strong></span> <span class='ocrx_word' id='word_1_435' title='bbox 3333 2833 3517 2880; x_wconf 88' lang='lat' dir='ltr'><strong>morte</strong></span> <span class='ocrx_word' id='word_1_436' title='bbox 3561 2826 3785 2897; x_wconf 75' lang='lat' dir='ltr'><strong>gentiles</strong></span> 
     </span>
    </p>
   </div>
   <div class='ocr_carea' id='block_1_60' title="bbox 2202 2911 3783 2986">
    <p class='ocr_par' dir='ltr' id='par_1_60' title="bbox 2202 2911 3783 2986">
     <span class='ocr_line' id='line_1_60' title="bbox 2202 2911 3783 2986; baseline 0.004 -20"><span class='ocrx_word' id='word_1_437' title='bbox 2202 2921 2328 2966; x_wconf 91' lang='lat' dir='ltr'><strong>sunt</strong></span> <span class='ocrx_word' id='word_1_438' title='bbox 2365 2911 2627 2982; x_wconf 90' lang='lat' dir='ltr'><strong>redempti</strong></span> <span class='ocrx_word' id='word_1_439' title='bbox 2662 2920 2719 2966; x_wconf 90' lang='lat' dir='ltr'><strong>et</strong></span> <span class='ocrx_word' id='word_1_440' title='bbox 2760 2924 2916 2967; x_wconf 86' lang='lat' dir='ltr'><strong>sacro</strong></span> <span class='ocrx_word' id='word_1_441' title='bbox 2943 2912 3264 2983; x_wconf 82' lang='lat' dir='ltr'><strong>baptismate</strong></span> <span class='ocrx_word' id='word_1_442' title='bbox 3296 2914 3494 2981; x_wconf 75' lang='lat' dir='ltr'><strong>abluti,</strong></span> <span class='ocrx_word' id='word_1_443' title='bbox 3532 2932 3680 2986; x_wconf 80' lang='lat' dir='ltr'><strong>quos</strong></span> <span class='ocrx_word' id='word_1_444' title='bbox 3703 2920 3783 2972; x_wconf 81' lang='lat' dir='ltr'><strong>dc-</strong></span> 
     </span>
    </p>
   </div>
   <div class='ocr_carea' id='block_1_61' title="bbox 2202 2997 3785 3071">
    <p class='ocr_par' dir='ltr' id='par_1_61' title="bbox 2202 2997 3785 3071">
     <span class='ocr_line' id='line_1_61' title="bbox 2202 2997 3785 3071; baseline 0.006 -17"><span class='ocrx_word' id='word_1_445' title='bbox 2202 2997 2518 3055; x_wconf 67' lang='lat' dir='ltr'><strong>bent&#39;Judaii</strong></span> <span class='ocrx_word' id='word_1_446' title='bbox 2547 3000 2810 3065; x_wconf 76' lang='lat' dir='ltr'><strong>:emnlari,</strong></span> <span class='ocrx_word' id='word_1_447' title='bbox 2842 3002 2893 3056; x_wconf 93' lang='lat' dir='ltr'><strong>id</strong></span> <span class='ocrx_word' id='word_1_448' title='bbox 2921 3011 3005 3056; x_wconf 87' lang='lat' dir='ltr'><strong>est</strong></span> <span class='ocrx_word' id='word_1_449' title='bbox 3028 3003 3230 3057; x_wconf 87' lang='lat' dir='ltr'><strong>imitari</strong></span> <span class='ocrx_word' id='word_1_450' title='bbox 3255 3004 3308 3058; x_wconf 87' lang='lat' dir='ltr'><strong>in</strong></span> <span class='ocrx_word' id='word_1_451' title='bbox 3334 3003 3460 3071; x_wconf 87' lang='lat' dir='ltr'><strong>lide,</strong></span> <span class='ocrx_word' id='word_1_452' title='bbox 3488 3016 3549 3060; x_wconf 84' lang='lat' dir='ltr'><strong>ut</strong></span> <span class='ocrx_word' id='word_1_453' title='bbox 3567 3007 3785 3062; x_wconf 63' lang='lat' dir='ltr'><strong>eaeden-</strong></span> 
     </span>
    </p>
   </div>
   <div class='ocr_carea' id='block_1_62' title="bbox 2206 3090 3195 3157">
    <p class='ocr_par' dir='ltr' id='par_1_62' title="bbox 2206 3090 3195 3157">
     <span class='ocr_line' id='line_1_62' title="bbox 2206 3090 3195 3157; baseline 0.002 -12"><span class='ocrx_word' id='word_1_454' title='bbox 2206 3100 2288 3145; x_wconf 90' lang='lat' dir='ltr'><strong>tes</strong></span> <span class='ocrx_word' id='word_1_455' title='bbox 2314 3091 2455 3145; x_wconf 90' lang='lat' dir='ltr'><strong>sicut</strong></span> <span class='ocrx_word' id='word_1_456' title='bbox 2486 3090 2559 3145; x_wconf 79' lang='lat' dir='ltr'><strong>ilii</strong></span> <span class='ocrx_word' id='word_1_457' title='bbox 2595 3091 2844 3157; x_wconf 85' lang='lat' dir='ltr'><strong>credunt,</strong></span> <span class='ocrx_word' id='word_1_458' title='bbox 2879 3091 3013 3147; x_wconf 79' lang='lat' dir='ltr'><strong>salvi</strong></span> <span class='ocrx_word' id='word_1_459' title='bbox 3044 3092 3195 3147; x_wconf 74' lang='lat' dir='ltr'><strong>(iant.</strong></span> 
     </span>
    </p>
   </div>
   <div class='ocr_carea' id='block_1_63' title="bbox 522 3174 3784 3259">
    <p class='ocr_par' dir='ltr' id='par_1_63' title="bbox 522 3174 3784 3259">
     <span class='ocr_line' id='line_1_63' title="bbox 522 3174 3784 3259; baseline -0.001 -15"><span class='ocrx_word' id='word_1_460' title='bbox 522 3203 726 3245; x_wconf 75' lang='lat' dir='ltr'><strong>mensae</strong></span> <span class='ocrx_word' id='word_1_461' title='bbox 752 3205 862 3246; x_wconf 64' lang='lat' dir='ltr'><strong>sua:</strong></span> <span class='ocrx_word' id='word_1_462' title='bbox 888 3190 941 3244; x_wconf 89' lang='lat' dir='ltr'><strong>in</strong></span> <span class='ocrx_word' id='word_1_463' title='bbox 970 3190 1259 3257; x_wconf 83' lang='lat' dir='ltr'><strong>captionem</strong></span> <span class='ocrx_word' id='word_1_464' title='bbox 1288 3201 1523 3259; x_wconf 88' lang='lat' dir='ltr'><strong>quoque,</strong></span> <span class='ocrx_word' id='word_1_465' title='bbox 1548 3196 1606 3241; x_wconf 91' lang='lat' dir='ltr'><strong>ut</strong></span> <span class='ocrx_word' id='word_1_466' title='bbox 1636 3187 1736 3257; x_wconf 86' lang='lat' dir='ltr'><strong>ipsi</strong></span> <span class='ocrx_word' id='word_1_467' title='bbox 1766 3188 2049 3255; x_wconf 84' lang='lat' dir='ltr'><strong>capiantur</strong></span> <span class='ocrx_word' id='word_1_468' title='bbox 2080 3204 2093 3240; x_wconf 90' lang='lat'><strong>:</strong></span> <span class='ocrx_word' id='word_1_469' title='bbox 2124 3174 2170 3236; x_wconf 89' lang='lat' dir='ltr'><strong>C</strong></span> <span class='ocrx_word' id='word_1_470' title='bbox 2272 3180 2424 3246; x_wconf 82' lang='lat' dir='ltr'><strong>Quod</strong></span> <span class='ocrx_word' id='word_1_471' title='bbox 2444 3182 2488 3236; x_wconf 81' lang='lat' dir='ltr'><strong>si</strong></span> <span class='ocrx_word' id='word_1_472' title='bbox 2509 3181 2755 3237; x_wconf 84' lang='lat' dir='ltr'><strong>delictum</strong></span> <span class='ocrx_word' id='word_1_473' title='bbox 2774 3199 2955 3237; x_wconf 83' lang='lat' dir='ltr'><strong>eorum</strong></span> <span class='ocrx_word' id='word_1_474' title='bbox 2976 3184 3171 3241; x_wconf 68' lang='lat' dir='ltr'><strong>divitiis</strong></span> <span class='ocrx_word' id='word_1_475' title='bbox 3190 3194 3311 3239; x_wconf 81' lang='lat' dir='ltr'><strong>sunt</strong></span> <span class='ocrx_word' id='word_1_476' title='bbox 3331 3186 3784 3259; x_wconf 58' lang='lat' dir='ltr'><strong>mundi-Propter</strong></span> 
     </span>
    </p>
   </div>
   <div class='ocr_carea' id='block_1_64' title="bbox 521 3274 2096 3344">
    <p class='ocr_par' dir='ltr' id='par_1_64' title="bbox 521 3274 2096 3344">
     <span class='ocr_line' id='line_1_64' title="bbox 521 3274 2096 3344; baseline -0.004 -9"><span class='ocrx_word' id='word_1_477' title='bbox 521 3279 620 3335; x_wconf 77' lang='lat' dir='ltr'><strong>ﬂat</strong></span> <span class='ocrx_word' id='word_1_478' title='bbox 645 3280 749 3336; x_wconf 89' lang='lat' dir='ltr'><strong>illis</strong></span> <span class='ocrx_word' id='word_1_479' title='bbox 771 3281 935 3335; x_wconf 86' lang='lat' dir='ltr'><strong>etiam</strong></span> <span class='ocrx_word' id='word_1_480' title='bbox 963 3283 1017 3334; x_wconf 89' lang='lat' dir='ltr'><strong>in</strong></span> <span class='ocrx_word' id='word_1_481' title='bbox 1040 3276 1374 3344; x_wconf 79' lang='lat' dir='ltr'><strong>scandalum,</strong></span> <span class='ocrx_word' id='word_1_482' title='bbox 1413 3279 1515 3333; x_wconf 91' lang='lat' dir='ltr'><strong>hoc</strong></span> <span class='ocrx_word' id='word_1_483' title='bbox 1556 3285 1643 3332; x_wconf 88' lang='lat' dir='ltr'><strong>cst</strong></span> <span class='ocrx_word' id='word_1_484' title='bbox 1672 3276 1723 3330; x_wconf 91' lang='lat' dir='ltr'><strong>in</strong></span> <span class='ocrx_word' id='word_1_485' title='bbox 1754 3277 1987 3338; x_wconf 85' lang='lat' dir='ltr'><strong>ruinam,</strong></span> <span class='ocrx_word' id='word_1_486' title='bbox 2015 3274 2096 3335; x_wconf 81' lang='lat' dir='ltr'><strong>vel</strong></span> 
     </span>
    </p>
   </div>
   <div class='ocr_carea' id='block_1_65' title="bbox 520 3366 2099 3438">
    <p class='ocr_par' dir='ltr' id='par_1_65' title="bbox 520 3366 2099 3438">
     <span class='ocr_line' id='line_1_65' title="bbox 520 3366 2099 3438; baseline -0.005 -8"><span class='ocrx_word' id='word_1_487' title='bbox 520 3370 905 3437; x_wconf 81' lang='lat' dir='ltr'><strong>oll&#39;ensionem;</strong></span> <span class='ocrx_word' id='word_1_488' title='bbox 939 3372 1051 3425; x_wconf 86' lang='lat' dir='ltr'><strong>sive</strong></span> <span class='ocrx_word' id='word_1_489' title='bbox 1093 3370 1147 3424; x_wconf 91' lang='lat' dir='ltr'><strong>in</strong></span> <span class='ocrx_word' id='word_1_490' title='bbox 1178 3369 1374 3433; x_wconf 81' lang='lat' dir='ltr'><strong>rixam,</strong></span> <span class='ocrx_word' id='word_1_491' title='bbox 1406 3376 1672 3438; x_wconf 89' lang='lat' dir='ltr'><strong>quatenus</strong></span> <span class='ocrx_word' id='word_1_492' title='bbox 1693 3366 1951 3422; x_wconf 70' lang='lat' dir='ltr'><strong>oﬂ‘ensam</strong></span> <span class='ocrx_word' id='word_1_493' title='bbox 1984 3383 2099 3423; x_wconf 81' lang='lat' dir='ltr'><strong>om-</strong></span> 
     </span>
    </p>
   </div>
   <div class='ocr_carea' id='block_1_66' title="bbox 523 3452 2098 3533">
    <p class='ocr_par' dir='ltr' id='par_1_66' title="bbox 523 3452 2098 3533">
     <span class='ocr_line' id='line_1_66' title="bbox 523 3452 2098 3533; baseline -0.003 -14"><span class='ocrx_word' id='word_1_494' title='bbox 523 3452 815 3533; x_wconf 69' lang='lat' dir='ltr'><strong>inpotentis</strong></span> <span class='ocrx_word' id='word_1_495' title='bbox 834 3461 929 3515; x_wconf 90' lang='lat' dir='ltr'><strong>Dei</strong></span> <span class='ocrx_word' id='word_1_496' title='bbox 953 3460 1312 3523; x_wconf 87' lang='lat' dir='ltr'><strong>incurrentes,</strong></span> <span class='ocrx_word' id='word_1_497' title='bbox 1355 3460 1566 3513; x_wconf 87' lang='lat' dir='ltr'><strong>ruinam</strong></span> <span class='ocrx_word' id='word_1_498' title='bbox 1584 3459 1860 3529; x_wconf 85' lang='lat' dir='ltr'><strong>patiantur</strong></span> <span class='ocrx_word' id='word_1_499' title='bbox 1881 3462 2098 3515; x_wconf 86' lang='lat' dir='ltr'><strong>damna-</strong></span> 
     </span>
    </p>
   </div>
   <div class='ocr_carea' id='block_1_67' title="bbox 521 3548 2096 3620">
    <p class='ocr_par' dir='ltr' id='par_1_67' title="bbox 521 3548 2096 3620">
     <span class='ocr_line' id='line_1_67' title="bbox 521 3548 2096 3620; baseline -0.001 -15"><span class='ocrx_word' id='word_1_500' title='bbox 521 3551 717 3617; x_wconf 90' lang='lat' dir='ltr'><strong>tionis;</strong></span> <span class='ocrx_word' id='word_1_501' title='bbox 785 3558 841 3604; x_wconf 90' lang='lat' dir='ltr'><strong>et</strong></span> <span class='ocrx_word' id='word_1_502' title='bbox 873 3548 1024 3604; x_wconf 87' lang='lat' dir='ltr'><strong>inter</strong></span> <span class='ocrx_word' id='word_1_503' title='bbox 1067 3563 1127 3605; x_wconf 88' lang='lat' dir='ltr'><strong>se</strong></span> <span class='ocrx_word' id='word_1_504' title='bbox 1175 3548 1323 3603; x_wconf 76' lang='lat' dir='ltr'><strong>rixas</strong></span> <span class='ocrx_word' id='word_1_505' title='bbox 1367 3556 1559 3620; x_wconf 88' lang='lat' dir='ltr'><strong>gerant</strong></span> <span class='ocrx_word' id='word_1_506' title='bbox 1605 3557 1661 3603; x_wconf 90' lang='lat' dir='ltr'><strong>et</strong></span> <span class='ocrx_word' id='word_1_507' title='bbox 1704 3551 2096 3607; x_wconf 81' lang='lat' dir='ltr'><strong>contentiones.</strong></span> 
     </span>
    </p>
   </div>
   <div class='ocr_carea' id='block_1_68' title="bbox 523 3637 2099 3708">
    <p class='ocr_par' dir='ltr' id='par_1_68' title="bbox 523 3637 2099 3708">
     <span class='ocr_line' id='line_1_68' title="bbox 523 3637 2099 3708; baseline 0.002 -14"><span class='ocrx_word' id='word_1_508' title='bbox 523 3637 849 3694; x_wconf 84' lang='lat' dir='ltr'><strong>Scandalum</strong></span> <span class='ocrx_word' id='word_1_509' title='bbox 885 3638 1149 3708; x_wconf 91' lang='lat' dir='ltr'><strong>siquidem</strong></span> <span class='ocrx_word' id='word_1_510' title='bbox 1171 3637 1414 3693; x_wconf 83' lang='lat' dir='ltr'><strong>Graecum</strong></span> <span class='ocrx_word' id='word_1_511' title='bbox 1440 3647 1544 3706; x_wconf 89' lang='lat' dir='ltr'><strong>est,</strong></span> <span class='ocrx_word' id='word_1_512' title='bbox 1574 3649 1629 3695; x_wconf 93' lang='lat' dir='ltr'><strong>et</strong></span> <span class='ocrx_word' id='word_1_513' title='bbox 1654 3649 1811 3695; x_wconf 90' lang='lat' dir='ltr'><strong>sonat</strong></span> <span class='ocrx_word' id='word_1_514' title='bbox 1832 3641 1885 3695; x_wconf 92' lang='lat' dir='ltr'><strong>in</strong></span> <span class='ocrx_word' id='word_1_515' title='bbox 1908 3641 2099 3697; x_wconf 88' lang='lat' dir='ltr'><strong>Latino</strong></span> 
     </span>
    </p>
   </div>
   <div class='ocr_carea' id='block_1_69' title="bbox 520 3725 2098 3801">
    <p class='ocr_par' dir='ltr' id='par_1_69' title="bbox 520 3725 2098 3801">
     <span class='ocr_line' id='line_1_69' title="bbox 520 3725 2098 3801; baseline 0.003 -19"><span class='ocrx_word' id='word_1_516' title='bbox 520 3741 773 3782; x_wconf 88' lang='lat' dir='ltr'><strong>sermone</strong></span> <span class='ocrx_word' id='word_1_517' title='bbox 793 3725 1073 3794; x_wconf 67' lang='lat' dir='ltr'><strong>offensam,</strong></span> <span class='ocrx_word' id='word_1_518' title='bbox 1096 3728 1332 3793; x_wconf 85' lang='lat' dir='ltr'><strong>ruinam,</strong></span> <span class='ocrx_word' id='word_1_519' title='bbox 1350 3728 1433 3783; x_wconf 82' lang='lat' dir='ltr'><strong>vel</strong></span> <span class='ocrx_word' id='word_1_520' title='bbox 1464 3730 1638 3784; x_wconf 72' lang='lat' dir='ltr'><strong>rixam</strong></span> <span class='ocrx_word' id='word_1_521' title='bbox 1657 3747 1671 3784; x_wconf 87' lang='lat'><strong>:</strong></span> <span class='ocrx_word' id='word_1_522' title='bbox 1688 3746 1786 3801; x_wconf 91' lang='lat' dir='ltr'><strong>pro</strong></span> <span class='ocrx_word' id='word_1_523' title='bbox 1804 3729 2098 3787; x_wconf 78' lang='lat' dir='ltr'><strong>oﬂ‘ensione</strong></span> 
     </span>
    </p>
   </div>
   <div class='ocr_carea' id='block_1_70' title="bbox 520 3820 2098 3895">
    <p class='ocr_par' dir='ltr' id='par_1_70' title="bbox 520 3820 2098 3895">
     <span class='ocr_line' id='line_1_70' title="bbox 520 3820 2098 3895; baseline 0.003 -20"><span class='ocrx_word' id='word_1_524' title='bbox 520 3821 668 3877; x_wconf 89' lang='lat' dir='ltr'><strong>enim</strong></span> <span class='ocrx_word' id='word_1_525' title='bbox 702 3828 758 3875; x_wconf 81' lang='lat' dir='ltr'><strong>et</strong></span> <span class='ocrx_word' id='word_1_526' title='bbox 792 3820 947 3876; x_wconf 86' lang='lat' dir='ltr'><strong>ruina</strong></span> <span class='ocrx_word' id='word_1_527' title='bbox 978 3820 1217 3893; x_wconf 89' lang='lat' dir='ltr'><strong>ponitur,</strong></span> <span class='ocrx_word' id='word_1_528' title='bbox 1258 3821 1346 3876; x_wconf 93' lang='lat' dir='ltr'><strong>ubi</strong></span> <span class='ocrx_word' id='word_1_529' title='bbox 1384 3821 1641 3879; x_wconf 87' lang='lat' dir='ltr'><strong>Dominus</strong></span> <span class='ocrx_word' id='word_1_530' title='bbox 1675 3823 1804 3879; x_wconf 89' lang='lat' dir='ltr'><strong>dicit</strong></span> <span class='ocrx_word' id='word_1_531' title='bbox 1834 3842 1848 3879; x_wconf 91' lang='lat'><strong>:</strong></span> <span class='ocrx_word' id='word_1_532' title='bbox 1890 3821 1979 3879; x_wconf 71' lang='grc' dir='ltr'><strong>ναι</strong></span> <span class='ocrx_word' id='word_1_533' title='bbox 2006 3826 2098 3895; x_wconf 85' lang='lat' dir='ltr'><strong>qui</strong></span> 
     </span>
    </p>
   </div>
   <div class='ocr_carea' id='block_1_71' title="bbox 518 3911 2096 3987">
    <p class='ocr_par' dir='ltr' id='par_1_71' title="bbox 518 3911 2096 3987">
     <span class='ocr_line' id='line_1_71' title="bbox 518 3911 2096 3987; baseline 0.003 -21"><span class='ocrx_word' id='word_1_534' title='bbox 518 3911 954 3968; x_wconf 74' lang='lat' dir='ltr'><strong>scundalizauerit</strong></span> <span class='ocrx_word' id='word_1_535' title='bbox 984 3928 1144 3967; x_wconf 84' lang='lat' dir='ltr'><strong>unum</strong></span> <span class='ocrx_word' id='word_1_536' title='bbox 1173 3912 1236 3966; x_wconf 85' lang='lat' dir='ltr'><strong>de</strong></span> <span class='ocrx_word' id='word_1_537' title='bbox 1263 3912 1469 3983; x_wconf 82' lang='lat' dir='ltr'><strong>pusillis</strong></span> <span class='ocrx_word' id='word_1_538' title='bbox 1506 3915 1619 3969; x_wconf 79' lang='lat' dir='ltr'><strong>istis</strong></span> <span class='ocrx_word' id='word_1_539' title='bbox 1650 3912 1881 3987; x_wconf 77' lang='lat' dir='ltr'><strong>(Matth.</strong></span> <span class='ocrx_word' id='word_1_540' title='bbox 1906 3915 2096 3987; x_wconf 72' lang='lat' dir='ltr'><strong>xvm),</strong></span> 
     </span>
    </p>
   </div>
   <div class='ocr_carea' id='block_1_72' title="bbox 516 3992 2096 4077">
    <p class='ocr_par' dir='ltr' id='par_1_72' title="bbox 516 3992 2096 4077">
     <span class='ocr_line' id='line_1_72' title="bbox 516 3992 2096 4077; baseline 0.003 -19"><span class='ocrx_word' id='word_1_541' title='bbox 516 4001 577 4059; x_wconf 81' lang='lat' dir='ltr'><strong>id</strong></span> <span class='ocrx_word' id='word_1_542' title='bbox 602 4011 686 4059; x_wconf 87' lang='lat' dir='ltr'><strong>est</strong></span> <span class='ocrx_word' id='word_1_543' title='bbox 711 4003 801 4074; x_wconf 91' lang='lat' dir='ltr'><strong>qui</strong></span> <span class='ocrx_word' id='word_1_544' title='bbox 831 4001 1133 4069; x_wconf 69' lang='lat' dir='ltr'><strong>offenderit,</strong></span> <span class='ocrx_word' id='word_1_545' title='bbox 1167 4003 1252 4059; x_wconf 86' lang='lat' dir='ltr'><strong>vel</strong></span> <span class='ocrx_word' id='word_1_546' title='bbox 1281 4019 1439 4060; x_wconf 89' lang='lat' dir='ltr'><strong>ruere</strong></span> <span class='ocrx_word' id='word_1_547' title='bbox 1467 3992 1657 4062; x_wconf 80' lang='lat' dir='ltr'><strong>fecerit</strong></span> <span class='ocrx_word' id='word_1_548' title='bbox 1680 4021 1820 4077; x_wconf 83' lang='lat' dir='ltr'><strong>:pro</strong></span> <span class='ocrx_word' id='word_1_549' title='bbox 1857 4008 1973 4063; x_wconf 78' lang='lat' dir='ltr'><strong>rixa</strong></span> <span class='ocrx_word' id='word_1_550' title='bbox 1997 4023 2096 4063; x_wconf 89' lang='lat' dir='ltr'><strong>au-</strong></span> 
     </span>
    </p>
   </div>
   <div class='ocr_carea' id='block_1_73' title="bbox 518 4093 2096 4168">
    <p class='ocr_par' dir='ltr' id='par_1_73' title="bbox 518 4093 2096 4168">
     <span class='ocr_line' id='line_1_73' title="bbox 518 4093 2096 4168; baseline 0.004 -17"><span class='ocrx_word' id='word_1_551' title='bbox 518 4102 648 4163; x_wconf 85' lang='lat' dir='ltr'><strong>tem,</strong></span> <span class='ocrx_word' id='word_1_552' title='bbox 680 4095 819 4151; x_wconf 81' lang='lat' dir='ltr'><strong>sicut</strong></span> <span class='ocrx_word' id='word_1_553' title='bbox 843 4093 931 4149; x_wconf 88' lang='lat' dir='ltr'><strong>illo</strong></span> <span class='ocrx_word' id='word_1_554' title='bbox 953 4095 1004 4149; x_wconf 90' lang='lat' dir='ltr'><strong>in</strong></span> <span class='ocrx_word' id='word_1_555' title='bbox 1030 4094 1149 4150; x_wconf 75' lang='lat' dir='ltr'><strong>loco</strong></span> <span class='ocrx_word' id='word_1_556' title='bbox 1173 4095 1259 4151; x_wconf 82' lang='lat' dir='ltr'><strong>tibi</strong></span> <span class='ocrx_word' id='word_1_557' title='bbox 1283 4096 1415 4151; x_wconf 90' lang='lat' dir='ltr'><strong>dicit</strong></span> <span class='ocrx_word' id='word_1_558' title='bbox 1437 4096 1779 4168; x_wconf 83' lang='lat' dir='ltr'><strong>Evangelista</strong></span> <span class='ocrx_word' id='word_1_559' title='bbox 1798 4116 1810 4150; x_wconf 90' lang='lat'><strong>:</strong></span> <span class='ocrx_word' id='word_1_560' title='bbox 1831 4098 1983 4166; x_wconf 85' lang='lat' dir='ltr'><strong>Quod</strong></span> <span class='ocrx_word' id='word_1_561' title='bbox 2003 4116 2096 4157; x_wconf 85' lang='lat' dir='ltr'><strong>au-</strong></span> 
     </span>
    </p>
   </div>
   <div class='ocr_carea' id='block_1_74' title="bbox 520 4184 2099 4261">
    <p class='ocr_par' dir='ltr' id='par_1_74' title="bbox 520 4184 2099 4261">
     <span class='ocr_line' id='line_1_74' title="bbox 520 4184 2099 4261; baseline 0.003 -19"><span class='ocrx_word' id='word_1_562' title='bbox 520 4185 636 4242; x_wconf 88' lang='lat' dir='ltr'><strong>dito</strong></span> <span class='ocrx_word' id='word_1_563' title='bbox 656 4184 912 4241; x_wconf 77' lang='lat' dir='ltr'><strong>Phariszei</strong></span> <span class='ocrx_word' id='word_1_564' title='bbox 931 4186 1093 4240; x_wconf 84' lang='lat' dir='ltr'><strong>verbo</strong></span> <span class='ocrx_word' id='word_1_565' title='bbox 1112 4185 1461 4241; x_wconf 83' lang='lat' dir='ltr'><strong>scandalizati</strong></span> <span class='ocrx_word' id='word_1_566' title='bbox 1479 4195 1607 4243; x_wconf 82' lang='lat' dir='ltr'><strong>sunt</strong></span> <span class='ocrx_word' id='word_1_567' title='bbox 1621 4186 1784 4260; x_wconf 88' lang='lat' dir='ltr'><strong>(Ibid.</strong></span> <span class='ocrx_word' id='word_1_568' title='bbox 1811 4189 1925 4261; x_wconf 76' lang='lat' dir='ltr'><strong>xv),</strong></span> <span class='ocrx_word' id='word_1_569' title='bbox 1943 4189 1994 4244; x_wconf 90' lang='lat' dir='ltr'><strong>id</strong></span> <span class='ocrx_word' id='word_1_570' title='bbox 2014 4198 2099 4246; x_wconf 87' lang='lat' dir='ltr'><strong>est</strong></span> 
     </span>
    </p>
   </div>
   <div class='ocr_carea' id='block_1_75' title="bbox 516 4274 2094 4351">
    <p class='ocr_par' dir='ltr' id='par_1_75' title="bbox 516 4274 2094 4351">
     <span class='ocr_line' id='line_1_75' title="bbox 516 4274 2094 4351; baseline 0.003 -21"><span class='ocrx_word' id='word_1_571' title='bbox 516 4276 683 4332; x_wconf 77' lang='lat' dir='ltr'><strong>rixati</strong></span> <span class='ocrx_word' id='word_1_572' title='bbox 716 4290 729 4328; x_wconf 94' lang='lat'><strong>:</strong></span> <span class='ocrx_word' id='word_1_573' title='bbox 758 4274 845 4330; x_wconf 89' lang='lat' dir='ltr'><strong>hic</strong></span> <span class='ocrx_word' id='word_1_574' title='bbox 884 4284 1062 4330; x_wconf 87' lang='lat' dir='ltr'><strong>autem</strong></span> <span class='ocrx_word' id='word_1_575' title='bbox 1104 4282 1203 4331; x_wconf 88' lang='lat' dir='ltr'><strong>sub</strong></span> <span class='ocrx_word' id='word_1_576' title='bbox 1243 4284 1471 4347; x_wconf 86' lang='lat' dir='ltr'><strong>utroque</strong></span> <span class='ocrx_word' id='word_1_577' title='bbox 1498 4293 1661 4335; x_wconf 85' lang='lat' dir='ltr'><strong>sensu</strong></span> <span class='ocrx_word' id='word_1_578' title='bbox 1691 4280 1863 4349; x_wconf 88' lang='lat' dir='ltr'><strong>accipi</strong></span> <span class='ocrx_word' id='word_1_579' title='bbox 1898 4289 2094 4351; x_wconf 89' lang='lat' dir='ltr'><strong>potest.</strong></span> 
     </span>
    </p>
   </div>
   <div class='ocr_carea' id='block_1_76' title="bbox 521 4363 2095 4442">
    <p class='ocr_par' dir='ltr' id='par_1_76' title="bbox 521 4363 2095 4442">
     <span class='ocr_line' id='line_1_76' title="bbox 521 4363 2095 4442; baseline 0.008 -24"><span class='ocrx_word' id='word_1_580' title='bbox 521 4363 591 4418; x_wconf 84' lang='lat' dir='ltr'><strong>Et</strong></span> <span class='ocrx_word' id='word_1_581' title='bbox 631 4366 686 4421; x_wconf 76' lang='lat' dir='ltr'><strong>in</strong></span> <span class='ocrx_word' id='word_1_582' title='bbox 734 4365 1123 4420; x_wconf 81' lang='lat' dir='ltr'><strong>retributionem</strong></span> <span class='ocrx_word' id='word_1_583' title='bbox 1147 4408 1161 4431; x_wconf 92' lang='lat'><strong>,</strong></span> <span class='ocrx_word' id='word_1_584' title='bbox 1209 4367 1405 4437; x_wconf 91' lang='lat' dir='ltr'><strong>inquit,</strong></span> <span class='ocrx_word' id='word_1_585' title='bbox 1434 4378 1497 4424; x_wconf 92' lang='lat' dir='ltr'><strong>ut</strong></span> <span class='ocrx_word' id='word_1_586' title='bbox 1533 4371 1713 4442; x_wconf 87' lang='lat' dir='ltr'><strong>qualia</strong></span> <span class='ocrx_word' id='word_1_587' title='bbox 1752 4370 1997 4429; x_wconf 79' lang='lat' dir='ltr'><strong>fecerunt</strong></span> <span class='ocrx_word' id='word_1_588' title='bbox 2034 4374 2095 4431; x_wconf 87' lang='lat' dir='ltr'><strong>in</strong></span> 
     </span>
    </p>
   </div>
   <div class='ocr_carea' id='block_1_77' title="bbox 522 4450 2096 4534">
    <p class='ocr_par' dir='ltr' id='par_1_77' title="bbox 522 4450 2096 4534">
     <span class='ocr_line' id='line_1_77' title="bbox 522 4450 2096 4534; baseline 0.006 -23"><span class='ocrx_word' id='word_1_589' title='bbox 522 4455 791 4511; x_wconf 88' lang='lat' dir='ltr'><strong>Christum</strong></span> <span class='ocrx_word' id='word_1_590' title='bbox 822 4457 945 4510; x_wconf 87' lang='lat' dir='ltr'><strong>talia</strong></span> <span class='ocrx_word' id='word_1_591' title='bbox 972 4450 1341 4514; x_wconf 86' lang='lat' dir='ltr'><strong>retribuantur</strong></span> <span class='ocrx_word' id='word_1_592' title='bbox 1369 4460 1495 4529; x_wconf 90' lang='lat' dir='ltr'><strong>illis,</strong></span> <span class='ocrx_word' id='word_1_593' title='bbox 1521 4472 1579 4520; x_wconf 89' lang='lat' dir='ltr'><strong>et</strong></span> <span class='ocrx_word' id='word_1_594' title='bbox 1619 4465 1835 4534; x_wconf 89' lang='lat' dir='ltr'><strong>utrique</strong></span> <span class='ocrx_word' id='word_1_595' title='bbox 1861 4467 1935 4519; x_wconf 92' lang='lat' dir='ltr'><strong>ita</strong></span> <span class='ocrx_word' id='word_1_596' title='bbox 1963 4481 2096 4521; x_wconf 88' lang='lat' dir='ltr'><strong>con-</strong></span> 
     </span>
    </p>
   </div>
   <div class='ocr_carea' id='block_1_78' title="bbox 2201 3270 3781 3342">
    <p class='ocr_par' dir='ltr' id='par_1_78' title="bbox 2201 3270 3781 3342">
     <span class='ocr_line' id='line_1_78' title="bbox 2201 3270 3781 3342; baseline 0.006 -16"><span class='ocrx_word' id='word_1_597' title='bbox 2201 3271 2456 3333; x_wconf 84' lang='lat' dir='ltr'><strong>delictum</strong></span> <span class='ocrx_word' id='word_1_598' title='bbox 2504 3270 2811 3327; x_wconf 66' lang='lat' dir='ltr'><strong>Iudaeorum</strong></span> <span class='ocrx_word' id='word_1_599' title='bbox 2841 3273 2985 3342; x_wconf 88' lang='lat' dir='ltr'><strong>quod</strong></span> <span class='ocrx_word' id='word_1_600' title='bbox 3037 3276 3425 3331; x_wconf 87' lang='lat' dir='ltr'><strong>commiserunt</strong></span> <span class='ocrx_word' id='word_1_601' title='bbox 3476 3278 3536 3332; x_wconf 82' lang='lat' dir='ltr'><strong>in</strong></span> <span class='ocrx_word' id='word_1_602' title='bbox 3576 3278 3781 3335; x_wconf 65' lang='lat' dir='ltr'><strong>Filium</strong></span> 
     </span>
    </p>
   </div>
   <div class='ocr_carea' id='block_1_79' title="bbox 2202 3362 3782 3433">
    <p class='ocr_par' dir='ltr' id='par_1_79' title="bbox 2202 3362 3782 3433">
     <span class='ocr_line' id='line_1_79' title="bbox 2202 3362 3782 3433; baseline 0.006 -17"><span class='ocrx_word' id='word_1_603' title='bbox 2202 3362 2317 3428; x_wconf 87' lang='lat' dir='ltr'><strong>Dei,</strong></span> <span class='ocrx_word' id='word_1_604' title='bbox 2346 3372 2402 3418; x_wconf 89' lang='lat' dir='ltr'><strong>et</strong></span> <span class='ocrx_word' id='word_1_605' title='bbox 2429 3362 3034 3433; x_wconf 83' lang='lat' dir='ltr'><strong>propterinﬁdelitatem</strong></span> <span class='ocrx_word' id='word_1_606' title='bbox 3060 3364 3299 3430; x_wconf 88' lang='lat' dir='ltr'><strong>illorum,</strong></span> <span class='ocrx_word' id='word_1_607' title='bbox 3324 3367 3503 3422; x_wconf 80' lang='lat' dir='ltr'><strong>ditata</strong></span> <span class='ocrx_word' id='word_1_608' title='bbox 3526 3379 3627 3423; x_wconf 84' lang='lat' dir='ltr'><strong>est</strong></span> <span class='ocrx_word' id='word_1_609' title='bbox 3653 3370 3782 3425; x_wconf 74' lang='lat' dir='ltr'><strong>mll-</strong></span> 
     </span>
    </p>
   </div>
   <div class='ocr_carea' id='block_1_80' title="bbox 2202 3454 3781 3529">
    <p class='ocr_par' dir='ltr' id='par_1_80' title="bbox 2202 3454 3781 3529">
     <span class='ocr_line' id='line_1_80' title="bbox 2202 3454 3781 3529; baseline 0.004 -22"><span class='ocrx_word' id='word_1_610' title='bbox 2202 3454 2374 3508; x_wconf 82' lang='lat' dir='ltr'><strong>titudo</strong></span> <span class='ocrx_word' id='word_1_611' title='bbox 2409 3455 2651 3525; x_wconf 87' lang='lat' dir='ltr'><strong>gentium</strong></span> <span class='ocrx_word' id='word_1_612' title='bbox 2689 3454 3077 3525; x_wconf 83' lang='lat' dir='ltr'><strong>divitiislegis,</strong></span> <span class='ocrx_word' id='word_1_613' title='bbox 3098 3456 3518 3526; x_wconf 81' lang='lat' dir='ltr'><strong>prophetarum,</strong></span> <span class='ocrx_word' id='word_1_614' title='bbox 3542 3460 3781 3529; x_wconf 73' lang='lat' dir='ltr'><strong>psalmo-</strong></span> 
     </span>
    </p>
   </div>
   <div class='ocr_carea' id='block_1_81' title="bbox 2201 3542 3781 3616">
    <p class='ocr_par' dir='ltr' id='par_1_81' title="bbox 2201 3542 3781 3616">
     <span class='ocr_line' id='line_1_81' title="bbox 2201 3542 3781 3616; baseline 0.004 -15"><span class='ocrx_word' id='word_1_615' title='bbox 2201 3562 2340 3609; x_wconf 89' lang='lat' dir='ltr'><strong>rum,</strong></span> <span class='ocrx_word' id='word_1_616' title='bbox 2373 3554 2427 3599; x_wconf 88' lang='lat' dir='ltr'><strong>ct</strong></span> <span class='ocrx_word' id='word_1_617' title='bbox 2451 3546 2623 3616; x_wconf 85' lang='lat' dir='ltr'><strong>gratia</strong></span> <span class='ocrx_word' id='word_1_618' title='bbox 2656 3542 2799 3611; x_wconf 81' lang='lat' dir='ltr'><strong>ﬁdei,</strong></span> <span class='ocrx_word' id='word_1_619' title='bbox 2824 3547 2948 3614; x_wconf 86' lang='lat' dir='ltr'><strong>quia</strong></span> <span class='ocrx_word' id='word_1_620' title='bbox 2968 3547 3192 3602; x_wconf 86' lang='lat' dir='ltr'><strong>abstulit</strong></span> <span class='ocrx_word' id='word_1_621' title='bbox 3214 3548 3295 3602; x_wconf 91' lang='lat' dir='ltr'><strong>eis</strong></span> <span class='ocrx_word' id='word_1_622' title='bbox 3314 3548 3581 3606; x_wconf 85' lang='lat' dir='ltr'><strong>Dominus</strong></span> <span class='ocrx_word' id='word_1_623' title='bbox 3604 3553 3781 3607; x_wconf 80' lang='lat' dir='ltr'><strong>omnia</strong></span> 
     </span>
    </p>
   </div>
   <div class='ocr_carea' id='block_1_82' title="bbox 2200 3635 3781 3707">
    <p class='ocr_par' dir='ltr' id='par_1_82' title="bbox 2200 3635 3781 3707">
     <span class='ocr_line' id='line_1_82' title="bbox 2200 3635 3781 3707; baseline 0.004 -17"><span class='ocrx_word' id='word_1_624' title='bbox 2200 3636 2323 3701; x_wconf 78' lang='lat' dir='ltr'><strong>ista,</strong></span> <span class='ocrx_word' id='word_1_625' title='bbox 2367 3645 2421 3690; x_wconf 89' lang='lat' dir='ltr'><strong>et</strong></span> <span class='ocrx_word' id='word_1_626' title='bbox 2461 3636 2679 3690; x_wconf 89' lang='lat' dir='ltr'><strong>tradidit</strong></span> <span class='ocrx_word' id='word_1_627' title='bbox 2704 3635 2951 3707; x_wconf 77' lang='lat' dir='ltr'><strong>gentibus</strong></span> <span class='ocrx_word' id='word_1_628' title='bbox 2980 3636 3032 3691; x_wconf 92' lang='lat' dir='ltr'><strong>in</strong></span> <span class='ocrx_word' id='word_1_629' title='bbox 3067 3652 3125 3691; x_wconf 86' lang='lat' dir='ltr'><strong>se</strong></span> <span class='ocrx_word' id='word_1_630' title='bbox 3164 3639 3537 3705; x_wconf 82' lang='lat' dir='ltr'><strong>credentibus,</strong></span> <span class='ocrx_word' id='word_1_631' title='bbox 3566 3642 3781 3698; x_wconf 85' lang='lat' dir='ltr'><strong>sicutin</strong></span> 
     </span>
    </p>
   </div>
   <div class='ocr_carea' id='block_1_83' title="bbox 2199 3726 3782 3802">
    <p class='ocr_par' dir='ltr' id='par_1_83' title="bbox 2199 3726 3782 3802">
     <span class='ocr_line' id='line_1_83' title="bbox 2199 3726 3782 3802; baseline 0.005 -21"><span class='ocrx_word' id='word_1_632' title='bbox 2199 3726 2490 3798; x_wconf 77' lang='lat' dir='ltr'><strong>Evatzgelio</strong></span> <span class='ocrx_word' id='word_1_633' title='bbox 2522 3727 2754 3782; x_wconf 84' lang='lat' dir='ltr'><strong>minatus</strong></span> <span class='ocrx_word' id='word_1_634' title='bbox 2781 3736 2865 3782; x_wconf 88' lang='lat' dir='ltr'><strong>est</strong></span> <span class='ocrx_word' id='word_1_635' title='bbox 2890 3728 2988 3795; x_wconf 88' lang='lat' dir='ltr'><strong>eis,</strong></span> <span class='ocrx_word' id='word_1_636' title='bbox 3014 3729 3198 3786; x_wconf 90' lang='lat' dir='ltr'><strong>dicens</strong></span> <span class='ocrx_word' id='word_1_637' title='bbox 3223 3749 3238 3784; x_wconf 85' lang='lat'><strong>:</strong></span> <span class='ocrx_word' id='word_1_638' title='bbox 3264 3731 3553 3802; x_wconf 74' lang='lat' dir='ltr'><strong>Auferetu’r</strong></span> <span class='ocrx_word' id='word_1_639' title='bbox 3590 3753 3627 3788; x_wconf 84' lang='lat' dir='ltr'><strong>a</strong></span> <span class='ocrx_word' id='word_1_640' title='bbox 3652 3737 3782 3789; x_wconf 68' lang='lat' dir='ltr'><strong>vobis</strong></span> 
     </span>
    </p>
   </div>
   <div class='ocr_carea' id='block_1_84' title="bbox 2200 3818 3782 3896">
    <p class='ocr_par' dir='ltr' id='par_1_84' title="bbox 2200 3818 3782 3896">
     <span class='ocr_line' id='line_1_84' title="bbox 2200 3818 3782 3896; baseline 0.004 -24"><span class='ocrx_word' id='word_1_641' title='bbox 2200 3835 2418 3889; x_wconf 74' lang='lat' dir='ltr'><strong>regnum</strong></span> <span class='ocrx_word' id='word_1_642' title='bbox 2467 3818 2586 3884; x_wconf 83' lang='lat' dir='ltr'><strong>Dei,</strong></span> <span class='ocrx_word' id='word_1_643' title='bbox 2611 3827 2660 3871; x_wconf 87' lang='lat' dir='ltr'><strong>et</strong></span> <span class='ocrx_word' id='word_1_644' title='bbox 2714 3818 2928 3893; x_wconf 69' lang='lat' dir='ltr'><strong>dabitur</strong></span> <span class='ocrx_word' id='word_1_645' title='bbox 2965 3821 3104 3890; x_wconf 83' lang='lat' dir='ltr'><strong>genti</strong></span> <span class='ocrx_word' id='word_1_646' title='bbox 3150 3820 3366 3890; x_wconf 77' lang='lat' dir='ltr'><strong>facienti</strong></span> <span class='ocrx_word' id='word_1_647' title='bbox 3412 3823 3630 3892; x_wconf 80' lang='lat' dir='ltr'><strong>fructus</strong></span> <span class='ocrx_word' id='word_1_648' title='bbox 3674 3826 3782 3896; x_wconf 67' lang='lat' dir='ltr'><strong>ejus</strong></span> 
     </span>
    </p>
   </div>
   <div class='ocr_carea' id='block_1_85' title="bbox 2200 3907 3783 3982">
    <p class='ocr_par' dir='ltr' id='par_1_85' title="bbox 2200 3907 3783 3982">
     <span class='ocr_line' id='line_1_85' title="bbox 2200 3907 3783 3982; baseline 0.006 -18"><span class='ocrx_word' id='word_1_649' title='bbox 2200 3907 2416 3981; x_wconf 73' lang='lat' dir='ltr'><strong>(Matth.</strong></span> <span class='ocrx_word' id='word_1_650' title='bbox 2443 3911 2580 3980; x_wconf 71' lang='lat' dir='ltr'><strong>ut).</strong></span> <span class='ocrx_word' id='word_1_651' title='bbox 2612 3909 2817 3982; x_wconf 80' lang='lat' dir='ltr'><strong>Magna:</strong></span> <span class='ocrx_word' id='word_1_652' title='bbox 2848 3922 2903 3965; x_wconf 91' lang='lat' dir='ltr'><strong>et</strong></span> <span class='ocrx_word' id='word_1_653' title='bbox 2922 3912 3421 3982; x_wconf 85' lang='lat' dir='ltr'><strong>iucompensabiles</strong></span> <span class='ocrx_word' id='word_1_654' title='bbox 3447 3915 3679 3972; x_wconf 77' lang='lat' dir='ltr'><strong>fuerunt</strong></span> <span class='ocrx_word' id='word_1_655' title='bbox 3709 3918 3783 3972; x_wconf 86' lang='lat' dir='ltr'><strong>di-</strong></span> 
     </span>
    </p>
   </div>
   <div class='ocr_carea' id='block_1_86' title="bbox 2197 3998 3781 4071">
    <p class='ocr_par' dir='ltr' id='par_1_86' title="bbox 2197 3998 3781 4071">
     <span class='ocr_line' id='line_1_86' title="bbox 2197 3998 3781 4071; baseline 0.007 -17"><span class='ocrx_word' id='word_1_656' title='bbox 2197 4002 2343 4055; x_wconf 76' lang='lat' dir='ltr'><strong>vitia:</strong></span> <span class='ocrx_word' id='word_1_657' title='bbox 2364 3998 2693 4068; x_wconf 65' lang='lat' dir='ltr'><strong>Iudaeorum,</strong></span> <span class='ocrx_word' id='word_1_658' title='bbox 2719 4017 2838 4071; x_wconf 67' lang='lat' dir='ltr'><strong>qua:</strong></span> <span class='ocrx_word' id='word_1_659' title='bbox 2862 4010 3034 4058; x_wconf 82' lang='lat' dir='ltr'><strong>totum</strong></span> <span class='ocrx_word' id='word_1_660' title='bbox 3057 4005 3366 4060; x_wconf 81' lang='lat' dir='ltr'><strong>ditaverunt</strong></span> <span class='ocrx_word' id='word_1_661' title='bbox 3395 4009 3664 4063; x_wconf 82' lang='lat' dir='ltr'><strong>mundum</strong></span> <span class='ocrx_word' id='word_1_662' title='bbox 3694 4028 3709 4064; x_wconf 89' lang='lat'><strong>:</strong></span> <span class='ocrx_word' id='word_1_663' title='bbox 3737 4023 3781 4064; x_wconf 72' lang='grc' dir='ltr'>α</span> 
     </span>
    </p>
   </div>
   <div class='ocr_carea' id='block_1_87' title="bbox 2198 4090 3783 4172">
    <p class='ocr_par' dir='ltr' id='par_1_87' title="bbox 2198 4090 3783 4172">
     <span class='ocr_line' id='line_1_87' title="bbox 2198 4090 3783 4172; baseline 0.006 -28"><span class='ocrx_word' id='word_1_664' title='bbox 2198 4090 2245 4144; x_wconf 82' lang='lat' dir='ltr'><strong>si</strong></span> <span class='ocrx_word' id='word_1_665' title='bbox 2293 4090 2577 4143; x_wconf 87' lang='lat' dir='ltr'><strong>diminutio</strong></span> <span class='ocrx_word' id='word_1_666' title='bbox 2617 4106 2795 4147; x_wconf 82' lang='lat' dir='ltr'><strong>eorum</strong></span> <span class='ocrx_word' id='word_1_667' title='bbox 2838 4091 3034 4146; x_wconf 77' lang='lat' dir='ltr'><strong>divitite</strong></span> <span class='ocrx_word' id='word_1_668' title='bbox 3071 4095 3336 4164; x_wconf 77' lang='lat' dir='ltr'><strong>gentium,</strong></span> <span class='ocrx_word' id='word_1_669' title='bbox 3375 4108 3577 4165; x_wconf 82' lang='lat' dir='ltr'><strong>quanto</strong></span> <span class='ocrx_word' id='word_1_670' title='bbox 3622 4102 3783 4172; x_wconf 64' lang='lat' dir='ltr'><strong>magis</strong></span> 
     </span>
    </p>
   </div>
   <div class='ocr_carea' id='block_1_88' title="bbox 2194 4181 3780 4259">
    <p class='ocr_par' dir='ltr' id='par_1_88' title="bbox 2194 4181 3780 4259">
     <span class='ocr_line' id='line_1_88' title="bbox 2194 4181 3780 4259; baseline 0.009 -27"><span class='ocrx_word' id='word_1_671' title='bbox 2194 4181 2468 4252; x_wconf 53' lang='lat' dir='ltr'><strong>plenitudo</strong></span> <span class='ocrx_word' id='word_1_672' title='bbox 2511 4184 2732 4238; x_wconf 81' lang='lat' dir='ltr'><strong>eorum?</strong></span> <span class='ocrx_word' id='word_1_673' title='bbox 2761 4183 3054 4240; x_wconf 90' lang='lat' dir='ltr'><strong>Diminutio</strong></span> <span class='ocrx_word' id='word_1_674' title='bbox 3085 4186 3174 4241; x_wconf 85' lang='lat' dir='ltr'><strong>hic</strong></span> <span class='ocrx_word' id='word_1_675' title='bbox 3197 4203 3300 4256; x_wconf 85' lang='lat' dir='ltr'><strong>pro</strong></span> <span class='ocrx_word' id='word_1_676' title='bbox 3318 4191 3606 4259; x_wconf 77' lang='lat' dir='ltr'><strong>paucitate</strong></span> <span class='ocrx_word' id='word_1_677' title='bbox 3637 4196 3780 4250; x_wconf 80' lang='lat' dir='ltr'><strong>acci-</strong></span> 
     </span>
    </p>
   </div>
   <div class='ocr_carea' id='block_1_89' title="bbox 2197 4273 3779 4345">
    <p class='ocr_par' dir='ltr' id='par_1_89' title="bbox 2197 4273 3779 4345">
     <span class='ocr_line' id='line_1_89' title="bbox 2197 4273 3779 4345; baseline 0.01 -19"><span class='ocrx_word' id='word_1_678' title='bbox 2197 4273 2345 4344; x_wconf 81' lang='lat' dir='ltr'><strong>pitur</strong></span> <span class='ocrx_word' id='word_1_679' title='bbox 2370 4284 2426 4330; x_wconf 91' lang='lat' dir='ltr'><strong>et</strong></span> <span class='ocrx_word' id='word_1_680' title='bbox 2455 4290 2625 4345; x_wconf 89' lang='lat' dir='ltr'><strong>parvo</strong></span> <span class='ocrx_word' id='word_1_681' title='bbox 2653 4292 2914 4344; x_wconf 86' lang='lat' dir='ltr'><strong>numero;</strong></span> <span class='ocrx_word' id='word_1_682' title='bbox 2947 4278 3232 4335; x_wconf 87' lang='lat' dir='ltr'><strong>diminutio</strong></span> <span class='ocrx_word' id='word_1_683' title='bbox 3268 4290 3452 4336; x_wconf 86' lang='lat' dir='ltr'><strong>autem</strong></span> <span class='ocrx_word' id='word_1_684' title='bbox 3486 4284 3779 4342; x_wconf 60' lang='lat' dir='ltr'><strong>inﬁdelium</strong></span> 
     </span>
    </p>
   </div>
   <div class='ocr_carea' id='block_1_90' title="bbox 2196 4364 3782 4442">
    <p class='ocr_par' dir='ltr' id='par_1_90' title="bbox 2196 4364 3782 4442">
     <span class='ocr_line' id='line_1_90' title="bbox 2196 4364 3782 4442; baseline 0.009 -22"><span class='ocrx_word' id='word_1_685' title='bbox 2196 4364 2499 4423; x_wconf 72' lang='lat' dir='ltr'><strong>ludat-orum</strong></span> <span class='ocrx_word' id='word_1_686' title='bbox 2525 4407 2541 4434; x_wconf 92' lang='lat'><strong>,</strong></span> <span class='ocrx_word' id='word_1_687' title='bbox 2587 4369 2813 4439; x_wconf 81' lang='lat' dir='ltr'><strong>apostoli</strong></span> <span class='ocrx_word' id='word_1_688' title='bbox 2868 4369 3087 4425; x_wconf 80' lang='lat' dir='ltr'><strong>luerunt</strong></span> <span class='ocrx_word' id='word_1_689' title='bbox 3131 4372 3332 4442; x_wconf 87' lang='lat' dir='ltr'><strong>aliique</strong></span> <span class='ocrx_word' id='word_1_690' title='bbox 3374 4377 3672 4433; x_wconf 84' lang='lat' dir='ltr'><strong>credentes</strong></span> <span class='ocrx_word' id='word_1_691' title='bbox 3718 4396 3782 4434; x_wconf 70' lang='lat' dir='ltr'><strong>ex</strong></span> 
     </span>
    </p>
   </div>
   <div class='ocr_carea' id='block_1_91' title="bbox 2197 4456 3781 4534">
    <p class='ocr_par' dir='ltr' id='par_1_91' title="bbox 2197 4456 3781 4534">
     <span class='ocr_line' id='line_1_91' title="bbox 2197 4456 3781 4534; baseline 0.008 -25"><span class='ocrx_word' id='word_1_692' title='bbox 2197 4457 2386 4512; x_wconf 87' lang='lat' dir='ltr'><strong>cadem</strong></span> <span class='ocrx_word' id='word_1_693' title='bbox 2403 4456 2586 4528; x_wconf 86' lang='lat' dir='ltr'><strong>plebe,</strong></span> <span class='ocrx_word' id='word_1_694' title='bbox 2617 4468 2673 4513; x_wconf 92' lang='lat' dir='ltr'><strong>et</strong></span> <span class='ocrx_word' id='word_1_695' title='bbox 2707 4468 2791 4513; x_wconf 89' lang='lat' dir='ltr'><strong>est</strong></span> <span class='ocrx_word' id='word_1_696' title='bbox 2825 4472 3016 4515; x_wconf 84' lang='lat' dir='ltr'><strong>sensus</strong></span> <span class='ocrx_word' id='word_1_697' title='bbox 3047 4478 3060 4515; x_wconf 91' lang='lat'><strong>:</strong></span> <span class='ocrx_word' id='word_1_698' title='bbox 3092 4461 3139 4515; x_wconf 90' lang='lat' dir='ltr'><strong>si</strong></span> <span class='ocrx_word' id='word_1_699' title='bbox 3163 4463 3411 4532; x_wconf 84' lang='lat' dir='ltr'><strong>paucitas</strong></span> <span class='ocrx_word' id='word_1_700' title='bbox 3446 4481 3572 4534; x_wconf 78' lang='lat' dir='ltr'><strong>quae</strong></span> <span class='ocrx_word' id='word_1_701' title='bbox 3593 4483 3664 4521; x_wconf 72' lang='lat' dir='ltr'><strong>es</strong></span> <span class='ocrx_word' id='word_1_702' title='bbox 3695 4467 3781 4521; x_wconf 73' lang='lat' dir='ltr'><strong>h-</strong></span> 
     </span>
    </p>
   </div>
   <div class='ocr_carea' id='block_1_92' title="bbox 521 4529 3782 4628">
    <p class='ocr_par' dir='ltr' id='par_1_92' title="bbox 521 4529 3782 4628">
     <span class='ocr_line' id='line_1_92' title="bbox 521 4529 3782 4628; baseline 0.007 -25"><span class='ocrx_word' id='word_1_703' title='bbox 521 4537 661 4620; x_wconf 87' lang='lat' dir='ltr'><strong>tigit.</strong></span> <span class='ocrx_word' id='word_1_704' title='bbox 699 4548 857 4605; x_wconf 84' lang='lat' dir='ltr'><strong>Verbi</strong></span> <span class='ocrx_word' id='word_1_705' title='bbox 884 4552 1090 4623; x_wconf 87' lang='lat' dir='ltr'><strong>gratia,</strong></span> <span class='ocrx_word' id='word_1_706' title='bbox 1126 4552 1414 4609; x_wconf 90' lang='lat' dir='ltr'><strong>voluerunt</strong></span> <span class='ocrx_word' id='word_1_707' title='bbox 1460 4555 1663 4614; x_wconf 86' lang='lat' dir='ltr'><strong>Christi</strong></span> <span class='ocrx_word' id='word_1_708' title='bbox 1691 4529 1885 4613; x_wconf 75' lang='lat' dir='ltr'><strong>nomen</strong></span> <span class='ocrx_word' id='word_1_709' title='bbox 1913 4558 2094 4614; x_wconf 89' lang='lat' dir='ltr'><strong>delere</strong></span> <span class='ocrx_word' id='word_1_710' title='bbox 2122 4529 2172 4588; x_wconf 74' lang='lat' dir='ltr'><strong>D</strong></span> <span class='ocrx_word' id='word_1_711' title='bbox 2199 4550 2331 4605; x_wconf 62' lang='grc' dir='ltr'><strong>ἀξυίὸ</strong></span> <span class='ocrx_word' id='word_1_712' title='bbox 2368 4550 2595 4606; x_wconf 55' lang='lat' dir='ltr'><strong>“Edidit</strong></span> <span class='ocrx_word' id='word_1_713' title='bbox 2637 4560 2840 4606; x_wconf 68' lang='grc' dir='ltr'><strong>ιαηῑδῐῐι</strong></span> <span class='ocrx_word' id='word_1_714' title='bbox 2891 4552 3117 4609; x_wconf 57' lang='lat' dir='ltr'><strong>Salutem</strong></span> <span class='ocrx_word' id='word_1_715' title='bbox 3163 4529 3347 4611; x_wconf 52' lang='grc' dir='ltr'>ίλιιυιίι</span> <span class='ocrx_word' id='word_1_716' title='bbox 3386 4529 3681 4628; x_wconf 52' lang='lat' dir='ltr'><strong>sentibus.</strong></span> <span class='ocrx_word' id='word_1_717' title='bbox 3726 4571 3782 4615; x_wconf 78' lang='grc' dir='ltr'><strong>ιιι</strong></span> 
     </span>
    </p>
   </div>
   <div class='ocr_carea' id='block_1_93' title="bbox 522 4641 2092 4717">
    <p class='ocr_par' dir='ltr' id='par_1_93' title="bbox 522 4641 2092 4717">
     <span class='ocr_line' id='line_1_93' title="bbox 522 4641 2092 4717; baseline 0.01 -25"><span class='ocrx_word' id='word_1_718' title='bbox 522 4641 593 4694; x_wconf 87' lang='lat' dir='ltr'><strong>de</strong></span> <span class='ocrx_word' id='word_1_719' title='bbox 628 4642 792 4704; x_wconf 84' lang='lat' dir='ltr'><strong>terra,</strong></span> <span class='ocrx_word' id='word_1_720' title='bbox 827 4650 1021 4696; x_wconf 89' lang='lat' dir='ltr'><strong>nomen</strong></span> <span class='ocrx_word' id='word_1_721' title='bbox 1054 4658 1243 4699; x_wconf 89' lang='lat' dir='ltr'><strong>eorum</strong></span> <span class='ocrx_word' id='word_1_722' title='bbox 1272 4643 1504 4702; x_wconf 88' lang='lat' dir='ltr'><strong>deletum</strong></span> <span class='ocrx_word' id='word_1_723' title='bbox 1529 4656 1614 4705; x_wconf 90' lang='lat' dir='ltr'><strong>est</strong></span> <span class='ocrx_word' id='word_1_724' title='bbox 1641 4657 1700 4701; x_wconf 91' lang='lat' dir='ltr'><strong>ut</strong></span> <span class='ocrx_word' id='word_1_725' title='bbox 1721 4645 1836 4717; x_wconf 80' lang='lat' dir='ltr'><strong>jam</strong></span> <span class='ocrx_word' id='word_1_726' title='bbox 1870 4665 1978 4706; x_wconf 92' lang='lat' dir='ltr'><strong>non</strong></span> <span class='ocrx_word' id='word_1_727' title='bbox 2005 4652 2092 4706; x_wconf 60' lang='lat' dir='ltr'><strong>ii-</strong></span> 
     </span>
    </p>
   </div>
   <div class='ocr_carea' id='block_1_94' title="bbox 521 4731 2095 4807">
    <p class='ocr_par' dir='ltr' id='par_1_94' title="bbox 521 4731 2095 4807">
     <span class='ocr_line' id='line_1_94' title="bbox 521 4731 2095 4807; baseline 0.008 -21"><span class='ocrx_word' id='word_1_728' title='bbox 521 4741 714 4786; x_wconf 80' lang='lat' dir='ltr'><strong>cantur</strong></span> <span class='ocrx_word' id='word_1_729' title='bbox 741 4731 966 4804; x_wconf 85' lang='lat' dir='ltr'><strong>populus</strong></span> <span class='ocrx_word' id='word_1_730' title='bbox 1000 4733 1242 4802; x_wconf 89' lang='lat' dir='ltr'><strong>Domini;</strong></span> <span class='ocrx_word' id='word_1_731' title='bbox 1274 4736 1662 4794; x_wconf 83' lang='lat' dir='ltr'><strong>interfecerunt</strong></span> <span class='ocrx_word' id='word_1_732' title='bbox 1691 4738 1988 4807; x_wconf 83' lang='lat' dir='ltr'><strong>Christum,</strong></span> <span class='ocrx_word' id='word_1_733' title='bbox 2017 4744 2095 4798; x_wconf 92' lang='lat' dir='ltr'><strong>in-</strong></span> 
     </span>
    </p>
   </div>
   <div class='ocr_carea' id='block_1_95' title="bbox 522 4822 2096 4901">
    <p class='ocr_par' dir='ltr' id='par_1_95' title="bbox 522 4822 2096 4901">
     <span class='ocr_line' id='line_1_95' title="bbox 522 4822 2096 4901; baseline 0.008 -26"><span class='ocrx_word' id='word_1_734' title='bbox 522 4822 730 4877; x_wconf 77' lang='lat' dir='ltr'><strong>teriecti</strong></span> <span class='ocrx_word' id='word_1_735' title='bbox 767 4833 891 4878; x_wconf 90' lang='lat' dir='ltr'><strong>sunt</strong></span> <span class='ocrx_word' id='word_1_736' title='bbox 920 4833 974 4880; x_wconf 90' lang='lat' dir='ltr'><strong>et</strong></span> <span class='ocrx_word' id='word_1_737' title='bbox 995 4825 1097 4896; x_wconf 86' lang='lat' dir='ltr'><strong>ipsi</strong></span> <span class='ocrx_word' id='word_1_738' title='bbox 1124 4826 1304 4896; x_wconf 82' lang='lat' dir='ltr'><strong>gladio</strong></span> <span class='ocrx_word' id='word_1_739' title='bbox 1332 4827 1722 4885; x_wconf 84' lang='lat' dir='ltr'><strong>Romanorum.</strong></span> <span class='ocrx_word' id='word_1_740' title='bbox 1748 4830 2096 4901; x_wconf 82' lang='lat' dir='ltr'><strong>Signiﬁcatur</strong></span> 
     </span>
    </p>
   </div>
   <div class='ocr_carea' id='block_1_96' title="bbox 519 4911 2096 4988">
    <p class='ocr_par' dir='ltr' id='par_1_96' title="bbox 519 4911 2096 4988">
     <span class='ocr_line' id='line_1_96' title="bbox 519 4911 2096 4988; baseline 0.008 -23"><span class='ocrx_word' id='word_1_741' title='bbox 519 4918 573 4965; x_wconf 87' lang='lat' dir='ltr'><strong>et</strong></span> <span class='ocrx_word' id='word_1_742' title='bbox 595 4928 750 4967; x_wconf 88' lang='lat' dir='ltr'><strong>sacra</strong></span> <span class='ocrx_word' id='word_1_743' title='bbox 784 4911 1063 4986; x_wconf 88' lang='lat' dir='ltr'><strong>Scriptura</strong></span> <span class='ocrx_word' id='word_1_744' title='bbox 1085 4930 1182 4986; x_wconf 88' lang='lat' dir='ltr'><strong>per</strong></span> <span class='ocrx_word' id='word_1_745' title='bbox 1208 4932 1470 4983; x_wconf 81' lang='lat' dir='ltr'><strong>mensam,</strong></span> <span class='ocrx_word' id='word_1_746' title='bbox 1498 4933 1619 4988; x_wconf 73' lang='lat' dir='ltr'><strong>quze</strong></span> <span class='ocrx_word' id='word_1_747' title='bbox 1640 4916 1762 4974; x_wconf 88' lang='lat' dir='ltr'><strong>data</strong></span> <span class='ocrx_word' id='word_1_748' title='bbox 1788 4929 1873 4976; x_wconf 92' lang='lat' dir='ltr'><strong>est</strong></span> <span class='ocrx_word' id='word_1_749' title='bbox 1898 4920 2096 4977; x_wconf 70' lang='lat' dir='ltr'><strong>iudicis</strong></span> 
     </span>
    </p>
   </div>
   <div class='ocr_carea' id='block_1_97' title="bbox 522 5003 2091 5079">
    <p class='ocr_par' dir='ltr' id='par_1_97' title="bbox 522 5003 2091 5079">
     <span class='ocr_line' id='line_1_97' title="bbox 522 5003 2091 5079; baseline 0.008 -21"><span class='ocrx_word' id='word_1_750' title='bbox 522 5005 576 5059; x_wconf 89' lang='lat' dir='ltr'><strong>in</strong></span> <span class='ocrx_word' id='word_1_751' title='bbox 601 5003 717 5078; x_wconf 85' lang='lat' dir='ltr'><strong>lege</strong></span> <span class='ocrx_word' id='word_1_752' title='bbox 737 5015 793 5062; x_wconf 90' lang='lat' dir='ltr'><strong>et</strong></span> <span class='ocrx_word' id='word_1_753' title='bbox 811 5009 1109 5078; x_wconf 77' lang='lat' dir='ltr'><strong>prophetis,</strong></span> <span class='ocrx_word' id='word_1_754' title='bbox 1127 5009 1268 5064; x_wconf 90' lang='lat' dir='ltr'><strong>sicut</strong></span> <span class='ocrx_word' id='word_1_755' title='bbox 1290 5009 1573 5066; x_wconf 86' lang='lat' dir='ltr'><strong>Psalmisla</strong></span> <span class='ocrx_word' id='word_1_756' title='bbox 1598 5014 1851 5079; x_wconf 88' lang='lat' dir='ltr'><strong>ostendit,</strong></span> <span class='ocrx_word' id='word_1_757' title='bbox 1871 5014 2055 5070; x_wconf 83' lang='lat' dir='ltr'><strong>dicens</strong></span> <span class='ocrx_word' id='word_1_758' title='bbox 2078 5034 2091 5070; x_wconf 92' lang='lat'><strong>:</strong></span> 
     </span>
    </p>
   </div>
   <div class='ocr_carea' id='block_1_98' title="bbox 519 5096 2096 5179">
    <p class='ocr_par' dir='ltr' id='par_1_98' title="bbox 519 5096 2096 5179">
     <span class='ocr_line' id='line_1_98' title="bbox 519 5096 2096 5179; baseline 0.01 -30"><span class='ocrx_word' id='word_1_759' title='bbox 519 5096 734 5152; x_wconf 83' lang='lat' dir='ltr'><strong>Parasti</strong></span> <span class='ocrx_word' id='word_1_760' title='bbox 776 5101 829 5159; x_wconf 83' lang='lat' dir='ltr'><strong>in</strong></span> <span class='ocrx_word' id='word_1_761' title='bbox 867 5111 1141 5170; x_wconf 76' lang='lat' dir='ltr'><strong>conspectu</strong></span> <span class='ocrx_word' id='word_1_762' title='bbox 1175 5119 1286 5155; x_wconf 83' lang='lat' dir='ltr'><strong>meo</strong></span> <span class='ocrx_word' id='word_1_763' title='bbox 1314 5120 1545 5158; x_wconf 85' lang='lat' dir='ltr'><strong>mensam</strong></span> <span class='ocrx_word' id='word_1_764' title='bbox 1576 5103 1766 5178; x_wconf 72' lang='lat' dir='ltr'><strong>(Paul.</strong></span> <span class='ocrx_word' id='word_1_765' title='bbox 1798 5108 1911 5179; x_wconf 79' lang='grc' dir='ltr'>ιιι),</span> <span class='ocrx_word' id='word_1_766' title='bbox 1943 5107 2096 5177; x_wconf 82' lang='lat' dir='ltr'><strong>cujus</strong></span> 
     </span>
    </p>
   </div>
   <div class='ocr_carea' id='block_1_99' title="bbox 516 5187 2090 5265">
    <p class='ocr_par' dir='ltr' id='par_1_99' title="bbox 516 5187 2090 5265">
     <span class='ocr_line' id='line_1_99' title="bbox 516 5187 2090 5265; baseline 0.008 -25"><span class='ocrx_word' id='word_1_767' title='bbox 516 5187 925 5262; x_wconf 81' lang='lat' dir='ltr'><strong>intelligentiam</strong></span> <span class='ocrx_word' id='word_1_768' title='bbox 975 5192 1100 5261; x_wconf 85' lang='lat' dir='ltr'><strong>quia</strong></span> <span class='ocrx_word' id='word_1_769' title='bbox 1141 5209 1245 5246; x_wconf 90' lang='lat' dir='ltr'><strong>non</strong></span> <span class='ocrx_word' id='word_1_770' title='bbox 1292 5203 1436 5248; x_wconf 88' lang='lat' dir='ltr'><strong>recte</strong></span> <span class='ocrx_word' id='word_1_771' title='bbox 1479 5196 1700 5249; x_wconf 88' lang='lat' dir='ltr'><strong>scrutati</strong></span> <span class='ocrx_word' id='word_1_772' title='bbox 1733 5206 1859 5252; x_wconf 90' lang='lat' dir='ltr'><strong>sunt</strong></span> <span class='ocrx_word' id='word_1_773' title='bbox 1898 5195 2090 5265; x_wconf 64' lang='lat' dir='ltr'><strong>Judaii,</strong></span> 
     </span>
    </p>
   </div>
   <div class='ocr_carea' id='block_1_100' title="bbox 515 5275 2092 5358">
    <p class='ocr_par' dir='ltr' id='par_1_100' title="bbox 515 5275 2092 5358">
     <span class='ocr_line' id='line_1_100' title="bbox 515 5275 2092 5358; baseline 0.008 -27"><span class='ocrx_word' id='word_1_774' title='bbox 515 5275 656 5333; x_wconf 80' lang='lat' dir='ltr'><strong>facta</strong></span> <span class='ocrx_word' id='word_1_775' title='bbox 684 5288 768 5336; x_wconf 89' lang='lat' dir='ltr'><strong>est</strong></span> <span class='ocrx_word' id='word_1_776' title='bbox 792 5280 871 5337; x_wconf 90' lang='lat' dir='ltr'><strong>eis</strong></span> <span class='ocrx_word' id='word_1_777' title='bbox 893 5282 1006 5352; x_wconf 89' lang='lat' dir='ltr'><strong>ipsa</strong></span> <span class='ocrx_word' id='word_1_778' title='bbox 1030 5297 1213 5337; x_wconf 89' lang='lat' dir='ltr'><strong>mensa</strong></span> <span class='ocrx_word' id='word_1_779' title='bbox 1237 5281 1291 5337; x_wconf 90' lang='lat' dir='ltr'><strong>in</strong></span> <span class='ocrx_word' id='word_1_780' title='bbox 1312 5283 1584 5354; x_wconf 91' lang='lat' dir='ltr'><strong>laqueum,</strong></span> <span class='ocrx_word' id='word_1_781' title='bbox 1608 5296 1665 5341; x_wconf 88' lang='lat' dir='ltr'><strong>et</strong></span> <span class='ocrx_word' id='word_1_782' title='bbox 1682 5287 1734 5341; x_wconf 91' lang='lat' dir='ltr'><strong>in</strong></span> <span class='ocrx_word' id='word_1_783' title='bbox 1758 5298 1952 5342; x_wconf 56' lang='lat' dir='ltr'><strong>extera</strong></span> <span class='ocrx_word' id='word_1_784' title='bbox 1972 5304 2092 5358; x_wconf 65' lang='lat' dir='ltr'><strong>quae</strong></span> 
     </span>
    </p>
   </div>
   <div class='ocr_carea' id='block_1_101' title="bbox 513 5372 2087 5446">
    <p class='ocr_par' dir='ltr' id='par_1_101' title="bbox 513 5372 2087 5446">
     <span class='ocr_line' id='line_1_101' title="bbox 513 5372 2087 5446; baseline 0.006 -23"><span class='ocrx_word' id='word_1_785' title='bbox 513 5381 675 5437; x_wconf 79' lang='lat' dir='ltr'><strong>supra</strong></span> <span class='ocrx_word' id='word_1_786' title='bbox 703 5380 999 5427; x_wconf 82' lang='lat' dir='ltr'><strong>memorata</strong></span> <span class='ocrx_word' id='word_1_787' title='bbox 1029 5380 1173 5438; x_wconf 89' lang='lat' dir='ltr'><strong>sunt,</strong></span> <span class='ocrx_word' id='word_1_788' title='bbox 1200 5372 1444 5430; x_wconf 87' lang='lat' dir='ltr'><strong>nolentes</strong></span> <span class='ocrx_word' id='word_1_789' title='bbox 1464 5375 1516 5429; x_wconf 92' lang='lat' dir='ltr'><strong>in</strong></span> <span class='ocrx_word' id='word_1_790' title='bbox 1538 5373 1812 5431; x_wconf 84' lang='lat' dir='ltr'><strong>Christum</strong></span> <span class='ocrx_word' id='word_1_791' title='bbox 1841 5376 2087 5446; x_wconf 88' lang='lat' dir='ltr'><strong>credere,</strong></span> 
     </span>
    </p>
   </div>
   <div class='ocr_carea' id='block_1_102' title="bbox 511 5462 2090 5538">
    <p class='ocr_par' dir='ltr' id='par_1_102' title="bbox 511 5462 2090 5538">
     <span class='ocr_line' id='line_1_102' title="bbox 511 5462 2090 5538; baseline 0.008 -24"><span class='ocrx_word' id='word_1_792' title='bbox 511 5462 596 5516; x_wconf 90' lang='lat' dir='ltr'><strong>cui</strong></span> <span class='ocrx_word' id='word_1_793' title='bbox 624 5464 800 5520; x_wconf 92' lang='lat' dir='ltr'><strong>omnis</strong></span> <span class='ocrx_word' id='word_1_794' title='bbox 827 5465 914 5520; x_wconf 87' lang='lat' dir='ltr'><strong>illa</strong></span> <span class='ocrx_word' id='word_1_795' title='bbox 940 5466 1220 5537; x_wconf 83' lang='lat' dir='ltr'><strong>Scriptura</strong></span> <span class='ocrx_word' id='word_1_796' title='bbox 1254 5468 1620 5523; x_wconf 88' lang='lat' dir='ltr'><strong>testimonium</strong></span> <span class='ocrx_word' id='word_1_797' title='bbox 1646 5469 1965 5538; x_wconf 86' lang='lat' dir='ltr'><strong>perhibebat</strong></span> <span class='ocrx_word' id='word_1_798' title='bbox 1992 5489 2005 5525; x_wconf 90' lang='lat'><strong>:</strong></span> <span class='ocrx_word' id='word_1_799' title='bbox 2035 5483 2090 5527; x_wconf 91' lang='lat' dir='ltr'><strong>et</strong></span> 
     </span>
    </p>
   </div>
   <div class='ocr_carea' id='block_1_103' title="bbox 510 5552 2088 5621">
    <p class='ocr_par' dir='ltr' id='par_1_103' title="bbox 510 5552 2088 5621">
     <span class='ocr_line' id='line_1_103' title="bbox 510 5552 2088 5621; baseline 0.01 -17"><span class='ocrx_word' id='word_1_800' title='bbox 510 5554 762 5620; x_wconf 85' lang='lat' dir='ltr'><strong>quoniam</strong></span> <span class='ocrx_word' id='word_1_801' title='bbox 786 5557 851 5611; x_wconf 90' lang='lat' dir='ltr'><strong>ad</strong></span> <span class='ocrx_word' id='word_1_802' title='bbox 887 5552 1112 5612; x_wconf 84' lang='lat' dir='ltr'><strong>mortem</strong></span> <span class='ocrx_word' id='word_1_803' title='bbox 1141 5568 1330 5613; x_wconf 84' lang='lat' dir='ltr'><strong>contra</strong></span> <span class='ocrx_word' id='word_1_804' title='bbox 1359 5562 1735 5617; x_wconf 87' lang='lat' dir='ltr'><strong>auctoritatem</strong></span> <span class='ocrx_word' id='word_1_805' title='bbox 1763 5561 1905 5618; x_wconf 90' lang='lat' dir='ltr'><strong>illius</strong></span> <span class='ocrx_word' id='word_1_806' title='bbox 1942 5562 2088 5621; x_wconf 89' lang='lat' dir='ltr'><strong>Scri-</strong></span> 
     </span>
    </p>
   </div>
   <div class='ocr_carea' id='block_1_104' title="bbox 506 5639 2083 5723">
    <p class='ocr_par' dir='ltr' id='par_1_104' title="bbox 506 5639 2083 5723">
     <span class='ocr_line' id='line_1_104' title="bbox 506 5639 2083 5723; baseline 0.011 -29"><span class='ocrx_word' id='word_1_807' title='bbox 506 5639 679 5710; x_wconf 65' lang='lat' dir='ltr'><strong>ptura:</strong></span> <span class='ocrx_word' id='word_1_808' title='bbox 705 5645 1037 5703; x_wconf 88' lang='lat' dir='ltr'><strong>tradiderunt</strong></span> <span class='ocrx_word' id='word_1_809' title='bbox 1068 5649 1360 5714; x_wconf 83' lang='lat' dir='ltr'><strong>Christum,</strong></span> <span class='ocrx_word' id='word_1_810' title='bbox 1394 5649 1538 5706; x_wconf 83' lang='lat' dir='ltr'><strong>illata</strong></span> <span class='ocrx_word' id='word_1_811' title='bbox 1565 5660 1647 5706; x_wconf 89' lang='lat' dir='ltr'><strong>est</strong></span> <span class='ocrx_word' id='word_1_812' title='bbox 1669 5652 1748 5708; x_wconf 88' lang='lat' dir='ltr'><strong>eis</strong></span> <span class='ocrx_word' id='word_1_813' title='bbox 1777 5653 2083 5723; x_wconf 88' lang='lat' dir='ltr'><strong>retributio,</strong></span> 
     </span>
    </p>
   </div>
   <div class='ocr_carea' id='block_1_105' title="bbox 507 5734 1354 5793">
    <p class='ocr_par' dir='ltr' id='par_1_105' title="bbox 507 5734 1354 5793">
     <span class='ocr_line' id='line_1_105' title="bbox 507 5734 1354 5793; baseline 0.009 -9"><span class='ocrx_word' id='word_1_814' title='bbox 507 5734 803 5791; x_wconf 64' lang='lat' dir='ltr'><strong>secundum</strong></span> <span class='ocrx_word' id='word_1_815' title='bbox 834 5737 1086 5790; x_wconf 85' lang='lat' dir='ltr'><strong>meritum</strong></span> <span class='ocrx_word' id='word_1_816' title='bbox 1122 5737 1354 5793; x_wconf 88' lang='lat' dir='ltr'><strong>illorum.</strong></span> 
     </span>
    </p>
   </div>
   <div class='ocr_carea' id='block_1_106' title="bbox 2197 4644 3781 4722">
    <p class='ocr_par' dir='ltr' id='par_1_106' title="bbox 2197 4644 3781 4722">
     <span class='ocr_line' id='line_1_106' title="bbox 2197 4644 3781 4722; baseline 0.009 -27"><span class='ocrx_word' id='word_1_817' title='bbox 2197 4657 2333 4712; x_wconf 89' lang='lat' dir='ltr'><strong>pene</strong></span> <span class='ocrx_word' id='word_1_818' title='bbox 2355 4644 2413 4697; x_wconf 87' lang='lat' dir='ltr'><strong>in</strong></span> <span class='ocrx_word' id='word_1_819' title='bbox 2437 4659 2628 4699; x_wconf 87' lang='lat' dir='ltr'><strong>omnes</strong></span> <span class='ocrx_word' id='word_1_820' title='bbox 2656 4654 2842 4715; x_wconf 88' lang='lat' dir='ltr'><strong>gentes</strong></span> <span class='ocrx_word' id='word_1_821' title='bbox 2868 4645 3219 4718; x_wconf 83' lang='lat' dir='ltr'><strong>Evangelium</strong></span> <span class='ocrx_word' id='word_1_822' title='bbox 3246 4664 3345 4719; x_wconf 89' lang='lat' dir='ltr'><strong>per</strong></span> <span class='ocrx_word' id='word_1_823' title='bbox 3372 4649 3498 4707; x_wconf 79' lang='lat' dir='ltr'><strong>illos</strong></span> <span class='ocrx_word' id='word_1_824' title='bbox 3526 4655 3781 4722; x_wconf 55' lang='lat' dir='ltr'><strong>pradica-</strong></span> 
     </span>
    </p>
   </div>
   <div class='ocr_carea' id='block_1_107' title="bbox 2200 4735 3777 4807">
    <p class='ocr_par' dir='ltr' id='par_1_107' title="bbox 2200 4735 3777 4807">
     <span class='ocr_line' id='line_1_107' title="bbox 2200 4735 3777 4807; baseline 0.007 -19"><span class='ocrx_word' id='word_1_825' title='bbox 2200 4742 2312 4788; x_wconf 92' lang='lat' dir='ltr'><strong>tum</strong></span> <span class='ocrx_word' id='word_1_826' title='bbox 2353 4735 2445 4800; x_wconf 90' lang='lat' dir='ltr'><strong>sit,</strong></span> <span class='ocrx_word' id='word_1_827' title='bbox 2471 4744 2671 4804; x_wconf 87' lang='lat' dir='ltr'><strong>quanto</strong></span> <span class='ocrx_word' id='word_1_828' title='bbox 2694 4737 2865 4807; x_wconf 85' lang='lat' dir='ltr'><strong>magis</strong></span> <span class='ocrx_word' id='word_1_829' title='bbox 2898 4738 3200 4807; x_wconf 88' lang='lat' dir='ltr'><strong>prodesset,</strong></span> <span class='ocrx_word' id='word_1_830' title='bbox 3232 4741 3278 4797; x_wconf 91' lang='lat' dir='ltr'><strong>si</strong></span> <span class='ocrx_word' id='word_1_831' title='bbox 3306 4756 3504 4797; x_wconf 87' lang='lat' dir='ltr'><strong>omnes</strong></span> <span class='ocrx_word' id='word_1_832' title='bbox 3524 4745 3777 4799; x_wconf 50' lang='lat' dir='ltr'><strong>credidit</strong></span> 
     </span>
    </p>
   </div>
   <div class='ocr_carea' id='block_1_108' title="bbox 2197 4825 3781 4906">
    <p class='ocr_par' dir='ltr' id='par_1_108' title="bbox 2197 4825 3781 4906">
     <span class='ocr_line' id='line_1_108' title="bbox 2197 4825 3781 4906; baseline 0.007 -26"><span class='ocrx_word' id='word_1_833' title='bbox 2197 4825 2354 4880; x_wconf 86' lang='lat' dir='ltr'><strong>sent?</strong></span> <span class='ocrx_word' id='word_1_834' title='bbox 2381 4826 2545 4880; x_wconf 81' lang='lat' dir='ltr'><strong>Multo</strong></span> <span class='ocrx_word' id='word_1_835' title='bbox 2586 4828 2755 4896; x_wconf 84' lang='lat' dir='ltr'><strong>magis</strong></span> <span class='ocrx_word' id='word_1_836' title='bbox 2786 4830 3086 4899; x_wconf 85' lang='lat' dir='ltr'><strong>prodesset,</strong></span> <span class='ocrx_word' id='word_1_837' title='bbox 3110 4832 3234 4901; x_wconf 88' lang='lat' dir='ltr'><strong>quia</strong></span> <span class='ocrx_word' id='word_1_838' title='bbox 3258 4848 3356 4903; x_wconf 88' lang='lat' dir='ltr'><strong>per</strong></span> <span class='ocrx_word' id='word_1_839' title='bbox 3376 4849 3580 4890; x_wconf 82' lang='lat' dir='ltr'><strong>onmes</strong></span> <span class='ocrx_word' id='word_1_840' title='bbox 3600 4847 3781 4906; x_wconf 76' lang='lat' dir='ltr'><strong>gentes</strong></span> 
     </span>
    </p>
   </div>
   <div class='ocr_carea' id='block_1_109' title="bbox 2184 4913 3775 4997">
    <p class='ocr_par' dir='ltr' id='par_1_109' title="bbox 2184 4913 3775 4997">
     <span class='ocr_line' id='line_1_109' title="bbox 2184 4913 3775 4997; baseline 0.009 -30"><span class='ocrx_word' id='word_1_841' title='bbox 2184 4913 2305 4985; x_wconf 75' lang='lat' dir='ltr'><strong>jam</strong></span> <span class='ocrx_word' id='word_1_842' title='bbox 2337 4924 2482 4970; x_wconf 88' lang='lat' dir='ltr'><strong>esset</strong></span> <span class='ocrx_word' id='word_1_843' title='bbox 2516 4915 2865 4987; x_wconf 72' lang='lat' dir='ltr'><strong>Evangelium</strong></span> <span class='ocrx_word' id='word_1_844' title='bbox 2903 4921 3255 4989; x_wconf 67' lang='lat' dir='ltr'><strong>praedicatum</strong></span> <span class='ocrx_word' id='word_1_845' title='bbox 3287 4924 3513 4980; x_wconf 83' lang='lat' dir='ltr'><strong>abillis.</strong></span> <span class='ocrx_word' id='word_1_846' title='bbox 3542 4926 3775 4997; x_wconf 73' lang='lat' dir='ltr'><strong>Apostoi</strong></span> 
     </span>
    </p>
   </div>
   <div class='ocr_carea' id='block_1_110' title="bbox 2201 5005 3779 5089">
    <p class='ocr_par' dir='ltr' id='par_1_110' title="bbox 2201 5005 3779 5089">
     <span class='ocr_line' id='line_1_110' title="bbox 2201 5005 3779 5089; baseline 0.009 -29"><span class='ocrx_word' id='word_1_847' title='bbox 2201 5005 2344 5077; x_wconf 87' lang='lat' dir='ltr'><strong>enim</strong></span> <span class='ocrx_word' id='word_1_848' title='bbox 2372 5006 2572 5077; x_wconf 86' lang='lat' dir='ltr'><strong>aliique</strong></span> <span class='ocrx_word' id='word_1_849' title='bbox 2599 5010 2884 5064; x_wconf 78' lang='lat' dir='ltr'><strong>credentes</strong></span> <span class='ocrx_word' id='word_1_850' title='bbox 2919 5026 2986 5066; x_wconf 80' lang='lat' dir='ltr'><strong>cx</strong></span> <span class='ocrx_word' id='word_1_851' title='bbox 3016 5011 3216 5069; x_wconf 70' lang='lat' dir='ltr'><strong>Judzeis</strong></span> <span class='ocrx_word' id='word_1_852' title='bbox 3243 5015 3446 5071; x_wconf 64' lang='lat' dir='ltr'><strong>divitiae</strong></span> <span class='ocrx_word' id='word_1_853' title='bbox 3490 5029 3623 5072; x_wconf 86' lang='lat' dir='ltr'><strong>sunt</strong></span> <span class='ocrx_word' id='word_1_854' title='bbox 3659 5035 3779 5089; x_wconf 74' lang='lat' dir='ltr'><strong>geu-</strong></span> 
     </span>
    </p>
   </div>
   <div class='ocr_carea' id='block_1_111' title="bbox 2202 5096 3775 5177">
    <p class='ocr_par' dir='ltr' id='par_1_111' title="bbox 2202 5096 3775 5177">
     <span class='ocr_line' id='line_1_111' title="bbox 2202 5096 3775 5177; baseline 0.009 -27"><span class='ocrx_word' id='word_1_855' title='bbox 2202 5096 2356 5160; x_wconf 91' lang='lat' dir='ltr'><strong>tium,</strong></span> <span class='ocrx_word' id='word_1_856' title='bbox 2380 5098 2505 5167; x_wconf 82' lang='lat' dir='ltr'><strong>quia</strong></span> <span class='ocrx_word' id='word_1_857' title='bbox 2530 5113 2626 5167; x_wconf 89' lang='lat' dir='ltr'><strong>per</strong></span> <span class='ocrx_word' id='word_1_858' title='bbox 2651 5098 2864 5155; x_wconf 89' lang='lat' dir='ltr'><strong>illorum</strong></span> <span class='ocrx_word' id='word_1_859' title='bbox 2890 5102 3250 5161; x_wconf 87' lang='lat' dir='ltr'><strong>ministerium</strong></span> <span class='ocrx_word' id='word_1_860' title='bbox 3272 5121 3603 5177; x_wconf 78' lang='lat' dir='ltr'><strong>acceperunt</strong></span> <span class='ocrx_word' id='word_1_861' title='bbox 3624 5110 3775 5164; x_wconf 66' lang='lat' dir='ltr'><strong>ﬁdem</strong></span> 
     </span>
    </p>
   </div>
   <div class='ocr_carea' id='block_1_112' title="bbox 2199 5188 3778 5264">
    <p class='ocr_par' dir='ltr' id='par_1_112' title="bbox 2199 5188 3778 5264">
     <span class='ocr_line' id='line_1_112' title="bbox 2199 5188 3778 5264; baseline 0.009 -24"><span class='ocrx_word' id='word_1_862' title='bbox 2199 5188 2667 5260; x_wconf 87' lang='lat' dir='ltr'><strong>cognitionemque</strong></span> <span class='ocrx_word' id='word_1_863' title='bbox 2695 5191 2997 5246; x_wconf 83' lang='lat' dir='ltr'><strong>divinarum</strong></span> <span class='ocrx_word' id='word_1_864' title='bbox 3029 5193 3453 5264; x_wconf 87' lang='lat' dir='ltr'><strong>Scripturarum,</strong></span> <span class='ocrx_word' id='word_1_865' title='bbox 3478 5199 3574 5252; x_wconf 88' lang='lat' dir='ltr'><strong>ubi</strong></span> <span class='ocrx_word' id='word_1_866' title='bbox 3595 5202 3778 5253; x_wconf 79' lang='lat' dir='ltr'><strong>notitia</strong></span> 
     </span>
    </p>
   </div>
   <div class='ocr_carea' id='block_1_113' title="bbox 2198 5280 3777 5361">
    <p class='ocr_par' dir='ltr' id='par_1_113' title="bbox 2198 5280 3777 5361">
     <span class='ocr_line' id='line_1_113' title="bbox 2198 5280 3777 5361; baseline 0.007 -26"><span class='ocrx_word' id='word_1_867' title='bbox 2198 5280 2292 5336; x_wconf 90' lang='lat' dir='ltr'><strong>Dei</strong></span> <span class='ocrx_word' id='word_1_868' title='bbox 2309 5291 2422 5348; x_wconf 86' lang='lat' dir='ltr'><strong>est;</strong></span> <span class='ocrx_word' id='word_1_869' title='bbox 2444 5291 2498 5343; x_wconf 87' lang='lat' dir='ltr'><strong>et</strong></span> <span class='ocrx_word' id='word_1_870' title='bbox 2519 5284 2620 5354; x_wconf 88' lang='lat' dir='ltr'><strong>ipsi</strong></span> <span class='ocrx_word' id='word_1_871' title='bbox 2640 5285 3028 5340; x_wconf 83' lang='lat' dir='ltr'><strong>ordinaverunt</strong></span> <span class='ocrx_word' id='word_1_872' title='bbox 3047 5287 3294 5357; x_wconf 86' lang='lat' dir='ltr'><strong>gentibus</strong></span> <span class='ocrx_word' id='word_1_873' title='bbox 3307 5291 3619 5359; x_wconf 84' lang='lat' dir='ltr'><strong>episcopos,</strong></span> <span class='ocrx_word' id='word_1_874' title='bbox 3638 5307 3777 5361; x_wconf 59' lang='grc' dir='ltr'><strong>επεν</strong></span> 
     </span>
    </p>
   </div>
   <div class='ocr_carea' id='block_1_114' title="bbox 2198 5375 3775 5447">
    <p class='ocr_par' dir='ltr' id='par_1_114' title="bbox 2198 5375 3775 5447">
     <span class='ocr_line' id='line_1_114' title="bbox 2198 5375 3775 5447; baseline 0.004 -17"><span class='ocrx_word' id='word_1_875' title='bbox 2198 5375 2438 5447; x_wconf 82' lang='lat' dir='ltr'><strong>byteros,</strong></span> <span class='ocrx_word' id='word_1_876' title='bbox 2468 5377 2744 5445; x_wconf 86' lang='lat' dir='ltr'><strong>diaconos,</strong></span> <span class='ocrx_word' id='word_1_877' title='bbox 2770 5388 2822 5433; x_wconf 91' lang='lat' dir='ltr'><strong>et</strong></span> <span class='ocrx_word' id='word_1_878' title='bbox 2849 5389 3076 5435; x_wconf 66' lang='lat' dir='ltr'><strong>caeteros</strong></span> <span class='ocrx_word' id='word_1_879' title='bbox 3106 5381 3326 5437; x_wconf 84' lang='lat' dir='ltr'><strong>ordines</strong></span> <span class='ocrx_word' id='word_1_880' title='bbox 3356 5383 3775 5445; x_wconf 78' lang='lat' dir='ltr'><strong>ecclesiasticos,</strong></span> 
     </span>
    </p>
   </div>
   <div class='ocr_carea' id='block_1_115' title="bbox 2195 5468 3775 5545">
    <p class='ocr_par' dir='ltr' id='par_1_115' title="bbox 2195 5468 3775 5545">
     <span class='ocr_line' id='line_1_115' title="bbox 2195 5468 3775 5545; baseline 0.004 -25"><span class='ocrx_word' id='word_1_881' title='bbox 2195 5476 2271 5541; x_wconf 85' lang='lat' dir='ltr'><strong>et,</strong></span> <span class='ocrx_word' id='word_1_882' title='bbox 2295 5477 2353 5521; x_wconf 91' lang='lat' dir='ltr'><strong>ut</strong></span> <span class='ocrx_word' id='word_1_883' title='bbox 2378 5468 2611 5538; x_wconf 88' lang='lat' dir='ltr'><strong>amplius</strong></span> <span class='ocrx_word' id='word_1_884' title='bbox 2638 5469 2834 5532; x_wconf 83' lang='lat' dir='ltr'><strong>dicam,</strong></span> <span class='ocrx_word' id='word_1_885' title='bbox 2856 5470 3117 5540; x_wconf 89' lang='lat' dir='ltr'><strong>quidquid</strong></span> <span class='ocrx_word' id='word_1_886' title='bbox 3138 5473 3267 5527; x_wconf 88' lang='lat' dir='ltr'><strong>boni</strong></span> <span class='ocrx_word' id='word_1_887' title='bbox 3290 5472 3559 5528; x_wconf 76' lang='lat' dir='ltr'><strong>habemus</strong></span> <span class='ocrx_word' id='word_1_888' title='bbox 3587 5474 3775 5545; x_wconf 76' lang='lat' dir='ltr'><strong>(gratia</strong></span> 
     </span>
    </p>
   </div>
   <div class='ocr_carea' id='block_1_116' title="bbox 2194 5558 3771 5634">
    <p class='ocr_par' dir='ltr' id='par_1_116' title="bbox 2194 5558 3771 5634">
     <span class='ocr_line' id='line_1_116' title="bbox 2194 5558 3771 5634; baseline 0.003 -22"><span class='ocrx_word' id='word_1_889' title='bbox 2194 5558 2286 5612; x_wconf 89' lang='lat' dir='ltr'><strong>Dei</strong></span> <span class='ocrx_word' id='word_1_890' title='bbox 2309 5567 2634 5627; x_wconf 74' lang='lat' dir='ltr'><strong>cooperante</strong></span> <span class='ocrx_word' id='word_1_891' title='bbox 2656 5576 2720 5613; x_wconf 86' lang='lat' dir='ltr'><strong>ac</strong></span> <span class='ocrx_word' id='word_1_892' title='bbox 2739 5559 3022 5634; x_wconf 84' lang='lat' dir='ltr'><strong>largiente)</strong></span> <span class='ocrx_word' id='word_1_893' title='bbox 3046 5578 3144 5630; x_wconf 87' lang='lat' dir='ltr'><strong>per</strong></span> <span class='ocrx_word' id='word_1_894' title='bbox 3168 5562 3384 5618; x_wconf 80' lang='lat' dir='ltr'><strong>illorum</strong></span> <span class='ocrx_word' id='word_1_895' title='bbox 3415 5564 3771 5621; x_wconf 74' lang='lat' dir='ltr'><strong>ministerium</strong></span> 
     </span>
    </p>
   </div>
   <div class='ocr_carea' id='block_1_117' title="bbox 2192 5649 2523 5717">
    <p class='ocr_par' dir='ltr' id='par_1_117' title="bbox 2192 5649 2523 5717">
     <span class='ocr_line' id='line_1_117' title="bbox 2192 5649 2523 5717; baseline 0.006 -16"><span class='ocrx_word' id='word_1_896' title='bbox 2192 5649 2523 5717; x_wconf 88' lang='lat' dir='ltr'><strong>accepimus.</strong></span> 
     </span>
    </p>
   </div>
   <div class='ocr_carea' id='block_1_118' title="bbox 2268 5739 3773 5818">
    <p class='ocr_par' dir='ltr' id='par_1_118' title="bbox 2268 5739 3773 5818">
     <span class='ocr_line' id='line_1_118' title="bbox 2268 5739 3773 5818; baseline 0.005 -25"><span class='ocrx_word' id='word_1_897' title='bbox 2268 5739 2422 5794; x_wconf 73' lang='lat' dir='ltr'><strong>Vobis</strong></span> <span class='ocrx_word' id='word_1_898' title='bbox 2441 5742 2577 5798; x_wconf 78' lang='lat' dir='ltr'><strong>enim</strong></span> <span class='ocrx_word' id='word_1_899' title='bbox 2609 5741 2723 5796; x_wconf 85' lang='lat' dir='ltr'><strong>dico</strong></span> <span class='ocrx_word' id='word_1_900' title='bbox 2745 5744 2979 5812; x_wconf 83' lang='lat' dir='ltr'><strong>gentibus</strong></span> <span class='ocrx_word' id='word_1_901' title='bbox 2997 5762 3015 5800; x_wconf 84' lang='lat'><strong>.&#39;</strong></span> <span class='ocrx_word' id='word_1_902' title='bbox 3033 5744 3281 5811; x_wconf 81' lang='lat' dir='ltr'><strong>Quandiu</strong></span> <span class='ocrx_word' id='word_1_903' title='bbox 3308 5746 3517 5817; x_wconf 69' lang='lat' dir='ltr'><strong>quidem</strong></span> <span class='ocrx_word' id='word_1_904' title='bbox 3539 5764 3634 5818; x_wconf 77' lang='lat' dir='ltr'><strong>ego</strong></span> <span class='ocrx_word' id='word_1_905' title='bbox 3653 5762 3773 5801; x_wconf 72' lang='lat' dir='ltr'><strong>sunt</strong></span> 
     </span>
    </p>
   </div>
  </div>
