3936 6440
161 399 262 456 481

881 392 1247 451 EXPOS‘ITIO
1282 390 1350 447 IN
1386 391 1536 447 EPP.
1581 390 1639 446 S.
1676 388 1908 447 PAULI.
1950 416 2019 429 σ-
2056 388 2122 444 ΙΝ
2160 388 2379 447 EPIST.
2421 391 2512 448 AD
2548 390 2713 449 80M.

3320 388 3430 461 iss

159 511 396 582 gentium
425 502 716 578 apostolus,
758 506 1103 561 ministerium
1146 520 1323 559 meum
1371 498 1745 570 honori/iraira.
1778 506 1823 563 Α
1853 513 1916 553 ex
1960 498 2224 557 fermento
2250 499 2422 557 farina
2452 502 2804 574 dignoscitur.
2836 502 2937 558 llic.
2962 512 3142 559 autem
3171 502 3430 573 delibatio

160 600 302 656 Cum
332 596 510 654 ceteri
539 594 766 668 apostoli
805 594 1031 667 singulis
1064 596 1120 650 in
1156 593 1290 649 locis
1323 584 1425 648 sibi
1459 590 1744 647 destinatis

161 687 574 760 pradicassent,
604 684 802 741 Paulus
822 685 1098 754 apostolus
1129 698 1267 755 pene
1294 682 1545 738 omnibus
1573 680 1743 753 genti-

165 783 277 839 Βιι
298 779 635 852 pradicavit,
666 779 792 849 quia
833 793 864 832 a
894 778 1123 832 Domino
1150 775 1354 832 audivit
1381 792 1396 827 :
1430 773 1605 844 Longe
1625 773 1745 827 mit-

163 882 278 928 tam
306 883 356 927 te
378 872 453 926 ad
478 881 657 944 gentes
688 871 827 941 (Aet.
858 870 1016 941 xm).
1046 870 1161 938 Qua
1190 870 1256 924 de
1290 883 1454 924 causa
1480 868 1592 937 ipse
1620 878 1748 936 pro-

161 967 287 1038 prie
311 966 599 1037 Apostolus
619 966 825 1020 exstitit
849 965 1111 1036 gentimn,
1143 965 1286 1020 sicut
1311 963 1417 1019 alio
1440 963 1559 1018 loco
1581 966 1747 1017 testa-

162 1067 282 1125 tur,
321 1060 509 1115 dicens
538 1076 552 1112 :
587 1057 695 1124 Qui
725 1067 967 1128 operatus
1003 1067 1079 1111 est
1118 1054 1275 1111 Petro
1314 1056 1371 1109 in
1399 1053 1748 1125 apostolatum

162 1148 605 1212 circumcisionis,
624 1156 865 1218 operatus
877 1156 950 1201 est
964 1156 1011 1201 et
1025 1147 1151 1199 mihi
1166 1146 1301 1199 inter
1311 1155 1479 1215 gentes
1490 1141 1559 1214 ‘(G
1565 1143 1636 1197 al.
1652 1143 1716 1212 ιι)
1731 1158 1747 1208 ;

164 1242 277 1297 hoc
296 1248 381 1296 est
407 1258 419 1294 :
444 1241 537 1309 qui
560 1239 778 1294 Petrum
805 1239 1078 1293 constituit
1100 1237 1395 1306 principem
1416 1234 1748 1297 Iudaeorum,

162 1346 259 1387 me
281 1332 444 1386 etiam
473 1329 753 1385 constituit
778 1339 838 1382 ut
862 1329 960 1382 sim
985 1327 1233 1397 princeps
1258 1334 1313 1380 et
1342 1323 1615 1394 apostolus
1630 1336 1751 1377 om-

165 1425 320 1478 nium
344 1420 606 1493 gentium.
630 1421 772 1475 Bene
792 1426 973 1474 autem
996 1418 1128 1472 dicit
1153 1437 1167 1471 :
1193 1416 1549 1471 Ministerium
1573 1426 1750 1468 meum

166 1512 562 1576 honoriﬁcabo,
594 1511 647 1566 id
675 1519 759 1565 est
781 1509 1220 1578 pnedicatiouem
1258 1507 1313 1561 in
1357 1520 1492 1575 opus
1520 1511 1748 1558 vertam.

165 1603 325 1657 Tunc
351 1600 897 1671 etenim'prazdicator
925 1598 1280 1653 ministerium
1304 1609 1461 1650 suum
1490 1590 1750 1647 honoriﬁ-

163 1701 279 1758 cat,
329 1691 545 1761 quando
583 1691 876 1746 secundum
920 1690 1050 1746 illud
1088 1691 1231 1758 quod
1279 1686 1535 1757 praedicat
1576 1684 1755 1739 vivere

165 1784 372 1849 studet,
403 1793 464 1838 ut
491 1784 636 1854 quod
672 1784 930 1853 praedicat
962 1797 1059 1838 ore
1080 1822 1097 1846 ,
1126 1783 1352 1836 honoret
1386 1791 1440 1836 et
1472 1778 1756 1834 conﬁrmet

1843 597 2063 645 sanctos
2101 588 2372 658 signiﬁcat
2406 594 2696 662 apostolos,
2729 609 2908 649 massa
2943 609 3073 650 vero
3094 603 3280 666 patres
3304 611 3429 663 san-

1844 687 1984 743 ctos,
2019 676 2314 743 Abraham,
2347 679 2515 745 Isaac,
2546 681 2732 747 Jacob,
2767 683 2968 749 David,
2994 684 3206 749 Isaiam,
3246 694 3303 744 et
3337 703 3427 749 re-

1845 767 2041 838 liquos,
2088 782 2155 823 ex
2205 783 2433 839 quorum
2464 774 2721 841 progenie
2759 776 2985 844 apostoli
3013 778 3429 852 descenderunt.

1845 858 1987 929 Ergo
2018 858 2062 913 si
2092 859 2317 929 apostoli
2349 862 2551 924 sancti,
2583 873 2637 917 et
2668 873 2846 934 patres
2870 882 3098 935 quorum
3127 868 3286 924 ﬁdem
3329 870 3432 940 ipsi

1846 948 2070 1017 apostoli
2101 949 2335 1004 assecuti
2358 958 2412 1005 et
2441 951 2632 1005 imitati
2665 962 2808 1018 sunt,
2840 958 3015 1011 sancti
3050 957 3286 1026 fuerunt,
3337 975 3435 1031 po-

1850 1042 1952 1092 test
1976 1046 2029 1092 et
2057 1048 2386 1109 praepostero
2422 1040 2612 1096 ordine
2646 1058 2750 1097 non
2777 1044 3241 1104 iuconveuientius
3281 1049 3431 1105 dici:

1849 1129 1894 1182 si
1938 1144 2115 1185 massa
2165 1139 2352 1184 sancta
2390 1131 2445 1185 in
2474 1134 2740 1200 patrihus,
2770 1148 2898 1204 ergo
2919 1144 2973 1189 et
2995 1122 3248 1192 delihatio
3283 1122 3433 1194 simi-

1851 1218 1976 1297 liter
2009 1230 2198 1275 sancta
2229 1220 2282 1274 in
2309 1221 2565 1290 apostolis
2590 1225 2908 1293 czeterisque
2932 1225 3295 1295 credentibus,
3322 1212 3433 1305 qui

1850 1290 2010 1365 ﬁdem
2038 1319 2250 1381 patrum
2281 1312 2551 1368 veraciter
2574 1315 2896 1370 habuerunt.
2941 1316 3007 1371 Et
3044 1318 3089 1370 si
3126 1318 3279 1373 radix
3304 1290 3431 1399 eari-

1848 1412 1953 1464 cta,
1999 1414 2046 1457 et
2085 1404 2237 1457 rami.
2278 1390 2512 1473 lilipsum
2561 1406 2792 1476 appellat
2833 1408 2990 1463 modo
3023 1409 3258 1464 radicem
3289 1394 3435 1481 quod

1853 1493 2103 1562 superius
2152 1509 2432 1549 massam:
2472 1504 2526 1549 et
2575 1496 2717 1551 idem
2769 1497 3077 1567 signiﬁcant
3118 1498 3255 1553 rami
3292 1502 3436 1579 quod

1852 1584 2129 1640 delibatio.
2175 1585 2365 1641 Patres
2401 1586 2648 1641 videlicet
2688 1587 2898 1642 Veteris
2925 1587 3261 1645 Testamenti
3309 1601 3438 1667 sunt

1851 1688 2030 1727 massa
2061 1682 2116 1727 et
2142 1674 2315 1738 radix,
2348 1675 2470 1744 quia
2497 1676 2561 1731 de
2589 1676 2799 1731 illorum
2830 1680 3081 1749 prosapia
3105 1690 3317 1752 sumpta
3355 1690 3440 1739 est

1855 1765 2109 1820 dclibatio
2132 1773 2187 1821 et
2208 1760 2590 1836 processerunt
2621 1769 2778 1833 rami,
2810 1769 2860 1823 id
2887 1778 2972 1823 est
2994 1772 3243 1841 apostoli.
3287 1771 3440 1830 Sicut

165 1876 318 1931 bono
347 1874 595 1944 exemplo
634 1874 897 1943 bonisque
935 1873 1205 1943 operibus.
1259 1872 1432 1926 Aliter
1464 1889 1477 1925 :
1513 1869 1753 1924 Ministe-
1779 1879 1828 1938 Β
1854 1869 1983 1953 ειςξο
2010 1855 2163 1953 radit
2192 1856 2330 1911 bona
2364 1856 2566 1953 bonum
2601 1874 2820 1953 succum
2849 1860 3096 1918 diffundil
3123 1879 3220 1935 Per
3261 1883 3441 1953 ramos

168 1962 315 2016 rium
340 1976 516 2015 meum
543 1960 931 2023 honoriﬁcabe,
956 1959 1060 2016 hoc
1081 1967 1164 2014 est
1188 1977 1201 2013 :
1226 1960 1453 2030 gratiam
1479 1957 1757 2028 Evangelii

169 2065 286 2106 non
314 2050 483 2106 solum
512 2050 783 2121 gentibus,
816 2050 1010 2118 quibus
1056 2048 1329 2119 delegatus
1376 2063 1494 2103 sum
1537 2056 1755 2117 apostoo

169 2142 285 2207 lus,
307 2143 629 2212 praedicabo,
665 2141 760 2196 sed
797 2141 961 2197 etiam
998 2139 1197 2196 .lndreis
1233 2139 1494 2210 impertiri
1529 2140 1750 2194 curabo.

166 2233 361 2303 Honor
404 2233 786 2303 magistrorum
846 2233 1211 2288 numerositas
1265 2240 1352 2287 est
1393 2230 1754 2309 auditorum:

164 2320 236 2378 Si
251 2340 352 2394 quo
376 2324 531 2377 modo
552 2323 621 2378 ad
637 2323 1019 2379 cumulationem
1043 2341 1311 2394 provocem
1335 2340 1544 2379 carnem
1565 2340 1753 2390 meam,

160 2424 217 2468 et
248 2415 415 2469 salvos
443 2408 636 2485 faciam
662 2416 864 2488 aliquos
886 2434 949 2471 ex
972 2417 1098 2471 illis.
1125 2416 1179 2471 Si
1202 2433 1308 2488 quo
1326 2419 1485 2473 modo
1506 2418 1575 2472 ad
1592 2433 1758 2472 aemu-

162 2503 426 2559 lationem
471 2520 758 2574 provocem
789 2521 1028 2572 carnem,
1060 2508 1163 2563 hoc
1190 2518 1276 2564 est
1315 2527 1328 2562 :
1362 2509 1563 2563 idcirco
1592 2508 1753 2562 mini-

159 2595 396 2649 sterium
421 2610 597 2650 meum
626 2596 1014 2662 honoriﬁcabo,
1055 2606 1113 2653 ut
1140 2598 1322 2669 aliquo
1349 2599 1510 2655 modo
1536 2599 1604 2661 ad
1637 2600 1757 2654 imi-

159 2685 393 2739 tandum
436 2700 523 2739 me
562 2701 849 2754 provocem
895 2686 1110 2743 Judteos
1166 2702 1233 2742 ex
1291 2687 1486 2757 quibus
1535 2703 1754 2745 carnem

156 2773 400 2842 sumpsi,
439 2782 494 2829 et
534 2789 621 2829 me
650 2774 909 2829 imitando
937 2776 1230 2843 salventur,
1257 2778 1400 2833 sicut
1425 2786 1482 2832 et
1514 2792 1615 2849 ego
1643 2779 1754 2834 sal-

156 2878 275 2919 vus
300 2862 521 2919 cﬁ‘ectus
550 2880 689 2929 sum,
716 2865 817 2920 etsi
846 2881 953 2921 nou
981 2882 1192 2931 omnes,
1224 2868 1416 2923 saltem
1443 2869 1524 2923 vel
1552 2884 1753 2939 paucos

156 2971 244 3013 ex
269 2956 351 3012 eis
378 2958 555 3013 salvos
579 2957 796 3014 faciam.

244 3048 305 3104 Si
322 3051 457 3104 enim
478 3051 691 3105 amissio
709 3068 889 3105 eorum
930 3052 1282 3108 reconciliatio
1301 3064 1374 3109 est
1397 3055 1613 3110 mundi:
1635 3071 1753 3126 qua:

152 3144 482 3211 assuntptia,
514 3142 772 3198 subaudis
804 3144 926 3209 erit,
961 3145 1065 3199 nisi
1097 3144 1202 3199 vita
1238 3162 1302 3200 ea:
1331 3148 1593 3201 mortuis?
1618 3146 1753 3203 Sen-

1859 1945 1951 2000 ubi
1978 1956 2101 2000 sunt
2129 1946 2335 2003 fructus
2364 1949 2490 2003 boni
2526 1950 2753 2020 saporis,
2779 1952 2853 2005 ita
2888 1955 3138 2022 apostoli,
3166 1958 3254 2027 qui
3279 1945 3440 2030 origi-

1858 2052 1982 2092 nem
2027 2037 2295 2093 duxerunt
2342 2055 2371 2093 a
2420 2041 2624 2095 sanctis
2665 2043 2910 2111 patribus
2947 2054 3003 2100 et
3042 2061 3230 2101 eorum
3278 2048 3438 2104 ﬁdem

1859 2125 2053 2181 imitati
2083 2137 2228 2193 sunt,
2262 2129 2432 2183 sancti
2454 2139 2511 2184 et
2536 2128 2658 2185 boni
2691 2130 2924 2186 fuerunt.
2961 2132 3077 2188 Jam
3108 2138 3357 2206 superius
3386 2139 3438 2194 in

1858 2215 1961 2271 hac
1984 2217 2221 2287 Epistola
2247 2218 2474 2273 alteram
2501 2236 2732 2276 massam
2755 2234 3149 2296 posuerat,qna
3177 2228 3441 2297 signiﬁca-

1857 2314 1946 2361 tur
1966 2309 2270 2365 mortalitas
2289 2318 2343 2365 et
2369 2321 2649 2380 peccatum
2671 2313 2819 2379 Adae,
2843 2322 2898 2370 et
2920 2331 2985 2370 ex
3009 2333 3111 2386 qua
3134 2317 3270 2373 ﬁunt
3291 2336 3438 2391 quae-

1856 2401 1981 2456 dam
2005 2418 2132 2458 vasa
2156 2404 2209 2458 in
2232 2405 2493 2461 honorem
2518 2424 2617 2477 per
2638 2408 3061 2467 misericordiam
3083 2415 3268 2484 gratia:
3302 2415 3394 2472 Dei
3423 2436 3438 2472 :

1856 2495 2101 2565 quaedam
2135 2495 2427 2566 verojnsto
2456 2500 2549 2555 Dei
2578 2500 2781 2570 judicio
2810 2503 2862 2556 in
2897 2505 3299 2561 contumeliam.
3340 2507 3440 2564 Hic

1855 2601 1987 2641 vero
2017 2603 2192 2642 massa
2221 2588 2273 2644 in
2304 2589 2446 2645 bono
2469 2591 2748 2662 accipitur.
2786 2593 2971 2650 Potest
2995 2606 3047 2651 et
3080 2613 3177 2668 per
3198 2600 3437 2656 radicem

1856 2678 2078 2750 intelligi
2110 2679 2379 2746 Christus,
2409 2694 2509 2752 per
2541 2698 2719 2738 ramos
2747 2694 2929 2740 autem
2974 2688 3201 2758 apostoli
3236 2690 3438 2761 aliique

1855 2771 2137 2826 credentes
2169 2789 2182 2825 :
2214 2772 2361 2842 quia,
2403 2774 2543 2828 sicut
2578 2790 2610 2828 a
2642 2776 2824 2831 radice
2847 2778 3116 2833 emittitur
3155 2795 3347 2837 succus
3380 2781 3436 2838 in

1854 2876 2037 2916 ramos
2064 2870 2120 2916 ut
2149 2864 2354 2929 vivant,
2388 2864 2460 2919 ita
2491 2873 2546 2921 et
2575 2867 2627 2921 in
2658 2867 2874 2924 Christo
2903 2870 3087 2926 vivunt
3106 2876 3292 2931 omnes
3313 2870 3435 2933 ere-
3488 2862 3493 2867 ’

1854 2953 2062 3014 dentes,
2104 2953 2173 3008 ab
2213 2954 2303 3009 illo
2341 2970 2503 3012 omne
2544 2958 2744 3014 bonum
2788 2962 3148 3032 accipientes,
3188 2967 3343 3039 cujus
3379 2978 3438 3026 et

1852 3043 2096 3100 membra
2139 3054 2283 3100 sunt.

1927 3151 2080 3219 Quod
2108 3156 2154 3209 si
2188 3155 2352 3228 aliqui
2385 3174 2448 3211 ex
2476 3160 2635 3215 ramis
2663 3149 2820 3231 fracti
2863 3174 2985 3218 sunt
3026 3165 3083 3221 in
3118 3166 3436 3229 inﬁdelitate

153 3248 269 3290 sus
299 3232 600 3303 huiusmodi
624 3242 744 3289 est:
774 3233 832 3290 Si
858 3236 1081 3291 amissio
1101 3234 1429 3305 Iudaeorum,
1466 3254 1570 3309 qua
1597 3240 1751 3296 dere-
1775 3237 1823 3301 C
1854 3246 2203 3313 remanendo,
2238 3257 2293 3302 tu
2322 3258 2495 3303 autem
2517 3267 2635 3305 cum
2663 3252 2886 3309 oleaster
2917 3273 3074 3323 esses,
3115 3268 3258 3318 totus
3286 3250 3433 3320 scili—

153 3324 288 3380 licti
331 3332 458 3380 sunt
483 3340 513 3379 a
541 3324 655 3379 Deo
690 3336 913 3396 propter
950 3326 1341 3395 inﬁdelitatem,
1382 3331 1622 3399 gentium
1668 3345 1753 3386 re-

151 3415 482 3472 conciliatio
514 3414 635 3482 l'uit,
687 3416 884 3485 quibus
927 3418 1070 3475 Deus
1117 3428 1245 3475 ante
1302 3421 1591 3477 adventum
1629 3422 1753 3480 Filii

152 3505 260 3562 sui
289 3505 685 3575 quodammodo
707 3507 883 3563 iratus
920 3517 1058 3574 erat,
1096 3519 1301 3579 quanto
1340 3513 1512 3582 magis
1542 3528 1754 3569 assum-

153 3594 288 3668 ptio
308 3595 540 3661 illorum,
564 3610 668 3666 qua
691 3608 1038 3654 assumuntur
1055 3601 1122 3655 ad
1147 3600 1330 3667 ﬁdem,
1352 3605 1631 3673 prtestabit
1646 3605 1753 3660 ele-

156 3686 279 3743 ctis
306 3687 472 3743 vitam
510 3703 577 3743 ex
608 3689 872 3745 mortuis?
909 3689 1106 3746 Statim
1128 3694 1274 3748 enim
1301 3703 1359 3749 ut
1387 3695 1459 3750 illi
1490 3698 1755 3767 coeperint

156 3780 357 3836 vivere
394 3779 505 3835 Deo
536 3796 637 3851 per
664 3781 847 3849 ﬁdem,
877 3784 968 3853 qui
1005 3793 1162 3840 antea
1181 3788 1382 3842 mortui
1408 3797 1565 3843 erant
1586 3790 1642 3843 in
1674 3790 1754 3845 in-

158 3869 452 3934 ﬁdelitate,
478 3871 691 3925 advenit
716 3872 830 3927 dies
848 3871 1058 3941 judicii,
1085 3883 1139 3929 et
1164 3884 1446 3946 acsurgent
1472 3892 1663 3933 omnes
1689 3877 1755 3935 de

159 3959 396 4031 pulvere
418 3969 609 4024 terrae,
638 3960 928 4035 viventque
952 3978 1139 4019 omnes
1159 3965 1313 4020 electi
1344 3968 1396 4021 in
1418 3969 1526 4021 vita
1554 3977 1755 4023 πίει-ηε

161 4062 393 4116 semper
425 4062 548 4101 cum
587 4046 825 4103 Christo.
876 4049 1082 4105 Proluit
1103 4053 1305 4108 etenim
1331 4055 1579 4124 gentibus
1603 4057 1671 4110 ad
1692 4056 1755 4112 ﬁ-

167 4137 302 4192 dem
335 4136 555 4191 amissio
585 4152 793 4202 corum,
825 4140 1066 4208 proderit
1085 4150 1142 4195 et
1160 4144 1474 4214 assumptio,
1499 4145 1755 4214 quoniam

162 4227 288 4283 vita
322 4236 526 4283 aeterna
557 4230 773 4285 dabitur
807 4231 995 4288 electis
1025 4248 1091 4288 ex
1126 4235 1374 4290 mortuis.
1411 4236 1534 4291 Alio
1573 4240 1752 4305 modo,

162 4321 558 4389 assumptionis
588 4322 804 4379 nomine
830 4324 1058 4394 apostoli
1098 4335 1325 4395 possunt
1360 4328 1618 4400 intelligi,
1661 4331 1754 4401 qui

162 4411 423 4469 ﬁdelibus
459 4413 710 4483 gentibus
740 4414 849 4469 vita
880 4416 1223 4473 exstiterunt.
1265 4418 1413 4486 Quas,
1443 4421 1637 4492 inquit,
1666 4438 1755 4485 as-

164 4502 413 4574 sumptio
433 4513 535 4568 est,
560 4505 664 4560 nisi
693 4505 800 4561 vita
827 4523 893 4561 ex
924 4509 1186 4565 mortuis?
1214 4510 1268 4566 id
1295 4521 1381 4567 est
1404 4529 1420 4567 :
1450 4514 1579 4583 quid
1607 4513 1753 4570 aliud

162 4604 301 4652 sunt
334 4596 595 4666 assumpti
625 4605 683 4653 et
719 4598 874 4654 electi
904 4615 934 4655 a
966 4600 1077 4656 Deo
1103 4616 1169 4656 ex
1200 4603 1387 4659 eadem
1410 4604 1588 4674 plebe,
1616 4606 1755 4663 sicut
1779 4589 1833 4651 Ῑ)
1858 4608 2049 4675 stolas,
2069 4620 2124 4666 et
2145 4610 2383 4684 loquitur
2401 4618 2649 4675 omnibus
2669 4624 2820 4693 quasi
2854 4627 2963 4681 nni.
3006 4589 3206 4689 Rainos
3232 4589 3437 4694 fracti;
3469 4612 3473 4622 ε
3577 4670 3592 4682 -

164 4702 274 4715 Δρ...
305 4695 354 4715 Α.
402 4688 587 4715 “nam...
630 4699 675 4715 Α·
719 4691 906 4715 -..ιε-.-ε
954 4694 1231 4715 -._-.I-__.__
1329 4698 1407 4715 ων·
1627 4702 1661 4715 ,ι
1865 4697 1881 4715 l
1923 4709 1936 4715 -
1980 4701 2012 4715 ιο
2058 4703 2070 4715 .
2203 4705 2212 4715 .
2379 4706 2411 4715 ..
2494 4705 2518 4715 ρ
2576 4711 2589 4715 -
2916 4714 2919 4715 ,
3174 4708 3177 4713 .
3394 4702 3400 4715 ι

160 4702 276 4759 ego
303 4695 359 4742 et
398 4688 590 4745 Petrus
627 4699 682 4745 et
716 4691 907 4762 reliqui
946 4694 1269 4761 credentes,
1317 4698 1410 4768 qui
1451 4714 1548 4755 vos
1590 4702 1753 4757 etiam

160 4779 568 4847 assumpsimus
605 4780 674 4835 ad
712 4781 871 4837 ﬁdem
907 4782 1128 4850 Christi,
1167 4787 1410 4842 viventes
1453 4803 1550 4858 per
1587 4791 1753 4848 vitam

160 4866 373 4923 Christi
408 4884 472 4923 ex
515 4871 743 4926 mortuis
770 4869 970 4928 Iudaeis
1008 4874 1354 4931 inﬁdelibus?
1394 4876 1451 4933 Si
1480 4879 1625 4935 enim
1676 4881 1752 4937 illi

161 4972 273 5013 sua
307 4969 481 5016 morte
505 4959 840 5018 inﬁdelitatis
867 4964 1357 5022 reconciliationem
1383 4971 1753 5038 praestiterunt

162 5046 396 5114 mundo,
426 5064 524 5104 nos
543 5050 633 5120 qui
665 5051 720 5105 in
748 5051 1063 5110 inﬁdelitate
1092 5057 1286 5112 mortui
1312 5075 1417 5114 non
1446 5076 1654 5129 sumus,
1681 5062 1751 5119 ad

162 5136 343 5192 vitam
377 5138 603 5194 aliorum
632 5143 784 5210 quasi
812 5143 918 5199 vivi
945 5160 1010 5199 ex
1039 5148 1266 5204 mortuis
1302 5151 1501 5205 servati
1540 5166 1744 5209 sumus.

248 5223 402 5290 Quod
438 5229 486 5283 si
528 5230 777 5286 delibatio
825 5244 1009 5288 sancta
1046 5246 1123 5290 est
1164 5247 1213 5291 et
1249 5254 1445 5294 massa.
1484 5240 1748 5299 Delibatio

165 5323 262 5370 est
300 5316 600 5387 degustatio
636 5322 904 5390 quaedam,
939 5325 1054 5380 sive
1094 5327 1346 5397 primitiae
1381 5329 1607 5400 alicujus
1648 5332 1746 5387 rei.

168 5403 344 5462 Verbi
384 5408 560 5477 gratia
589 5427 603 5463 :
636 5414 849 5480 quando
876 5418 1138 5486 particula
1174 5421 1439 5491 accipitur
1475 5438 1540 5478 ex
1572 5439 1750 5483 ntassa

168 5513 483 5568 conspersae
516 5499 723 5567 farinae,
759 5514 814 5559 et
850 5517 1214 5579 prmgustatur
1250 5512 1404 5581 cujus
1441 5516 1650 5583 saporis
1683 5516 1756 5573 sit

171 5587 409 5659 reliqua.
457 5588 593 5646 Nam
638 5595 885 5653 naturale
912 5608 996 5653 est
1025 5608 1084 5655 ut
1120 5603 1301 5659 omnis
1331 5619 1419 5660 res
1445 5620 1565 5677 quae
1596 5608 1756 5667 unius

171 5678 497 5736 substantia
530 5690 635 5749 est,
668 5683 836 5741 divisa
869 5702 967 5758 per
998 5700 1203 5761 partes,
1236 5693 1291 5751 in
1326 5696 1516 5753 eadem
1550 5713 1759 5768 perma-

174 5780 306 5828 neat
333 5781 548 5845 natura,
587 5788 643 5834 et
672 5779 832 5836 unius
865 5784 1078 5853 saporis
1099 5795 1157 5843 et
1176 5789 1451 5857 qualitatis
1489 5792 1563 5848 sit
1584 5810 1598 5847 :
1619 5794 1759 5851 sicut

1854 3342 1938 3389 eet
1975 3348 2236 3407 paganus,
2268 3337 2490 3395 insertus
2514 3358 2567 3396 es
2593 3343 2646 3397 in
2673 3345 2798 3411 illis,
2830 3345 2883 3402 id
2921 3358 3005 3404 est
3032 3350 3085 3405 in
3111 3350 3288 3409 locum
3318 3355 3435 3412 illo-

1854 3439 1975 3480 rum
1998 3429 2324 3494 successisti,
2345 3440 2390 3487 et
2404 3432 2576 3487 socius
2600 3434 2771 3504 factus
2791 3454 2845 3493 es
2877 3441 3094 3508 radicis,
3120 3440 3172 3499 id
3206 3452 3288 3500 est
3310 3444 3433 3502 ﬁdei

1854 3528 2162 3576 sanctorum
2198 3532 2442 3594 patrum,
2470 3538 2518 3581 et
2542 3529 2872 3601 pinguedinis
2907 3526 3109 3605 olim,
3134 3539 3324 3611 gratia
3345 3523 3436 3596 'vi-
3477 3605 3480 3608 ,

1854 3609 2050 3666 delicet
2089 3615 2262 3669 sancti
2292 3614 2531 3687 Spiritus
2574 3638 2587 3673 :
2624 3619 2732 3676 noli
2758 3622 2979 3694 gloriari
3028 3609 3205 3699 neque
3250 3628 3437 3687 extolli

1854 3701 2102 3757 adversus
2146 3721 2319 3761 ramos
2370 3708 2423 3763 in
2472 3708 2789 3769 inﬁdelitate
2822 3714 3129 3776 manentes.
3177 3720 3436 3789 Nam-illi

1855 3791 2027 3846 sancti
2058 3802 2241 3862 patres
2273 3794 2533 3867 Spiritum
2568 3813 2811 3859 sanctum
2842 3807 3172 3879 habuerunt;
3207 3815 3351 3871 unde
3379 3804 3440 3872 et

1850 3881 2001 3935 uncti
2033 3881 2127 3937 Dei
2155 3885 2582 3955 appellabantur,
2613 3892 2752 3948 sicut
2784 3905 2868 3951 est
2898 3897 3027 3954 illud
3062 3918 3075 3953 :
3106 3899 3283 3959 Nolite
3319 3914 3437 3960 tan-

1856 3986 1982 4043 gere
2024 3973 2260 4031 christos
2301 3993 2450 4033 meos
2495 3978 2666 4048 (Psal.
2706 3986 2840 4057 civ),
2873 3989 3015 4058 quod
3044 3990 3110 4045 de
3138 3992 3436 4062 Abraham,

1855 4063 2007 4119 Isaac
2035 4075 2091 4122 et
2121 4070 2333 4124 cmleris
2371 4072 2773 4144 intelligendum
2821 4089 2921 4134 est.
2965 4082 3136 4138 Aliter
3166 4097 3181 4138 :
3208 4101 3308 4157 per
3354 4101 3440 4158 ra-

1830 4151 2031 4235 .dicem
2069 4153 2265 4209 iterum
2309 4157 2413 4213 alio
2452 4164 2608 4217 modo
2634 4180 2918 4234 possumus
2949 4151 3434 4245 intell'gereﬁhri-

1857 4252 2022 4308 stum,
2054 4252 2115 4298 ut
2136 4244 2201 4300 sit
2227 4262 2417 4304 sensus
2442 4268 2455 4303 :
2481 4250 2670 4310 Socius
2697 4257 2912 4323 radicis,
2946 4260 2997 4331 id
3026 4262 3109 4331 est
3135 4244 3355 4334 Christi,
3380 4278 3438 4326 et

1856 4330 2195 4427 pinguedinis
2237 4337 2411 4405 olivae,
2453 4344 2641 4412 gratim
2687 4347 2934 4404 videlicet
2962 4330 3198 4425 Spiritus
3234 4330 3429 4427 sancti,

1857 4422 2032 4480 lactus
2063 4441 2145 4493 es,
2190 4443 2257 4483 ne
2297 4432 2573 4489 extollaris
2618 4437 2669 4492 in
2715 4422 3053 4510 superbiam,
3104 4462 3174 4502 ne
3217 4422 3436 4509 amittas

1858 4515 2084 4615 gratiam
2112 4534 2232 4615 quae
2262 4521 2381 4576 data
2414 4534 2497 4580 est
2537 4526 2652 4582 tibi.
2695 4527 2933 4589 Gentiles
2971 4522 3263 4607 alloquitur
3292 4538 3437 4615 Apo-

1860 4697 1942 4767 (ut
1963 4701 2217 4775 diximus)
2241 4706 2473 4775 appellat
2489 4705 2701 4767 Judmos
2721 4715 2773 4769 in
2798 4714 3110 4777 inﬁdelitate
3132 4702 3434 4791 manentes.

1856 4792 1946 4860 qui
1978 4807 2007 4846 a
2038 4795 2240 4860 radice,
2274 4796 2325 4850 id
2358 4808 2439 4852 est
2470 4815 2498 4853 a
2537 4801 2639 4858 ﬁde
2666 4806 3094 4874 patriarcharum
3116 4811 3252 4869 vela
3281 4816 3439 4873 Chri-

1855 4890 1938 4935 sto
1960 4895 2300 4940 reccsserunt
2323 4901 2338 4941 :
2362 4889 2657 4948 oleastrum
2700 4905 2875 4951 autem
2905 4901 3132 4970 gentiles
3152 4905 3249 4974 qui
3272 4906 3415 4963 infm

1853 4976 2027 5030 ctuosi
2057 4987 2182 5032 ante
2213 4978 2424 5035 Domini
2446 4985 2734 5042 adventum
2762 4999 2935 5055 erant,
2975 5005 3243 5064 agrestem
3267 4997 3437 5054 vitam

1855 5064 2132 5132 ducentes,
2168 5077 2225 5123 et
2246 5078 2330 5125 est
2357 5087 2584 5129 sensus:
2615 5075 2661 5133 Ο
2693 5081 2926 5150 gentilis,
2964 5084 3009 5139 si
3043 5085 3191 5141 vides
3222 5086 3436 5158 aliquos

1852 5153 2158 5212 Judazorum
2180 5174 2209 5212 a
2239 5162 2409 5230 gratia
2432 5162 2633 5221 Christi
2662 5169 2865 5225 alienos
2889 5174 3170 5241 exsistere,
3193 5187 3249 5231 et
3270 5153 3431 5237 avﬁde

1853 5249 2301 5316 patriarcharum,
2330 5262 2384 5307 et
2411 5263 2462 5309 te
2498 5256 2547 5310 in
2573 5258 2748 5315 locum
2782 5262 2990 5318 illorum
3018 5280 3171 5327 esse.
3198 5269 3439 5325 socium-

1852 5355 1961 5410 que
2002 5339 2201 5396 factum
2244 5342 2365 5400 ﬁdei
2406 5357 2640 5415 patrum,
2682 5360 2737 5406 et
2782 5350 3007 5419 Christi,
3050 5367 3212 5426 atque
3247 5360 3436 5429 gratias

1856 5427 2094 5500 Spiritus
2115 5435 2306 5499 sancti,
2337 5436 2444 5490 noli
2471 5439 2744 5509 despicere
2768 5442 2905 5509 illos,
2942 5461 3118 5517 neque
3138 5427 3439 5519 extollatis,
3523 5508 3529 5514 ,

1854 5535 1928 5576 ne
1964 5520 2103 5578 forte
2139 5527 2360 5583 amittas
2393 5531 2622 5600 gratiam
2666 5549 2785 5603 qua:
2822 5537 2947 5593 data
2988 5547 3073 5596 est
3115 5540 3211 5597 tibi
3248 5545 3439 5616 gratis.

1858 5615 2016 5683 Quod
2043 5619 2091 5673 si
2115 5618 2361 5690 gloriaris
2389 5633 2575 5681 contra
2611 5640 2704 5682 eos
2731 5630 2820 5697 qui
2851 5630 2984 5701 lapsi
3024 5642 3149 5689 sunt
3167 5674 3184 5701 ,
3221 5615 3441 5694 attende

1860 5708 1985 5777 quia
2021 5725 2126 5764 non
2145 5720 2204 5765 tu
2228 5713 2457 5769 radicem
2482 5728 2684 5787 portas,
2705 5721 2796 5774 sed
2818 5723 2972 5777 radix
2991 5734 3057 5778 te.
3102 5724 3266 5794 Quasi
3298 5730 3443 5787 dice-

1864 5807 1944 5854 ret
1973 5818 1985 5853 :
2012 5798 2068 5854 Si
2098 5801 2180 5856 vis
2203 5803 2406 5869 extolli,
2422 5807 2552 5877 ~anili
2584 5807 2726 5863 unde
2750 5810 3055 5869 humilieris
3084 5832 3097 5868 :
3126 5831 3233 5872 non
3251 5829 3444 5889 portas
