3936 6448
519 405 625 462 463

999 398 1352 457 HAYMONIS
1390 393 1868 452 HALBERSTAT.
1908 390 2123 448 EPISC.
2161 388 2312 444 OPP.
2351 386 2533 443 PARS
2570 386 2613 441 1.
2640 414 2712 427 —-
2738 374 3100 442 COMMENT.
3142 379 3321 447 BIBL,
3418 374 3427 379 “

3703 381 3794 434 461

519 533 580 575 ιιι
614 521 871 583 radicem,
896 518 947 572 id
972 523 1057 572 est
1084 514 1216 569 nihil
1237 513 1486 585 patribus
1515 510 1738 575 sanctis,
1763 508 1854 578 qui
1887 516 1939 563 te
1964 521 2108 577 prae-
2135 510 2183 568 Α
2212 504 2441 574 gratiam
2484 501 2579 557 Dei
2621 506 2908 570 separatus
2935 508 2996 552 es
3046 511 3076 551 a
3118 495 3460 567 paganismo,
3510 502 3569 550 et
3618 494 3690 549 ab
3723 494 3795 548 bis

525 617 836 674 cesserunt;
862 607 955 662 sed
983 604 1134 660 radix
1161 611 1213 657 te
1237 611 1436 674 portat,
1465 602 1590 670 quia
1622 614 1811 654 eorum
1853 596 1959 651 lide
1998 595 2099 650 sal-

524 708 670 761 varis
697 723 712 771 ;
758 713 811 759 tu
838 702 985 758 enim
1014 700 1270 770 accepisti
1298 699 1366 753 ab
1392 699 1502 764 eis,
1538 697 1609 751 illi
1644 711 1751 751 non
1782 702 2107 765 acceperunt

458 790 463 794 ’
522 816 549 853 a
578 810 648 853 te.
691 796 903 851 Aliter:
932 794 1049 848 Non
1086 803 1272 863 portas
1308 792 1563 854 radicem,
1608 789 1663 843 id
1691 797 1773 844 est
1810 787 2103 851 Christum,

520 892 605 944 cui
646 886 778 943 nihil
816 901 882 941 ex
924 895 1018 940 tuo
1060 885 1285 949 tribuis;
1327 883 1422 938 sed
1478 882 1592 952 ipse
1631 889 1682 934 te
1719 888 1901 950 portat
1935 893 1966 932 a
2000 892 2107 947 quo

513 978 688 1036 habes
724 978 985 1050 quidquid
1022 977 1151 1032 boni
1188 976 1357 1030 habes
1384 1013 1399 1039 ,
1436 980 1490 1028 et
1526 972 1746 1043 insuper
1777 970 1845 1025 ab
1881 969 1975 1025 illo
2011 969 2106 1025 ha-

518 1075 616 1128 bes
650 1088 792 1128 esse.

588 1165 743 1219 Dices
773 1178 895 1233 ergo
925 1162 1078 1226 mihi,
1106 1168 1139 1216 ‘o
1179 1162 1397 1232 gentilis
1429 1174 1442 1212 :
1475 1161 1638 1229 fracti
1677 1169 1797 1214 sunt
1837 1158 1992 1223 rami,
2024 1157 2106 1211 in-

516 1256 723 1312 creduli
774 1253 984 1309 scilicet
1019 1244 1194 1307 'Judaai
1238 1252 1433 1320 abiecti
1480 1259 1625 1315 sunt,
1663 1260 1724 1304 ut
1766 1267 1857 1320 ego
1888 1248 2106 1320 gentilis

515 1348 726 1403 inserar
775 1346 828 1400 in
886 1344 1063 1400 locum
1114 1345 1351 1399 illorum.
1410 1343 1548 1397 Bene
1579 1382 1594 1405 ,
1646 1342 1905 1398 subaudis
1946 1342 2103 1406 dicis,

517 1437 643 1507 quia
675 1437 748 1491 ita
773 1445 877 1499 est,
911 1436 1006 1490 sed
1036 1435 1254 1489 attende
1288 1434 1414 1503 quid
1458 1432 1741 1502 sequitur:
1776 1441 1986 1503 propter
2024 1431 2105 1484 in-

517 1530 879 1586 credulitatem
909 1528 1065 1598 fracti
1080 1536 1218 1581 "sunt
1244 1526 1416 1591 rami;
1444 1526 1569 1595 quia
1608 1524 1898 1580 noluerunt
1932 1521 2102 1578 Judiei

518 1624 572 1678 in
600 1622 874 1679 Christum
903 1623 1149 1684 credere,
1172 1620 1322 1689 'lapsi
1352 1617 1575 1673 ‘snnt'in
1606 1624 1834 1671 mortem
1875 1614 2100 1668 damna-

519 1716 700 1781 tionis,
745 1714 899 1769 fracti
941 1729 970 1767 a
1021 1696 1197 1784 graiia
1240 1712 1334 1767 Dei
1383 1729 1396 1764 ε
1444 1710 1499 1764 tu
1542 1719 1715 1762 autem
1756 1707 1862 1777 ﬁde
1900 1704 2101 1761 Christi

515 1820 645 1869 stas.
681 1823 784 1863 non
835 1806 942 1861 tuis
991 1805 1224 1860 meritis.
1261 1804 1495 1874 Ideoque
1545 1798 1653 1855 noli
1699 1793 2101 1870 gloriari;noli

2203 594 2296 663 qui
2346 595 2414 647 ab
2457 591 2685 646 exordio
2730 589 2816 645 sui
2854 587 3086 643 diversis
3125 585 3406 641 erroribus
3452 600 3486 639 a
3535 586 3652 639 Deo
3680 596 3795 640 sunt

2204 685 2473 755 separati,
2528 692 2584 738 et
2631 689 2818 738 contra
2862 679 3309 735 consuetudinem
3359 678 3610 734 insertus
3654 693 3717 734 es
3746 680 3795 733 in

2204 775 2401 831 bonam
2447 773 2668 836 olivam,
2704 773 2808 827 hoc
2846 779 2933 826 est
2960 770 3017 824 in
3045 769 3207 824 iidem
3241 770 3687 840 praecedentium
3711 786 3794 842 pa-

2209 871 2376 929 trum,
2407 863 2500 934 qui
2552 861 2933 932 pinguedinem
2969 860 3141 915 sancti
3178 857 3418 930 Spiritus
3467 862 3791 927 habuerunt,

2205 965 2409 1025 quanto
2435 955 2611 1024 magis
2654 952 2826 1008 Judaei
2858 952 3158 1007 secundum
3197 961 3457 1007 naturam
3490 952 3795 1008 inserentar

2205 1061 2317 1101 suae
2337 1046 2517 1110 olivas,
2547 1044 2671 1100 lidei
2694 1045 2944 1100 videlicet
2962 1055 3187 1115 patrum
3212 1060 3463 1100 suorum.
3492 1045 3659 1112 Quod
3678 1048 3794 1104 didt

2204 1144 2393 1190 contra
2440 1145 2690 1189 naturam
2737 1135 3004 1191 insertum
3050 1149 3172 1189 esse
3220 1151 3435 1190 ramum
3484 1136 3720 1192 oleastri
3748 1139 3791 1194 in

2203 1225 2420 1289 olivam,
2455 1239 2605 1280 more
2634 1226 2871 1280 humano
2903 1224 3159 1293 loquitur,
3188 1225 3312 1294 quia
3341 1226 3608 1282 naturale
3636 1238 3721 1283 est
3742 1240 3791 1284 at

2204 1317 2479 1372 surculum
2509 1318 2665 1372 bona:
2712 1316 2924 1370 arboris
2954 1300 3258 1373 inseramus
3296 1319 3352 1372 in
3383 1329 3593 1376 trunco
3629 1320 3791 1385 male,

2193 1423 2308 1462 anon
2341 1406 2614 1463 surculum
2643 1405 2798 1461 malae
2832 1407 2887 1463 in
2926 1407 3070 1462 bono
3099 1414 3310 1474 trunco,
3350 1419 3408 1466 et
3441 1411 3552 1468 hoc
3579 1412 3794 1469 insertis

2203 1498 2419 1554 dicitur.
2454 1498 2601 1554 Deus
2625 1507 2829 1563 autem,
2853 1488 3105 1554 conditor
3123 1508 3179 1556 et
3195 1510 3412 1556 creator
3436 1504 3701 1560 omnium
3722 1520 3790 1558 re-

2194 1607 2322 1646 rum
2354 1601 2409 1646 et
2437 1599 2779 1657 naturarum,
2803 1591 2943 1646 nihil
2968 1602 3157 1648 contra
3187 1602 3439 1650 naturam
3465 1594 3629 1652 facit.

2276 1691 2416 1746 Nolo
2451 1694 2588 1746 enim
2626 1704 2719 1746 vos
2758 1692 3025 1762 ignorare,
3069 1692 3283 1764 fratres,
3330 1698 3658 1766 mysterium
3688 1696 3790 1755 bat.

2204 1779 2516 1853 Mysterium
2545 1790 2631 1837 est
2656 1797 2746 1837 res
2770 1782 3003 1849 occulta,
3026 1792 3082 1839 et
3104 1793 3377 1840 secretum
3412 1786 3649 1857 aliquod
3672 1789 3725 1844 in
3743 1806 3793 1847 ss

517 1900 682 1954 altum
714 1914 916 1970 sapere,
941 1897 993 1952 id
1032 1895 1249 1951 est‘noli
1279 1892 1577 1965 superbire,
1600 1891 1691 1945 sed
1720 1890 1844 1944 time
1869 1888 2096 1943 cadere:

2208 1874 2515 1929 continens.
2568 1873 2880 1944 Alloquitur
2938 1889 3070 1946 ergo
3118 1875 3349 1946 gentiles
3396 1879 3707 1935 credentes
3744 1891 3793 1934 ιι

522 1994 613 2049 Dei
639 1994 784 2048 enim
813 1991 1133 2047 beneﬁcium
1164 1998 1267 2053 est,
1299 1990 1442 2059 quod
1471 1994 1692 2041 vocatus
1718 2001 1795 2049 es,
1822 2000 1928 2039 non
1957 1993 2105 2038 tuum

517 2087 795 2140 meritum.
824 2081 984 2137 Juxta
1015 2083 1157 2152 quod
1184 2081 1324 2135 idem
1348 2079 1595 2148 egregius
1624 2075 1947 2146 pricdicator
1972 2074 2108 2129 alias

518 2177 650 2233 dicit
680 2195 692 2230 :
717 2171 902 2229 Gratia
931 2172 1062 2227 salvi
1101 2171 1228 2243 {acti
1277 2171 1420 2234 estis,
1465 2179 1512 2222 et
1554 2168 1650 2222 hoc
1695 2182 1797 2220 non
1829 2180 1894 2220 ex
1930 2161 2105 2229 vobis;

517 2268 617 2323 Dei
660 2268 796 2323 enim
846 2267 1042 2320 donum
1096 2260 1190 2327 est,
1233 2280 1336 2316 non
1386 2278 1449 2315 ex
1500 2259 1763 2332 operibus,
1797 2267 1852 2312 ut
1886 2274 1964 2312 ‘ne
1988 2242 2105 2328 quis

516 2360 772 2431 glorietur
796 2354 1013 2429 (Ep/tes.
1048 2355 1128 2426 ιι).

588 2471 651 2528 Si
694 2471 832 2526 enim
874 2467 1017 2523 Deus
1047 2463 1382 2521 naturalibus
1433 2463 1593 2517 ramis
1624 2479 1728 2516 non
1758 2444 2006 2533 pepercit,
2041 2465 2104 2515 ne

516 2568 651 2638 {orte
692 2579 784 2617 nec
830 2559 924 2615 tibi
953 2566 1157 2629 parcat.
1200 2553 1486 2610 Naturales
1532 2567 1715 2608 ramos
1743 2549 1979 2621 appellat
2006 2538 2102 2603 Ju-

508 2646 689 2720 ‘dieos,
720 2653 811 2724 qui
835 2666 903 2707 ex
942 2647 1147 2707 sanctis
1190 2645 1437 2717 patribus
1465 2652 1523 2698 et
1568 2644 1677 2698 Deo
1705 2640 1917 2697 dilectis
1940 2640 2103 2710 origi-

525 2764 649 2806 nem
672 2750 980 2809 traxerunt,
1012 2748 1171 2797 etest
1214 2753 1406 2794 sensus
1443 2754 1455 2790 :
1489 2734 1534 2792 Ο
1562 2732 1797 2806 gentilis,
1822 2731 2104 2787 considera

515 2838 641 2908 quia
680 2837 728 2893 si
754 2820 924 2908 'Deus‘
952 2817 1157 2886 Judmis
1194 2844 1310 2883 non
1348 2825 1640 2898 pepercit,
1681 2822 1773 2893 qui
1814 2838 1846 2877 a
1899 2822 2103 2877 sanctis

493 2906 769 3002 patribus
815 2906 1083 2994 originem
1114 2920 1417 2983 duxerunt,
1458 2925 1514 2972 et
1552 2917 1620 2997 ex
1666 2928 1894 2986 quorum
1942 2921 2102 2985 gente

522 2999 637 3092 ipse
654 3022 877 3074 'carnem
906 3013 1220 3083 assumpsit,
1244 3006 1412 3065 multo
1440 3002 1611 3077 magis
1640 3020 1741 3061 nec
1765 2999 1866 3061 tibi
1892 3012 2098 3076 parcet,

518 3114 563 3167 si
604 3126 634 3166 a
665 3109 769 3164 lide
800 3106 893 3163 Dei
930 3102 1244 3168 recesseris,
1284 3100 1377 3171 qui
1415 3098 1650 3154 oleaster
1687 3112 1831 3163 eras,
1855 3092 1942 3152 vel
1971 3096 2017 3151 Si
2047 3095 2100 3150 in

498 3201 786 3275 ‘superliiie
812 3198 952 3253 fastu
980 3204 1031 3252 te
1060 3190 1361 3251 elevaveris
1383 3189 1727 3261 despicienda
1746 3185 2009 3242 Judaeum.

596 3303 727 3368 Vide
772 3325 892 3381 ergo
938 3302 1219 3361 bonitatem
1270 3311 1317 3356 et
1362 3296 1685 3355 severitatem
1716 3297 1830 3352 Dei.
1864 3296 2100 3353 Severus

511 3404 683 3486 iudex
713 3402 913 3457 dicitur
961 3397 1053 3467 qui
1095 3395 1148 3449 in
1179 3393 1380 3449 nullam
1411 3399 1616 3461 partem
1654 3404 1810 3443 suum
1835 3386 2097 3456 judicium

517 3478 706 3559 lleciit,
734 3489 957 3560 sed'per
997 3484 1377 3540 rectitudinem
1421 3480 1640 3535 incedit.
1671 3478 1949 3534 Severitas
1968 3488 2099 3536 vero

521 3586 722 3647 dicitur
743 3581 1029 3654 judicium,
1051 3593 1158 3649 quo
1182 3568 1310 3631 nulli
1343 3570 1619 3638 adulatur,
1661 3571 1757 3626 sed
1772 3571 1928 3642 juste,
1939 3586 2100 3627 omne

498 3677 745 3751 iudicat.
805 3672 1025 3729 Bonitas
1077 3676 1281 3731 autem,
1329 3665 1505 3736 pictas
1544 3662 1740 3740 gratiae
1779 3672 1835 3717 et
1889 3661 2101 3717 miseri-

514 3750 713 3826 cordia:
763 3780 868 3835 qua
909 3759 1048 3815 bona
1073 3751 1396 3830 pncslantur
1436 3750 1767 3817 hominibus,
1797 3753 1852 3805 in
1878 3768 1964 3805 eos
1988 3752 2100 3820 qui-

517 3863 636 3916 dem
708 3856 924 3924 Iudaeos
981 3851 1069 3924 qui
1126 3847 1455 3911 ceciderunt,
1506 3844 1867 3909 severitatem,
1922 3842 1976 3898 id
2015 3850 2100 3899 est

511 3951 876 4027 justissimum
895 3943 1185 4014 judicium,
1212 3939 1459 3995 exercuit
1483 3955 1495 3991 :
1527 3937 1583 3990 in
1613 3945 1663 3990 te
1685 3942 1859 3990 autem
1876 3924 2095 4014 bonita-

513 4026 614 4101 tem
663 4040 777 4108 Dei,
827 4041 929 4096 hoc
972 4045 1056 4091 est
1108 4033 1339 4106 gratiam
1388 4028 1628 4101 pietatis,
1673 4026 2017 4090 monstrabit,
2049 4026 2096 4083 s'i

513 4134 862 4210 permanseris
893 4131 945 4183 in
973 4128 1223 4191 bonitate,
1253 4125 1306 4181 id
1327 4122 1485 4179 estin
1512 4120 1615 4176 fide
1643 4130 1790 4176 recta
1817 4137 1830 4173 :
1861 4119 2095 4191 alioquin

512 4206 560 4282 et
593 4238 648 4280 tu
693 4222 973 4286 excideris,
1017 4220 1071 4273 id
1107 4228 1211 4282 est,
1245 4216 1291 4271 si
1331 4231 1360 4269 a
1394 4214 1501 4268 ﬁde
1535 4213 1850 4277 recesseris,
1879 4206 2099 4282 penitu!

518 4312 739 4388 peribis.
790 4311 966 4393 Distat
1010 4315 1192 4361 autem
1239 4306 1382 4360 inter
1428 4302 1605 4373 frangi
1643 4312 1700 4358 et
1742 4303 1943 4369 excidi,
1966 4304 2091 4372 quia

518 4404 728 4460 fractus
765 4412 953 4457 ramus
989 4405 1168 4469 potest
1212 4404 1487 4464 utcunque
1527 4394 1709 4449 arbori
1751 4407 1864 4453 suae
1907 4394 2095 4449 resoli-

518 4497 676 4564 dari,
708 4492 924 4552 excisus
958 4489 1282 4546 nullatenus.
1310 4488 1378 4542 Et
1405 4486 1699 4541 notandum
1726 4486 1851 4557 quia
1879 4485 2093 4546 Judteos

516 4586 657 4647 dixit
677 4587 903 4671 fractos,
940 4584 1032 4655 qui
1079 4580 1406 4652 praedicante
1434 4564 1549 4634 Elia
1582 4587 1637 4635 et
1667 4578 1873 4659 Enoch,
1896 4579 2094 4634 solida-
2121 4582 2172 4642 D

520 4664 797 4740 bunturkin
818 4678 922 4734 lide
941 4675 1144 4732 Christi
1171 4692 1183 4727 :
1208 4671 1437 4745 gentiles
1458 4680 1663 4736 autem,
1677 4671 1721 4725 si
1743 4685 1773 4725 a
1803 4656 1907 4749 lide
1931 4669 2091 4726 Chri-

520 4766 601 4833 sti
634 4770 981 4835 recesserint,
1029 4766 1244 4838 penitus
1278 4761 1674 4819 abscindendos
1715 4776 1747 4814 a
1778 4759 1950 4831 gratia
1973 4759 2089 4826 Dei,

514 4880 586 4925 ac
609 4865 802 4925 deinde
834 4861 1171 4935 perdendos;
1202 4856 1344 4913 unde
1367 4854 1614 4926 sequitur
1646 4870 1660 4909 :

587 4984 698 5045 Sed
722 4980 904 5045 etilli,
941 4975 1198 5035 subaudis
1240 4968 1431 5038 Judzei,
1471 4972 1517 5027 si
1564 4980 1669 5027 non
1712 4971 2090 5042 permanserint

500 5085 571 5145 ,in
620 5073 1020 5139 incredulitate,
1068 5071 1364 5123 inserentur
1410 5063 1534 5120 lidei
1584 5062 1785 5119 Christi
1840 5071 1897 5120 et
1963 5061 2088 5121 iidei

512 5167 976 5243 patriarcharum;
1004 5168 1184 5232 potens
1205 5166 1280 5213 est
1310 5158 1449 5211 enim
1472 5154 1615 5209 Deus
1641 5155 1832 5209 iterum
1861 5156 2089 5211 inserere

511 5264 631 5319 illos
661 5260 785 5316 lldei
803 5254 1026 5314 Christi.
1336 5304 1345 5307 _

586 5353 729 5409 Nam
779 5351 823 5405 si
869 5358 927 5402 tu
974 5361 1039 5401 ea:
1079 5338 1309 5396 naturali
1353 5338 1602 5409 prwcisus
1645 5346 1698 5391 es
1743 5336 1991 5404 oieastro,
2037 5348 2086 5394 et

511 5454 695 5501 contra
740 5449 984 5494 naturam
1023 5435 1247 5487 insertus
1275 5442 1329 5483 es
1355 5430 1409 5483 in
1438 5429 1623 5482 bonam
1653 5426 1863 5493 olivam,
1889 5438 2083 5498 quanto

512 5533 680 5605 magis
733 5532 787 5585 hi
842 5528 932 5600 qui
985 5523 1269 5579 secundum
1330 5528 1575 5573 naturam
1632 5519 1926 5573 inserentur
1976 5536 2087 5576 sua

513 5625 683 5680 oliva.
714 5618 983 5677 Gentilem
1013 5611 1304 5682 alloquitur
1331 5606 1733 5678 superbientem
1775 5616 1962 5664 contra
1992 5625 2085 5665 ra-

514 5730 632 5772 mos
662 5713 754 5784 qui
783 5708 938 5765 l‘racti
966 5711 1111 5769 sunt,
1142 5710 1200 5758 et
1222 5703 1313 5773 qui
1358 5699 1625 5771 gloriatur
1651 5700 1806 5768 quasi
1830 5701 1944 5757 suis
1971 5717 2088 5759 me-

484 5810 634 5866 .ritis
665 5802 924 5862 meruerit
955 5796 1247 5862 salvari,et
1274 5794 1408 5851 dicit
1433 5811 1446 5847 :
1480 5790 1539 5849 Si
1566 5799 1643 5858 tu,
1666 5806 1701 5847 ο
1721 5791 1955 5863 gentilis,
1988 5810 2088 5865 per

2194 1965 2576 2021 consisterent
2598 1980 2704 2035 qua
2733 1966 2800 2021 de
2826 1980 2991 2021 causa
3021 1965 3157 2021 salvi
3204 1966 3334 2022 iacti
3375 1969 3513 2035 sint,
3554 1971 3683 2026 suis
3705 1988 3793 2026 me

2198 2057 2351 2123 ritis,
2383 2073 2451 2112 an
2494 2058 2670 2129 gratia
2701 2057 2818 2122 Dei,
2863 2067 2919 2113 et
2948 2057 3130 2114 Judaei
3162 2060 3381 2132 abiecti,
3409 2072 3471 2117 et
3498 2063 3643 2118 dicit
3666 2064 3787 2121 τοι.

2198 2148 2411 2203 cultum
2454 2157 2511 2203 et
2554 2158 2826 2205 secretum
2871 2150 2965 2205 Dei
3003 2150 3289 2221 judicium,
3335 2165 3610 2223 quantum
3646 2158 3793 2213 homo

2206 2249 2495 2311 penetrare
2526 2249 2755 2312 potest,
2808 2242 2934 2298 nolo
2976 2258 3073 2298 vos
3126 2244 3316 2312 lateat,
3357 2262 3537 2317 qum
3588 2249 3790 2306 ludus

2200 2335 2476 2405 quendam
2520 2336 2774 2407 populum
2821 2336 3152 2413 peculiarem
3195 2338 3483 2409 abiecerit,
3515 2351 3575 2399 et
3618 2356 3789 2416 gentes

2204 2426 2536 2496 peccatrices
2560 2441 2660 2497 per
2698 2427 2857 2482 ﬁdem
2891 2428 2994 2483 sibi
3038 2428 3395 2499 copulaverit,
3424 2440 3489 2487 et
3524 2434 3690 2503 eujus
3717 2437 3784 2490 rei

2186 2517 2381 2589 gratia
2417 2518 2520 2572 hoc
2552 2517 2902 2574 admonuerit
2932 2521 3285 2589 perpendere,
3327 2523 3613 2580 subinfert
3635 2536 3692 2581 et
3717 2528 3789 2581 di-

2198 2605 2281 2662 cit
2324 2625 2337 2660 :
2360 2614 2427 2659 tut
2472 2622 2577 2660 non
2604 2607 2720 2661 sitis
2748 2608 2891 2662 vobis
2918 2610 3044 2679 ipsis
3068 2611 3352 2679 sapientes,
3396 2614 3453 2668 id
3485 2624 3576 2670 est
3602 2625 3665 2670 ut
3695 2632 3787 2672 nm

2205 2694 2552 2766 superbiatis,
2577 2695 2820 2752 dicentes
2845 2705 2952 2753 Vos
2983 2700 3215 2768 propriis
3244 2702 3459 2757 meritis
3470 2701 3607 2759 fore
3630 2706 3788 2761 salva-

2206 2795 2312 2855 tss,
2344 2798 2409 2843 ac
2438 2802 2536 2858 per
2560 2788 2664 2842 hoc
2697 2789 2834 2845 alios
2860 2790 3189 2860 despiciatis.
3238 2791 3534 2851 Sibi'enim
3578 2798 3785 2868 sapiens

2204 2879 2422 2943 dicitur,
2467 2879 2561 2949 qui
2607 2879 2807 2934 donum
2846 2882 3000 2950 quod
3040 2882 3231 2948 habet,
3276 2894 3384 2939 non
3433 2885 3535 2941 Dei
3576 2890 3783 2961 gratiae.

2204 2971 2298 3026 sed
2326 2975 2440 3026 suis
2466 2972 2675 3027 meritis
2702 2982 2760 3027 et
2782 2974 2960 3029 studio
2980 2971 3237 3045 deputat;
3262 2977 3353 3047 qui
3380 2984 3572 3035 autem
3606 2995 3785 3037 secun-

2205 3063 2331 3119 dum
2378 3063 2545 3119 Deum
2582 3065 2806 3135 sapiens
2850 3073 2953 3132 est,
3006 3067 3060 3120 in
3092 3066 3373 3123 beneﬁciis
3406 3066 3517 3125 Dei
3556 3076 3671 3126 non
3716 3072 3786 3128 ia-

2207 3151 2372 3207 suitat
2398 3151 2648 3219 abiectis,
2676 3155 2785 3209 sed
2814 3155 3158 3211 cum-timore
3196 3157 3403 3228 gratias
3425 3161 3548 3231 agit
3583 3162 3786 3217 misen-

2116 3229 2174 3292 'C
2205 3243 2724 3314 cordiaa'largitoris.
2748 3244 2922 3300 Aliter
2951 3263 2966 3301 :
2996 3246 3099 3301 sibi
3124 3246 3185 3301 lit
3224 3247 3443 3318 sapiens
3472 3229 3583 3321 qui
3605 3267 3785 3323 quem-

2190 3333 2334 3390 iibet
2374 3343 2720 3404 peccatorem
2768 3336 3019 3406 despicit,
3064 3352 3189 3392 cum
3209 3339 3402 3408 potius
3429 3355 3501 3395 ex
3545 3344 3789 3401 casside-

2190 3422 2411 3477 ratione
2439 3424 2742 3493 peccatoris
2762 3424 3047 3480 humiliari
3080 3428 3374 3483 conveniat
3404 3446 3417 3483 :
3445 3431 3582 3500 quia
3611 3448 3789 3489 omnes

2192 3529 2387 3570 sumus
2409 3515 2568 3568 unius
2602 3522 2832 3582 naturae,
2865 3516 2994 3572 licet
3020 3531 3127 3573 non
3157 3516 3399 3586 ejusdem
3425 3524 3649 3591 gratia.
3681 3524 3789 3595 Ipse

2196 3610 2329 3679 ergo
2350 3606 2640 3678 Apostolus
2665 3607 3065 3664 demonstrabit
3089 3611 3157 3665 de
3179 3625 3295 3681 quo
3320 3615 3592 3683 mysterio
3616 3616 3785 3687 loqui-

2201 3707 2330 3753 tur:
2360 3700 2485 3771 quia
2532 3701 2742 3754 omitas
2777 3717 2843 3755 ea:
2880 3710 3029 3773 parte
3057 3703 3274 3774 contigit
3311 3706 3367 3759 in
3394 3704 3594 3762 Israel.
3628 3709 3787 3764 Recte

2200 3792 2351 3859 dicit,
2390 3807 2456 3846 ex
2486 3801 2642 3863 parte
2668 3794 2896 3864 contigit
2930 3795 3170 3861 eiecitas,
3193 3804 3249 3851 et
3271 3812 3381 3851 non
3404 3813 3473 3853 ex
3496 3805 3642 3867 toto,
3673 3802 3783 3872 quia

2184 3883 2442 3955 reliquiae
2478 3885 2816 3941 ceciderunt.
2849 3886 3079 3943 Caecitas
3119 3903 3250 3946 vero
3273 3893 3509 3964 contigit
3538 3895 3597 3949 in
3630 3896 3783 3951 Israel

2181 3990 2305 4029 non
2333 3976 2595 4045 corporis,
2640 3989 2760 4044 quin
2794 3975 2857 4031 lit
2897 3978 3099 4034 amisso
3124 3978 3329 4036 lumine
3352 3981 3673 4052 ocuiorum,
3698 3975 3783 4041 seu

2186 4068 2399 4135 cordis,
2447 4084 2566 4137 qua:
2612 4068 2674 4123 lit
2719 4070 2955 4124 tenebris
3009 4070 3361 4127 inﬁdelitatis.
3406 4072 3470 4128 in
3515 4075 3606 4131 his
3663 4092 3785 4149 ergo

2196 4159 2650 4230 dictis‘Apostoli,
2676 4160 2821 4228 quod
2851 4160 3167 4231 mysterium
3193 4162 3263 4216 sit
3302 4162 3356 4216 in
3386 4162 3547 4233 lapsu
3573 4163 3787 4223 ludim-

2195 4262 2318 4303 rum
2348 4249 2600 4313 dicimus,
2630 4248 2723 4303 sed
2765 4263 2834 4303 ex
2872 4264 2978 4319 qua
3019 4249 3389 4320 profunditate
3427 4255 3664 4311 consilii
3700 4256 3770 4311 De

2195 4337 2380 4395 veniat
2400 4352 2527 4393 cum
2556 4338 2675 4408 ipso
2702 4337 2869 4393 Paulo
2894 4338 3203 4408 ignoramus
3233 4342 3377 4395 :etsi
3406 4341 3528 4412 ipse
3557 4346 3781 4406 sciebat.

2196 4440 2304 4487 non
2332 4438 2516 4506 tamen
2559 4430 2947 4485 manil’estavit.
2990 4430 3133 4487 Dicit
3169 4433 3355 4487 enim:
3390 4436 3526 4505 quia
3566 4441 3787 4494 caritas

2196 4537 2261 4578 ex
2287 4530 2439 4594 parte
2468 4521 2693 4592 centigit
2721 4522 2773 4575 in
2814 4520 2979 4577 lsrael
3011 4541 3022 4576 :
3050 4523 3216 4578 donec
3251 4524 3527 4594 plenitudo
3554 4531 3787 4597 gentia-

2199 4614 2450 4679 intraret;
2479 4622 2527 4667 et
2554 4614 2630 4667 sic
2656 4615 2825 4667 omnis
2873 4612 3042 4668 Israel
3067 4615 3243 4670 salsus
3274 4615 3445 4686 lieres.
3478 4617 3787 4677 Plenitudi~

2201 4719 2325 4760 nem
2377 4714 2557 4761 autem
2605 4706 2867 4777 gentium,
2925 4722 3031 4761 non
3071 4709 3486 4764 conversionem
3542 4715 3791 4768 omnium

2199 4795 2529 4868 accipimus;
2573 4797 2666 4852 sed
2714 4798 3336 4856 multitudinem‘earum
3393 4816 3522 4872 quae
3560 4818 3662 4859 aut
3684 4804 3791 4875 jam

2199 4886 2379 4943 divina
2425 4888 2899 4956 priedestinatione
2939 4889 3162 4946 collecta
3199 4899 3305 4957 est,
3359 4902 3455 4946 aut
3503 4895 3562 4949 in
3606 4896 3795 4950 fatum

2174 4975 2499 5047 colligetur.
2547 4976 2832 5034 Plenitudo
2870 4994 3005 5035 vero
3045 4980 3161 5036 haec
3208 4997 3316 5036 non
3367 4982 3438 5036 ad
3490 5001 3792 5042 numeru-

2186 5078 2510 5124 ‘cuuctorum
2550 5070 2811 5138 pertinet,
2849 5072 2947 5125 sed
2980 5073 3048 5126 ad
3079 5086 3362 5129 numerum
3398 5090 3429 5129 a
3461 5075 3580 5133 Deo
3602 5079 3793 5148 prai-

2192 5160 2386 5214 nitum-.
2418 5158 2752 5215 Corruerunt
2790 5162 2974 5231 itaque
3012 5160 3183 5217 Judaei
3230 5172 3286 5218 ut
3315 5179 3612 5235 surgerent
3662 5186 3798 5241 gen-

2191 5258 2295 5307 tes.
2323 5250 2455 5319 Quis
2482 5252 2585 5307 hoc
2623 5254 2936 5323 mysterium
2957 5252 3098 5308 valet
3128 5256 3466 5324 penetrare?
3503 5275 3605 5314 cur
3650 5261 3801 5316 Dens

2191 5340 2592 5397 multitudinem
2639 5344 2877 5413 gentium
2934 5348 3198 5414 spreverit
3245 5363 3385 5417 pene
3440 5350 3513 5404 ab
3558 5356 3802 5408 exordio

2190 5431 2397 5496 mundi,
2434 5448 2465 5487 a
2493 5442 2733 5503 tempore
2757 5434 2965 5490 scilicet
2988 5450 3095 5502 quo
3131 5436 3418 5491 confusum
3448 5450 3539 5494 est
3579 5442 3797 5496 labias:

2190 5523 2456 5577 universae
2490 5532 2680 5591 terrae;
2729 5532 2784 5579 et
2824 5523 3038 5581 Judaeos
3068 5534 3277 5580 tantum
3332 5528 3438 5583 sibi
3474 5532 3802 5600 peculiares

2172 5613 2399 5680 ifecerit,
2429 5615 2519 5685 qui
2547 5629 2645 5685 per
2675 5614 2871 5671 lineam
2904 5614 3079 5672 [leber
3099 5615 3532 5686 descenderunt;
3558 5621 3801 5676 iterum-

2188 5718 2296 5775 que
2331 5714 2519 5777 gentes
2550 5706 2607 5761 in
2643 5720 2744 5762 suo
2780 5707 3011 5763 adventu
3048 5707 3346 5778 collegerit,
3386 5706 3448 5765 et
3477 5709 3715 5766 Jniliros
3745 5712 3797 5762 in

2170 5794 2300 5852 .iine
2346 5796 2529 5853 mundi
2577 5795 2916 5866 recipiendos
2962 5797 3261 5867 abiecerit?
3316 5797 3485 5868 Quis,
3528 5802 3792 5874 inquam.
