3936 6442
178 430 285 489 463

897 431 1261 492 EXPOSITIO
1294 434 1363 491 IN
1398 436 1551 492 EPP.
1592 436 1649 493 S.
1691 436 1916 495 PAULI.
1957 471 2028 480 —
2066 439 2132 494 IN
2167 441 2385 501 EPIST.
2427 444 2518 501 AD
2557 446 2724 504 R051.

3340 452 3444 507 ‘66

179 561 294 611 tam
358 551 613 610 subtilem
671 549 1080 622 dispositionem
1144 551 1377 609 divinam
1433 552 1758 625 investigare
1785 558 1831 617 Λ
1863 554 2005 609 niam
2055 558 2331 629 exemplar
2362 559 2586 631 iustitiae
2627 572 2682 619 et
2728 565 2848 630 lidei
2891 566 3307 639 praecedentium
3347 588 3441 641 pa-

178 650 447 713 sollicitet?

263 743 444 800 Veniet
496 759 563 799 es:
603 740 731 799 Sion
772 743 863 813 qui
902 741 1091 814 eripiat
1133 752 1183 798 et
1210 750 1408 798 avertat
1442 742 1764 817 impietatem

177 854 214 893 a
239 836 427 893 Iacob.
456 833 591 891 Sion
623 834 738 906 ipsa
775 844 860 890 est
890 833 1250 899 Hierusalem,
1290 834 1358 890 de
1386 850 1490 905 qua
1524 834 1761 899 Micheas

179 926 264 982 ait
311 944 325 979 :
375 924 454 980 De
481 923 636 1001 ,Sion
690 924 850 980 exibit
901 924 1007 989 lex,
1052 934 1101 985 et
1163 923 1399 994 Verbum.
1428 924 1639 982 Domini
1694 922 1760 979 de

176 1015 522 1074 Hierusalem
568 1015 759 1089 (Mica.
803 1015 901 1089 tv).
947 1015 1445 1082 Salvatoruetenim,
1487 1016 1759 1073 nascendo

160 1123 255 1165 ex
272 1105 430 1180 plebe
453 1106 774 1174 Israelitica,
791 1105 949 1178 juxta
970 1107 1113 1178 quod
1138 1108 1304 1173 Isaias
1332 1107 1461 1163 olim
1494 1108 1759 1180 propheta

174 1200 476 1265 cecinerat,
519 1197 714 1259 dicens
755 1217 770 1255 :
808 1198 944 1255 Ecce
992 1200 1137 1270 virgo
1184 1199 1458 1269 concipiet,
1498 1206 1547 1254 et
1591 1198 1758 1268 pariet

174 1292 351 1363 ﬁlium
376 1291 517 1366 (Isa.
539 1292 662 1364 vn),
682 1292 867 1355 veniet
890 1291 957 1347 de
977 1290 1130 1357 Sion,
1162 1290 1278 1347 sive
1301 1290 1371 1346 de
1396 1278 1755 1346 Hierusalem.

176 1384 605 1454 Ponendo.vero
645 1384 888 1459 membra
929 1398 1028 1443 sua
1058 1383 1114 1439 in
1151 1398 1341 1449 cruce,
1375 1383 1759 1454 propriumque

173 1477 497 1549 sangttinem
517 1475 816 1541 fundendo,
831 1483 890 1532 et
904 1472 1179 1530 lavacrum
1199 1474 1541 1545 baptismatis
1560 1474 1757 1539 dando,

173 1569 394 1641 eripuit.
419 1575 554 1625 tam.
580 1575 768 1637 gentes
795 1581 959 1637 quam
1005 1573 1063 1622 et
1104 1565 1223 1622 illas
1260 1565 1517 1635 reliquias
1543 1580 1663 1635 qua:
1690 1579 1758 1618 ex

174 1656 344 1716 Israel
391 1656 761 1722 crediderunt,
806 1655 953 1725 quod
983 1662 1107 1710 ante
1143 1668 1303 1709 nemo
1336 1653 1516 1710 facere
1552 1669 1758 1732 praeva7

174 1749 355 1819 lebat,
392 1748 594 1809 avertit
638 1746 992 1803 nihilominus
1031 1746 1337 1818 impietates
1382 1762 1412 1801 a
1450 1745 1645 1821 Jacob,
1688 1745 1756 1821 ab

176 1839 269 1894 bis
330 1836 581 1897 videlicet
627 1837 721 1907 qui
760 1838 1110 1893 crediderunt
1144 1850 1212 1891 ex
1249 1835 1450 1893 Iudaeis
1487 1837 1543 1892 in
1579 1836 1757 1911 primo

1866 654 2008 700 trum
2040 645 2121 724 illi
2145 647 2235 717 qui
2255 649 2487 723 credunt
2516 654 2784 717 veraciter
2817 663 3017 712 tenent.

1870 789 1888 805 ,
1935 736 2061 810 Siue
2083 734 2386 807 paenitentia
2413 742 2549 795 enim
2570 754 2691 797 sunt
2705 745 2844 800 dona
2872 756 2921 801 et
2950 748 3152 804 vacatio
3170 748 3286 804 Dei.
3314 750 3438 806 Pos-

1864 828 2088 885 niteutia
2129 829 2274 883 enim
2305 845 2403 900 pro
2426 834 2727 889 mutatione
2755 836 3021 905 accipitur
3049 854 3433 912 nonnunquam

1863 922 1917 976 in
1948 936 2100 977 sacra
2138 921 2439 992 Scriptura,
2478 923 2621 978 sicut
2663 924 2829 980 habes
2864 927 3090 983 Domino
3118 931 3330 987 dicente
3368 932 3437 1005 ad

1865 1013 2170 1071 Samuelem
2210 1030 2226 1070 :
2276 1016 2495 1071 Paenitet
2540 1034 2621 1072 me
2668 1036 2835 1088 regem
2877 1022 3058 1091 fecisse
3103 1024 3237 1081 Saul
3283 1045 3439 1099 super

1863 1103 2035 1159 Israel
2060 1122 2078 1159 :
2103 1122 2236 1177 uage
2262 1106 2431 1175 ﬁlium
2461 1106 2572 1161 Isai
2604 1107 2656 1177 (Ι
2679 1107 2804 1179 Reg.
2829 1126 2939 1177 xtv,
2971 1115 3102 1182 xw).
3129 1116 3261 1170 Dum
3294 1132 3434 1187 prve-

1863 1195 1996 1265 cipit
2023 1195 2147 1266 ungi
2193 1195 2360 1251 lilium
2390 1197 2515 1263 lsai,
2563 1200 2798 1255 ostendit
2833 1215 2892 1256 se
2933 1201 3221 1261 immutare
3258 1208 3437 1279 dispo-

1862 1286 2114 1342 sitionem
2164 1285 2291 1342 facti
2338 1288 2445 1353 sui,
2491 1289 2719 1360 ideoque
2753 1291 2918 1347 dicit:
2947 1292 3180 1350 Paenitet
3219 1312 3323 1353 me.
3366 1298 3434 1356 Et

1862 1379 1991 1435 alibi
2021 1395 2035 1433 :
2064 1379 2274 1435 Iuravit
2301 1380 2574 1461 Dominus,
2604 1391 2651 1435 et
2689 1397 2794 1437 uon
2816 1384 3080 1453 paenitebit
3110 1402 3233 1440 eum
3260 1385 3435 1458 (Psal.

1861 1466 1993 1539 cvt),
2018 1467 2070 1522 id
2095 1476 2199 1534 est,
2225 1468 2647 1533 nonmutabitur.
2658 1470 2903 1525 voluntas
2919 1468 3053 1539 ejus.
3073 1472 3270 1527 Verum
3293 1475 3435 1544 quod

1862 1558 2176 1638 dicit_dona
2203 1572 2259 1615 et
2300 1561 2514 1639 vocatio
2557 1560 2675 1626 Dei,
2719 1561 3036 1634 intelligitur
3078 1563 3269 1622 ordine
3299 1582 3438 1636 prie-

1860 1655 2097 1721 ppstero.
2148 1646 2387 1724 Primum
2417 1650 2563 1723 enim
2608 1659 2766 1705 vocat
2807 1650 2946 1707 Deus
2984 1653 3051 1707 ad
3096 1651 3254 1711 ﬁdem
3280 1672 3439 1711 suam

1860 1728 2153 1796 secundum
2180 1740 2495 1815 electionem
2525 1742 2733 1817 gratim,
2772 1745 3111 1814 postmodum
3150 1762 3278 1803 vero
3300 1763 3435 1802 con-

1859 1830 1966 1887 fert
1994 1832 2132 1887 dona
2163 1830 2598 1911 Spiritusﬁsancti
2624 1842 2677 1889 et
2701 1836 2918 1904 praemia
2945 1837 3098 1901 vitm;
3130 1837 3297 1908 igitur
3316 1840 3436 1894 sine

175 1926 411 1991 adventu
457 1927 647 1994 illius;
706 1935 918 1983 avertet
961 1943 1176 1998 quoque
1214 1928 1464 2004 pleniter,
1482 1936 1537 1984 et
1575 1908 1753 2003 abhis
1781 1930 1829 1993 Β
1856 1921 2153 1977 mutatione
2193 1930 2321 1977 sunt
2344 1908 2498 1978 dona
2528 1932 2583 1977 et
2611 1926 2823 1980 vocatio
2868 1927 2961 1982 Dei
2994 1928 3047 1981 in
3089 1929 3172 1983 his
3202 1929 3267 1984 de
3316 1933 3438 1998 qni-

176 2017 301 2087 qui,
344 2025 590 2088 suscepta
625 2018 866 2088 gentium
893 2017 1258 2085 multitudine,
1284 2028 1670 2093 convertentur
1701 2027 1757 2081 et

180 2107 552 2175 salvabuntur,
580 2108 719 2164 sicut
746 2108 1009 2178 scriptum
1036 2117 1120 2164 est
1148 2106 1558 2178 :Jpse.redimet
1582 2109 1756 2164 Israel

172 2216 249 2254 ea:
280 2198 513 2254 omnibus
538 2199 902 2277 iniquitatibus
937 2199 1052 2267 suis
1081 2198 1255 2269 (Psal.
1286 2199 1472 2272 (ξικις)
1498 2218 1514 2263 ;
1550 2208 1606 2256 et
1631 2216 1755 2256 cum

172 2289 454 2360 plenitudo
508 2290 749 2363 gentium
806 2290 1312 2371 intraveritddunc
1360 2292 1537 2369 omnis
1588 2291 1754 2373 Israel

170 2384 360 2441 salvus
389 2384 504 2441 lict.
952 2404 957 2408 δ

249 2472 318 2529 Et
351 2476 448 2531 hoc
482 2475 607 2543 illis.
630 2493 665 2530 a
694 2492 777 2542 me
809 2484 1197 2545 testamentum,
1228 2474 1486 2547 subaudis
1514 2474 1753 2553 dabitur,

165 2566 294 2622 sive
315 2566 694 2637 complentur,
733 2582 831 2638 per
854 2567 999 2638 quod
1027 2566 1317 2639 aliquando
1344 2566 1633 2637 promissio
1660 2564 1753 2620 de-

164 2660 505 2728 signaturnet
537 2658 909 2739 Evangelium.
939 2660 1208 2733 Etpotest
1231 2660 1322 2718 hic
1349 2670 1641 2730 utrumque
1670 2658 1754 2714 in-

164 2748 341 2821 telligi
365 2767 381 2816 ;
408 2752 693 2821 promissio
720 2751 970 2813 videlicet
995 2752 1146 2823 regni
1173 2751 1457 2817 caelorum,
1490 2759 1546 2806 et
1578 2748 1753 2806 Evan-

160 2840 376 2911 gelium
422 2843 476 2901 in
521 2859 631 2913 quo
677 2845 790 2913 ipsa
831 2843 1119 2913 promissio
1158 2843 1490 2908 continetur,
1539 2842 1752 2899 dicente

161 2932 409 2993 Domino
442 2952 455 2988 :
488 2930 867 3003 I’ams'teugzmu~
892 2935 1052 3002 agite,
1080 2933 1507 3019 appropinquabit
1539 2949 1755 3012 regnant

159 3022 428 3083 calorum
452 3022 667 3093 (Matth.
712 3030 807 3091 tv).
854 3024 930 3079 De
959 3025 1061 3079 hoc
1099 3024 1753 3097 testamentodictntuest

154 3128 275 3184 per
296 3114 612 3184 prophetam
660 3133 672 3168 :
724 3114 959 3179 Feriam,
1001 3114 1199 3184 inquit,
1240 3130 1385 3187 cum
1411 3115 1748 3187 eisupactum

158 3221 398 3271 novum,
428 3215 482 3261 et
512 3214 893 3265 testamentum
933 3222 1129 3262 novum
1156 3206 1388 3262 scribam
1422 3206 1472 3260 in
1495 3205 1749 3262 cordibus

1856 2013 1959 2069 bus
1994 2028 2159 2083 supra
2209 2011 2407 2091 lectum
2431 2022 2537 2091 ’est
2571 2031 2583 2067 :
2619 2012 2761 2080 Quos
2805 2016 3213 2085 praedestinavit,
3255 2020 3347 2074 hos
3387 2029 3438 2074 et

1857 2104 2057 2171 vocavit
2104 2102 2284 2175 (Rom.
2332 2102 2471 2175 vm),
2504 2119 2611 2158 non
2656 2104 2708 2157 in
2756 2104 2843 2159 his
2872 2104 2937 2160 de
2972 2107 3169 2176 quibus
3193 2109 3433 2164 dicitur:

1858 2194 2015 2249 Multi
2064 2205 2184 2266 sunt
2231 2195 2422 2271 vocati,
2475 2195 2567 2249 sed
2613 2197 2768 2265 pauci
2825 2196 2969 2251 electi
3017 2198 3249 2267 (Matth.
3300 2202 3431 2268 xx).

1853 2284 2025 2359 Aliter
2051 2302 2066 2338 :
2096 2286 2216 2364 sine
2260 2286 2577 2356 pmnitentia
2602 2295 2727 2341 sunt
2758 2288 2893 2342 dona
2921 2300 2977 2343 et
3022 2291 3231 2347 vocatio
3255 2291 3347 2348 Dei
3378 2293 3432 2348 in

1854 2376 1961 2431 illis
1985 2376 2077 2446 qui
2105 2377 2173 2431 ad
2218 2379 2374 2432 (idem
2424 2377 2516 2433 Dei
2542 2380 2783 2433 veniunt.
2816 2379 2976 2435 Verbi
3006 2383 3179 2453 gratia
3230 2402 3244 2439 :
3272 2400 3435 2448 voca-

1853 2471 1937 2520 tdr
1958 2465 2079 2543 quis
2102 2481 2169 2521 ex
2196 2466 2535 2538 paganismo,
2570 2467 2894 2537 baptizatur,
2916 2478 2971 2524 et
3004 2471 3073 2526 ab
3106 2473 3254 2528 omni
3280 2483 3433 2529 reatu

1851 2556 2148 2635 absolvitur
2180 2576 2192 2611 :
2223 2543 2350 2629 quid
2387 2558 2512 2613 boni
2542 2555 2672 2614 fecit
2712 2567 2770 2613 ut
2815 2571 3119 2635 vocaretur,
3165 2574 3220 2619 et
3246 2575 3304 2618 ut
3335 2565 3433 2620 do~

1852 2634 1980 2703 num
2009 2648 2345 2703 remissionis
2385 2647 2626 2704 omnium
2651 2649 2927 2720 culparum
2962 2634 3431 2722 consequeretur?

1851 2734 2035 2807 Neque
2057 2738 2201 2792 enim
2226 2736 2495 2809 jejunavit
2517 2756 2530 2792 :
2552 2753 2725 2810 neque
2746 2740 2800 2794 in
2828 2740 3205 2821 eleemosynis,
3229 2744 3311 2799 vel
3332 2761 3430 2800 an-

1848 2844 2063 2907 norum
2089 2831 2487 2900 computatione
2522 2832 2574 2886 in
2626 2833 2947 2901 paenitentia
2980 2835 3166 2906 culpas
3210 2837 3426 2892 delevit.

1848 2924 2100 2999 Dicamus
2128 2935 2191 2995 get
2233 2925 2471 2999 apertius
2515 2943 2528 2978 :
2565 2927 2971 2998 nascitur‘quis
3007 2944 3129 2983 cum
3179 2929 3429 3000 originali

1850 3023 2104 3091 peccato;
2135 3014 2289 3089 addit
2325 3015 2581 3089 deinceps
2622 3015 2787 3069 multa
2836 3017 3068 3070 actualia
3112 3035 3125 3071 :
3171 3017 3216 3074 si
3256 3018 3432 3073 credi-

1850 3104 2018 3169 derit,
2056 3112 2279 3159 vocatus
2328 3112 2443 3169 est;
2471 3103 2811 3183 baptizatus,
2860 3106 3043 3159 statim
3080 3106 3147 3160 ab
3181 3104 3284 3159 hac
3320 3107 3428 3160 vita

1850 3196 2219 3261 subtrahitur;
2249 3194 2445 3265 accipit
2472 3186 2611 3249 dona
2635 3195 2887 3265 perennis
2917 3195 3039 3249 vita:
3078 3214 3090 3249 :
3133 3209 3260 3251 ecce
3286 3196 3426 3252 dona

150 3312 395 3361 eorum.
414 3297 674 3368 Sequitur
700 3316 713 3352 :
739 3297 871 3352 Cum
896 3296 1160 3353 abstulero
1177 3308 1391 3370 peccata
1417 3314 1617 3353 eorum.
1652 3295 1749 3353 His
1775 3285 1820 3348 C
1850 3295 1907 3343 el
1935 3288 2147 3343 Vocatio
2174 3286 2269 3342 Ι)θί
2298 3287 2416 3342 Sine
2441 3286 2779 3357 Ρωηὶιθηῑίίιο

152 3388 354 3451 verbis
394 3388 725 3445 demonstrat
774 3390 936 3459 quod,
968 3388 1093 3446 licet
1127 3388 1487 3461 quorumdam
1522 3388 1749 3458 credent

138 3482 307 3543 .tistm
334 3496 399 3535 ex
419 3482 498 3536 eis
521 3491 743 3551 peccata
765 3482 873 3536 sint
897 3481 1098 3549 ablata,
1121 3482 1175 3553 in
1209 3482 1315 3538 line
1361 3491 1537 3551 tamen
1562 3481 1746 3561 saeculi

153 3592 273 3649 per
297 3576 549 3647 baptismi
572 3577 803 3646 gratiam
830 3576 1043 3647 plenius
1073 3574 1403 3632 auferentur.

242 3665 544 3722 Secundum
569 3666 912 3741 Evangeliunt
943 3667 1156 3739 quidem,
1190 3669 1389 3738 inimici
1413 3668 1510 3724 Dei
1536 3676 1751 3740 propter,

151 3774 279 3816 vos.
320 3756 436 3813 Non
488 3759 567 3814 ait
608 3759 903 3825 secundum
946 3759 1141 3830 legem,
1196 3774 1360 3829 quam
1400 3774 1501 3830 pro
1536 3760 1745 3817 viribus

143 3852 287 3913 suis
314 3851 483 3908 Judaei
506 3853 919 3918 aemulabantur,
946 3854 1040 3918 sed
1065 3852 1362 3921 secundum
1395 3852 1745 3923 Evangelium

150 3944 318 4015 quod
333 3944 434 4015 ipsi
460 3943 906 4009 contemnebant,
927 3944 1018 3998 ubi
1032 3952 1287 3999 narratur
1307 3943 1540 4013 qualiter
1566 3943 1746 3998 Domi-

152 4042 303 4089 Tnum
349 4034 510 4087 morti
559 4032 900 4086 tradiderint.
952 4032 1094 4103 Ergo
1139 4042 1399 4102 quantum
1441 4034 1635 4088 attinet
1675 4033 1746 4088 ad

152 4123 545 4192 Evangeiinm,
575 4123 719 4194 quod
743 4119 910 4177 Judtei
938 4138 1045 4178 non
1071 4123 1356 4191 recipiunt,
1386 4123 1588 4179 inimici
1618 4132 1747 4179 sunt

159 4216 376 4273 Christi
407 4225 462 4271 et
503 4215 743 4287 ejusdem
787 4212 1078 4284 Evangelii.
1108 4210 1258 4268 Hanc
1304 4213 1641 4268 inimicitiam
1665 4213 1747 4270 id-

157 4309 321 4367 circo
347 4305 518 4364 Judaei
552 4308 918 4369 incurrerunt,
948 4315 1008 4360 ut
1032 4314 1220 4377 gentes
1247 4306 1469 4361 credere
1490 4291 1740 4375 possent;

157 4408 225 4455 ct
257 4398 361 4454 hoc
383 4407 470 4454 est
495 4398 639 4469 quod
661 4398 821 4469 dicit.
851 4397 1079 4471 Propter
1100 4411 1218 4462 vos,
1239 4411 1273 4473 _o
1296 4397 1546 4469 gentiles,
1567 4406 1628 4452 ut
1648 4413 1747 4455 vos

157 4490 505 4567 crederetis,
537 4489 740 4565 inimici
783 4491 879 4561 Dei
926 4489 1056 4567 lacti
1083 4498 1210 4545 sunt
1244 4487 1741 4547 Judteisecundum

160 4581 543 4655 Evangelipm,
588 4582 642 4636 id
670 4591 752 4637 est
787 4581 1081 4659 secundum
1109 4580 1255 4657 quod
1292 4580 1640 4654 Evangelium
1665 4581 1745 4657 lo-

154 4673 375 4744 quitur.
426 4672 705 4744 Siquidem
755 4674 808 4729 in
862 4673 1149 4745 Evangelia
1217 4674 1455 4733 refertur
1508 4674 1744 4745 qualiter

156 4764 322 4837 impii
386 4763 555 4827 Judazi
610 4776 936 4839 peregerunt
984 4780 1173 4820 necem
1226 4766 1462 4832 Christi,
1521 4775 1744 4845 prepter

156 4872 334 4925 quium
360 4856 707 4921 incurrerunt
722 4856 1073 4925 inimicitiam
1094 4856 1221 4922 Dei,
1235 4859 1377 4928 quod
1392 4858 1520 4929 quia
1544 4858 1598 4912 in
1619 4858 1741 4913 inll-

156 4947 387 5009 delitate
417 4957 848 5018 permanserunt.
872 4947 1179 5025 Secundum
1210 4949 1742 5025 au_t_ens_electionem,~

157 5037 471 5105 durissimi
506 5048 716 5108 propter
740 5048 943 5110 patres.
972 5038 1090 5095 Non
1119 5040 1197 5095 sic
1224 5040 1630 5112 intelligendum
1658 5048 1743 5096 est

154 5138 227 5185 et
248 5127 340 5199 qui
357 5127 695 5198 appellantur
719 5129 918 5184 inimici
941 5127 1062 5203 Dei,
1086 5128 1184 5199 ipsi
1211 5130 1320 5185 sint
1338 5139 1394 5184 et
1414 5112 1739 5194 cbarissimi,

161 5218 474 5291 praesertim
498 5234 621 5283 cum
663 5219 832 5293 Judazi
858 5236 975 5289 .una
1007 5235 1138 5291 gens
1173 5220 1305 5297 sint,
1335 5236 1454 5289 quae
1489 5221 1745 5276 dividitur

160 5315 231 5379 in
270 5313 554 5381 credentes
576 5319 634 5382 et
655 5326 763 5366 non
797 5311 1098 5366 credentes.
1129 5311 1294 5391 Igitur
1321 5309 1488 5379 Judaei
1512 5312 1671 5391 alieni
1710 5327 1741 5367 a

163 5403 280 5481 title
324 5401 529 5473 Christi
572 5402 773 5475 inimici
810 5411 936 5457 sunt
976 5402 1113 5458 Dei:
1146 5402 1450 5458 cbarissimi
1488 5416 1616 5467 vero
1632 5401 1739 5481 illi,

161 5477 264 5566 qui
292 5507 390 5563 per
415 5492 754 5563 electionem,
778 5492 1453 5570 siveprtedestinationem
1477 5491 1591 5558 Dei,
1617 5477 1744 5566 sunt

155 5580 447 5656 justiﬁeati
486 5583 610 5657 :dc.
637 5598 744 5652 qua
778 5568 1040 5657 dicitur:
1085 5583 1187 5650 Qui
1230 5582 1381 5663 elegit
1412 5568 1505 5638 nos
1544 5582 1742 5653 inipso

162 5684 292 5729 ante
314 5674 498 5729 mundi
536 5674 981 5739 constitutionem,
1022 5686 1074 5731 ut
1107 5691 1333 5730 essemus
1362 5674 1531 5733 sancti
1563 5683 1612 5730 et
1651 5674 1745 5728 int-

164 5768 419 5825 inaculati
470 5767 686 5839 (Ephes.
733 5767 833 5837 t):
889 5769 978 5839 qui
1025 5781 1244 5838 propter
1293 5776 1516 5841 patres,
1568 5766 1621 5822 id
1659 5775 1742 5823 est

165 5860 443 5917 Abraham
479 5868 532 5916 et
558 5870 805 5927 caeteros,
846 5859 1146 5915 citatissimi
1180 5868 1578 5930 nuncupantur,
1604 5874 1739 5930 quo-

1923 3397 2067 3470 Sicut
2108 3399 2244 3453 enim
2282 3406 2330 3453 et
2378 3414 2466 3452 vos
2496 3396 2785 3473 aliquando
2829 3414 2933 3453 non
2971 3396 3264 3452 credidistis
3297 3395 3430 3461 Deo,

1851 3508 1999 3563 nunc)
2034 3499 2210 3545 autem
2262 3489 2675 3544 misericordiam
2723 3483 2986 3544 consecuti
3044 3487 3164 3544 estis
3220 3496 3431 3559 propter

1849 3582 2061 3659 illorum
2088 3580 2537 3646 incredulitatem;
2572 3582 2647 3635 ita
2696 3589 2744 3637 et
2772 3581 2859 3636 i‘sti
2903 3597 3041 3636 nunc
3067 3596 3171 3636 non
3198 3577 3431 3634 credide-

1850 3680 1971 3728 runt
1998 3673 2058 3727 in
2092 3681 2315 3741 vestram
2355 3672 2795 3738 misericordiam,
2829 3682 2886 3727 ut
2914 3682 2964 3728 et
3000 3674 3099 3744 ipsi
3130 3673 3429 3729 misericors

1848 3761 2005 3840 diam
2040 3748 2446 3835 consequantur.
2492 3763 2921 3819 Misericordiam
2969 3763 3202 3835 appellat
3243 3764 3428 3820 istoin

1848 3839 1969 3908 loco
1989 3839 2277 3922 Apostolus
2302 3850 2482 3916 ﬁdem,
2505 3852 2733 3923 gratiam
2774 3851 3132 3923 baptismatis,
3155 3853 3429 3909 remissio-

1849 3957 1976 4019 nem
2002 3949 2376 4011 peccatorum,
2401 3948 2458 3995 et
2485 3942 2681 3997 donum
2705 3940 2939 4011 Spiritus
2966 3942 3159 4006 sancti,
3191 3944 3423 4011 pariter-

1850 4050 1958 4105 que
1989 4033 2508 4105 reconciliationem,
2544 4047 2650 4101 qua
2675 4031 3009 4088 reconciliati
3047 4039 3173 4086 sunt
3195 4032 3423 4102 gentiles

1849 4107 2004 4181 Deo:
2032 4134 2089 4180 et
2116 4124 2336 4193 insuper
2376 4122 2637 4192 quidquid
2667 4124 2793 4178 boni
2823 4119 3181 4194 post'Doutini
3213 4123 3419 4178 adven-

1818 4196 1963 4277 ‘um
2021 4216 2191 4290 gratis
2257 4231 2290 4271 a
2335 4216 2447 4271 Deo
2499 4226 2880 4287 perceperunt,
2938 4215 3228 4285 ostendens
3275 4218 3414 4286 quia

1849 4308 1989 4364 sicut
2012 4306 2243 4379 gentiles
2271 4306 2328 4362 in
2371 4306 2548 4377 primo
2576 4305 2807 4383 Domini.
2832 4307 3068 4370 adventu
3112 4308 3423 4373 misericor-

1849 4401 1992 4456 diam
2026 4399 2120 4475 Dei
2146 4409 2271 4455 sunt
2306 4401 2606 4466 consecuti,
2630 4400 2704 4455 ita
2727 4409 2782 4455 et
2806 4400 2977 4457 Judaei
2998 4411 3417 4471 consequentur.

1848 4492 2309 4571 appropinquante
2320 4492 2568 4565 secundo
2594 4492 2848 4559 adventu,
2872 4509 2969 4564 per
2988 4494 3422 4571 prardicationein

1848 4568 1977 4638 Elia:
2008 4594 2063 4637 et
2092 4568 2275 4638 Enoch
2308 4598 2322 4637 :
2353 4582 2507 4654 juxta
2537 4582 2681 4652 quod
2710 4583 2849 4639 idem
2883 4568 3421 4665 egregius‘pniulica-

1851 4687 1936 4730 tor
1978 4675 2113 4730 alias
2155 4674 2411 4751 loquitur,
2463 4675 2691 4733 dicens:
2722 4673 2855 4733 Cum
2894 4674 3164 4746 plenitudo
3194 4676 3422 4746 gentium

1848 4767 2133 4826 intraverit,
2167 4754 2291 4818 tunc
2331 4764 2499 4820 omnis
2544 4763 2718 4818 Israel
2752 4763 2928 4819 salvus
2972 4764 3083 4835 ﬁet.
3117 4764 3274 4835 Sicut
3305 4781 3419 4843 vos,

1847 4858 2042 4928 inquit,
2077 4872 2172 4911 vos
2196 4855 2448 4927 gentiles,
2474 4854 2765 4926 aliquando
2805 4870 2909 4910 non
2948 4855 3260 4931 credidistis
3286 4853 3419 4917 Deo,

1848 4967 1991 5009 nunc
2034 4959 2216 5007 autem
2263 4951 2316 5004 in
2354 4949 2564 5005 Domini
2613 4932 2902 5003 adventum
2951 4964 3047 5018 per
3087 4947 3423 5029 praedicatio

1847 5059 1970 5101 nem
2011 5040 2372 5115 apostolorum
2416 5039 2847 5113 misericordiam
2888 5022 3275 5110 omnipotentis
3326 5037 3420 5093 Dei

1844 5118 2116 5189 consecuti
2167 5132 2297 5188 estis
2341 5141 2560 5202 propter
2608 5129 2913 5187 Judaaorum
2966 5129 3419 5193 incredulitatem,

1844 5226 1898 5281 in
1931 5240 2158 5295 quorum
2203 5225 2320 5281 loco
2367 5226 2634 5301 credendo
2681 5227 3062 5292 subintrastis;
3095 5225 3169 5280 ita
3219 5233 3274 5280 et
3316 5225 3418 5296 ipsi

1841 5315 2012 5373 Judaei
2055 5331 2199 5396 nunc
2242 5331 2349 5375 non
2375 5316 2726 5372 crediderunt
2756 5318 2809 5371 in
2836 5325 3073 5372 vestram
3112 5315 3421 5371 misericor-

1845 5408 2008 5470 diam,
2035 5422 2153 5477 qum
2181 5406 2333 5461 vobis
2372 5422 2402 5461 a
2434 5408 2543 5461 Deo
2567 5407 2691 5462 data
2716 5418 2822 5474 est,
2859 5408 2909 5462 id
2935 5418 3018 5463 est
3052 5408 3104 5462 in
3133 5408 3233 5462 isto
3285 5416 3419 5462 tein-

1847 5513 1977 5568 pore
1998 5496 2211 5565 quando
2244 5512 2339 5550 vos
2376 5496 2804 5551 misericordiam
2840 5499 3116 5554 consecuti
3155 5499 3308 5561 estis,
3335 5499 3417 5553 vel

1847 5587 1901 5642 in
1925 5596 2103 5641 vestra
2133 5585 2503 5641 misericordia
2539 5587 2687 5649 dicit,
2724 5587 2827 5642 hoc
2861 5596 2964 5653 est,
2993 5596 3053 5641 ut
3087 5602 3183 5643 vos
3207 5587 3417 5643 n'tiseri-

1846 5677 2084 5733 cordiam
2121 5676 2376 5747 consequi
2404 5677 2733 5747 potuissetis.
2758 5676 2929 5733 Casus
2948 5677 3148 5733 etenim
3176 5676 3414 5751 illorum,

1846 5765 1989 5829 salus
2021 5766 2122 5822 fuit
2158 5767 2415 5839 gentium.
2459 5766 2678 5823 Pozerat
2721 5768 2916 5839 aliquis
2958 5768 3139 5825 dicere
3186 5781 3202 5822 :
3237 5765 3415 5835 Quare

1845 5872 1952 5913 non
1996 5858 2335 5915 crediderunt
2370 5856 2536 5913 Judaei
2581 5859 2632 5913 in
2677 5860 2849 5930 ptimo
2891 5859 3102 5917 Domini
3146 5850 3414 5915 adventu?
