3936 6458
516 474 617 531 467

986 469 1338 527 HAYMONIS
1376 468 1856 534 llALBERSTAT.
1891 468 2105 533 EPISC‘.
2146 468 2297 525 OPP.
2340 468 2518 524 PARS
2551 467 2590 524 Ι.
2630 499 2701 508 —
2736 460 3088 521 COMMENT.
3129 457 3301 517 BIBL.

3674 457 3786 516 468

519 584 602 640 Ad
628 586 741 641 haec
764 583 1080 657 Apostolus:
1107 583 1414 654 Utgentes,
1441 584 1643 654 inquit,
1661 584 2084 646 misericordiam
2113 594 2162 651 Α
2189 583 2293 639 lide
2309 584 2523 638 venitur
2542 582 2610 635 ad
2630 579 2767 636 bona
2783 570 2947 649 Opera
2968 575 3197 646 agenda,
3214 590 3321 629 non
3343 572 3415 628 ab
3434 572 3701 643 operibus
3716 574 3787 629 ad

516 683 1000 747 consequerentur,
1042 682 1098 728 et
1136 673 1235 743 ipsi
1266 676 1609 744 postmodum
1652 675 1706 729 in
1753 675 1861 730 line
1901 674 2083 731 saeculi

520 773 949 838 consequantur,
1001 765 1048 819 si
1093 764 1237 818 enim
1269 765 1324 818 in
1368 767 1545 834 primo
1591 763 1805 820 Domini
1853 763 2085 820 adventu

515 858 888 922 credidissent,
928 871 993 911 ex
1032 854 1165 926 legis
1191 855 1446 926 operibus
1484 870 1543 910 se
1571 852 1897 923 justiﬁeatos
1930 863 2086 925 puta-

514 961 664 1017 rent;
700 950 753 1004 in
784 948 893 1004 line
933 963 1063 1004 vero
1099 948 1280 1003 surculi
1318 964 1438 1004 cum
1474 948 1835 1013 crediderent,
1870 948 2082 1003 miseri-

508 1025 753 1095 cordiam
788 1047 1106 1099 consecutos
1143 1051 1202 1092 se
1238 1052 1346 1092 non
1385 1036 1723 1095 dubitabunt.
1768 1033 1918 1093 unde
1961 1038 2085 1092 sub-

512 1126 592 1183 dit
620 1146 635 1182 :

583 1218 849 1275 Conclusit
899 1217 1037 1274 Deus
1079 1218 1279 1287 omnia,
1316 1217 1372 1274 id
1406 1226 1490 1275 est
1536 1217 2083 1274 omniumhominum

510 1324 738 1382 genera,
779 1311 836 1364 in
882 1308 1267 1375 incredulitate,
1322 1309 1375 1365 id
1422 1318 1505 1365 est
1542 1308 1790 1365 concludi
1839 1309 2086 1381 permisit

513 1400 657 1455 intra
707 1400 1158 1466 incredulitatem,
1208 1409 1263 1453 ut
1309 1400 1546 1454 omnium
1568 1401 1895 1456 misereatur.
1942 1398 2084 1454 Con-

513 1493 694 1549 clusos
723 1507 842 1549 esse
874 1491 1110 1548 ostendit
1134 1502 1243 1545 tam
1280 1489 1491 1546 Iudaeos
1527 1507 1686 1561 quam
1726 1490 1954 1563 gentiles
1981 1489 2083 1545 sub

512 1595 738 1659 peccato
768 1584 1191 1651 incredulitatis;
1232 1584 1444 1640 Judteos
1469 1586 1684 1655 quidem
1722 1585 1891 1656 legem
1923 1592 2083 1639 natu-

508 1677 680 1733 ralem
710 1684 767 1731 et
806 1674 1063 1746 scriptam
1105 1675 1464 1742 destruendo,
1498 1676 1724 1746 gentiles
1765 1690 1897 1731 vero
1924 1683 2079 1729 natu-

510 1765 679 1821 ralem
733 1765 907 1837 legem
950 1764 1230 1821 calcando.
1284 1763 1390 1821 Sed
1439 1772 1499 1819 ut
1537 1765 1732 1820 clarior
1769 1764 1921 1819 ﬁeret
1967 1762 2084 1832 ejus

508 1856 683 1925 gratia
727 1872 835 1927 qua
879 1855 1224 1911 dimittuntur
1260 1865 1478 1926 peccata
1523 1856 1607 1911 his
1645 1856 1719 1910 ita
1771 1856 2038 1911 conclusis
2064 1897 2080 1923 ,

2185 672 2345 728 ﬁdem
2373 690 2386 727 :
2414 672 2518 727 nisi
2545 671 2688 726 enim
2712 666 2993 724 Cornelius
3019 666 3178 720 iidem
3205 665 3443 735 primum
3469 662 3785 731 habuisset,

2186 771 2488 832 praeventus
2512 762 2581 816 ab
2614 758 2972 829 inspiratione
2994 755 3206 818 divina,
3250 768 3601 824 nequaquam
3636 754 3786 809 bona

2185 863 2349 918 opera
2388 847 2686 902 habuisset.
2730 842 2859 908 Sed,
2887 843 3029 897 sicut
3073 843 3266 897 beatus
3290 839 3599 912 Gregorius
3622 839 3784 905 dicit,

2183 947 2490 1010 praeventus
2521 944 2606 992 est
2644 952 2674 991 a
2705 935 2815 990 Deo
2863 942 2923 989 ut
2966 934 3189 989 haberet
3241 933 3403 987 ﬁdem
3442 933 3620 1001 unius
3660 931 3785 987 Dei-

2186 1030 2330 1096 tatis,
2354 1044 2461 1084 non
2492 1038 2674 1084 tamen
2705 1027 2759 1081 in
2804 1025 3515 1095 Trinitatem'personarum
3560 1025 3625 1079 in
3669 1025 3782 1081 Deo

2184 1135 2302 1177 esse
2323 1122 2595 1191 cognovit,
2619 1118 2969 1189 quoadusque
2991 1117 3185 1172 Petrus
3202 1117 3269 1171 ad
3292 1131 3418 1171 eum
3442 1125 3531 1172 est
3548 1116 3778 1172 missas.

2186 1210 2570 1283 Unusquisque
2598 1218 2780 1265 autem
2810 1211 2921 1266 Deo
2963 1209 3124 1265 fidem
3150 1218 3210 1265 et
3232 1224 3397 1280 opera
3420 1224 3527 1264 sua
3552 1208 3776 1275 tribuit,

2183 1301 2399 1374 quando
2421 1303 2537 1372 ejus
2555 1304 2724 1375 gratia
2748 1311 3055 1373 praeventus
3075 1302 3247 1357 credit
3273 1302 3327 1356 in
3371 1316 3525 1367 eum,
3543 1310 3609 1357 et
3634 1302 3778 1356 bona

2182 1410 2346 1465 opera
2373 1396 2676 1451 exercendo
2704 1395 2887 1450 studet
2921 1393 3189 1449 voluntati
3211 1394 3330 1465 ejus
3349 1393 3599 1464 placere.
3627 1392 3783 1458 Qu.

2182 1486 2325 1540 niam
2359 1500 2424 1541 ea:
2454 1486 2585 1556 ipso.
2616 1486 2672 1541 id
2697 1494 2781 1541 est
2802 1500 2869 1541 ex
2907 1493 3062 1555 parte
3096 1492 3224 1541 sunt
3258 1484 3482 1549 omnia,
3522 1483 3668 1554 quia
3710 1486 3777 1539 ab

2182 1581 2300 1648 ipso
2324 1579 2587 1650 originem
2618 1586 2999 1649 sumpserunt;
3025 1587 3074 1632 et
3108 1594 3205 1648 ρει·
3236 1578 3431 1647 ipsum,
3456 1577 3515 1635 id
3561 1586 3660 1632 est
3682 1591 3777 1647 per

2181 1652 2545 1738 FiliumIsunt
2564 1671 2765 1737 omnia,
2788 1672 2916 1742 quia
2933 1686 3031 1740 per
3049 1671 3198 1726 illum
3221 1670 3403 1724 omnia
3431 1668 3587 1723 facta
3616 1676 3773 1731 sunt;

2181 1771 2232 1818 et
2254 1764 2306 1817 in
2340 1763 2475 1834 ipso,
2508 1763 2560 1818 id
2583 1771 2667 1818 est
2692 1764 2745 1818 in
2769 1762 2974 1833 Spiritu
3003 1769 3210 1826 sancto,
3237 1770 3361 1816 sunt
3402 1761 3621 1825 omnia,
3646 1760 3774 1829 quia

2184 1852 2240 1907 in
2263 1852 2355 1907 illo
2387 1852 2691 1908 consistunt
2718 1871 2732 1907 :
2769 1867 2897 1909 ecce
2932 1852 3173 1907 Trinitas
3197 1866 3587 1922 personarum.
3617 1850 3775 1918 Quod

505 1949 708 2024 placuit
733 1949 784 2005 ei
822 1958 949 2004 tunc
979 1948 1259 2004 abolendis
1296 1949 1532 2018 peccatis
1559 1948 1857 2014 hominum,
1888 1964 2074 2004 sacra-
2108 1937 2155 1997 B
2185 1961 2313 2002 vero
2335 1947 2514 2002 subdit
2540 1964 2553 2000 :
2584 1945 2695 2017 Ipsi
2725 1946 2896 2017 gloria
2916 1987 2929 2009 ,
2960 1947 3125 2000 trium
3155 1959 3525 2014 personarum
3562 1959 3681 1998 una
3721 1954 3773 1999 et

509 2048 749 2096 mentum
792 2040 1127 2096 remissionis
1181 2039 1375 2096 atl‘erre
1418 2040 1634 2110 quando
1670 2055 1831 2099 nemo
1863 2050 2078 2110 poterat

507 2134 577 2188 de
604 2134 718 2189 suis
748 2132 955 2190 meritis
996 2132 1235 2204 gloriari.
1277 2130 1540 2187 lncreduli
1571 2132 1832 2202 siquidem
1862 2131 2078 2190 luerunt

508 2226 761 2298 gentiles,
807 2225 902 2281 sed
950 2223 1374 2280 misericordiam
1409 2224 1503 2278 Dei
1536 2223 1604 2278 ab
1634 2238 1698 2278 eo
1723 2224 1921 2289 vocati,
1949 2239 2079 2280 cou-

509 2318 682 2375 secuti
733 2328 884 2378 sunt.
934 2315 1072 2372 Sunt
1118 2316 1278 2370 modo
1315 2323 1370 2369 et
1414 2312 1583 2369 Judaei
1636 2312 1930 2380 increduli,
1982 2313 2077 2369 sed

505 2408 852 2463 miserebitur
876 2421 1083 2462 eorum.
1112 2405 1289 2472 Quare
1319 2414 1496 2460 tamen
1527 2404 1921 2459 multitudinem
1950 2417 2078 2476 gen-

508 2499 641 2554 tium
681 2486 834 2555 tanto
889 2505 1133 2568 tempore
1177 2496 1437 2567 abjecerit
1483 2495 1646 2562 Deus,
1694 2494 1905 2553 Iudaeos
1947 2512 2077 2551 vero

508 2589 777 2655 dilexerit,
807 2598 862 2646 et
886 2589 1224 2661 postmodum
1259 2591 1310 2643 in
1350 2589 1581 2645 adventu
1608 2605 1706 2645 suo
1733 2590 1984 2662 gentibus
2010 2588 2076 2644 ad

510 2696 569 2736 se
609 2680 846 2737 collectis
889 2680 1105 2737 Iudaeos
1144 2680 1437 2750 abjecerit?
1481 2683 1628 2738 solus
1658 2684 1771 2755 ipse
1805 2684 1955 2739 novit
1983 2683 2076 2754 qui

511 2771 775 2843 conspicit
803 2775 1009 2835 omnia.
1041 2773 1402 2829 Considerans
1437 2773 1722 2845 Apostolus
1750 2783 1930 2831 tantas
1957 2792 2077 2831 esse

509 2864 726 2923 divitias
750 2865 1004 2926 bonitatis
1032 2864 1147 2930 Dei,
1171 2876 1226 2921 et
1250 2875 1453 2920 tantum
1480 2882 1614 2937 Opus
1642 2867 1834 2921 divina:
1863 2868 2075 2937 sapien-

507 2954 616 3019 tiae,
656 2972 778 3017 cum
808 2972 911 3012 non
941 2957 1201 3026 potuisset
1251 2957 1355 3011 hoc
1393 2957 1870 3028 comprehendere,
1899 2960 2077 3014 subito

507 3047 563 3102 in
596 3047 941 3104 interioribus
988 3048 1159 3104 oculis
1197 3048 1395 3115 cordis,
1443 3060 1662 3120 stupore
1705 3049 1866 3106 simul
1913 3060 2076 3122 atque

507 3154 709 3210 pavore
737 3138 1038 3215 perculsus,
1067 3140 1390 3197 exclamavit
1417 3148 1470 3196 et
1503 3140 1637 3197 dixit
1665 3159 1678 3195 :

580 3228 631 3300 α
665 3229 889 3285 altitudo
929 3231 1231 3285 divitiarum
1279 3231 1548 3300 sapientia:
1583 3241 1630 3286 et
1669 3232 1899 3286 scientiae
1941 3231 2076 3286 Dei!

2181 2035 2470 2108 singularis
2495 2037 2793 2092 substantia
2814 2034 3138 2099 declaratur,
3163 2035 3303 2091 sicut
3326 2042 3384 2089 et
3405 2034 3589 2090 Isaias
3604 2035 3771 2089 etiam

2182 2128 2312 2183 dicit
2337 2144 2394 2184 se
2423 2128 2638 2183 audisse
2662 2127 2844 2183 dicere
2870 2125 3152 2197 Seraphim
3180 2145 3194 2182 :
3224 2125 3488 2190 Sanetus,
3523 2137 3769 2191 una”.

2180 2231 2391 2274 sanctus
2420 2218 2673 2273 Dominus
2713 2218 2853 2273 Deus
2878 2218 3093 2273 sabaotlt
3121 2216 3257 2289 (Isa.
3279 2218 3378 2288 vt).
3403 2217 3519 2271 Ter
3541 2218 3687 2272 dicit
3708 2218 3771 2272 de

2181 2312 2424 2382 personis
2461 2319 2715 2378 sanctus,
2742 2319 2799 2365 et
2825 2325 2933 2364 una
2980 2309 3346 2364 tantummodo
3375 2309 3503 2364 vice
3540 2310 3620 2363 de
3658 2325 3771 2363 ma-

2174 2404 2370 2473 jestate
2396 2403 2677 2458 Dominus.
2710 2402 2973 2458 Similiter
3001 2412 3057 2457 et
3098 2401 3383 2457 Psalmista
3412 2420 3426 2456 :
3473 2402 3767 2456 Benedictis

2182 2509 2274 2547 nos
2306 2491 2443 2547 Deus
2475 2491 2655 2555 Pater,
2688 2490 2954 2546 benedicat
2987 2490 3122 2545 Deus
3148 2490 3340 2555 Filius,
3372 2490 3658 2544 benedice:
3678 2508 3766 2546 nos

2182 2583 2323 2638 Deus
2354 2582 2590 2654 Spiritus
2629 2589 2849 2638 sanctus
2871 2624 2885 2648 ,
2924 2591 2972 2637 et
3010 2591 3242 2636 metuant
3268 2598 3387 2636 eunt
3417 2598 3610 2636 omnes
3639 2583 3767 2651 ﬁnes

2179 2685 2332 2732 terra:
2357 2675 2526 2748 (Psal.
2560 2675 2737 2743 vat);
2769 2675 2911 2745 quod
2949 2689 3078 2729 vero
3108 2674 3206 2739 ait,
3229 2688 3296 2729 ex
3317 2673 3439 2743 ipso
3459 2673 3578 2729 Deo
3607 2673 3766 2729 Patre

2180 2775 2302 2824 sunt
2317 2768 2519 2832 omnia,
2542 2765 2925 2821 attendendum
2945 2773 3050 2828 est,
3071 2765 3214 2833 quod
3233 2778 3339 2818 non
3359 2763 3503 2818 dixit
3524 2764 3597 2817 de
3620 2764 3762 2833 ipse,

2179 2857 2323 2915 aliud
2351 2868 2436 2914 est
2461 2857 2604 2912 enim
2643 2871 2710 2912 ex
2750 2857 2911 2926 ipso,-
2940 2854 3083 2909 aliud
3109 2855 3177 2910 de
3218 2854 3358 2925 ipso.
3402 2851 3587 2908 Omne
3621 2855 3765 2909 enim

2179 2955 2319 3025 quod
2340 2962 2425 3010 est
2450 2968 2514 3008 ex
2546 2952 2661 3022 ipso
2691 2964 2797 3006 non
2825 2958 2909 3005 est
2949 2950 3016 3003 de
3048 2949 3202 3018 ipso;
3268 2948 3362 3003 sed
3404 2948 3558 3017 quod
3588 2949 3763 3003 estde

2179 3046 2315 3115 ipso,
2339 3045 2442 3100 hoc
2461 3043 2648 3112 utique
2681 3048 2735 3096 et
2761 3055 2828 3095 ex
2870 3040 3004 3109 ipso.
3043 3036 3198 3093 Verbi
3242 3037 3419 3109 gratia
3450 3056 3465 3092 :
3496 3036 3677 3092 Filius
3698 3051 3760 3092 cx

2176 3135 2337 3191 Patre
2358 3146 2463 3200 est,
2492 3133 2618 3205 quia
2640 3133 2709 3188 ab
2734 3130 2824 3185 illo
2850 3129 3117 3199 originem
3139 3128 3370 3197 accepit,
3420 3139 3483 3182 et
3507 3127 3579 3181 de
3624 3128 3761 3197 ipso,

2178 3229 2303 3299 quia
2333 3227 2399 3282 de
2423 3227 2538 3298 ejus
2570 3223 2871 3281 substantia
2909 3230 3013 3278 est.
3063 3220 3264 3275 Domus
3305 3234 3437 3274 vero
3473 3235 3602 3289 qua:
3638 3221 3761 3275 acdi-

504 3296 773 3386 Altitudo,
808 3322 1191 3377 sublimitatem
1230 3331 1286 3378 et
1312 3296 1733 3392 profunditatem
1766 3323 2068 3393 signiﬁcat;
2101 3314 2146 3375 C
2179 3296 2368 3376 licatur
2396 3296 2463 3374 er
2500 3317 2658 3389 lignis
2677 3317 2761 3372 vel
2784 3316 3064 3386 lapidibus,
3107 3328 3172 3369 ex
3204 3313 3319 3384 ipso
3345 3311 3571 3366 homine
3619 3322 3705 3368 est
3726 3327 3758 3366 a

505 3410 771 3479 sapientia
823 3411 1085 3481 accipitur
1139 3411 1193 3465 in
1248 3412 1444 3466 divinis
1489 3413 1685 3478 rebus,
1746 3413 2073 3467 scientia'in

510 3501 760 3556 humanis
784 3520 796 3554 :
831 3501 1072 3556 sublimis
1100 3516 1228 3573 ergo
1255 3510 1308 3557 et
1348 3500 1609 3572 profunda
1635 3511 1718 3558 est
1743 3503 2073 3560 abundantia

507 3591 790 3661 sapientiae
835 3591 1135 3646 divinarum
1187 3591 1651 3663 humanarumque
1703 3609 1884 3648 rerum
1932 3596 2072 3665 apud

505 3681 701 3747 Deum,
741 3683 833 3753 qui
881 3682 1029 3737 solus
1064 3684 1220 3740 sicuti
1250 3693 1375 3739 sunt
1402 3686 1582 3741 omnia
1626 3685 1883 3753 intuetur,
1914 3697 1968 3742 et
2005 3689 2073 3743 ad

505 3773 663 3845 cujus
678 3774 927 3830 notitiam
945 3777 1120 3831 omnis
1144 3791 1339 3832 sensus
1355 3774 1536 3832 noster
1556 3780 1872 3834 retunditur.
1902 3779 2073 3845 Quam

486 3866 1044 3937 incomprehensibilia
1084 3878 1205 3923 sunt
1224 3869 1425 3939 judicia
1458 3870 1572 3941 ejus
1591 3871 1618 3925 ἒ
1636 3871 1830 3943 quibus
1855 3873 2073 3943 angelos

502 3966 561 4012 et
600 3955 844 4014 homines
882 3958 1111 4030 judicat,
1146 3974 1240 4014 seu
1282 3958 1493 4016 Judteos
1531 3968 1691 4032 atque
1727 3961 1974 4031 gentiles,
2007 3979 2073 4019 ex

505 4051 702 4121 quibus
741 4066 883 4108 nunc
926 4052 1061 4108 istos
1109 4051 1303 4123 elegit,
1345 4066 1487 4107 nunc
1541 4052 1660 4109 illos
1713 4053 1910 4123 abiecit
1954 4074 1966 4109 :
2024 4062 2073 4109 et

502 4159 662 4235 quam
685 4142 1070 4235 inuestigabiles
1089 4144 1184 4235 uite
1213 4142 1362 4235 ejus!
1404 4144 1598 4214 quibus
1636 4160 1666 4200 a
1708 4146 1959 4216 gentibus
2004 4148 2104 4235 ad.

503 4229 739 4295 Judasos,
775 4239 830 4286 et
879 4247 908 4285 a
946 4229 1145 4286 Judmis
1189 4233 1257 4286 ad
1307 4242 1495 4301 gentes
1544 4236 1791 4301 transiit,
1843 4245 1898 4292 et
1948 4239 2070 4306 qui-

500 4318 604 4375 bus
640 4321 834 4375 iterum
870 4336 901 4374 a
946 4322 1194 4391 gentibus
1230 4323 1295 4376 ad
1336 4322 1547 4378 Iudaeos
1587 4327 1914 4385 transiturus
1957 4340 2067 4396 est;

504 4413 590 4468 vel
626 4429 726 4483 per
755 4415 892 4483 vias,
930 4430 1216 4484 possumus
1263 4420 1509 4485 accipere
1545 4419 1787 4476 actiones
1817 4420 1909 4475 Dei
1948 4424 2072 4491 qui-

502 4505 606 4559 bus
645 4504 827 4561 omnia
874 4514 1128 4575 operatus
1153 4513 1262 4571 est,
1295 4524 1412 4578 quae
1451 4508 1636 4580 utique
1671 4510 2072 4583 iuvestigabiles

504 4605 655 4652 sunt.

575 4684 707 4751 Quis
733 4689 872 4743 enim
909 4691 1142 4761 cognovit
1188 4688 1395 4747 sensum
1421 4692 1671 4749 Domini?
1695 4694 1748 4751 id
1789 4703 1873 4752 est
1916 4695 2072 4753 intel-

499 4777 674 4833 lectus
702 4778 821 4849 ejus
847 4779 1265 4850 profunditatem
1297 4784 1418 4853 quis
1457 4787 1761 4855 penetravit
1784 4787 1931 4855 lant
1955 4790 2072 4858 quis

497 4869 834 4929 consiliarius
861 4872 975 4943 ejus
1005 4873 1105 4943 fuit
1129 4874 1154 4927 ?
1181 4873 1360 4931 Patris
1399 4875 1741 4933 consiliarius
1764 4880 2073 4951 unigenitus

495 4961 668 5021 Filius
690 4962 808 5041 ejus
836 4972 920 5020 est
939 4964 1029 5034 qui
1054 4973 1110 5019 et
1136 4965 1371 5037 Angelus
1398 4968 1576 5039 magni
1606 4968 1817 5024 consilii
1840 4970 2073 5040 appella-

496 5067 617 5112 tur°
661 5058 761 5117 sed
804 5072 871 5113 ex
910 5058 1216 5114 hominibus
1256 5068 1311 5114 et
1348 5059 1552 5131 angelis
1593 5061 1772 5117 nullus
1816 5062 1932 5131 ejus
1970 5063 2073 5119 fuit

494 5149 856 5207 consiliarius.
885 5149 990 5203 Aut
1005 5150 1120 5220 quis
1145 5151 1289 5220 prior
1313 5150 1454 5205 dedit
1478 5150 1590 5217 illi,
1623 5153 1882 5208 subaudis
1910 5152 2069 5210 [idem

493 5253 645 5294 suam
689 5248 784 5295 aut
816 5238 1031 5309 aliquod
1070 5239 1270 5295 bonum
1311 5254 1463 5312 opus,
1511 5249 1800 5313 antequam
1846 5241 1915 5297 ab
1953 5242 2069 5312 ejus

493 5330 667 5400 gratia
712 5330 1138 5402 pmveniretur,
1184 5340 1231 5383 et
1289 5332 1603 5386 retribuetur
1638 5333 1735 5387 ei?
1775 5347 1986 5388 merces
2035 5350 2065 5388 a

496 5419 743 5486 Domino,
787 5435 856 5479 ex
895 5420 999 5475 hoc
1035 5419 1177 5491 quod
1217 5420 1377 5476 fidem
1418 5435 1570 5476 suam
1601 5423 1750 5493 prior
1797 5424 1848 5479 ei
1894 5425 2060 5479 dedit.

492 5509 723 5577 Quidam
752 5510 1036 5571 voluerunt
1072 5519 1265 5569 contra
1296 5512 1401 5567 hoc
1448 5512 1744 5584 intelligere
1786 5517 2061 5572 centurio-

490 5614 615 5655 nem
647 5598 991 5668 Cornelium,
1028 5601 1188 5661 bouis
1224 5602 1335 5660 suis
1376 5603 1584 5660 meritis
1620 5606 1987 5677 exigentibus,
2030 5623 2061 5663 a

489 5689 600 5745 Deo
641 5693 915 5765 accepisse
960 5693 1121 5750 (idem
1168 5692 1324 5765 quasi
1365 5709 1529 5750 causa
1576 5700 2056 5768 remunerationis,

487 5792 707 5853 propter
739 5784 1109 5858 eleemosynas
1140 5786 1348 5843 scilicet
1368 5795 1422 5843 et
1452 5788 1725 5846 orationes
1746 5792 1942 5863 quibus
1974 5793 2058 5848 in-

487 5873 681 5935 stabat.
712 5873 811 5942 Qui
843 5875 1043 5931 idcirco
1066 5877 1374 5946 ignoranter
1399 5878 1561 5937 locuti
1586 5891 1729 5951 sunt,
1752 5883 2004 5954 quoniam
2029 5901 2059 5940 a

2177 3413 2284 3482 quo
2315 3410 2391 3474 lit,
2435 3418 2490 3465 et
2518 3425 2549 3464 a
2575 3424 2682 3479 quo
2718 3407 2984 3477 originem
3026 3407 3188 3461 habet
3221 3423 3237 3471 ;
3285 3404 3379 3460 sed
3416 3418 3528 3459 non
3574 3415 3667 3461 est
3697 3405 3760 3461 de

2177 3506 2312 3577 ipso,
2354 3504 2407 3559 id
2441 3513 2525 3559 est
2563 3504 2628 3558 de
2666 3501 2784 3571 ejus
2822 3501 3143 3556 substantia.
3171 3500 3315 3555 Deus
3336 3499 3509 3567 igitur
3542 3510 3759 3555 creator

2175 3598 2437 3662 omnium,
2475 3595 2697 3668 spiritus
2725 3602 2808 3650 est
2830 3593 3115 3648 invisibilis
3157 3600 3320 3662 atque
3358 3594 3755 3659 immutabilis;

2175 3696 2424 3744 creatura
2450 3700 2579 3741 vero
2605 3685 2783 3739 omnis
2818 3682 3091 3738 mutabilis
3117 3693 3220 3738 est.
3248 3683 3392 3754 Ergo
3411 3696 3521 3737 non
3559 3684 3633 3738 de
3658 3684 3754 3738 imo

2176 3777 2418 3833 mutabili
2449 3776 2747 3831 substantia
2775 3775 2892 3845 ejus
2931 3783 3111 3829 creata
3144 3783 3268 3829 sunt
3305 3775 3491 3828 omnia
3513 3816 3529 3841 ,
3557 3778 3657 3831 sed
3693 3778 3755 3832 ab

2176 3867 2495 3924 immutabili
2520 3867 2732 3923 Deitate
2765 3875 2956 3921 cuncta
2982 3874 3107 3920 sunt
3147 3881 3213 3920 ex
3249 3866 3421 3920 nihilo
3466 3865 3656 3921 fatua:
3696 3882 3751 3922 ac

2172 3967 2458 4031 propterea
2503 3973 2570 4019 ex
2598 3958 2714 4029 ipso
2759 3956 2925 4012 Patre
2965 3964 3113 4022 sunt,
3153 3956 3246 4027 qui
3272 3956 3340 4012 ab
3367 3956 3460 4012 illo
3491 3957 3750 4028 originem

2173 4051 2392 4107 ducunt.

2772 4177 2997 4237 CAPUT
3037 4176 3151 4233 ΧΠ.
3190 4262 3199 4270 .

2246 4338 2470 4392 Obsecro
2496 4338 2671 4407 itaque
2692 4351 2801 4401 vos,
2840 4336 3052 4405 fratres,
3082 4354 3173 4407 per
3192 4336 3611 4392 misericordiam
3640 4339 3742 4403 Dei,

2171 4440 2227 4482 ut
2245 4427 2526 4482 exhibeatis
2545 4442 2764 4495 corpora
2780 4436 2947 4480 vestra
2966 4425 3189 4481 hostium
3204 4426 3474 4487 viventem,
3492 4438 3743 4493 sanetam,

2170 4519 2280 4574 Deo
2307 4516 2611 4590 placentem,
2654 4517 2962 4572 rationabile
3000 4518 3300 4589 obsequium
3331 4530 3588 4574 vestrum.
3620 4519 3743 4587 Quia

2174 4626 2335 4680 supra
2377 4610 2586 4664 dixerat
2632 4610 2917 4680 Apostolus
2946 4649 2961 4674 ,
3014 4608 3279 4663 conclusit
3308 4608 3449 4664 Deus
3488 4610 3672 4665 omnia
3698 4610 3745 4664 in

2175 4699 2572 4764 incredulitate,
2594 4710 2654 4755 ut
2670 4699 2910 4755 omnium
2934 4699 3276 4764 misereatur,
3299 4701 3593 4756 ostendens
3612 4699 3749 4771 quod

2174 4792 2290 4846 sive
2320 4790 2490 4845 ,ιυόωί
2522 4791 2819 4853 credentes,
2846 4789 2959 4844 sive
2983 4789 3227 4861 gentiles,
3253 4805 3358 4845 non
3374 4790 3498 4845 suis
3519 4792 3747 4855 meritis.

2174 4881 2268 4937 sed
2296 4880 2667 4935 misericordia
2689 4889 2743 4935 et
2772 4881 2946 4950 gratia
2974 4880 3068 4936 Dei
3093 4880 3285 4934 salvati
3314 4888 3479 4943 sunt;
3502 4884 3750 4935 obsecrat

2171 4985 2265 5028 eos
2289 4975 2466 5038 modo,
2507 4981 2562 5028 et
2586 4988 2775 5028 omnes
2810 4973 3087 5028 credentes
3125 4988 3222 5042 per
3248 4974 3498 5028 eamdem
3546 4973 3750 5027 miseri

2172 5062 2446 5129 cordiam,
2497 5078 2603 5132 qua
2646 5060 2911 5135 redempti
2951 5070 3076 5116 sunt
3121 5062 3381 5131 sanguine
3413 5060 3659 5123 Christi,
3700 5069 3750 5114 et

2171 5164 2413 5225 tempore
2439 5153 2782 5225 baptismatis
2809 5154 2878 5208 ab
2905 5152 3155 5208 omnibus
3194 5152 3448 5209 sordibus
3470 5153 3665 5216 abluti,
3696 5159 3750 5207 ut

2168 5244 2460 5299 exhibeant
2487 5259 2715 5314 corpora
2745 5260 2842 5300 sua
2884 5245 3118 5300 hostiam
3156 5245 3449 5308 viventem,
3476 5254 3537 5300 et
3577 5246 3747 5300 dicit:

2167 5334 2404 5393 Obsecro
2447 5351 2545 5392 vos
2579 5352 2676 5408 per
2713 5337 3139 5395 misericordiam
3158 5336 3291 5402 Dei;
3327 5338 3458 5393 acsi
3502 5338 3746 5393 diceret:

2165 5426 2284 5482 Non
2339 5442 2438 5497 per
2480 5428 2773 5497 potentiam
2830 5426 3246 5501 magisterialem
3304 5427 3455 5482 vobis
3499 5427 3745 5498 impero,

2164 5532 2271 5589 qua
2313 5530 2433 5572 sum
2479 5526 2662 5572 vester
2707 5517 2966 5589 magister
2997 5526 3052 5573 ct
3092 5518 3399 5588 apostolus,
3443 5519 3544 5575 sed
3596 5520 3749 5574 obse-

2165 5624 2258 5666 cro
2294 5619 2350 5665 et
2387 5609 2650 5679 deprecor
2693 5611 2847 5680 quasi
2889 5610 3104 5676 socius,
3153 5621 3484 5683 quapmpter
3524 5621 3581 5668 et
3632 5612 3745 5667 fra-

2164 5709 2277 5756 tres
2296 5715 2389 5757 eos
2417 5700 2671 5771 appellat,
2705 5716 2811 5756 non
2836 5715 3022 5768 carne,
3052 5701 3145 5757 sed
3175 5700 3313 5767 tide,
3338 5702 3587 5759 recolens
3613 5702 3745 5757 illud

2165 5792 2308 5863 quod
2360 5791 2613 5847 Salvator
2654 5787 2901 5847 ﬁdelibus
2953 5790 3134 5847 dixit:
3185 5792 3380 5849 Omnes
3414 5809 3506 5848 ros
3551 5795 3744 5862 [rats-rs

2165 5887 2310 5955 estis,
2326 5887 2447 5958 quia
2468 5903 2497 5940 ιι
2505 5902 2602 5941 nus
2614 5894 2687 5941 est
2706 5880 2867 5939 Pater
2884 5895 3067 5952 vester,
3091 5886 3183 5957 qui
3202 5886 3344 5942 estin
3358 5886 3500 5943 aclis
3524 5884 3739 5957 (Matth.
