3936 6460
159 463 273 522 469

880 466 1253 529 exeosmo
1286 471 1353 528 1N
1388 469 1540 528 EPP.
1584 470 1644 528 s.
1681 470 1910 529 PAULi.
1949 496 2021 511 --
2053 456 2380 527 IN‘Erts'r.
2421 472 2515 529 AD
2548 471 2717 531 nou.

3341 462 3447 528 επ

160 576 351 646 Iun).
381 576 497 637 Hoc
518 578 704 651 inquit
728 598 742 636 :
768 580 1011 639 Obsecro
1035 598 1136 655 per
1172 583 1600 642 misericordiam
1629 583 1748 648 Dei,
1778 587 1827 646 Α
1855 583 2076 639 haberet
2105 574 2389 654 ﬁgurativa
2418 585 2683 649 sacriﬁcia
2706 585 2866 658 longe
2887 593 3178 655 antequam
3209 587 3437 654 veniret,

159 668 486 740 φιλεπιτιιί
501 670 732 736 estis,-ut
746 672 1051 730 exhibeatis
1071 688 1299 745 corpora
1314 682 1496 730 vestra
1515 673 1749 727 hostiam

158 763 472 829 viventem,
525 765 673 834 quod
716 772 875 821 eram
916 767 1058 836 apud
1099 766 1373 821 Romanos
1420 763 1590 821 Judaei
1628 779 1751 820 cre-

156 856 358 915 dentes
385 859 479 929 qui
522 857 776 914 victimas
811 867 866 914 et
894 859 1103 914 hostias
1130 859 1330 930 legales
1357 859 1469 913 Deo
1499 857 1752 913 Hieroso-

158 951 328 1026 ymis
367 952 421 1007 in
477 951 680 1023 templo
717 951 1075 1007 obtulerant:
1121 952 1221 1007 hos
1250 951 1497 1005 hortatur
1538 957 1599 1003 ut
1635 947 1750 1018 jam

164 1057 274 1098 non
302 1041 491 1107 boves,
519 1056 627 1097 non
658 1041 841 1097 hircos
858 1081 872 1106 ,
901 1055 1011 1096 non
1051 1040 1277 1104 arietes,
1303 1041 1397 1095 sed
1432 1039 1751 1108 semetipsos

164 1134 377 1193 hostias
422 1133 532 1189 Deo
562 1132 836 1205 spiritales
876 1118 1178 1195 immolent.
1218 1130 1495 1202 Siquidem
1533 1130 1751 1201 quando

155 1230 270 1285 ista
299 1227 578 1284 scribebat
611 1225 956 1297 Apostolus,_
981 1225 1167 1282 adhuc
1193 1224 1453 1296 templum
1492 1222 1753 1278 Rierosm

155 1317 324 1390 lymis
352 1319 554 1384 stabat,
569 1329 633 1386 et
660 1319 892 1374 necdum
914 1317 1384 1373 eraLsubversum
1416 1329 1446 1370 a
1467 1314 1747 1372 Romanis.

157 1409 353 1467 llostia
390 1411 557 1482 igitur
576 1416 636 1465 et
658 1408 972 1465 immolatur
989 1416 1047 1463 et
1064 1407 1189 1462 viva
1227 1413 1330 1472 est,
1352 1405 1570 1476 quando
1588 1404 1755 1460 homo

154 1501 232 1556 ab
261 1500 510 1569 hacvita
543 1514 658 1558 nou
691 1498 895 1565 deﬁcit,
927 1502 982 1553 et
1007 1497 1321 1555 carnalibus
1339 1496 1493 1551 vitiis
1520 1510 1580 1551 se
1599 1493 1752 1550 oeci-

154 1590 263 1655 dit,
285 1588 667 1653 mestiticando
690 1589 936 1644 membra
958 1602 1059 1645 sua
1099 1601 1225 1645 cum
1266 1585 1505 1657 peccatis
1538 1592 1598 1641 et
1623 1599 1754 1640 con-

155 1680 535 1753 cupiscentiis.
568 1678 731 1742 Verbi
774 1680 947 1751 gratia
996 1679 1143 1735 :i'uit
1181 1678 1477 1749 superbus,
1520 1674 1753 1733 efﬁcitur

157 1773 415 1843 humilis;
448 1772 913 1839 fuitiuxuriosus,
935 1770 1167 1829 emcitur
1195 1778 1410 1836 castus;
1469 1767 1754 1840 fuitgulo-

156 1880 258 1921 sus
283 1904 299 1931 ,
345 1863 579 1921 elllcitur
636 1871 971 1935 temperatus
999 1903 1017 1931 ,
1072 1864 1348 1935 appetitor
1401 1859 1751 1931 parcimoniae

1858 681 1919 728 ut
1944 676 2046 743 per
2071 673 2159 728 illa
2192 673 2369 744 typica
2384 673 2615 739 facilius
2634 676 2945 746 perveniret
2966 676 3035 732 ad
3056 675 3201 732 istud
3224 690 3438 733 verum.

1858 764 1985 825 Sive
2011 765 2175 821 etiam
2197 765 2357 821 tertia
2385 780 2549 820 causa
2569 752 2808 837 mysterii
2834 767 2954 834 fuit,
2988 776 3049 823 ut
3068 767 3158 823 illa
3179 767 3441 824 otferren-

1858 864 1947 921 tur
2000 857 2271 919 sacriﬁcia
2334 857 2545 928 typica,
2601 866 2869 927 quatenus
2920 860 3063 915 istud
3114 859 3444 915 sacriﬁcium

1855 948 2291 1020 praefiguraretur
2319 946 2465 1018 quod
2513 947 2758 1027 quotidie
2795 948 2848 1003 in
2879 950 3121 1011 Ecclesia
3149 966 3248 1022 pro
3271 951 3446 1008 saluto

1856 1041 2096 1097 ﬁdelium
2122 1040 2368 1101 oﬁertur.

1926 1132 1996 1190 Et
2023 1133 2182 1187 nolite
2195 1131 2515 1202 conformari
2544 1132 2668 1186 huic
2687 1132 2903 1187 streulo.
2937 1132 3041 1188 Per
3067 1134 3325 1189 saeculum
3351 1135 3442 1190 hic

1853 1238 1962 1279 non
1993 1223 2251 1280 debemus
2277 1221 2575 1293 intelligere
2603 1229 2923 1292 praesentem
2942 1223 3130 1291 vitam,
3157 1239 3277 1294 quae
3296 1240 3442 1281 sem-

1853 1329 1953 1386 per
1981 1314 2547 1384 annis,_temporibus,
2576 1315 2790 1380 diebus,
2820 1314 3096 1381 noctibus,
3140 1314 3326 1381 horis,
3359 1326 3443 1370 at-

1855 1405 2273 1477 quemomentis
2300 1405 2555 1471 volvitur,
2587 1406 2680 1461 sed
2724 1406 2973 1463 homines
3015 1420 3115 1463 oer
3164 1407 3441 1465 carnalem

1854 1496 2325 1552 conversationem
2365 1497 2564 1553 saeculo
2601 1496 2835 1563 deditos,
2880 1511 3122 1569 paganos
3165 1496 3442 1575 videlicet,

1852 1587 2090 1653 Iudaeos,
2142 1587 2459 1653 haereticos,
2505 1587 2780 1659 falsosque
2817 1588 3193 1654 Christianos,
3248 1588 3446 1659 quibus

1855 1693 1965 1734 non
2013 1678 2273 1735 debemus
2316 1678 2703 1742 assimilariet
2744 1679 3069 1747 consociari,
3124 1695 3192 1735 ne
3248 1694 3440 1735 eorum

1853 1767 2002 1825 vitiis
2042 1767 2389 1837 inquincmur
2427 1777 2484 1824 et
2518 1770 2740 1827 nostris.
2773 1768 2971 1836 Nolite,
3000 1770 3193 1840 inquit,
3225 1764 3441 1826 confor~

1856 1857 1992 1911 mari
2025 1857 2151 1913 huic
2177 1856 2396 1924 saeculo,
2426 1858 2478 1913 id
2504 1866 2608 1923 est,
2647 1859 2816 1914 nolite
2850 1859 3057 1915 similes
3086 1860 3201 1914 ﬁeri
3231 1865 3443 1914 amato-

157 1956 421 2021 exislens.
440 1954 749 2025 omnisque
778 1953 1127 2026 frugalitatis.
1161 1953 1253 2009 Sic
1281 1953 1416 2007 vivit
1441 1952 1604 2006 homo
1642 1949 1755 2003 vir-
1779 1943 2008 2013 B-rihus
2031 1946 2196 2018 hujus
2244 1948 2446 2015 saeculi,
2468 1949 2571 2019 qui
2602 1949 2832 2005 virtutes
2854 1949 3177 2021 despiciunt,
3219 1957 3277 2006 et
3302 1950 3453 2035 vitia,

161 2046 393 2112 tatibus,
437 2053 494 2101 et
532 2046 767 2109 moritur
804 2043 1206 2112 vitiisaﬂostiaa
1240 2042 1652 2115 appellabantur
1693 2038 1749 2093 in

167 2135 352 2202 νειοτὶ
378 2136 723 2193 Testamento
752 2136 1038 2202 animalia,
1069 2151 1191 2206 qua:
1237 2134 1645 2190 adducebantur
1682 2131 1751 2199 ad

129 2228 364 2294 .ostium
408 2227 603 2285 domus
639 2228 893 2295 Domini,
936 2228 1122 2299 ibique
1149 2226 1524 2285 sacerdotibus
1563 2223 1748 2279 trade-

157 2321 397 2387 bantur;
445 2318 681 2385 victimte
726 2332 857 2375 vero
893 2318 1219 2379 dicebantur
1255 2333 1289 2372 a
1326 2316 1646 2381 vinciendo,
1685 2328 1758 2369 eo

152 2408 313 2480 quod
331 2408 551 2473 funibus
573 2418 631 2466 et
669 2409 909 2476 restibus
928 2409 1120 2469 vincta
1164 2408 1418 2475 animalia
1449 2408 1517 2471 ad
1542 2406 1773 2469 sacritiv

155 2500 310 2563 cium
332 2500 759 2561 adducebantur.
801 2498 1102 2567 Quantum‘
1127 2514 1261 2557 vero
1304 2498 1376 2553 ad
1415 2511 1750 2569 paganorum

154 2591 402 2674 pertinet
437 2591 636 2658 ritum,
683 2591 861 2648 hostia
900 2582 1551 2647 dicebatursacrillcium
1603 2586 1751 2661 quod

153 2679 493 2745 nﬂerebatur
518 2681 695 2747 idolis,
710 2681 944 2752 quando
963 2693 1153 2737 contra
1179 2682 1367 2737 hostes
1388 2678 1751 2743 dimicandum

152 2780 324 2840 erat:
352 2771 576 2829 victima
601 2787 734 2829 vero
754 2773 1050 2833 dicebatur
1085 2772 1446 2835 sacriﬁcium,
1475 2771 1639 2840 quod,
1676 2770 1753 2825 vi-

152 2863 337 2921 ctoria
356 2864 552 2936 potita,
574 2864 683 2939 diis
707 2879 806 2936 pro
840 2865 1139 2935 gratiarum
1160 2864 1374 2920 actione
1395 2861 1749 2919 otl‘erebatur.

151 2954 423 3023 Sanctam
459 2975 475 3011 :
516 2970 743 3026 corpora
791 2966 979 3012 nostra
1019 2955 1138 3010 ﬁeri
1179 2954 1380 3010 debent
1410 2952 1586 3008 hostia
1626 2967 1754 3007 san-

150 3054 275 3111 cta,
297 3047 424 3116 quia
470 3046 726 3118 templum
753 3054 880 3102 sunt
918 3046 1154 3117 Spiritus
1194 3045 1391 3110 sancti,
1416 3045 1572 3116 juxta
1607 3042 1753 3113 quod

150 3137 370 3194 dicitur
396 3137 522 3194 alibi
552 3155 565 3192 :
616 3136 888 3207 Templum
929 3135 1023 3191 Dei
1050 3145 1292 3191 sanetum
1319 3144 1418 3201 est,
1454 3134 1594 3206 quod
1629 3133 1755 3188 estis

151 3244 257 3293 nos
285 3226 339 3297 (ι
361 3226 486 3284 Cor.
537 3222 643 3299 tu).
687 3226 756 3281 Et
796 3241 1032 3281 rursus:
1082 3224 1313 3280 Nescitis
1353 3225 1479 3297 quia
1520 3223 1753 3279 membro

1851 2050 2129 2097 sectantur
2153 2061 2168 2112 ;
2197 2043 2288 2097 sed
2316 2041 2675 2112 reformamini
2698 2044 2754 2097 in
2782 2044 3007 2098 novitate
3046 2060 3229 2098 sensus
3261 2045 3436 2111 vestri,

1850 2146 1949 2201 per
1977 2130 2216 2185 studium
2246 2131 2497 2187 lectionis
2524 2139 2578 2187 et
2610 2132 2978 2189 meditationis
3010 2133 3220 2190 Veteris
3254 2132 3457 2190 Testae

1851 2227 2021 2281 menti
2043 2233 2099 2281 et
2121 2224 2280 2281 Novi.
2312 2224 2566 2292 Quotidie
2591 2239 2783 2281 sensus
2812 2234 2997 2281 noster
3038 2234 3093 2281 et
3130 2225 3455 2282 intellectus

1852 2318 2146 2375 innovatur
2165 2325 2222 2373 et
2245 2316 2573 2373 reformatur
2594 2317 2720 2372 dum
2743 2318 3074 2388 proﬁcimus,
3103 2326 3159 2373 et
3175 2318 3349 2390 magis
3371 2332 3437 2376 ac

1851 2407 2125 2478 magisin
2175 2407 2440 2477 sapientia
2486 2408 2811 2472 crescimus,
2862 2423 2925 2463 ea
2961 2409 3028 2463 de
3075 2408 3191 2466 Deo
3239 2408 3441 2464 intelli-

1851 2497 2027 2566 gendo
2070 2510 2192 2568 qua:
2233 2509 2392 2552 antea
2428 2498 2828 2569 ignorabamus.
2874 2498 3223 2555 Reformatur
3268 2501 3437 2556 etiam

1850 2585 1905 2640 in
1934 2586 2175 2642 novitate
2195 2600 2390 2643 sensus
2412 2598 2615 2653 noster,
2646 2587 2773 2642 dum
2802 2588 3017 2660 prolicit
3041 2589 3094 2645 in
3128 2590 3286 2645 nobis
3303 2595 3455 2662 opus'

1852 2674 2073 2742 bonum,
2097 2677 2224 2746 quia
2251 2684 2456 2746 quanto
2483 2675 2788 2732 intellectus
2814 2677 2869 2732 in
2903 2673 3157 2733 edoctum
3180 2679 3453 2750 operibus

1850 2768 2104 2834 vertitur,
2127 2775 2280 2824 tanto
2299 2768 2531 2839 amplius
2552 2769 2860 2824 innovatur.
2888 2768 3142 2826 Dicamus
3164 2771 3401 2842 apertius
3423 2790 3437 2826 :

1852 2868 1971 2915 erat
2002 2862 2124 2930 quis
2147 2861 2201 2916 in
2224 2862 2405 2917 littera
2434 2862 2571 2934 legis
2602 2864 2835 2934 positus,
2866 2880 2972 2922 non
3009 2869 3328 2938 penetrabat
3352 2868 3438 2923 in-

1853 2952 2056 3007 teriora
2098 2968 2114 3006 :
2147 2955 2360 3010 transiit
2398 2956 2469 3010 ad
2508 2956 2856 3029 Evangelium
2890 2975 2903 3012 :
2938 2959 3130 3016 didicit
3168 2960 3309 3030 quod
3348 2959 3438 3017 lex

1854 3043 2168 3114 spiritaliter
2190 3045 2386 3101 debeat
2412 3046 2663 3119 intelligi;
2690 3058 2853 3119 atque
2888 3050 2963 3104 ita
3004 3052 3329 3107 reformatus
3356 3063 3443 3109 est

1855 3136 1910 3191 in
1939 3137 2177 3191 novitate
2202 3153 2394 3194 sensus
2414 3140 2521 3204 sui,
2545 3140 2670 3195 dum
2699 3142 2914 3197 amissis
2942 3144 3179 3199 tenebris
3207 3145 3443 3203 carnalis

1855 3221 2220 3295 intelligentia:
2244 3225 2311 3280 ad
2340 3225 2576 3282 fructum
2604 3229 2820 3284 transiit
2850 3230 3109 3300 spiritalis
3147 3231 3439 3303 allegorica.

151 3289 338 3381 uestra
384 3289 634 3391 templum
683 3328 803 3375 sunt
847 3317 1079 3390 Spiritus
1108 3320 1319 3374 sancti?
1357 3289 1423 3391 (Ι
1461 3316 1586 3374 Cor.
1636 3313 1747 3385 vt.)
1777 3289 1824 3354 ο
1855 3315 1943 3372 Sic
1967 3289 2367 3387 intelligendum
2392 3326 2448 3373 et
2471 3319 2537 3374 de
2574 3318 2659 3375 his
2679 3320 2793 3390 qui,
2816 3289 3012 3391 spretis
3039 3320 3206 3387 vitiis,
3239 3289 3306 3377 ad
3334 3314 3455 3379 vir-'

150 3411 392 3484 Oportet
417 3426 549 3482 ergo
569 3418 754 3471 sancta
778 3425 901 3467 esse
926 3424 1325 3481 corporaque:
1352 3410 1447 3466 Dei
1481 3415 1609 3465 sunt
1650 3408 1750 3464 ba-

152 3502 422 3562 hitacula.
453 3501 565 3561 Deo
600 3502 936 3572 placentem,
976 3502 1030 3557 id
1056 3510 1147 3557 est
1179 3501 1393 3557 avitiis
1427 3507 1484 3555 et
1510 3499 1752 3570 peccatis

155 3604 502 3664 separatam,
524 3593 772 3664 quiaqui
793 3593 940 3648 vitiis
962 3608 1021 3649 se
1059 3592 1332 3649 subtrahit
1364 3602 1420 3647 et
1461 3590 1753 3647 virtutibus

155 3685 450 3751 imbuitur,
494 3685 608 3741 Deo
650 3684 836 3755 utique
877 3684 1072 3754 placet.
1116 3682 1455 3740 Rationabile
1483 3683 1555 3739 sit
1595 3682 1755 3738 obse-

158 3778 357 3850 quium
386 3786 645 3834 vestrum.
670 3774 1000 3845 Obsequium
1024 3776 1241 3846 proprie
1266 3775 1467 3831 dicitur
1493 3773 1753 3830 obedien-

154 3869 266 3932 tia,
294 3867 365 3923 ab
387 3868 643 3922 eoverbo
684 3866 828 3935 quod
849 3874 934 3920 est
957 3865 1249 3933 obsequor,
1281 3864 1376 3919 sed
1404 3864 1492 3918 hic
1522 3863 1591 3918 ab
1612 3861 1753 3931 Apo-

160 3957 313 4015 stolo
339 3972 438 4027 pro
466 3956 613 4011 cultu
647 3956 841 4010 divina:
877 3956 1154 4025 religionis
1184 3954 1421 4025 ponitur,
1453 3953 1599 4023 quod
1623 3952 1751 4007 olim

163 4047 314 4118 apud
340 4045 556 4103 Judatos
582 4044 980 4115 quodammodo
1001 4045 1367 4101 irrationabile
1392 4045 1513 4109 fuit,
1540 4044 1761 4113 quando

163 4137 438 4208 putabant
461 4136 716 4193 invisibili
746 4145 802 4191 et
844 4138 1164 4206 incorporeo
1191 4136 1299 4190 Deo
1321 4151 1421 4205 per
1445 4131 1758 4205 corporales

164 4229 425 4286 victimas
459 4230 986 4301 et,sanguinolentas
1036 4244 1095 4285 se
1137 4243 1294 4299 posse
1338 4228 1584 4300 placere,
1625 4237 1679 4283 et
1726 4244 1758 4282 a

164 4320 411 4390 peccatis
437 4321 707 4377 mundari.
753 4320 939 4392 Neque
964 4322 1109 4375 enim
1135 4322 1203 4377 ad
1236 4321 1502 4376 rationem
1526 4321 1763 4390 pertinet
1778 4370 1790 4381 κ,

167 4419 233 4465 ut
260 4411 600 4467 rationabilis
621 4420 892 4479 creatura.
916 4425 1038 4482 {tute
1058 4419 1140 4467 est
1157 4413 1338 4477 homo,
1363 4411 1758 4468 irrationabilia

164 4517 272 4575 pro
294 4517 354 4558 se
376 4501 588 4559 oll‘erat.
610 4502 799 4574 Itaque
845 4504 1183 4569 rationabilis
1213 4502 1387 4559 cultus
1417 4512 1500 4558 est
1531 4513 1591 4557 ut
1626 4502 1756 4568 Deo,

1855 3416 1996 3464 tutes
2028 3416 2325 3476 transeunt,
2357 3419 2413 3466 et
2438 3411 2565 3466 dum
2588 3411 2882 3483 proﬁciunt
2907 3413 2973 3469 de
2999 3414 3203 3470 virtute
3242 3414 3297 3469 in
3332 3413 3441 3470 vir-

1857 3505 2046 3563 tutem,
2076 3499 2315 3569 quotidie
2349 3500 2711 3557 innovantur:
2746 3512 2802 3557 ut
2830 3504 3058 3574 probetis
3096 3518 3214 3575 qua:
3242 3505 3309 3559 sit
3352 3522 3443 3560 vo-

1857 3587 2032 3643 luntas
2072 3588 2211 3645 Dei:
2252 3591 2342 3661 qui
2366 3606 2552 3647 sacras
2586 3592 2899 3664 Scripturas
2940 3593 3137 3658 saeculo
3166 3594 3314 3665 legit,
3350 3594 3442 3651 ille

1858 3677 2066 3736 invenit
2092 3677 2214 3752 quae
2255 3683 2326 3738 sit
2352 3682 2605 3739 voluntas
2632 3684 2748 3750 Dei,
2787 3685 2841 3741 id
2877 3691 2960 3741 est
3001 3686 3129 3757 quid
3174 3686 3285 3743 Deo
3331 3687 3443 3758 pla-

1860 3778 2001 3836 ceat,
2032 3772 2229 3841 quidve
2255 3772 2561 3852 displiceat,
2610 3775 2696 3831 vel
2722 3777 3003 3846 .quomodo
3041 3777 3292 3833 voluntas
3326 3777 3445 3846 eius

1857 3859 2069 3930 impleri
2094 3862 2284 3931 possit.
2317 3862 2376 3929 In
2402 3864 2652 3920 omnibus
2681 3867 2886 3920 etenim
2911 3866 3216 3922 actionibus
3242 3867 3445 3922 nostris

1856 3947 2114 4005 debemus
2151 3951 2485 4020 perpendere
2510 3961 2695 4019 utrum
2728 3955 2841 4010 Deo
2879 3964 3098 4025 accepta
3141 3956 3249 4011 sint
3275 3971 3441 4027 opera

1859 4054 1979 4109 quae
2001 4028 2208 4111 agimus
2229 4057 2407 4097 annon
2434 4061 2447 4096 :
2473 4044 2629 4110 bona,
2654 4054 2703 4113 et
2727 4046 3086 4116 beneplacens,
3115 4057 3164 4101 et
3185 4047 3438 4118 perfecta.

1859 4130 2006 4185 Bona
2034 4133 2281 4188 voluntas
2308 4134 2403 4193 Dei
2445 4138 2675 4207 estquia
2705 4139 2846 4193 bona
2888 4138 3159 4193 desiderat
3185 4154 3400 4210 semper
3425 4157 3441 4205 ;

1832 4222 2221 4293 ~benep|acens
2241 4265 2257 4291 ,
2290 4226 2415 4295 quia
2452 4229 2632 4283 omnia
2660 4230 2798 4284 bona
2823 4229 3022 4300 placita
3052 4238 3177 4285 sunt
3204 4231 3285 4296 ei;
3320 4246 3445 4302 per-

1861 4315 2023 4377 fectu.
2052 4318 2175 4388 quia
2220 4320 2353 4374 nihil
2400 4320 2729 4391 duplicitatis
2762 4322 2940 4396 placet
2977 4324 3051 4389 ei,
3087 4322 3180 4379 sed
3219 4339 3282 4379 ea
3319 4339 3441 4395 qua:

1862 4407 2075 4462 sincero
2110 4409 2291 4463 animo
2316 4409 2467 4466 ﬁunt.
2501 4412 2712 4466 Aliter:
2746 4412 2884 4466 bona
2916 4413 2970 4467 in
3015 4411 3139 4477 fide,
3186 4411 3441 4482 benepla-

1861 4512 1990 4552 cens
2021 4499 2074 4553 in
2115 4514 2210 4569 spe
2236 4499 2539 4557 futurorum
2583 4502 2847 4558 bonorum
2866 4545 2881 4569 ,
2911 4502 3147 4574 perfecta
3174 4505 3228 4558 in
3257 4504 3439 4559 chari-

167 4596 367 4665 quiest
399 4596 640 4667 spiritus,
663 4612 827 4667 mens
846 4596 1082 4653 hominis
1122 4595 1400 4663 oﬂ‘cratur,
1433 4595 1757 4652 mortiﬁcata
1782 4596 1998 4667 ﬂtate,
2028 4591 2079 4646 id
2107 4600 2192 4646 est
2234 4592 2288 4647 in
2318 4594 2412 4649 Dei
2436 4593 2727 4649 dilectione
2764 4603 2819 4650 et
2847 4596 3100 4666 proximi.
3135 4595 3261 4652 Haec
3296 4596 3439 4653 enim

1782 4642 1850 4704 Ι)

168 4704 203 4740 a
228 4686 855 4759 vitiis..Quandocunque
873 4688 1031 4744 enim.
1045 4687 1173 4757 vitia
1209 4688 1392 4744 carnis
1422 4694 1488 4743 et.
1519 4686 1755 4742 recidiva
1780 4682 1839 4751 θ’(
1856 4682 1964 4737 tria
2001 4683 2334 4740 voluntatem
2360 4685 2465 4753 Dei
2510 4686 2815 4756 perﬁciunt.
2868 4687 2993 4743 Sive
3040 4685 3196 4742 aliter
3233 4704 3250 4743 :
3295 4686 3440 4743 bona

171 4786 399 4848 peccata
418 4778 473 4833 in
503 4778 666 4835 nobis
688 4830 689 4833 η
709 4780 1127 4843 mortiﬁcamus,
1156 4780 1556 4849 virtutibusque
1593 4778 1755 4848 polle-

173 4883 323 4935 mus,
339 4869 516 4927 hostia
534 4869 655 4924 viva
670 4878 833 4940 atque
852 4870 1190 4926 rationabilis
1204 4869 1492 4931 efﬁcimur.
1517 4868 1625 4925 Sed
1643 4869 1754 4924 for-

172 4967 324 5014 tasse
348 4958 549 5028 quaerit
561 4958 759 5030 aliquis
782 4975 798 5015 :
822 4958 1007 5027 Quare
1024 4960 1166 5016 Deus
1192 4960 1536 5029 omnipotens
1557 4958 1777 5030 legales

173 5049 383 5107 hostias
419 5050 778 5122 victimasque
811 5050 915 5111 sibi
944 5051 1262 5132 praeceperit
1299 5049 1516 5117 oll‘erri,
1540 5050 1607 5120 _si
1639 5049 1756 5121 ipse

171 5156 277 5218 per
303 5140 393 5197 illa
422 5142 689 5198 sacrificia
714 5141 1078 5202 .oﬂ'erentibus
1104 5144 1387 5215 placabilis
1422 5159 1530 5199 non
1558 5142 1754 5199 redde-

174 5236 359 5300 batur,
385 5232 521 5290 adeo
563 5243 627 5290 ut
649 5242 875 5305 peccata
915 5235 996 5290 eis
1031 5233 1373 5306 indulgeret?
1400 5233 1497 5290 Cui
1528 5249 1754 5303 respon-

173 5322 409 5381 dendum
434 5331 539 5390 est,
566 5324 637 5380 ob
665 5326 800 5391 duas
822 5326 1091 5400 praecipue
1115 5340 1308 5380 causas
1322 5326 1424 5387 hoc
1443 5341 1474 5379 a
1488 5323 1604 5379 Deo
1622 5338 1764 5393 prae-

174 5421 393 5483 ceptum
420 5428 544 5470 esse
580 5433 595 5470 :
625 5415 712 5471 vel
744 5416 870 5485 quia
894 5416 1051 5486 proni
1074 5425 1233 5471 erant
1252 5415 1417 5470 animi
1447 5415 1758 5471 Iudaeorum

175 5502 246 5565 ad
270 5503 413 5560 idola
437 5504 684 5570 colenda,
715 5515 878 5576 atque
905 5505 1029 5572 ideo
1056 5506 1392 5566 tolerabilius
1431 5512 1552 5563 erat
1588 5503 1704 5560 Deo
1726 5519 1759 5559 a

175 5607 236 5650 se
263 5604 445 5652 creata
470 5595 574 5654 sibi
599 5596 783 5654 offerri
806 5613 972 5669 quam
995 5597 1358 5663 daemonibus,
1385 5597 1472 5654 vel
1497 5596 1623 5667 quia
1662 5610 1757 5651 ve-

177 5699 301 5739 rum
322 5685 654 5744 sacriﬁcium
694 5687 938 5745 futurum
977 5694 1100 5745 erat
1136 5688 1191 5745 in
1236 5692 1459 5754 mundo,
1499 5689 1760 5745 Dominus

177 5774 426 5835 videlicet
453 5775 613 5836 Iesus
640 5777 912 5846 Christus,
934 5782 1026 5851 qui
1056 5797 1155 5838 sua
1183 5783 1551 5839 immolatione
1574 5781 1759 5837 abstu-

180 5864 241 5919 lit
268 5876 549 5935 peecatum
581 5869 789 5935 mundi,
837 5872 979 5941 quod
1017 5871 1239 5928 omnino
1279 5872 1496 5941 dignum
1536 5881 1654 5927 erat
1700 5880 1761 5926 ut

1861 4773 2110 4833 voluntas
2131 4776 2227 4833 Dei
2248 4777 2403 4832 estin
2433 4776 2752 4850 coniugatis,
2774 4777 3132 4850 beneplacens
3158 4779 3213 4833 in
3237 4778 3440 4843 viduis,

1860 4864 2104 4936 perfecta
2125 4868 2179 4922 in
2204 4867 2524 4939 virginibus.
2553 4868 2619 4924 Hi
2652 4878 2762 4925 tres
2790 4869 3030 4936 ordines,
3068 4870 3117 4924 si
3146 4867 3441 4925 secundum

1860 4956 2187 5019 voluntatem
2216 4958 2310 5015 Dei
2337 4967 2391 5014 et
2438 4961 2697 5016 virtutum
2744 4962 3016 5018 tramitem
3055 4945 3445 5034 processerint,

1857 5048 2094 5126 praemiis
2122 5048 2415 5105 voluntatis
2446 5049 2543 5106 Dei
2578 5052 2943 5108 donabantur.

1928 5135 2062 5191 Dico
2080 5139 2217 5192 enim
2241 5155 2334 5209 per
2364 5142 2591 5209 gratiam
2609 5156 2727 5213 quae
2756 5143 2883 5197 data
2913 5152 2988 5198 est
3016 5143 3166 5209 mihi,
3202 5139 3453 5205 omnim

1855 5227 1944 5298 qui
1959 5236 2079 5283 sunt
2100 5230 2236 5285 inter
2246 5248 2333 5287 eos
2346 5248 2366 5286 :
2381 5232 2436 5287 Ν
2438 5250 2504 5288 on
2516 5234 2632 5305 plus
2652 5249 2832 5305 sapere
2850 5252 3008 5307 quam
3018 5244 3222 5306 pportet
3245 5249 3445 5305 sapere,

1857 5317 1951 5372 sed
1978 5335 2160 5390 sapere
2185 5321 2255 5376 ad
2296 5323 2644 5379 sobrietatem.
2676 5325 2919 5395 Gratiam
2958 5327 3014 5381 in
3057 5325 3331 5394 Itoclqco,
3361 5338 3453 5381 se-

1859 5410 2096 5464 cundum
2126 5412 2345 5467 beatum
2396 5414 2766 5484 Ambrosium,
2812 5417 3132 5489 sapientiam
3182 5415 3449 5471 debemus

1860 5506 2130 5576 accipere,
2161 5522 2281 5578 quae
2305 5508 2472 5565 Paulo
2497 5511 2666 5582 gratis
2696 5512 2821 5567 data
2843 5521 2927 5568 est
2945 5512 3063 5569 sine
3094 5510 3209 5567 suis
3232 5508 3449 5575 meritis

1859 5598 1917 5654 in
1961 5598 2188 5654 scientia
2219 5598 2431 5655 Veteris
2461 5610 2516 5656 et
2559 5600 2693 5659 Novi
2739 5604 3108 5670 Testamenti,
3148 5610 3207 5671 et
3244 5602 3300 5657 in
3329 5600 3442 5659 iin-
3495 5609 3506 5614 ‘

1859 5692 1978 5762 guis
2001 5691 2240 5747 omnium
2263 5692 2522 5763 gentium.
2555 5691 2697 5750 Dicit
2716 5695 2862 5754 enim
2896 5696 3088 5751 beatus
3108 5693 3453 5767 Augustinus“

1859 5781 1913 5836 in
1935 5781 2167 5851 quodam
2210 5796 2463 5838 sermone
2492 5798 2592 5841 suo
2632 5802 2647 5838 :
2680 5784 2949 5842 Divinitus
2978 5786 3053 5842 ita
3093 5775 3443 5858 procuratum
3552 5804 3561 5811 -

1858 5887 1980 5939 esse
2012 5872 2287 5943 Apostolo,
2323 5881 2380 5928 ut
2404 5874 2527 5944 quia
2551 5876 2799 5937 omnibus
2825 5877 3073 5949 gentibus
3105 5885 3222 5933 erat
3252 5877 3445 5948 praede
