3936 6456
513 405 583 463 ιι
595 407 627 462 ιε

1018 408 1374 471 HAYMONIS
1410 414 1887 477 HALBERSTAT.
1918 421 2066 478 EPlS

2172 422 2323 479 θΡΡ.
2364 426 2545 498 PARS
2578 432 3284 513 1.-ΕΟΙΙΜΕΝΤ.’ΒΙΒῘ...

3680 457 3783 514 ﬂ!

514 529 761 595 eaturus,
801 522 1061 594 majorem
1093 527 1411 596 sapientiam
1449 545 1560 599 prie
1595 532 2095 608 omnibusaposto-
2120 541 2177 599 Δ
2199 550 2442 599 nostrum
2483 563 2591 606 non
2630 553 2793 611 debet
2831 559 3086 623 invade",
3138 569 3363 630 ειιθτεειε
3400 568 3779 637 mium.‘

515 609 580 637 12..
604 610 827 637 L-L-_-a
876 617 1206 637 ---.-..___2L___
1244 620 1294 637 ηι
1320 620 1378 637 ιι,
1402 636 1405 637 ,
1432 636 1441 637 κ
1494 622 1506 637 ι
1532 623 1546 635 ο
1729 626 1763 637 -.
2001 629 2013 637 .
2202 629 2243 637 _

515 609 583 679 lis
603 610 850 679 haberet,
876 617 1212 677 ut'omnibus
1242 620 1578 692 philosophis
1617 626 1858 694 gentium
1886 637 1940 684 et
1971 629 2099 685 sim-

512 700 747 769 plicibus
780 713 923 758 esset
959 704 1247 764 sufﬁciens.
1284 709 1445 767 Unde.
1473 721 1531 768 et
1551 712 1746 771 Petrus
1774 717 1828 772 in
1857 718 2098 789 Epistola

512 806 611 859 sua
630 791 814 848 laudat
838 793 1009 857 illum,
1038 798 1231 854 dicens
1260 800 1470 866 :Sicut,
1501 804 1697 874 inquit,
1722 806 1893 864 frater
1914 819 2099 866 noster

510 878 708 947 Paulus
736 883 996 951 praedicat
1032 885 1085 941 in
1117 888 1368 945 omnibus
1413 893 1661 961 ecclesiis
1688 901 1981 955 secundum
2010 915 2097 955 sa-

506 972 763 1041 pientiam
791 975 891 1031 sibi
916 992 945 1031 a
972 976 1084 1033 Deo
1106 980 1288 1035 datam
1317 982 1403 1051 (II
1424 983 1573 1041 Petr.
1601 988 1706 1059 ιιι).
1735 989 1885 1057 Quod
1912 1000 2092 1048 autem

505 1062 656 1126 dicit,
676 1066 935 1124 omnibus
952 1071 1044 1138 qui
1062 1080 1191 1127 sunt
1211 1072 1351 1127 inter
1376 1090 1494 1141 vos,
1512 1077 1828 1149 simpliciter
1842 1091 1896 1136 et
1919 1092 2094 1153 potest

504 1155 753 1227 intelligi,
772 1166 834 1212 ut
853 1159 1066 1217 dicatur
1089 1182 1101 1214 :
1129 1162 1532 1241 Omnibus-dico
1549 1172 1642 1241 qui
1665 1181 1791 1228 sunt
1811 1175 1954 1231 inter
1974 1192 2105 1244 vos,

502 1254 558 1299 et
598 1246 778 1304 alliori
807 1251 1105 1320 intellectu,
1139 1266 1198 1310 ut
1222 1256 1345 1318 illos
1367 1259 1675 1331 alloquetur
1693 1266 1783 1335 qui
1808 1282 1905 1336 per
1931 1267 2105 1325 ﬁdem.

504 1334 615 1403 Deo
656 1339 1009 1405 adhaerebant,
1042 1346 1134 1414 qui
1168 1362 1382 1418 semper
1408 1350 1572 1415 habet
1598 1334 1737 1420 esse,
1769 1334 1910 1413 Deus
1942 1361 2085 1415 enim

499 1427 647 1483 solus
669 1439 755 1485 est
780 1433 903 1502 quia
932 1434 1499 1507 ipscsubstantialiter
1520 1442 1685 1503 habet
1706 1459 1844 1511 esse,
1860 1448 1999 1511 sicut
2019 1452 2086 1506 ad

505 1516 724 1589 Moysen
751 1521 880 1577 dicit
921 1522 1115 1594 (Exod.
1146 1533 1228 1598 ut)
1259 1547 1272 1582 :
1307 1529 1419 1600 Ego
1446 1550 1560 1599 sum
1584 1536 1675 1604 qui
1709 1554 1859 1602 sum,
1890 1548 1945 1593 et
1972 1539 2103 1611 Ego,

496 1626 612 1660 sum
644 1609 784 1665 Deus
819 1613 1103 1685 Abte/tum.
1147 1626 1251 1677 etc.
1290 1618 1611 1693 Quicunque
1636 1639 1765 1696 ergo
1794 1627 1868 1682 illi
1901 1609 2101 1685 adita—3r

497 1708 637 1761 rent,
676 1701 751 1756 illi
784 1713 939 1771 sunt,
965 1705 1109 1773 sicut
1135 1717 1187 1764 et
1211 1712 1300 1778 qui
1329 1728 1435 1767 non
1459 1715 1759 1783 adhaerent,
1788 1735 1893 1774 non
1916 1730 2077 1777 sunt:

495 1806 627 1863 ergo
664 1795 761 1865 qui
803 1807 932 1853 sunt
970 1799 1121 1864 dicit,
1157 1802 1208 1856 id
1240 1811 1325 1860 est
1364 1806 1455 1874 qui
1502 1823 1599 1876 per
1625 1808 1787 1864 ﬁdem
1831 1827 1953 1881 qua:
1981 1830 2078 1884 per

493 1881 838 1949 dilectionem
867 1892 1261 1958 operaturDeo
1304 1894 1641 1965 copulantur.
1672 1898 1736 1953 Et
1758 1902 1885 1969 quid
1912 1881 2076 1959 dico?
2104 1885 2151 1945 Β

491 1973 823 2047 Boeotique
853 1980 974 2036 dico
999 1991 1056 2036 et
1094 1985 1370 2054 praecipio,
1403 2002 1510 2042 non
1555 1988 1674 2058 plus
1696 2006 1885 2062 sapere
1911 2009 2085 2062 quam

488 2075 705 2134 oportet
729 2082 941 2139 sapere,
966 2072 1018 2127 id
1041 2082 1125 2128 est
1145 2088 1250 2129 non
1273 2078 1574 2146 superbire.
1601 2078 1713 2135 Hoc
1732 2081 1864 2143 dicit
1885 2094 2073 2145 contra

489 2158 721 2227 gentiles
750 2168 1044 2229 tumentes,
1084 2166 1175 2234 qui
1203 2168 1535 2224 insultabant
1575 2169 1779 2229 Judaeis
1818 2184 2071 2246 tanquam

488 2251 658 2307 ramis
699 2251 909 2310 fractis.
950 2255 1081 2312 Plus
1112 2260 1255 2313 enim
1299 2275 1459 2329 quam
1499 2273 1713 2332 oportet
1763 2269 1933 2338 sapit,
1978 2270 2077 2338 qui

486 2353 710 2414 propter
752 2344 975 2411 alterius
1015 2350 1292 2409 miseriam
1346 2368 1404 2407 se
1452 2354 1676 2419 extollit,
1730 2372 1850 2413 cum
1892 2361 2074 2430 potius

488 2434 764 2498 humiliari
823 2438 1042 2507 debeat,
1083 2456 1151 2503 ne
1186 2450 1241 2497 et
1275 2444 1391 2513 ipse
1437 2446 1617 2502 cadat.
1666 2448 1962 2507 Dicendum
2017 2462 2074 2510 et

484 2534 706 2595 propter
741 2542 835 2593 60S
871 2531 987 2599 (Illi,
1029 2547 1218 2586 sanam
1248 2533 1552 2590 doctrinam
1609 2553 1717 2593 non
1769 2550 2068 2609 sectantes,

483 2618 1008 2691 quaedamfalsitatis
1045 2622 1298 2694 dogmata
1324 2636 1674 2696 componunt,
1706 2631 1902 2699 quibus
1935 2633 2066 2688 sim.

483 2708 703 2778 plicium
737 2711 951 2768 animos
979 2723 1357 2782 COI‘l'ltttlptlnl,
1388 2731 1493 2770 non
1525 2718 1646 2787 plus
1680 2734 1872 2790 sapere
1905 2738 2085 2791 quam»

481 2807 697 2868 oportet
726 2815 934 2871 sapere.
969 2801 1193 2872 Oportet
1221 2804 1452 2874 denique
1481 2815 1539 2859 ut
1581 2807 1727 2863 viam
1771 2813 2073 2878 praeceden-

486 2888 622 2944 tium
670 2890 952 2951 doctorum
1006 2893 1247 2949 imitetur
1298 2904 1355 2950 ct
1399 2895 1674 2969 ingenium
1721 2903 2081 2971 przesentium,

485 2979 864 3049 magistrorum
885 3022 905 3048 ι
938 2982 1249 3054 adimplens,
1274 2985 1418 3055 quod
1458 2986 1593 3053 dicit
1638 2988 1951 3060 Sapientia:
1985 2992 2084 3047 Ne.

479 3070 883 3140 transgrediaris
932 3073 1198 3133 terminos.
1238 3091 1369 3151 quos
1423 3088 1710 3149 posuerunt
1761 3091 1943 3151 patres,
1988 3086 2081 3140 lui-

479 3156 661 3231 (Prav.
696 3161 852 3233 χιιι),
887 3163 980 3219 sed
1021 3180 1214 3235 sapere
1242 3167 1310 3222 ad
1349 3168 1732 3236 sobrietatem,
1775 3172 1829 3227 id
1869 3182 1953 3229 est
1997 3175 2065 3231 ad

477 3253 912 3325 temperantiam.
963 3252 1158 3321 Sobrie
1192 3272 1428 3328 namque
1469 3262 1651 3331 sapit,
1691 3262 1780 3330 qui
1819 3248 2134 3334 agnoscitC

476 3343 603 3409 quid
631 3343 852 3419 ipsesit,
878 3354 934 3403 et
957 3347 1100 3401 sicut
1124 3363 1305 3405 coram
1335 3351 1448 3407 Deo
1475 3352 1530 3413 in
1560 3352 1776 3423 Christo
1802 3354 2058 3425 loquitur.

477 3431 590 3486 lloc
637 3443 966 3504 praeceptum
1016 3439 1310 3507 trangrcssi
1375 3450 1509 3496 sunt
1554 3457 1744 3511 omnes
1795 3446 2067 3515 haeretici.

474 3524 546 3578 Et
577 3527 880 3598 unicuique,
903 3530 1177 3595 subaudis,
1203 3533 1327 3589 dico
1351 3535 1431 3591 sic
1452 3538 1651 3594 debere
1683 3556 1893 3610 sapere,
1926 3546 2059 3601 sicut

480 3613 618 3669 Deus
638 3616 811 3672 divisit
829 3635 1125 3678 mensuram
1150 3624 1313 3693 ﬁdei;
1336 3626 1390 3681 in
1424 3626 1528 3683 ﬁde
1553 3645 1787 3703 namque
1807 3649 2058 3694 mensura

473 3711 579 3766 est,
617 3714 876 3774 quantum
913 3710 980 3766 ad
1010 3721 1249 3770 nostram
1281 3719 1638 3789 capacitatem
1678 3723 1892 3788 attinet,
1929 3726 2067 3794 quia.

474 3795 614 3851 alius
637 3796 778 3867 plus,
811 3800 959 3866 alius.
979 3804 1158 3867 minus
1182 3809 1376 3865 credit.
1422 3810 1677 3880 Majorem
1716 3815 1859 3870 enim
1892 3816 2051 3872 ﬁdem

470 3978 783 4049 habeamus,
819 3981 944 4039 Sive
983 3985 1306 4060 intelligitur
1343 3990 1459 4046 htec
1496 4009 1748 4057 mensura
1790 3998 1843 4052 in
1893 3999 2051 4055 donis

2200 629 2269 686 Et
2291 641 2468 692 tamen
2506 641 2648 697 sicut
2682 648 2827 703 oculi
2869 652 3055 710 vident
3100 666 3214 715 toto
3241 629 3589 734 corpori,met
3629 685 3783 726 aures

2198 723 2455 794 audiunt,
2486 737 2544 785 et
2576 747 2640 788 os
2675 735 2945 807 loquitur,
2974 755 3030 801 et
3067 762 3264 807 manus
3291 723 3661 827 ceoperantnr
3684 778 3785 817 suo

2198 816 2434 910 corpori,
2466 820 2545 875 sic
2582 822 2784 882 debent
2810 844 2972 902 agere
3011 845 3070 892 et
3091 841 3353 910 spiritalia
3395 816 3651 906 membra

2196 905 2391 1009 ciesiaz.
2410 910 2560 970 Oculi
2588 928 2717 975 sunt
2740 923 2833 991 qui
2858 925 2979 983 aliis
3003 905 3313 993 ministrant
3334 942 3585 1009 spiriale
3607 905 3779 1006 tua;

2194 999 2336 1057 sicut
2371 1004 2659 1066 doctores:
2705 1028 2901 1085 aures,
2948 1021 3075 1105 boni
3117 999 3432 1099 auditores,
3459 999 3575 1105 ⁷ειιιί
3622 1043 3778 1096 verba

2193 1094 2576 1164 magistrorum
2617 1104 2897 1166 humiliter
2933 1104 3191 1184 audiunt;
3243 1094 3432 1191 nares,
3476 1094 3573 1197 qui

2191 1185 2323 1242 tiam
2373 1189 2721 1253 discernendi
2774 1203 2920 1260 inter
2959 1208 3162 1268 fetores
3193 1185 3452 1274 vitiorum

2188 1277 2449 1336 virtutum
2475 1285 2759 1358 obtinent;
2795 1310 2880 1361 os,
2904 1301 2997 1369 qui
3041 1304 3180 1360 alios
3217 1311 3523 1381 erudiunt;
3558 1333 3768 1386 manus,

2188 1369 2278 1437 qui
2326 1371 2451 1428 aliis
2494 1377 2805 1439 ministrant
2846 1395 3151 1449 necessaria
3190 1398 3339 1454 sicut
3372 1369 3522 1459 sunt,
3551 1369 3773 1466 electae:

2187 1462 2389 1560 synarii
2418 1465 2577 1535 boni;
2612 1474 2801 1541 pedes,
2831 1480 2925 1548 qui
2955 1496 3054 1550 pro
3091 1491 3354 1560 sanguine
3389 1462 3625 1554 innoxio
3646 1462 3773 1559 11;.

2185 1551 2378 1651 rando,
2416 1564 2471 1610 et
2499 1560 2567 1614 ad
2601 1563 2847 1625 inﬁrmos
2885 1551 3475 1642 visitandosvcurrunt.
3519 1589 3653 1648 Haec
3682 1596 3781 1652 sibi

2184 1636 2417 1698 invicem
2446 1651 2765 1720 prospicere
2783 1667 2839 1714 et
2863 1662 3178 1724 ministrare
3196 1636 3412 1730 debent.
3438 1636 3777 1753 Quapropt;

2181 1738 2237 1784 et
2276 1732 2445 1832 infert
2496 1740 2790 1832 Apostolus
2832 1769 2846 1804 :
2890 1755 3089 1824 singuli
3130 1772 3306 1818 autem
3358 1732 3771 1832 αἰιῖνζίιὲῐ

2180 1823 2594 1923 membraiqnia
2624 1823 2995 1912 unusquisque
3024 1845 3181 1916 juxta
3211 1856 3445 1923 gratiam

2242 2193 2506 2255 Habentes
2518 2213 2694 2259 autem
2718 2207 3027 2268 donationes
3054 2220 3339 2275 secundum
3364 2229 3632 2294 gratiam,
3658 2249 3769 2300 qu

2170 2282 2295 2337 data
2340 2298 2415 2340 est
2456 2291 2623 2357 nobis,
2671 2295 3070 2365 differentean
3100 2307 3204 2364 hoc
3244 2282 3768 2378 locovdefecuis'di-

2170 2375 2369 2432 ctionis
2389 2389 2502 2446 est,
2538 2397 2868 2457 quapropter
2910 2408 3132 2451 necesse
3175 2410 3259 2456 est
3295 2412 3356 2458 ut
3397 2409 3771 2469 subaudiatar

2171 2466 2371 2537 aliquid
2425 2474 2493 2528 ad
2555 2479 2972 2549 completionem
3021 2503 3230 2546 sensus.
3288 2494 3519 2553 Dicatur
3588 2503 3770 2573 itaque

2170 2561 2274 2617 hoc
2306 2564 2508 2622 modo:
2550 2568 2749 2629 Sumus
2793 2576 2957 2647 igitur
2986 2595 3085 2636 nos
3128 2584 3388 2645 habentes
3437 2593 3765 2653 donationes

2169 2656 2462 2711 secundum
2491 2663 2722 2728 gratiam
2750 2682 2877 2735 qute
2901 2671 3026 2726 data
3061 2683 3144 2728 est
3187 2679 3343 2734 nobis
3371 2697 3400 2735 a
3444 2683 3587 2748 Deo,
3622 2689 3765 2744 diﬁ-

2169 2753 2351 2801 rentes
2380 2749 2524 2804 etab
2552 2752 2782 2811 invicem
2811 2759 3098 2827 distantes,
3114 2765 3256 2820 sicut
3286 2779 3342 2824 et
3366 2768 3623 2830 membra
3652 2794 3765 2833 cor-

2169 2836 2334 2905 poris.
2369 2839 2531 2896 Verbi
2561 2846 2734 2913 gratia
2768 2866 2782 2902 :
2812 2850 3005 2907 oculus
3048 2870 3153 2910 non
3177 2868 3260 2915 est
3283 2862 3453 2926 auris,
3483 2880 3593 2921 nec
3622 2872 3763 2924 auris

2168 2926 2399 2982 oculus:
2426 2931 2505 2985 sic
2539 2937 2747 2991 suntin
2779 2939 3020 2997 Ecclesia
3060 2947 3151 3017 qui
3185 2961 3311 3005 sunt
3346 2955 3524 3015 oculi.
3562 2970 3625 3013 et
3659 2978 3760 3016 non

2169 3026 2294 3072 sunt
2324 3035 2486 3077 aures
2514 3065 2530 3089 ,
2570 3036 2695 3081 sunt
2720 3040 2882 3087 atu'es
2911 3043 2968 3088 et
2993 3051 3101 3091 non
3127 3050 3258 3095 sunt
3285 3047 3431 3100 oculi
3458 3065 3473 3101 :
3507 3061 3644 3105 sunt
3670 3054 3759 3108 do-

2169 3116 2365 3170 ctores,
2399 3122 2527 3167 sunt
2549 3117 2849 3184 auditores,
2870 3126 3457 3203 sunteleemosynarii,
3493 3147 3549 3191 et
3574 3145 3759 3196 ceteri

2169 3198 2385 3256 ordines
2433 3202 2486 3257 in
2523 3207 2719 3275 quibus
2756 3211 2925 3268 divisa
2977 3226 3063 3271 est
3098 3198 3524 3289 gratiafGratia
3561 3232 3763 3287 dicitur

2167 3291 2332 3360 gratis
2353 3292 2502 3360 data,
2529 3306 2587 3352 et
2627 3300 2886 3371 quidquid
2918 3305 3120 3363 habent
3147 3310 3336 3370 ﬁdeles
3384 3317 3663 3377 donorum
3706 3336 3759 3379 et

2165 3382 2510 3441 donatiouum
2570 3392 2741 3461 gratia
2790 3394 2884 3450 Dei
2935 3408 3038 3464 est,
3083 3402 3209 3471 quia
3238 3406 3358 3460 siue
3382 3411 3501 3466 suis
3544 3417 3758 3472 meritis

2162 3473 2290 3530 iHud
2340 3492 2733 3551 perceperunt:
2778 3488 2883 3542 sive
2923 3495 3284 3563 prophetiam,
3326 3506 3596 3562 subaudis
3639 3512 3761 3579 quis

2160 3566 2359 3622 habet;
2406 3575 2511 3626 sive
2547 3574 2801 3631 rationem
2845 3580 2971 3648 ﬁdei
3017 3583 3180 3641 habet
3226 3590 3392 3655 illam,
3428 3598 3560 3665 quia
3614 3566 3750 3656 ﬁdes

2160 3657 2259 3711 hoc
2287 3663 2603 3728 promeruit.
2639 3666 2695 3719 Si
2733 3667 3006 3726 enimnon
3035 3657 3482 3749 credidissemus,
3516 3691 3759 3759 prophe-

2157 3746 2242 3800 tiae
2264 3749 2509 3818 Spiritum
2539 3770 2876 3828 nequaquam
2904 3767 3319 3837 accepissemus.
3350 3746 3583 3847 Legitur
3612 3746 3751 3842 (λα.

2153 3838 2229 3909 xi)
2261 3840 2479 3912 Agabus
2511 3849 2866 3916 prophetasse
2906 3865 3029 3925 post
3073 3860 3287 3920 Domini
3329 3838 3749 3939 aseEnsionem,

2153 3886 2227 3909 ---Ι
2261 3886 2478 3912 --οκννυ
2512 3886 2866 3916 γιυγυυιαδῠῦ
2907 3886 3029 3925 pum
3073 3886 3287 3920 uumlnl
3329 3886 3716 3929 ascensionem

472 3886 1268 3963 halmerun_l.apostoli<montes
1302 3903 1708 3972 transferendo,
1744 3922 1905 3977 quam
1952 3926 2053 3966 nos
2150 3940 2203 3986 ει
2248 3944 2479 3986 mamm-
2518 3938 2639 3986 mim
2676 3942 2915 3986 plpum;
2976 3950 3077 3986 ιηρι
3127 3958 3291 3986 Au-..
3338 3967 3571 3986 ----.-ιε
3630 3985 3649 3986 κ
3718 3954 3726 3959 ”

2248 3944 2479 4003 quatuor
2517 3938 2639 3996 ﬁlia:
2675 3942 2926 4017 Philippi.
2975 3950 3079 4020 Ipsi
3127 3958 3292 4014 etiam
3337 3967 3571 4034 apostoli
3624 3954 3749 4039 pro-

2147 4025 2323 4094 pheta:
2364 4027 2613 4096 fuerunt,
2663 4035 2789 4103 quia
2840 4037 3019 4097 futura
3074 4049 3294 4114 pmmia
3336 4025 3647 4113 electorum
3696 4072 3752 4116 et

465 4069 591 4130 ﬁdei
637 4074 762 4144 quia
808 4075 1134 4147 habentibus
1168 4081 1326 4139 ﬁdem
1348 4124 1363 4149 ,
1407 4085 1500 4149 alii
1537 4089 1694 4151 datur
1731 4105 1929 4151 sermo,
1960 4109 2048 4146 sa-

461 4162 695 4237 pientiae,
731 4166 820 4221 alii
848 4183 1028 4238 sermo
1050 4172 1375 4245 scientiteU
1411 4177 1535 4232 Cor.
1564 4179 1683 4255 xu),
1722 4194 1828 4238 etc.
1856 4181 1921 4261 Et
1946 4184 2047 4244 hu-

456 4250 705 4323 iusmodi.
741 4270 992 4319 mensura
1035 4264 1328 4327 secundum
1381 4252 1645 4337 rationem
1687 4271 1809 4327 ﬁdei
1850 4257 2043 4341 datur,

462 4342 714 4407 quoniam
739 4358 845 4402 non
873 4346 975 4405 nisi
1014 4347 1172 4403 ﬁdem
1206 4354 1513 4410 tenentibus
1564 4358 1832 4415 tribuitur.
1876 4363 2042 4428 lntelg-

460 4427 648 4498 ligitur
673 4440 730 4501 et
752 4431 907 4487 ﬁdem
938 4436 1257 4509 ministeriis
1287 4441 1690 4512 ecclesiasticis,
1712 4464 1831 4517 quae
1852 4468 2042 4513 secun-

461 4516 590 4573 dum
623 4517 837 4589 modum
864 4537 1021 4577 suum
1059 4526 1265 4597 debent,
1284 4532 1487 4601 peragi,
1531 4543 1585 4589 et
1610 4550 1716 4590 non
1734 4516 1886 4593 ultra
1916 4540 2035 4595 lici-

464 4616 576 4662 tum
599 4613 864 4681 usurpari.
894 4613 1055 4673 Verbi
1087 4619 1258 4689 gratia
1282 4620 1615 4696 {Presbyter
1636 4642 1720 4696 es,
1745 4645 1851 4685 non
1875 4648 2035 4688 usur-
2064 4610 2113 4669 D

458 4712 555 4770 pes
599 4699 835 4777 episcopi
883 4704 1274 4777 ministerium;
1324 4710 1585 4770 diaconus
1635 4731 1725 4783 es,
1777 4720 1887 4787 noli
1941 4724 2048 4781 tibi.

455 4786 962 4863 vindicarealiquid
988 4809 1051 4850 ex
1076 4796 1251 4872 oﬁlcio
1274 4803 1592 4875 presbyteri.
1619 4806 1711 4867 Sic
1737 4809 1802 4883 de
1822 4813 2051 4883 caeteris.-

458 4876 775 4947 ministeriis
798 4891 852 4938 et
875 4885 1130 4959 gradibus
1156 4888 1557 4965 intelligendum
1588 4907 1690 4963 est.

522 4988 671 5045 Sicut
698 4976 847 5057 enim
868 4996 1098 5055 membra
1130 4999 1296 5055 multa
1319 5004 1569 5064 habemus
1588 5010 1644 5063 in
1666 5027 1771 5065 uno.
1793 5030 2029 5084 corpore,

452 5082 630 5138 omnia
653 5093 827 5140 autem
858 5089 1090 5147 membra
1119 5108 1223 5148 non
1247 5095 1483 5151 eumdem
1508 5110 1683 5170 actum
1705 5082 1894 5159 habent
1910 5146 1925 5172 ,
1953 5107 2028 5161 ita

451 5174 600 5228 multi
627 5191 791 5231 unum
837 5194 1026 5249 corpus
1064 5198 1246 5243 sumus
1284 5186 1339 5243 in
1372 5184 1598 5244 Christo.
1641 5190 1793 5249 Sicut
1827 5195 1881 5250 in
1919 5212 2047 5251 uno-

450 5280 677 5338 eorpore
723 5271 889 5326 multa
936 5274 1181 5331 membra
1232 5292 1400 5354 unum
1447 5296 1645 5352 corpus
1681 5285 1906 5352 faciunt,
1952 5289 2025 5344 ita

449 5358 736 5416 multitudo
775 5362 1013 5421 ﬁdelium
1042 5369 1328 5439 conjuncta
1362 5388 1461 5441 per
1496 5372 1657 5430 ﬁdem
1696 5386 1752 5431 et
1782 5377 2027 5436 dilectio-

450 5460 572 5506 nem
596 5453 758 5522 capiti
794 5470 911 5524 suo,
930 5458 1077 5528 quod
1103 5467 1186 5516 est
1210 5460 1479 5530 Christus,
1513 5482 1677 5521 unum
1710 5485 1909 5540 corpus
1934 5489 2041 5529 su--

449 5555 571 5597 mus
599 5556 722 5602 cum
760 5547 871 5604 illo.
911 5550 1111 5609 Verum
1148 5553 1401 5610 membra.
1429 5560 1673 5627 corporis
1703 5565 1872 5618 nostri
1898 5582 2039 5637 pro.-

444 5626 562 5706 ιιι-ᾔει
589 5632 789 5693 habent
815 5636 1008 5708 cilicia,
1034 5651 1093 5698 ut
1120 5644 1262 5700 oculi
1290 5626 1537 5714 videndi,
1564 5666 1723 5708 aures
1748 5626 2017 5726 audiendi,

448 5720 730 5794 etreiiqua
759 5727 1021 5789 similiter.
1066 5733 1133 5787 Et
1176 5735 1509 5793 sicutunum
1547 5744 1847 5800 membrum

448 5812 561 5880 rius
584 5802 808 5885 membri
841 5834 945 5879 non
978 5833 1201 5893 usurpat
1234 5823 1487 5897 cilicium,

2144 4130 2335 4184 poenas
2376 4121 2728 4188 reproborum
2786 4130 3155 4197 praedicabant
3210 4141 3324 4196 suis
3372 4146 3746 4204 auditoribus.

2143 4206 2265 4306 Alio
2303 4212 2478 4273 modo,
2524 4216 2861 4286 prophetiam
2904 4223 2993 4280 hic
3018 4242 3116 4296 pro
3155 4230 3401 4289 doctrina
3432 4253 3747 4306 possumus

2142 4295 2413 4367 accipere,
2464 4310 2523 4356 ut
2574 4306 2644 4361 sit
2687 4323 2930 4367 sensus:
2973 4295 3088 4371 sive
3136 4295 3502 4390 prophetiam,
3550 4331 3610 4385 id
3659 4345 3748 4389 est

2140 4386 2465 4458 doctrinam,
2497 4395 2621 4464 quis
2645 4397 2805 4454 habet
2825 4405 3119 4461 secundum
3137 4386 3414 4468 irationem
3440 4386 3591 4484 ﬁdei,
3620 4422 3745 4477 dis-

2138 4661 2231 4724 cit,
2256 4666 2552 4720 secundum
2574 4684 2735 4737 quam
2757 4672 2917 4730 debet
2940 4678 3167 4745 quilibet
3188 4682 3381 4739 doctor
3402 4661 3747 4758 dispensare

2134 4753 2570 4821 praedicationem
2619 4774 2798 4828 suam,
2843 4781 2913 4821 ne
2962 4767 3100 4825 forte
3134 4788 3164 4826 a
3210 4776 3445 4832 veritate
3492 4753 3739 4841 deﬁet:

2132 4843 2238 4896 sire
2252 4846 2616 4912 ministerium,
2640 4852 2899 4911 subaudis
2917 4860 3038 4928 quis
3060 4861 3244 4929 habet,
3269 4867 3325 4920 in
3344 4869 3741 4937 ministrando.

2136 4949 2242 4988 non
2276 4933 2394 5003 plus
2417 4939 2593 5007 sapiat
2629 4957 2791 5010 quam
2825 4956 3039 5015 oportet
3066 4966 3274 5022 sapere.
3316 4955 3379 5010 lu
3414 4933 3745 5020 ministerio

2137 5028 2335 5083 etenim
2382 5032 2552 5100 gratis
2599 5049 2629 5088 a
2686 5035 2796 5091 Deo
2834 5040 2935 5094 sibi
2969 5042 3193 5110 collato,
3234 5061 3398 5104 nemo
3433 5058 3745 5123 superbire

2131 5116 2309 5184 debet,
2337 5119 2390 5173 id
2418 5130 2502 5181 est
2532 5136 2639 5177 non
2680 5124 2800 5194 plus
2828 5142 3018 5197 sapere
3044 5148 3206 5202 quam
3249 5147 3465 5207 oportet
3503 5116 3741 5212 sapere.

2131 5206 2309 5264 Habes
2331 5212 2473 5280 quod
2522 5213 2800 5271 ministres
2842 5222 3170 5289 pauperibus
3197 5234 3254 5280 et
3276 5206 3586 5297 orphanis;
3604 5237 3742 5290 noli

2130 5299 2428 5366 superbire,
2483 5303 2606 5372 quia
2638 5306 2809 5374 gratis
2832 5308 2924 5363 tibi
2956 5325 2985 5363 ιι
3018 5310 3129 5367 Deo
3157 5313 3343 5371 datum
3371 5331 3479 5375 eet.
3531 5321 3745 5381 Potest

2128 5396 2185 5444 et
2203 5389 2270 5444 de
2304 5392 2608 5449 ministerio
2632 5398 3006 5456 ecclesiastico
3036 5403 3280 5477 intelligi,
3315 5410 3381 5464 de
3408 5426 3523 5481 quo
3552 5430 3747 5472 nune

2127 5479 2610 5554 debetsuperbire,
2644 5488 2769 5545 licet
2812 5491 2893 5545 sit
2909 5494 3214 5567 episcopus,
3243 5498 3376 5556 licet
3398 5479 3737 5578 presbyter.

2123 5578 2219 5624 aut
2241 5580 2397 5641 pater
2418 5580 2727 5634 monasterii
2749 5584 3097 5652 constitutus,
3126 5588 3223 5644 sed
3254 5593 3428 5662 magis
3454 5594 3629 5652 debet
3665 5617 3741 5655 se

2123 5659 2426 5731 humiliare,
2449 5669 2734 5725 attendens
2758 5672 2901 5729 illud
2942 5678 3084 5744 quod
3114 5678 3315 5735 dicitur
3343 5659 3505 5753 Luc.
3542 5694 3687 5757 ut)
3716 5708 3736 5744 :

1885 5747 2019 5806 alte-
2120 5749 2308 5815 Omnis
2332 5756 2491 5824 quise
2510 5759 2773 5828 humiliat,
2800 5765 3147 5834 exaltabitur,
3169 5778 3228 5825 et
3245 5747 3450 5843 quanto
3473 5747 3740 5850 magnus

1533 5831 1609 5887 sic
1649 5837 2017 5908 unusquisque
2118 5856 2200 5908 es,
2239 5844 2560 5907 humiliatos
2606 5852 2657 5907 in
2689 5856 2940 5913 ominibus
2982 5873 2998 5913 :
3037 5861 3144 5916 sire
3176 5831 3279 5935 qui.
3302 5866 3453 5923 docet
3502 5831 3727 5929 ἐποίεον
