3936 6470
169 436 291 495 473

890 446 1252 510 EXPOSITIO
1287 453 1356 509 1N
1391 456 1540 512 EPP.
1583 458 1638 514 S.
1675 458 1899 527 PAULI.
1937 491 2019 501 -—-
2041 462 2110 518 IN
2146 465 2363 528 EPIST.
2400 474 2494 531 AD
2527 477 2693 534 ROM.

3330 443 3435 543 ιιι

174 573 374 639 ctrina,
406 573 662 631 subaudis
682 592 802 645 quae
831 578 904 635 illi
937 596 970 636 a
1000 582 1111 637 Deo
1138 587 1309 654 gratis
1345 588 1471 643 data
1505 599 1609 655 est,
1650 606 1756 646 non
1787 576 1839 634 Α
1863 575 1957 643 qui
1987 590 2152 645 parva
2190 581 2376 637 tribuit
2400 598 2464 640 ac
2493 588 2835 658 temporalia.
2865 601 3178 662 recepturus
3205 605 3290 651 est
3317 614 3432 653 me

172 667 342 722 debet
373 665 494 735 plus
528 680 729 737 sapere:
765 684 927 739 quam
962 684 1177 742 oportet
1224 693 1432 747 sapere.
1483 679 1610 737 Haec
1653 698 1755 737 au-

172 766 293 813 tem
327 758 573 816 doctrina
605 761 659 815 in
694 762 877 818 Veteri
915 774 970 819 et
1004 765 1157 821 Novo
1185 768 1538 827 Testamento
1566 773 1759 829 intelli~

171 851 345 919 gitur.

1861 666 2004 720 xima
2047 670 2266 758 praemia
2298 681 2352 726 et
2388 683 2630 743 aeterna;
2662 681 2916 748 quoniam
2943 682 3280 757 eleemo‘syna
3308 692 3429 758 quae

1856 757 2078 825 pauperi
2100 757 2331 829 largitur
2347 762 2403 816 in
2421 772 2583 827 terra,
2613 783 2644 821 a
2669 768 2895 825 Domino
2913 773 3168 843 recipitur
3194 777 3247 832 in
3265 757 3424 847 etelo,

1855 847 1997 902 sicut
2033 848 2225 906 beatus
2251 852 2571 912 Ambrosius
2599 858 2731 914 dicit
2765 877 2779 915 :
2808 862 2925 930 Ipse
2962 865 3215 938 idemque
3251 871 3426 927 dictu-

251 940 356 1008 Qui
379 943 706 1009 exhortatur,
733 944 790 997 in
808 946 1149 1010 exhortando,
1175 949 1433 1005 subaudis
1460 967 1566 1007 non
1594 953 1711 1008 debt

1854 956 1947 995 rus
1972 952 2057 997 est
2083 943 2269 1000 electis
2309 947 2363 1000 in
2409 948 2495 1002 die
2532 949 2722 1018 jmlicii
2760 971 2773 1006 :
2806 955 3057 1020 Quandiu
3104 963 3198 1015 uni
3238 980 3304 1017 ea:
3341 966 3424 1021 Itis

170 1033 300 1104 plus
325 1049 515 1104 sapere
535 1050 696 1106 quam
732 1047 946 1106 oportet
980 1053 1192 1108 sapere,
1237 1043 1364 1111 quia
1406 1060 1509 1100 non
1540 1056 1752 1116 Oportet

168 1125 300 1180 inde
328 1127 626 1201 superbire.
655 1126 768 1184 Hoc
805 1139 987 1185 autem
1015 1132 1571 1199 animadvertendum,
1615 1139 1750 1195 buc-

168 1231 348 1285 usque
404 1217 829 1273 subaudiendum
896 1234 1018 1276 esse
1080 1237 1111 1275 a
1167 1225 1534 1293 superioribus
1588 1229 1748 1299 hujus

163 1306 463 1376 Epistulae:
509 1306 637 1375 Non,
676 1308 796 1379 plus
839 1324 1031 1379 sapere
1076 1326 1237 1380 quam
1285 1324 1498 1384 oportet
1535 1332 1743 1388 sapere.

165 1395 489 1452 Exhortatio
513 1406 596 1454 est
624 1399 832 1479 species
869 1400 1268 1470 praedicationis
1291 1412 1347 1457 et
1374 1405 1656 1472 doctrinae,
1690 1417 1746 1463 et

162 1490 407 1543 maxime
427 1490 496 1544 ad
527 1490 800 1546 dolentem
822 1503 878 1546 et
900 1493 1277 1565 desperantem
1310 1498 1548 1566 respicit.
1581 1501 1742 1555 Verbi

159 1583 375 1653 gratia:
406 1581 546 1638 Sunt
584 1584 741 1640 multi
787 1585 1037 1641 doctores
1069 1587 1163 1656 qui
1216 1588 1497 1657 sapientia,
1535 1591 1741 1646 divina-

158 1691 283 1730 rum
313 1673 719 1747 Scripturarum
764 1676 1032 1747 pollentes
1074 1679 1407 1749 pariterque
1435 1683 1738 1752 eloquentia

155 1765 449 1819 verborum
490 1765 763 1830 ﬂorentes,
810 1777 918 1823 tota
959 1767 1047 1822 die
1092 1769 1438 1839 alloquuntur
1457 1772 1733 1843 populum,

154 1853 495 1926 disputantes
522 1858 589 1913 de
635 1859 957 1914 rectitudine
995 1859 1142 1924 ﬁdei,
1175 1861 1241 1916 de
1291 1863 1530 1931 appetitu
1555 1864 1728 1917 virtu—

1851 1030 2080 1122 minirnis
2104 1034 2230 1088 meis
2266 1033 2483 1101 fecistis,
2514 1038 2640 1090 mihi
2686 1040 2885 1107 fecistis
2929 1044 3144 1114 (Matth.
3174 1052 3323 1122 xxv).
3347 1054 3420 1111 At

1850 1118 1941 1187 qui
1971 1118 2037 1174 de
2066 1122 2312 1177 mercede
2341 1134 2558 1180 teternrc
2591 1128 2964 1187 retributionis
2991 1135 3217 1203 dubitat,
3248 1118 3301 1194 in
3335 1143 3416 1197 bi-

1848 1205 2064 1264 laritatc
2107 1212 2287 1269 cordis
2315 1213 2690 1287 eleemosy-nas
2731 1234 2839 1274 non
2871 1234 3078 1294 erogat.
3107 1225 3220 1282 Non
3268 1232 3412 1287 enim

1846 1300 2071 1368 prodest
2104 1303 2246 1371 quod
2272 1305 2522 1378 porrigit,
2551 1308 2677 1375 quia
2706 1317 2762 1363 et
2799 1310 2884 1365 hic
2911 1313 3111 1369 amittit
3136 1320 3278 1386 quod
3312 1323 3412 1377 tri-

1844 1390 1979 1459 buit,
2008 1403 2065 1449 et
2101 1394 2157 1450 in
2199 1394 2382 1455 futuro
2414 1399 2694 1468 praemium
2721 1403 2807 1456 vel
2846 1404 3149 1461 mercedem
3186 1424 3293 1464 non
3322 1427 3409 1465 re-

1843 1484 2025 1553 cipiet.

1909 1576 2131 1632 Dilectio
2178 1579 2290 1634 sine
2348 1581 2680 1637 simulatione
2703 1623 2719 1647 ,
2761 1585 3017 1643 subaudis
3070 1591 3408 1661 adimplenda

1838 1677 1940 1723 est.
1987 1667 2176 1725 Omnis
2202 1670 2420 1726 dilectio
2465 1687 2583 1742 quas
2618 1676 2912 1730 secundum
2947 1677 3114 1733 Deum
3152 1695 3258 1734 non
3300 1665 3404 1747 est,
3482 1686 3487 1689 ’

1834 1766 1890 1813 et
1911 1774 2011 1829 pro
2035 1759 2127 1814 Dei
2159 1775 2347 1816 amore
2372 1778 2477 1816 non
2511 1764 2712 1833 agitur,
2742 1765 3015 1821 simulatio
3050 1769 3277 1831 et-lictio
3308 1787 3403 1828 vo-

1835 1851 2004 1905 canda
2037 1859 2140 1906 est.
2168 1851 2398 1921 Ideoque
2446 1854 2537 1922 qui
2566 1853 2795 1910 fratrem
2839 1858 3063 1930 diligere
3107 1861 3322 1925 dicitur,
3355 1864 3419 1918 si»

155 1958 295 2015 mm,
347 1958 401 2004 ει
438 1952 812 2007 exsecratione
855 1951 1128 2017 vium-um,
1186 1953 1252 2007 de
1304 1950 1561 2008 reumate
1607 1968 1731 2025 per.
1763 1915 1939 1993 Bnon
1986 1942 2221 1995 correxit
2250 1957 2374 1997 cum
2416 1959 2537 1998 eum
2585 1959 2774 2000 errare
2818 1947 3036 2015 viderit,
3091 1949 3396 2009 simulatam

157 2041 309 2109 petui
345 2042 512 2111 regni,
544 2050 598 2097 et
622 2043 930 2111 perditione
959 2041 1157 2096 inferni
1191 2059 1204 2095 :
1236 2051 1292 2097 et
1320 2044 1590 2113 protelato
1611 2060 1727 2099 ser-

158 2116 322 2184 mone
370 2146 504 2200 pene
542 2148 717 2204 usque
757 2133 823 2186 ad
866 2132 998 2186 solis
1046 2133 1373 2194 occnbitum,
1426 2133 1727 2204 exemplum

152 2220 538 2277 consolationis
577 2222 745 2291 lapsis
777 2223 998 2277 minime
1022 2222 1320 2291 proferunt.
1354 2223 1571 2278 interim
1599 2239 1728 2278 vero

149 2306 281 2363 dum
327 2310 474 2365 audit
529 2311 725 2381 aliquis
775 2327 841 2366 ex
888 2312 1367 2366 circumstantibus
1417 2327 1607 2382 poenas
1650 2314 1727 2368 in-

146 2399 323 2467 ferni,
363 2416 483 2471 quae
527 2402 596 2456 ab
634 2402 739 2457 illis
766 2402 1038 2456 minantur
1091 2403 1179 2456 his
1208 2403 1298 2472 qui
1353 2403 1724 2458 criminalibus

142 2489 366 2546 delictis
411 2500 663 2547 tenentur
710 2493 955 2557 obnoxii,
1007 2501 1060 2548 et
1103 2494 1294 2548 recolit
1323 2510 1381 2548 se
1410 2494 1625 2565 aliquod
1645 2494 1722 2548 fa-

146 2583 312 2639 cinus
370 2586 747 2657 gravissimum
806 2594 1188 2658 perpetrasse,
1242 2588 1589 2643 homicidium
1647 2591 1720 2644 vi-

138 2675 362 2740 delicet,
395 2676 739 2742 adulterium,
784 2685 879 2732 aut
927 2677 1127 2746 aliquid
1160 2679 1481 2734 borum:ob
1522 2680 1716 2734 imma-

135 2765 373 2821 nitatem
412 2766 635 2823 sceleris
662 2768 745 2820 sui
802 2767 1019 2822 tristitia
1072 2767 1463 2836 desperationis
1502 2769 1720 2840 perfun-

1829 2032 2149 2091 charitatem
2220 2049 2349 2105 erga
2411 2035 2715 2104 proximum
2777 2037 2977 2095 habere
3037 2043 3396 2099 convincitur.

1830 2120 2074 2177 0dientes
2118 2124 2340 2189 malum,
2364 2125 2420 2180 id
2442 2135 2526 2182 est
2557 2125 2828 2183 diabolum
2863 2140 2920 2185 et
2950 2134 3191 2188 membra
3230 2133 3394 2202 illius,

1826 2222 1988 2284 atque
2011 2231 2172 2271 ornne
2205 2226 2486 2286 peccatum
2522 2220 2642 2275 sitis
2673 2221 2938 2278 odientes.
2969 2222 3273 2282 Notandum
3299 2244 3396 2283 au-

1826 2314 1958 2369 tem,
1984 2305 2164 2359 odium
2198 2307 2288 2361 hic
2308 2308 2361 2360 in
2390 2308 2584 2364 bonam
2607 2320 2814 2387 partem
2843 2313 3237 2382 accipiendum,
3262 2333 3395 2387 quo-

1824 2397 1969 2451 niam
2016 2408 2175 2453 estet
2202 2399 2383 2454 odium
2430 2382 2765 2471 malum/quo
2791 2403 3003 2459 odimus
3042 2382 3395 2463 fratrem-uo-

1822 2497 2032 2553 strum;
2083 2488 2407 2546 adhaerentes
2449 2492 2603 2557 bona,
2633 2493 2686 2547 id
2717 2502 2799 2549 est
2822 2495 2953 2561 Deo,
2997 2511 3090 2566 qut
3122 2506 3207 2553 est
3238 2498 3390 2554 sum.
3452 2522 3453 2525 η

1821 2590 1967 2630 mum
2002 2579 2224 2643 bonum,
2256 2588 2304 2634 et
2337 2581 2594 2637 membris
2621 2580 2737 2650 ejus
2765 2593 2928 2654 atque
2948 2584 3190 2654 justitize,
3217 2589 3391 2642 omni-

1818 2667 2037 2736 busque.
2081 2670 2419 2740 virtutibus;
2468 2672 2726 2726 charitute
2786 2673 3132 2743 fraternitatis
3173 2676 3389 2730 invicem

1816 2758 2131 2831 diligentes,
2168 2761 2225 2817 id
2255 2770 2339 2831 est
2367 2780 2488 2817 cum
2526 2763 2797 2825 charitate
2850 2760 3212 2822 fraternitatis
3268 2769 3388 2825 sitis

133 2854 312 2920 ditur,
376 2856 498 2925 quia
554 2871 660 2911 non
712 2856 919 2911 audivit
971 2858 1195 2911 verbum
1263 2858 1646 2914 consolationis
1685 2875 1716 2915 α
1813 2862 1911 2905 vos
1941 2851 2254 2906 alterutrum
2285 2854 2587 2925 diligentes,
2636 2856 2759 2925 quia
2805 2871 2945 2911 unus
2973 2864 3056 2911 est
3097 2855 3261 2912 Pater
3292 2874 3385 2926 ve-

129 2945 587 3017 pra'dicatoribus
611 2963 626 3012 ;
649 2961 810 3017 quem
851 2946 895 3001 si
926 2946 1194 3001 invenerit
1221 2946 1444 3016 quilibet
1489 2948 1712 3017 simplex
1815 2951 1949 3005 ster,
1978 2942 2069 3012 qni
2093 2944 2147 2996 in
2182 2944 2334 2999 caelis
2373 2953 2476 2998 est.
2511 2943 2711 3001 Omnes
2735 2947 2877 3001 enim
2905 2948 2996 3017 qui
3036 2964 3196 3003 unam
3225 2948 3383 3004 iidem

130 3036 482 3106 praedicator,
510 3036 693 3091 statim
718 3034 1085 3105 percontando
1106 3035 1344 3105 perquiri
1373 3036 1438 3091 ab
1466 3051 1533 3090 eo
1562 3035 1714 3105 cujus
1814 3031 2013 3085 habent
2036 3039 2091 3086 et
2115 3046 2219 3084 uno
2248 3032 2567 3100 baptismate
2609 3043 2734 3089 sunt
2760 3033 2949 3099 abluti,
2979 3035 3054 3092 ita
3077 3051 3134 3091 se
3158 3036 3384 3093 invicem

130 3125 212 3181 rei
247 3139 408 3179 causa
431 3125 697 3190 tristetur,
718 3135 1053 3194 maestusque
1080 3123 1297 3178 incedat
1325 3141 1337 3176 :
1363 3132 1416 3177 et
1436 3132 1712 3195 comperta
1812 3121 2035 3192 diligere
2077 3122 2366 3177 secundum
2410 3121 2577 3192 Deum
2622 3123 2845 3191 debent,
2871 3124 3037 3180 veluti
3072 3125 3270 3179 fratres
3313 3144 3383 3181 ex

127 3230 307 3272 causa
348 3215 657 3271 consolatur
697 3215 847 3270 illum
885 3215 1067 3270 verbis
1118 3213 1475 3284 simplicibus,
1516 3215 1711 3285 quibus
1738 3259 1780 3285 η
1812 3230 1920 3269 uno
1945 3214 2132 3269 matris
2158 3221 2312 3268 utero
2343 3213 2545 3282 egressi
2565 3230 2585 3284 ;_
2606 3213 2801 3266 honore
2822 3214 3040 3268 invicem
3067 3217 3383 3283 prtevenien-

125 3307 309 3372 valet,
334 3306 615 3379 lsimulque
640 3306 892 3361 hortatur
929 3320 996 3360 ne
1038 3305 1290 3376 desperet
1329 3306 1394 3361 de
1438 3306 1596 3360 venia
1624 3322 1709 3361 sa-
1738 3302 1780 3319 υ
1812 3313 1905 3367 tes,
1940 3304 1992 3360 id
2018 3313 2133 3359 est:
2169 3302 2400 3369 invicem
2427 3303 2685 3362 honorem
2716 3302 2868 3356 vobis
2904 3302 3215 3371 impendite,
3239 3319 3380 3373 pra:-

123 3397 287 3464 lutis,
314 3398 446 3453 dans
483 3398 686 3469 pariter
712 3397 957 3467 exempla
982 3396 1365 3463 consolatoria,
1397 3412 1460 3453 ac
1488 3398 1704 3453 dicens:
1808 3399 1904 3455 lati
1932 3396 2206 3468 subjectis,
2229 3393 2453 3462 subjecti
2486 3391 2747 3462 praelatis,
2774 3391 2900 3463 quia
2930 3390 3250 3458 humilitatis
3280 3392 3382 3447 vir-

125 3488 280 3558 Quid
305 3489 358 3544 in
396 3489 785 3559 desperationis
813 3489 1011 3543 malum
1053 3488 1297 3545 laberis?
1322 3489 1617 3545 Considera
1637 3490 1705 3559 (si
1808 3501 1913 3557 tus,
1947 3493 2110 3547 etiam
2140 3488 2371 3545 ethnicis
2393 3486 2589 3556 placet.

124 3579 335 3642 mavis)
364 3578 764 3634 misericordias
796 3576 1005 3634 Domini
1029 3586 1245 3647 quanta:
1263 3577 1393 3643 sint,
1416 3578 1483 3633 de
1509 3578 1705 3647 quibus

123 3669 420 3726 Psalmista
469 3669 595 3725 dicit
624 3685 639 3723 :
675 3667 1037 3724 Misericordia
1066 3666 1280 3722 Domini
1325 3684 1486 3738 super
1521 3667 1704 3723 omnia

122 3773 300 3829 Opera
325 3758 460 3828 ejus.
491 3756 742 3828 Nunquid
762 3758 930 3813 David
959 3772 1064 3812 non
1089 3764 1208 3813 erat
1231 3771 1323 3812 rex
1341 3766 1398 3813 et
1419 3757 1699 3828 propheta,

123 3850 351 3919 quando
378 3849 537 3904 simul
579 3849 814 3919 patravit
851 3847 1173 3902 adulterium
1203 3863 1327 3903 eum
1368 3847 1703 3903 homicidio?

120 3951 181 3996 et
226 3951 406 3995 tamen
434 3942 646 3994 veniam
676 3941 891 3995 meruit.
922 3939 1170 4008 Nunquid
1202 3939 1394 3996 Petrus
1411 3949 1699 4011 postquam

84 4038 91 4065 ⁷
119 4033 339 4086 electus
367 4038 451 4084 est
486 4046 517 4083 a
545 4029 793 4094 Domino,
829 4045 935 4083 non
967 4028 1180 4099 negavit
1201 4028 1349 4083 illum
1378 4038 1458 4083 ter
1480 4029 1694 4084 dicens:

128 4123 182 4177 Ν
190 4138 260 4176 on
285 4123 400 4175 novi
429 4121 577 4176 illum
609 4121 823 4193 (Matth.
853 4123 1038 4193 xxvi)?
1068 4133 1121 4179 et
1148 4133 1326 4181 tamen
1356 4126 1479 4195 pius
1508 4126 1699 4182 Domi-

120 4229 234 4268 nus
259 4221 441 4283 postea
468 4212 708 4283 praefecit
749 4213 898 4268 illum
926 4214 1178 4271 Ecclesiae
1202 4230 1331 4269 suae.
1362 4215 1613 4285 Nunquid
1643 4223 1699 4271 et

117 4307 268 4359 latro
308 4319 413 4359 non
444 4305 643 4360 meruit
690 4305 876 4360 audire
907 4323 920 4359 :
950 4304 1123 4360 Hodie
1158 4322 1357 4360 mecum
1386 4307 1490 4359 eris
1526 4307 1580 4360 in
1608 4322 1698 4376 pa-

120 4396 305 4451 radiso
337 4393 489 4467 (Luc.
517 4395 683 4467 xxv)?
737 4395 958 4451 Talibus
995 4397 1177 4453 verbis
1226 4397 1609 4452 exhortaturus
1634 4395 1696 4451 il-

116 4492 233 4544 lum
264 4489 544 4560 alloquens
567 4490 657 4559 qui
688 4490 739 4544 in
771 4490 1202 4560 desperationem
1233 4499 1438 4556 ruerat,
1464 4491 1517 4546 in
1540 4507 1690 4562 spem

1878 3581 2243 3640 Sollicitudine
2264 3596 2367 3633 non
2387 3577 2500 3633 sitis
2535 3575 2691 3647 pigri,
2721 3574 2773 3630 id
2798 3583 2901 3641 est,
2927 3574 2982 3631 in
3010 3591 3139 3633 cura
3190 3574 3376 3632 subdi-

1805 3687 1983 3734 torum
2022 3690 2128 3730 non
2159 3674 2279 3728 sitis
2315 3670 2527 3726 desides
2549 3677 2605 3725 et
2646 3677 2946 3739 torpentes,
2992 3683 3060 3724 ne
3090 3667 3230 3724 forte
3251 3684 3376 3724 cum

1803 3782 1962 3823 servo
1985 3764 2157 3820 inutili
2187 3762 2541 3827 damnemini,
2571 3760 2883 3831 qui,ligatis
2907 3760 3156 3817 manibus
3191 3769 3244 3815 et
3280 3776 3375 3830 pe-

1802 3859 1982 3923 dibus,
2019 3857 2216 3912 missus
2243 3864 2327 3910 est
2374 3855 2426 3908 in
2475 3854 2746 3908 tenebras.
2800 3852 2870 3909 Et
2918 3868 3025 3909 non
3056 3853 3231 3908 solum
3282 3853 3395 3923 qui.

1804 3954 2017 4017 praeest,
2047 3961 2232 4001 verum
2252 3945 2418 3999 etiam
2451 3944 2629 3999 omnis
2659 3941 2951 4011 subjectus,
3003 3944 3279 4001 studiosus
3315 3950 3373 3998 et

1801 4036 1955 4091 velox
1980 4036 2140 4090 debet
2161 4049 2281 4089 esse
2318 4034 2385 4088 ad
2412 4049 2570 4091 omne
2597 4048 2731 4101 opus
2771 4034 2967 4088 bonum
2996 4048 3012 4097 ;
3041 4034 3228 4102 spiritu
3265 4034 3374 4102 fer.

1799 4134 1993 4189 ventes,
2040 4123 2092 4179 id
2123 4132 2208 4179 est
2252 4122 2486 4178 calorem
2516 4131 2571 4178 et
2615 4123 2879 4177 fervorem
2913 4121 3147 4191 Spiritus
3196 4123 3371 4183 sancti

1797 4217 2059 4282 habeatis,
2109 4216 2194 4272 vel
2230 4216 2453 4286 spiritu,
2490 4214 2542 4271 id
2584 4225 2669 4272 est
2712 4225 2890 4271 mente
2915 4256 2930 4281 ,
2979 4231 3085 4270 non
3132 4216 3255 4271 sitis
3287 4225 3368 4271 te.

1792 4308 1905 4378 pidi
1931 4308 1987 4362 iu
2023 4305 2309 4361 dilectione
2333 4306 2427 4360 Dei
2448 4315 2506 4361 et
2534 4306 2788 4376 proximi,
2820 4321 2889 4362 ue
2926 4305 3064 4361 forte
3094 4306 3385 4362 audiatis:-

1796 4398 1933 4464 Quia
1955 4413 2045 4451 nec
2064 4395 2289 4466 frigidus
2313 4412 2391 4461 es,
2412 4412 2504 4451 nec
2534 4395 2761 4460 calidus,
2790 4396 3036 4465 insipiam
3067 4404 3116 4449 te
3136 4411 3391 4453 euomere.

1791 4505 1856 4544 ea:
1883 4504 1972 4542 ore
1997 4504 2110 4541 meo
2142 4485 2326 4556 (Apoc.
2358 4486 2465 4553 ιιι).
2496 4487 2572 4541 De
2600 4484 2758 4554 hujus
2786 4485 2926 4554 ignis
2965 4483 3198 4547 fervore,
3229 4484 3363 4539 dicit

115 4582 294 4637 venite
357 4583 518 4637 sistit.
593 4581 731 4637 Ecce
797 4582 1069 4653 quomodo
1129 4583 1435 4637 exhortatio
1482 4582 1692 4652 species
1717 4605 1766 4664 ι)
1795 4579 2049 4635 Dominus
2076 4579 2128 4633 in
2158 4576 2445 4649 Evangelia
2473 4594 2487 4631 :
2512 4576 2694 4647 Ignem
2718 4577 2831 4631 veni
2858 4577 3058 4632 mittere
3080 4577 3134 4631 in
3164 4585 3358 4630 terram

113 4681 203 4728 est
244 4671 659 4741 przedicationis.
687 4669 791 4737 Qui
821 4672 1000 4725 tribuit
1035 4673 1091 4725 in
1120 4670 1470 4741 simplicitate,
1504 4672 1554 4726 id
1582 4680 1685 4739 est,

116 4763 213 4833 qui
241 4762 641 4835 eleemosynam
673 4764 997 4842 pauperibus
1022 4763 1269 4836 largitur,
1295 4773 1349 4819 et
1384 4765 1687 4820 doctrinam

115 4855 316 4917 inscio,
368 4852 491 4909 ideo
522 4853 702 4917 faciat,
742 4861 802 4907 ut
828 4853 937 4909 Deo
982 4862 1037 4908 et
1067 4869 1172 4909 non
1200 4855 1529 4931 hominibus
1571 4854 1687 4925 pla-

114 4953 261 5007 ceat,
291 4951 347 4998 et
371 4953 452 4999 est
486 4943 910 4998 subaudiendum
941 4959 956 4997 :
986 4944 1064 4999 Ita
1105 4946 1195 5014 qui
1225 4946 1432 5010 tribuit,
1466 4946 1519 5000 in
1556 4946 1688 5001 sim-

113 5033 357 5103 plicitate
393 5033 613 5087 tribuat.
643 5031 746 5098 Qui
775 5041 962 5101 protest
1009 5034 1065 5087 in
1108 5032 1461 5089 sollicitudine
1491 5075 1505 5098 ,
1554 5035 1685 5093 sub-

112 5123 273 5178 audis
322 5122 481 5178 debet
525 5138 778 5192 przeesse,
819 5131 877 5177 ut
930 5123 1033 5179 sibi
1071 5125 1389 5180 commissos
1442 5140 1548 5180 non
1596 5141 1686 5180 ne-

112 5214 299 5282 gligat.
332 5211 456 5268 Haec
505 5213 828 5279 sollicitttdo,
868 5215 920 5270 id
969 5226 1052 5270 est
1087 5232 1277 5286 magna
1325 5232 1478 5282 cura,
1533 5217 1683 5273 circa

112 5304 325 5357 animas
356 5304 589 5359 maxime
620 5305 777 5360 debet
806 5320 946 5361 esse.
975 5306 1077 5371 Qui
1105 5307 1399 5371 miseretur,
1425 5307 1683 5363 subaudis

113 5393 397 5462 pauperis,
415 5394 594 5449 cibum
636 5396 894 5452 esurienti
917 5396 1263 5468 porrigeudo,
1310 5407 1365 5452 et
1389 5406 1573 5468 potum
1602 5398 1680 5452 si-

116 5483 292 5549 tienti,
347 5486 730 5541 vestimentum
769 5488 1076 5558 algenti,.et
1127 5496 1324 5545 testum
1359 5488 1598 5561 vaganti,
1627 5488 1683 5544 in

114 5572 381 5646 hilaritate
419 5584 474 5630 et
511 5577 707 5646 gaudio
745 5578 939 5632 mentis
991 5578 1094 5634 hoe
1133 5577 1316 5643 faciat,
1363 5579 1486 5649 quia
1542 5578 1684 5634 hila-

117 5682 230 5723 rem
259 5669 498 5731 datorem
526 5670 696 5742 diligit
723 5670 882 5725 Deus.
899 5656 1031 5724 Cum
1055 5672 1251 5739 gaudio
1263 5672 1464 5727 etenim
1488 5672 1705 5726 mentis.

117 5760 453 5831 eteemosyna
497 5761 669 5817 danda
712 5768 818 5827 est,
848 5769 905 5815 et
947 5762 1319 5819 misericordia
1349 5763 1680 5835 praestanda.

121 5850 354 5907 Securus
379 5851 448 5907 sit
479 5852 545 5906 de
570 5849 818 5907 mercede
849 5851 942 5921 qui
976 5851 1101 5931 huic
1129 5854 1282 5924 operi
1308 5853 1530 5921 insistit,
1557 5854 1686 5925 quia

1795 4669 1944 4742 (Luc.
1970 4669 2091 4738 XII),
2115 4677 2221 4724 etc.
2246 4668 2468 4722 Domino
2489 4668 2787 4729 servientes,
2819 4682 2927 4721 non
2960 4666 3161 4723 divitiis
3186 4681 3362 4739 neque

1792 4762 1970 4825 vitiis,
1999 4762 2111 4816 sive
2137 4759 2598 4815 delectationibus.
2629 4757 2707 4812 llli
2736 4758 2965 4813 Domino
2993 4758 3237 4813 serviunt
3264 4760 3381 4829 qui.

1790 4853 1905 4922 ejus
1922 4860 2184 4924 praecepta
2206 4857 2445 4907 servant.
2468 4847 2568 4919 Spe
2592 4849 2897 4919 gaudentes,
2924 4862 3050 4919 spes
3069 4856 3150 4904 est
3172 4862 3364 4919 exspe-

1790 4944 1954 4999 ctatio
2004 4941 2305 4997 futurorum
2355 4940 2639 4995 bonorum.
2692 4938 2818 4993 inde
2882 4938 3014 4993 dicit
3074 4936 3364 5006 Apostolus
3433 4982 3437 4986 .

1789 5035 1947 5090 modo
1986 5047 2002 5087 :
2055 5035 2161 5102 Spe
2207 5033 2321 5087 sive
2367 5031 2769 5102 exspectatione
2816 5031 3160 5100 praemiorum
3201 5026 3379 5083 uelo—-

1790 5126 2002 5180 lestium
2029 5123 2150 5178 sitis
2171 5121 2451 5191 gaudentes
2488 5121 2650 5176 etiam
2680 5120 2735 5175 in
2760 5118 3022 5190 angustiis
3047 5135 3062 5176 ;
3107 5119 3159 5170 in
3190 5116 3289 5169 trib
3312 5132 3371 5169 u-
3437 5186 3442 5193 θ

1786 5215 2003 5280 latione,
2030 5213 2183 5268 vobis
2207 5212 2352 5266 illata
2391 5227 2421 5265 a
2454 5210 2910 5282 persecutoribus,
2936 5209 3057 5263 sitis
3081 5207 3370 5277 patientesv

1789 5305 1844 5361 id
1865 5314 1950 5362 est
1990 5307 2046 5360 in
2075 5303 2420 5365 animositate
2445 5318 2553 5358 non
2585 5301 2933 5364 reluctantes,
2961 5308 3018 5354 et
3046 5312 3152 5352 non
3182 5296 3371 5366 requi-

1789 5405 1972 5465 rentes
2016 5395 2298 5465 praemium
2350 5394 2404 5448 in
2460 5393 2769 5464 prmscnti;-
2798 5388 3035 5446 orationi.
3078 5388 3371 5451 instantes,

1791 5489 1919 5558 quia
1964 5487 2107 5557 quod
2154 5485 2401 5541 humanis
2444 5484 2657 5538 auxiliis
2702 5498 2893 5553 neque.
2925 5479 3127 5555 nostris
3156 5478 3368 5539 viribus

1792 5580 2037 5636 obtinere
2060 5588 2116 5636 et
2154 5593 2313 5649 agere
2336 5592 2443 5633 non
2475 5588 3027 5645 possumus,.necesse
3055 5580 3140 5627 est
3164 5578 3224 5624 ut
3246 5586 3368 5632 ora-

1794 5668 2029 5725 tionibus
2053 5684 2084 5725 a
2119 5667 2230 5725 Deo
2253 5667 2622 5739 impetremus,
2650 5665 2791 5720 sicut
2817 5665 2882 5719 de
2905 5661 3091 5719 Daniel
3116 5669 3173 5716 et
3200 5657 3366 5715 sociis

1792 5758 1909 5830 ejus
1935 5759 2184 5831 legimus.
2896 5792 2915 5813 ρ
3365 5765 3373 5769 ’

1864 5848 2279 5906 Necessitatibus
2336 5856 2639 5903 sanctorum
2707 5843 3168 5903 communicantes.
3246 5835 3374 5915 Non
