3936 6460
513 435 619 498 475

975 441 1328 498 HAYMONIS
1369 441 1841 500 HALBERSTAT.
1885 442 2100 499 EPlSC.
2140 443 2292 501 OPP.
2335 447 2516 503 PARS
2554 447 2592 501 l.
2631 477 2703 487 —
2739 443 3090 502 COMMENT.
3132 446 3300 502 BlBL.

3678 444 3779 498 4ἷο

515 551 672 616 dixit,
703 551 904 607 sanctis
951 551 1347 622 eleemosynam
1377 552 1612 621 prtebete
1641 562 1735 607 aut
1775 552 1956 618 facile,
1995 553 2088 608 sed
2117 556 2165 615 Α
2193 555 2388 623 quibus
2415 555 2668 610 omnibus
2713 555 2974 610 Dominus
3003 554 3136 610 dicit
3168 574 3180 609 :
3222 554 3374 610 Beati
3425 557 3520 626 qui
3576 558 3775 626 lugent,

516 643 812 699 honestiori
859 643 1024 696 verbo
1071 657 1202 698 usus
1249 652 1332 697 est
1381 661 1395 697 :
1450 642 1638 698 Vestra
1688 645 1828 700 bona
1885 645 2086 700 sanctis

514 735 856 804 participato.
888 735 962 788 Eo
989 745 1235 803 tempore
1263 751 1370 804 quo
1403 735 1692 805 Aposmlus
1738 737 1840 791 ista
1883 737 2088 791 scribe-

515 827 627 891 bat,
656 827 940 881 credentes
979 828 1094 882 suis
1142 827 1488 884 facultatibus
1536 831 1916 898 privabantur;
1947 830 2087 886 unde

513 916 778 971 laudando
804 918 955 982 dicit,
990 917 1043 971 in
1073 919 1310 986 Epistula
1352 921 1417 973 ad
1446 919 1723 986 Hebraeos,
1746 919 1944 976 Judaris
1973 935 2091 975 cre-

519 1006 813 1062 dentibus:
883 1007 950 1061 Et
1008 993 1564 1077 rapinam'bonorum
1619 1023 1906 1066 vestrorum
1970 1028 2088 1065 cum

512 1097 706 1165 gaudio
758 1099 1056 1167 suscepistis
1099 1097 1284 1168 (Hebr.
1317 1100 1394 1170 Χ).
1440 1100 1668 1170 Ideoque
1703 1101 1822 1156 illos
1874 1084 1966 1171 qui
2012 1101 2090 1154 ra-

512 1184 806 1242 cultatibus
855 1188 1088 1256 prapriis
1124 1189 1300 1243 adhuc
1346 1205 1453 1244 non
1499 1200 1654 1244 erant
1681 1192 1874 1261 privati
1907 1193 2090 1246 horta-

513 1277 672 1330 batur
697 1275 1008 1346 Apostolus,
1038 1286 1095 1330 ut
1143 1277 1454 1348 exspoliatis
1495 1295 1592 1349 pro
1629 1281 1832 1335 Christi
1872 1281 2090 1337 nomine

513 1367 753 1422 subsidia
813 1370 1128 1438 temporalia
1179 1371 1640 1436 administrarent,
1699 1373 1911 1427 illorum
1952 1372 2091 1426 indi-

513 1458 751 1527 gentiam
774 1473 928 1512 suam
956 1469 1228 1529 putantes,
1255 1461 1411 1515 bonis
1444 1462 1830 1531 temporalibus
1861 1477 1984 1517 cum
2008 1463 2089 1517 eis

514 1548 569 1602 in
605 1564 898 1605 commune
946 1559 1174 1605 utentes.
1229 1550 1323 1604 Dei
1355 1552 1552 1606 etenim
1601 1553 1742 1608 dona
1782 1554 2090 1620 communia

513 1653 620 1693 non
660 1641 858 1694 debent
889 1640 1003 1694 ﬂeri
1059 1641 1287 1709 privata.
1348 1640 1774 1710 Hospitalitatem
1815 1652 2087 1698 sectantes.

514 1729 629 1784 Non
687 1731 862 1797 dixit,
934 1730 1235 1802 llospitales
1288 1742 1479 1795 estote,
1532 1734 1615 1788 vel
1668 1735 2088 1806 hospitalitatem

510 1821 844 1891 sequimini,
896 1822 993 1877 sed
1063 1823 1199 1877 dixit
1250 1823 1731 1894 :Hospitulitatem
1781 1826 2084 1882 sectamini.

2186 647 2434 714 quoniam
2453 647 2553 716 ipsi
2581 644 2998 701 consolabuntur
3024 645 3241 714 (Matth.
3267 647 3373 715 Ill).

2191 805 2193 807 ι
2257 735 2495 806 ldipsum
2518 739 2736 792 invicem
2759 739 3056 792 sentientes.
3087 736 3187 792 Hic
3205 753 3386 792 sermo
3411 738 3662 807 apertius
3687 739 3778 794 ha-

2185 826 2343 881 betur
2386 828 2438 881 in
2489 827 2696 882 Graeco.
2735 828 2828 881 Est
2860 836 3039 881 autem
3084 842 3314 883 sensus:
3345 827 3436 881 Sic
3487 829 3776 885 sentitede

2187 915 2293 970 alio
2321 917 2462 972 sicut
2488 917 2554 971 de
2596 918 2772 982 vobis,
2802 917 2854 970 id
2881 925 2990 979 est,
3017 917 3158 971 sicut
3186 917 3342 971 vobis
3376 916 3526 972 bona
3554 918 3774 984 Optatis,

2188 1005 2265 1059 sic
2286 1014 2339 1060 et
2369 1006 2524 1070 aliis;
2565 1015 2622 1061 et
2657 1007 2797 1060 sicut
2839 1007 3083 1076 vosipsos
3117 1006 3358 1076 diligitis,
3407 1007 3490 1060 sic
3526 1006 3671 1060 alios
3697 1007 3774 1060 di-

2188 1093 2372 1164 ligite;
2406 1096 2508 1160 vel,
2544 1097 2618 1151 ita
2663 1098 2928 1152 aestimate
2955 1112 3049 1151 vos
3085 1097 3232 1165 diligi
3267 1113 3297 1151 a
3342 1095 3516 1152 fratre
3550 1097 3719 1150 veluti
3747 1115 3772 1150 ι

2187 1185 2606 1257 vobismctipsis.
2673 1187 2796 1244 Non
2828 1188 2936 1241 alta
2975 1189 3249 1256 sapientes,
3300 1189 3352 1242 id
3379 1196 3470 1243 est
3517 1190 3773 1259 superba,

2188 1277 2277 1330 sed
2300 1277 2582 1333 humilibus
2613 1280 3007 1342 consentientes,
3039 1289 3101 1334 ut
3144 1289 3199 1334 et
3241 1296 3340 1336 vos
3382 1280 3638 1334 humiles
3690 1297 3774 1336 cx-

2189 1365 2439 1425 hibeatis.
2477 1367 2671 1422 Discite
2713 1383 2870 1433 ante,
2911 1369 3086 1438 inquit
3128 1356 3410 1434 Domitius,
3458 1370 3596 1440 quia
3642 1371 3771 1425 initis

2187 1471 2304 1509 sum
2334 1467 2382 1510 et
2411 1458 2622 1514 humilis
2661 1460 2813 1514 corde
2852 1459 3065 1530 (Matth.
3099 1461 3200 1528 xi).
3235 1461 3553 1522 llumilibus
3603 1473 3774 1518 autem

2189 1549 2723 1618 consentit,quicum
2746 1549 3040 1616 humilibus
3060 1565 3116 1610 se
3139 1551 3408 1614 humiliat,
3436 1569 3552 1605 non
3587 1552 3772 1622 przeie-

2191 1653 2314 1692 rens
2339 1653 2397 1693 se
2426 1639 2550 1697 illis.
2577 1638 2672 1694 sed
2696 1639 2977 1696 socianset
2995 1649 3318 1710 exspectans
3337 1642 3488 1710 quod
3515 1643 3773 1698 Dominus

2186 1729 2433 1796 promisit
2453 1746 2464 1781 :
2485 1727 2665 1782 Omnis
2675 1728 2766 1798 qui
2785 1745 2838 1782 se
2850 1729 3111 1794 humiliat,
3126 1731 3448 1784 exaltabitur
3464 1731 3636 1799 (Luc.
3654 1736 3770 1803 xxv).

2189 1818 2508 1890 Quicunque
2533 1821 2676 1874 enim
2719 1819 3078 1874 humilitatem
3108 1836 3291 1875 veram
3320 1822 3567 1886 habent,
3603 1825 3773 1892 utique

511 1911 638 1966 Plus
665 1912 809 1966 enim
852 1911 1019 1977 dixit;
1071 1913 1316 1982 sequitur
1351 1929 1585 1984 namque
1637 1915 2075 1984 hospitalitatem,
2112 1894 2432 1965 B'eamdem
2497 1910 2856 1973 humilitatem
2903 1911 2957 1964 ill
3006 1910 3129 1965 aliis
3181 1923 3550 1966 Venerantur.
3611 1912 3771 1993 Νσὶὶιε

511 2001 601 2070 qui
657 2009 908 2072 rogantes
959 2002 1185 2072 suscipit
1233 2019 1246 2056 :
1303 2011 1542 2057 sectatur
1591 2019 1721 2059 vero
1785 2006 2075 2076 quietiam

511 2106 616 2145 non
674 2102 926 2162 rogantes
976 2093 1119 2160 cogit
1161 2101 1218 2147 et
1244 2094 1458 2162 quaerit,
1505 2110 1572 2147 ne
1616 2092 1752 2148 forte
1775 2095 1828 2149 in
1851 2096 1987 2151 vicis
2024 2105 2080 2152 et

512 2181 703 2252 plateis
727 2193 881 2238 extra
916 2191 1113 2239 tectum
1143 2194 1474 2240 remaneant.
1507 2185 1696 2257 Magna
1725 2188 1923 2242 etenim
1967 2188 2078 2242 vir-

515 2280 600 2325 tus
627 2280 712 2326 est
742 2271 1096 2342 hospitalitas,
1123 2290 1220 2344 per
1247 2291 1407 2342 quam
1436 2275 1586 2330 multi
1608 2275 1925 2347 placuerunt
1947 2277 2075 2332 Deo.

510 2359 730 2431 Angelis
749 2362 981 2433 hospitio
1007 2365 1294 2434 susceptis,
1313 2366 1740 2422 sicutAbraham
1763 2375 1818 2422 et
1839 2368 1998 2433 Loth,
2028 2377 2083 2422 et

510 2449 601 2502 alii
633 2451 808 2506 multi.

582 2580 878 2639 Benedicite
915 2597 1337 2658 persequentwus
1389 2591 1580 2660 eos,.id
1624 2599 1727 2658 est,
1778 2592 2080 2649 hencdicite

509 2671 654 2736 illos,
685 2683 739 2727 et
769 2673 901 2729 bene
942 2675 1222 2747 loquimini
1251 2695 1370 2733 cum
1408 2680 1512 2734 illis
1537 2683 1628 2752 qui
1660 2683 1814 2738 vobis
1842 2683 1948 2738 vim
2005 2685 2082 2739 in-

509 2758 716 2826 ferunt;
751 2761 1051 2830 ben’edicite,
1075 2776 1123 2820 et
1146 2766 1304 2822 nolite
1330 2769 1660 2834 maledicere,
1689 2772 1742 2826 id
1767 2785 1851 2828 εει
1878 2773 2076 2827 malum

509 2853 706 2908 dicere.
738 2853 897 2910 Verbi
929 2858 1100 2922 gratia
1127 2876 1140 2912 :
1171 2860 1468 2917 Detrahere
1516 2864 1677 2920 alicui
1708 2873 1801 2918 aut
1828 2865 2077 2935 blasphe-

509 2958 678 3008 mare,
709 2944 789 2999 vel
807 2948 1186 3002 contumeliam
1213 2949 1408 3016 facere,
1441 2953 1762 3009 maledicere
1782 2962 1885 3009 est.
1911 2955 2072 3022 Quasi

509 3034 655 3090 dicat
688 3054 701 3089 :
734 3037 885 3093 Licet
919 3040 1020 3110 ipsi
1051 3040 1188 3095 male
1223 3041 1512 3112 loquantur
1544 3046 1609 3100 de
1635 3047 1805 3111 vobis,
1837 3047 2078 3101 dicentes

508 3141 602 3182 vos
657 3143 841 3200 magos
883 3146 1000 3186 esse
1041 3139 1095 3186 et
1143 3132 1431 3202 discipulos
1478 3137 1774 3191 seductoris
1819 3137 2073 3202 hominis,

509 3217 674 3272 nolite
721 3218 840 3274 ideo
865 3219 968 3275 illis
1018 3221 1358 3288 maledicere,
1398 3225 1491 3278 sed
1536 3227 1805 3294 patienter
1834 3226 1970 3281 ferte
2015 3228 2079 3281 il-
2107 3238 2150 3298 ρ

507 3309 679 3364 lorum
709 3313 995 3380 opprobria
1048 3313 1200 3380 Quod
1253 3316 1526 3384 apostolus
1566 3318 1618 3370 in
1662 3320 1951 3389 semetipso
1982 3319 2079 3373 im-

507 3397 705 3467 plebat,
755 3401 858 3455 hoc
897 3401 1083 3471 utique
1133 3403 1244 3456 suis
1289 3405 1622 3460 auditoribus
1673 3407 1896 3474 implere
1937 3424 2080 3478 pra:-

507 3494 760 3563 cipiebat.
785 3495 924 3550 Dicit
963 3497 1106 3552 enim
1151 3496 1276 3551 alibi
1308 3514 1325 3554 :
1357 3497 1747 3566 Maledicimur,
1786 3511 1832 3555 et
1873 3501 2082 3556 benedi-

507 3583 672 3637 cimus
699 3583 747 3654 (I
774 3583 897 3638 Cor.
926 3586 1022 3656 tv).

577 3733 816 3791 Gaudere
848 3755 964 3791 cum
993 3738 1337 3808 gaudentibus
1369 3740 1656 3795 studetote.
1684 3739 1801 3798 Non
1838 3742 2082 3812 praecipit

506 3827 740 3896 gaudere
755 3842 873 3881 cum
899 3829 984 3882 his
997 3829 1085 3897 qui
1112 3829 1343 3900 gaudent
1359 3830 1424 3884 de
1447 3830 1772 3885 transitoriis
1786 3841 1837 3885 et
1861 3832 2081 3887 caducis

507 3916 690 3983 rebus,
719 3918 812 3972 sed
843 3933 963 3973 cum
994 3919 1076 3974 his
1099 3921 1188 3988 qui
1212 3920 1447 3989 gaudent
1474 3923 1614 3989 quod
1645 3922 1861 3976 nomina
1891 3938 2080 3977 eorum

505 4008 704 4078 scripta
735 4017 859 4065 sunt
877 4009 928 4064 in
959 4010 1128 4065 ctelis.
1148 4009 1330 4080 Neque
1343 4011 1484 4066 enim
1507 4011 1933 4081 quibuscumque
1954 4028 2084 4084 gau-

503 4099 605 4155 diis
643 4100 1072 4157 Christianorum
1113 4103 1306 4173 gaudia
1344 4104 1599 4159 socianda
1629 4114 1784 4170 sunt;
1831 4121 1930 4160 nec
1961 4107 2081 4174 qui-

505 4191 813 4261 buscnnque
851 4191 1062 4247 ﬂetibus
1095 4193 1345 4264 lacrymae
1387 4204 1584 4249 nostrae
1615 4194 1902 4264 jungendm
1931 4204 2076 4250 sunt.

503 4275 665 4334 Verbi
713 4281 885 4349 gratia
933 4299 946 4332 :
1002 4283 1046 4335 si
1094 4282 1335 4336 videmus
1374 4286 1606 4353 gaudere
1662 4287 1869 4355 aliquos
1919 4302 2079 4357 super

504 4380 764 4438 quaestum
783 4372 1043 4440 pecuniae,
1061 4383 1151 4425 aut
1168 4375 1564 4442 possessionum
1587 4377 1947 4444 latitudinem,
1971 4396 2074 4435 non

504 4459 759 4516 debemus
807 4464 1166 4533 congratulari
1225 4465 1364 4532 illis,
1421 4468 1546 4537 quia
1595 4469 1817 4525 istorum
1876 4469 2069 4540 gaudia

505 4551 678 4608 luctus
732 4564 1032 4624 sequuntur
1067 4565 1121 4611 et
1170 4556 1439 4628 lacrymae.
1477 4558 1624 4614 Unde
1677 4561 1936 4620 Dominus
1963 4577 2066 4616 non

506 4642 652 4698 solus
684 4646 748 4698 de
801 4646 1012 4710 talibus,
1059 4649 1152 4702 sed
1183 4649 1346 4703 etiam
1393 4650 1460 4703 de
1488 4650 1591 4704 hoc
1619 4652 1899 4705 admonuit
1930 4651 2072 4721 Apo-

504 4733 673 4787 stolus
718 4750 823 4788 non
854 4749 974 4790 esse
1000 4738 1350 4808 gaudendum.
1368 4739 1510 4809 quod
1543 4740 1808 4795 (immania
1844 4743 1926 4795 eis
1951 4741 2076 4796 sub-

498 4828 638 4898 jecta
670 4835 861 4893 erant,
897 4830 989 4883 sed
1021 4831 1198 4899 potius
1227 4833 1290 4886 de
1320 4833 1423 4886 hoc
1451 4832 1594 4902 quod
1639 4833 1857 4888 nomina
1887 4849 2074 4889 eorum

501 4918 699 4987 scripta
728 4927 910 4973 essent
951 4919 1002 4973 in
1052 4922 1210 4985 coelo,
1257 4931 1311 4976 et
1361 4932 1444 4978 est
1473 4939 1665 4978 sensus
1698 4942 1711 4978 :
1745 4924 1801 4980 Si
1831 4925 2076 4980 videritis

499 5010 771 5066 hominem
828 5013 983 5084 digna
1040 5028 1203 5083 opera
1259 5023 1544 5084 agentem,
1600 5031 1721 5085 quae
1769 5031 2077 5071 mereamur

500 5104 662 5159 seribi
687 5105 738 5158 in
769 5106 942 5170 caelis,
979 5105 1045 5161 de
1081 5107 1223 5160 illius
1259 5107 1428 5163 salute
1465 5109 1874 5178 congaudetote.
1917 5107 2070 5164 Flere

499 5210 619 5247 cum
648 5196 890 5264 ﬂentibus
937 5206 1161 5252 curate:
1197 5215 1302 5252 non
1350 5212 1472 5252 cum
1498 5198 1581 5253 his
1632 5199 1724 5269 qui
1776 5199 1961 5269 lugent
2010 5207 2068 5253 et

500 5284 698 5340 deﬂent
751 5289 1098 5343 amissionem
1152 5305 1334 5344 rerum
1390 5289 1786 5357 temporalium,
1839 5290 1932 5344 sed
1973 5303 2069 5358 po-

501 5377 608 5431 tius
634 5394 754 5432 cum
781 5377 867 5434 bis
914 5379 1004 5450 qui
1036 5395 1130 5434 sua
1175 5389 1269 5434 aut
1309 5381 1680 5451 proximorum
1723 5378 1918 5434 deﬂent
1943 5394 2066 5448 pec—

497 5477 641 5532 cata,
672 5469 810 5523 sicut
831 5467 1048 5524 Samuel
1067 5468 1296 5525 deﬂebat
1323 5467 1478 5532 Saul,
1501 5484 1565 5524 eo
1591 5467 1730 5539 quod
1755 5469 2067 5525 recessisset

499 5557 755 5616 Dominus
775 5561 842 5616 ab
867 5577 931 5616 eo
955 5578 970 5628 ;
1000 5571 1055 5617 et
1082 5561 1280 5615 Paulus
1301 5561 1499 5616 multos
1523 5561 1948 5624 Corinthiorum,
1973 5561 2068 5630 qui

497 5659 618 5723 post
666 5649 1077 5708 fornicationem
1110 5667 1214 5706 non
1247 5659 1471 5722 egerant
1517 5651 1906 5721 paenitentiam.
1941 5648 2066 5705 Sive

495 5742 658 5798 etiam
688 5761 810 5799 cum
838 5746 923 5802 his
952 5746 1133 5815 lugere
1172 5746 1431 5816 praecipit,
1461 5745 1552 5814 qui
1577 5745 1760 5816 lugent
1793 5741 1936 5813 quod
1959 5742 2062 5797 dif-

497 5833 664 5889 fertur
685 5852 714 5889 a
749 5851 914 5907 regno
935 5837 1211 5900 caelorum,
1254 5837 1428 5892 sccnri
1453 5834 1563 5904 iam
1611 5837 1676 5891 dc
1721 5833 1963 5904 praemio,
1996 5833 2062 5888 dc

2181 2023 2291 2061 esse
2327 2006 2606 2075 prudentes
2641 2006 2781 2076 apud
2825 2007 3183 2076 vosmetipsos.
3229 2007 3382 2076 Apud
3414 2023 3480 2063 se
3537 2008 3771 2076 prudens

2179 2107 2282 2161 est,
2311 2107 2368 2152 et
2399 2113 2504 2152 non
2559 2098 2697 2168 apud
2725 2098 2912 2161 Deum,
2942 2097 3032 2166 qui
3062 2098 3376 2166 sapientiam
3403 2113 3592 2166 quam
3628 2100 3772 2154 balet

2180 2203 2284 2242 non
2318 2187 2538 2241 Auctori
2569 2189 2744 2242 omnis
2773 2186 3316 2257 sapientitedeputat,
3367 2189 3468 2242 sed
3500 2188 3622 2242 sibi
3653 2190 3770 2242 suis-

2179 2292 2282 2348 que
2311 2279 2519 2332 meritis
2539 2286 2594 2332 et
2630 2278 2887 2346 ingeniis,
2931 2278 3044 2333 sive
3067 2278 3258 2332 studiis
3293 2277 3430 2332 suis.
3476 2278 3610 2345 Quo
3659 2280 3770 2334 vitio

2180 2368 2650 2438 deprehenduntur
2702 2367 2980 2424 laborasse
3030 2368 3330 2438 philosophi
3386 2371 3681 2437 gentium,
3717 2373 3770 2426 de

2181 2461 2374 2528 quibus
2419 2459 2550 2514 dicit
2603 2460 2743 2514 idem
2774 2459 3066 2526 Apostolus
3091 2459 3158 2514 in,
3198 2460 3422 2520 exordio
3454 2460 3630 2526 hujus
3662 2461 3769 2529 Epi-

2181 2553 2365 2607 stolas:
2393 2552 2496 2618 Qui
2521 2569 2638 2606 cum
2659 2552 3013 2619 cognovissent
3055 2551 3219 2605 Deum
3233 2592 3255 2614 ,.
3275 2569 3376 2605 non
3410 2553 3561 2608 sicut
3613 2554 3790 2608 Dant.

2179 2641 2622 2712 gloriﬁcaverunt,
2651 2642 2740 2694 sed
2767 2652 3090 2695 evanuerunt
3123 2642 3177 2694 in
3211 2643 3639 2711 cogitationibus
3673 2647 3766 2698 suis

2183 2732 2352 2804 (Rom.
2377 2732 2441 2804 ι),
2471 2732 2521 2786 id
2551 2741 2654 2796 est,
2683 2731 2805 2786 vani
2839 2731 2964 2791 facti
3003 2740 3148 2795 sunt,
3185 2747 3288 2785 non
3315 2732 3636 2788 referentes
3673 2734 3767 2790 Deo

2181 2826 2384 2897 gratias
2417 2827 2483 2880 de
2508 2825 2704 2880 collato
2730 2824 2830 2878 sibi
2851 2825 2988 2879 dono
3014 2823 3131 2878 sine
3159 2824 3271 2878 suis
3289 2825 3525 2879 meritis.
3556 2826 3764 2880 Aliter:

2178 2914 2334 2986 Apud
2377 2931 2436 2970 se
2482 2916 2698 2984 sapiens
2730 2913 2810 2968 vel
2841 2914 3076 2984 prudens
3104 2921 3210 2977 est,
3241 2915 3330 2983 qui
3374 2931 3507 2969 cum
3540 2917 3620 2970 sit
3651 2916 3768 2970 stul-

2183 3015 2300 3072 tus,
2341 3006 2638 3076 sapientem
2678 3019 2738 3060 se
2794 3013 2949 3076 putat
3003 3019 3142 3068 esse,
3183 3013 3239 3058 et
3267 3003 3539 3076 gloriatur
3594 3008 3653 3060 in
3695 3023 3764 3070 se.

2180 3097 2305 3165 quia
2328 3105 2512 3166 sperat
2526 3097 2664 3151 scire
2684 3096 2826 3165 quod
2856 3095 3048 3150 nescit.
3080 3093 3174 3148 Vel
3194 3096 3357 3148 etiam
3383 3097 3560 3150 tertio
3581 3098 3764 3152 modo:

2183 3186 2424 3242 Prudens
2453 3187 2592 3257 apud
2623 3201 2681 3240 se
2727 3200 2844 3240 esse
2873 3184 3094 3249 dicitur,
3139 3184 3230 3254 qui
3258 3185 3566 3240 vindictam
3617 3202 3767 3255 expe-

2185 3281 2345 3334 tendo
2371 3295 2498 3334 suas
2541 3278 2772 3348 injurias
2804 3277 3104 3342 ulciscitur,
3146 3276 3286 3345 quod
3317 3291 3565 3345 sequens
3589 3293 3778 3334 versus.

2185 3370 2388 3424 indicat
2411 3389 2424 3424 :
3041 3412 3044 3415 .

2256 3459 2406 3515 Nulli
2432 3461 2628 3516 malum
2660 3478 2752 3523 pro
2779 3458 2918 3513 malo
2942 3458 3231 3512 recidentes.
3267 3457 3418 3512 Multi
3447 3467 3652 3527 putant
3675 3477 3774 3522 non,

2183 3569 2300 3609 esse
2326 3561 2604 3623 peccatum
2637 3553 2681 3606 si
2715 3551 2838 3620 quis
2876 3559 3106 3618 accepta.
3147 3549 3341 3618 injuria
3371 3563 3433 3604 se
3466 3549 3769 3616 ulciscitur,

2122 3661 2135 3672 ’
2183 3655 2240 3700 et
2265 3645 2557 3700 vindictam
2592 3645 2786 3698 iterum
2819 3642 3003 3697 sumit.
3057 3639 3208 3708 Quod
3255 3641 3297 3695 si
3342 3642 3417 3698 ita
3475 3654 3656 3705 esset,
3688 3659 3780 3699 ne.

2184 3751 2452 3806 quaquam
2475 3733 2765 3804 Apostolus
2798 3733 2926 3787 talia
2970 3730 3328 3801 praeciperet;
3384 3747 3454 3787 ac
3483 3745 3770 3802 propterea

2182 3826 2367 3881 dicunt
2389 3826 2574 3896 aliqui,
2605 3826 2770 3879 etiam
2794 3823 3112 3894 plerumque
3136 3822 3309 3892 majus
3339 3838 3466 3877 esse
3491 3824 3766 3885 delictum,

2185 3917 2229 3971 si
2253 3916 2451 3971 malum
2497 3915 2618 3983 quis
2646 3929 2745 3984 pro
2768 3913 2908 3967 malo
2935 3912 3232 3966 reddiderit
3261 3914 3566 3982 :quoniam
3600 3923 3770 3982 potest

2183 4005 2298 4060 fieri
2325 4016 2382 4058 ut
2403 4004 2494 4072 qui
2517 4003 2667 4073 prius
2697 4002 2896 4056 malum
2925 4001 3126 4066 intulit,
3154 4001 3298 4070 quod
3341 4012 3646 4071 peccatum
3689 4012 3772 4055 aut

2183 4095 2380 4150 malum
2417 4102 2560 4148 esset
2607 4092 2972 4163 ignoraverit;
3009 4091 3101 4145 ille
3145 4106 3276 4146 vero
3325 4092 3417 4161 qui
3469 4093 3769 4147 vindictam

2182 4186 2404 4255 expetit,
2435 4193 2491 4239 et
2514 4184 2686 4237 vicem
2717 4183 2911 4247 reddit,
2945 4182 3087 4252 quod
3130 4183 3330 4236 malum
3358 4183 3553 4247 fuerit,
3591 4186 3770 4238 statim

2180 4277 2434 4333 ostendit.
2454 4274 2608 4330 Unde
2635 4282 2812 4343 potest
2831 4274 2902 4327 ita
2929 4272 3174 4339 intelligi,
3202 4273 3346 4341 quod
3377 4272 3592 4330 malum
3613 4273 3771 4328 infer-

2181 4384 2240 4422 re
2273 4367 2427 4421 alteri
2459 4367 2614 4434 culpa
2664 4375 2748 4420 est
2779 4383 2791 4419 :
2825 4365 3049 4418 reddere
3073 4379 3201 4417 vero
3229 4363 3431 4417 malum
3470 4382 3575 4434 pro
3615 4366 3769 4427 male,

2178 4468 2458 4528 peccatum
2488 4465 2589 4510 est.
2621 4456 2687 4510 Et
2725 4456 2848 4509 dum
2879 4455 3012 4509 dicit
3060 4454 3346 4524 Apostolus
3379 4455 3520 4509 nulli
3567 4457 3770 4509 malum

2179 4569 2299 4608 esse
2330 4553 2683 4617 reddendum,
2711 4550 2920 4606 ﬁdelem
2963 4549 3054 4620 qui
3086 4548 3297 4602 videtur
3317 4563 3442 4603 esse
3496 4558 3551 4603 et
3586 4550 3774 4603 inﬁde-

2177 4644 2281 4699 lem
2339 4643 2544 4713 tangit;
2589 4641 2729 4695 lideli
2758 4641 2893 4704 ideo,
2926 4640 3051 4710 quia
3082 4639 3247 4692 frater
3273 4647 3396 4703 est;
3433 4647 3496 4693 et
3543 4639 3770 4700 inﬁdeli,

2177 4742 2237 4788 ut
2257 4732 2456 4794 lucrari
2487 4731 2677 4801 possit.
2719 4727 3057 4784 Providentes
3093 4730 3225 4782 bona
3253 4728 3562 4792 nonsolttm
3597 4746 3774 4782 cares

2177 4824 2307 4890 Deo,
2331 4824 2420 4878 sed
2442 4825 2608 4878 etiam
2621 4840 2800 4877 coram
2821 4822 3059 4875 omnibus
3084 4821 3404 4874 hominibus.
3430 4820 3644 4874 Coram
3671 4820 3776 4874 Deo

2175 4914 2314 4968 bona
2346 4912 2445 4967 sibi
2474 4912 2742 4982 providet,
2790 4911 2879 4980 qui
2913 4910 3102 4964 intimo
3135 4909 3314 4976 cordis
3339 4908 3390 4962 ei
3429 4909 3532 4977 qui
3559 4919 3776 4963 secreta

2175 5005 2414 5061 intuetur
2432 5004 2644 5075 placere
2669 5004 2875 5066 studet,
2899 5010 2954 5055 et
2975 5001 3121 5055 illum
3144 5015 3249 5062 non
3274 5000 3647 5070 cogitatione,
3673 5015 3776 5053 non

2175 5099 2364 5164 verbo,
2388 5112 2492 5152 non
2520 5111 2685 5166 opere
2705 5095 2816 5150 vult
2849 5093 3142 5156 oﬂ‘endere,
3183 5108 3281 5147 nec
3318 5091 3553 5148 offendit
3597 5108 3778 5162 quan-

2176 5197 2288 5244 tum
2337 5189 2500 5246 valet.
2551 5187 2804 5242 Providet
2853 5194 2910 5240 et
2937 5199 3121 5250 coram
3152 5182 3404 5248 omnibus
3449 5183 3781 5239 hominibus

2173 5278 2337 5345 bona,
2366 5279 2457 5348 qui
2486 5281 2650 5334 verbo
2677 5286 2738 5332 et
2763 5277 3024 5341 moribus,
3047 5276 3303 5344 omnique
3347 5275 3780 5329 conversatione

2174 5371 2226 5425 in
2256 5370 2402 5426 omni
2426 5371 2536 5424 vita
2561 5385 2657 5424 sua
2688 5383 2787 5439 pro
2816 5367 3024 5422 viribus
3067 5366 3204 5430 suis,
3225 5365 3566 5434 ginquantum
3602 5365 3780 5424 valet,

2173 5460 2703 5531 irreprehensibilem
2737 5474 2795 5514 se
2821 5457 3047 5527 praebet.-

2221 5552 2281 5608 Si
2295 5552 2410 5621 ﬁeri
2431 5561 2594 5622 potest
2615 5551 2750 5622 quod
2765 5550 2819 5604 in
2829 5549 2972 5604 vobis
2985 5557 3082 5612 est.
3101 5547 3152 5604 id
3166 5547 3409 5616 estquod
3424 5554 3629 5603 vestra:
3655 5561 3783 5600 oon-

2167 5647 2312 5716 gruit
2325 5645 2592 5718 religioni,
2605 5661 2724 5698 cum
2738 5641 2974 5697 omnibus
2985 5639 3280 5695 hominibus
3294 5654 3475 5708 pacein
3491 5636 3777 5690 habentes.

2170 5735 2301 5792 Rem
2317 5736 2586 5791 dillicilem
2611 5735 2875 5799 dicturus,
2892 5731 3174 5802 praemisit,
3195 5728 3383 5784 dicens
3409 5744 3422 5782 :
3448 5725 3509 5783 Si
3524 5726 3654 5781 ﬁeri
3681 5739 3781 5795 po-

2171 5836 2292 5893 test,
2324 5829 2447 5896 quia
2477 5828 2565 5884 vix
2597 5835 2686 5882 aut
2719 5824 3023 5880 nullatenus
3047 5821 3163 5878 ﬁeri
3195 5828 3390 5892 potest,
3418 5828 3480 5872 ut
3507 5833 3620 5889 pax
3649 5831 3778 5870 cum
