3936 6444
131 451 234 507 677

755 431 758 434 ’
838 452 1202 512 exposmo
1237 455 1302 511 IN
1340 457 1487 512 EPP.
1533 457 1590 513 s.
1631 457 1856 514 mum.
1897 487 1968 495 —
2003 454 2067 508 IN
2108 455 2324 512 EPIS'I‘.
2362 460 2454 514 AD
2494 461 2659 517 non.

3285 462 3388 517 478

131 565 383 627 omnibus
422 560 732 624 hominibus
761 575 1025 643 servetur.
1071 566 1203 622 Nam
1231 569 1274 623 si
1302 584 1567 639 paganum
1615 569 1699 623 in-
1729 572 1777 631 Α
1806 569 1949 622 hunc
1990 567 2204 621 virum?
2226 584 2323 622 cur
2348 571 2394 624 ei
2435 580 2582 625 tanta
2610 571 2747 626 mala
2777 572 2965 636 intuli,
2991 572 3082 642 qui
3129 572 3259 628 mihi
3307 583 3388 629 tot

133 653 474 728 crepaveris,
527 663 687 725 teque
731 659 1146 726 contempserit,
1194 674 1297 712 non
1358 658 1472 712 vult
1521 668 1697 714 tecum

133 749 332 806 habere
347 761 553 816 pacem.
573 743 836 799 Similiter:
847 745 1111 802 deludam
1125 748 1522 818 intelligendum
1540 759 1700 819 atque

133 839 406 894 baeretico.
450 835 702 890 Dicamus
747 843 802 889 et
847 835 1003 890 aliter
1033 855 1045 890 :
1077 837 1144 890 Et
1173 839 1399 906 quilibet
1448 839 1700 908 praelatus

133 931 380 998 increpat
397 923 1074 995 subjectosdelinquentes.
1105 927 1236 980 Dum
1261 927 1403 981 enim
1421 929 1500 982 eis
1515 929 1698 998 displi-

133 1029 222 1074 cet
245 1016 540 1087 increpatio
556 1015 789 1085 praelati,
823 1031 1009 1086 pacem
1048 1033 1170 1071 cum
1205 1017 1310 1071 illis
1342 1018 1542 1072 habere
1591 1035 1698 1074 non

131 1115 337 1179 potest;
369 1116 574 1162 etcum
620 1107 693 1160 ita
723 1107 812 1172 sit,
869 1109 1234 1183 unusquisque
1271 1109 1508 1167 animum
1545 1125 1700 1164 suum

132 1209 311 1256 servet
339 1208 588 1270 pacatum
611 1208 664 1256 et
689 1201 972 1270 quietum,
1011 1200 1215 1255 habens
1247 1199 1298 1254 in
1350 1216 1406 1254 se
1436 1217 1557 1254 cum
1599 1199 1702 1256 illis

131 1307 342 1364 pacem,
367 1291 636 1364 diligendo
658 1306 768 1352 eos,
795 1292 919 1361 quia
950 1291 1210 1345 Dominus
1237 1292 1477 1345 omnium
1509 1301 1702 1346 auctor

133 1396 237 1450 est,
263 1386 387 1441 licet
422 1385 568 1440 vitiis
613 1398 672 1438 se
711 1382 779 1440 ab
805 1383 896 1443 illo
928 1391 1199 1452 separent.
1231 1382 1342 1440 Hoc
1393 1381 1532 1447 loco,
1561 1391 1616 1436 et
1648 1383 1700 1436 in

133 1477 508 1547 sequentibus,
531 1475 782 1545 prohibet
825 1475 1199 1530 contentiones
1238 1483 1294 1528 et
1327 1471 1474 1538 lites,
1508 1471 1703 1542 quibus

132 1570 367 1625 maxime
389 1583 491 1638 pax
518 1567 769 1620 violatur.

207 1660 329 1715 Non
358 1659 689 1727 vosmetipsos
715 1656 1064 1733 defendentes,
1097 1657 1410 1712 charissimi.
1457 1656 1568 1712 Hoc
1602 1657 1702 1713 du-

131 1752 341 1823 pliciter
365 1760 450 1806 est
475 1750 909 1821 intelligendum:
952 1764 1059 1803 uno
1091 1749 1247 1804 modo
1288 1749 1352 1803 de
1381 1748 1704 1804 adversariis

131 1847 363 1910 nostris,
394 1845 661 1900 hatreticis
702 1844 979 1910 videlicet,
1029 1843 1175 1899 falsis
1210 1843 1497 1898 fratribus:
1523 1844 1613 1914 qui
1648 1845 1702 1899 in

131 1954 232 1992 nos
260 1938 570 2008 plerumque
596 1936 842 1999 saeviunt,
877 1937 942 1990 de
973 1935 1166 2005 quibus
1196 1951 1302 1990 non
1330 1935 1584 1989 debemus
1605 1951 1704 1991 nos

132 2026 439 2092 defendere,
467 2025 756 2080 vindictam
788 2024 1116 2095 expetendo;
1169 2025 1274 2078 alio
1303 2039 1430 2079 vero
1460 2025 1618 2080 modo
1645 2033 1704 2080 ut

133 2117 177 2171 si
221 2115 376 2171 fuerit
420 2117 541 2186 quis
568 2115 861 2170 inﬁdelium
908 2124 1096 2168 contra
1146 2130 1246 2168 nos
1289 2115 1558 2169 excitatus
1606 2131 1704 2186 pro

131 2207 347 2261 nomine
372 2205 593 2269 Christi,
621 2215 713 2259 aut
741 2219 902 2259 causa
928 2203 1153 2274 alicujus
1170 2203 1353 2275 jurgii,
1377 2204 1554 2259 verbis
1577 2220 1704 2260 con-

129 2296 652 2366 tradictoriis,prout
674 2296 810 2348 ratio
831 2295 996 2350 dictat
1022 2309 1325 2364 parcamus.
1349 2303 1406 2349 ut
1437 2296 1699 2350 mansueti

127 2396 180 2442 et
215 2385 443 2441 humiles
469 2394 523 2441 et
540 2399 923 2455 appareamus,
953 2384 1227 2438 imitantes
1262 2384 1577 2449 Dominum,
1610 2387 1700 2454 qui

125 2494 298 2549 pauca
332 2492 514 2532 coram
553 2476 728 2532 Pilato
757 2475 1048 2548 reSpondit.
1084 2473 1186 2531 Sed
1222 2476 1342 2529 date
1369 2474 1536 2528 locum
1562 2475 1654 2530 irw
1681 2493 1700 2530 :

124 2569 346 2624 Duobus
361 2565 533 2622 modis
557 2566 730 2620 locum
753 2566 939 2620 damus
959 2566 1082 2630 iraa;
1107 2564 1190 2618 vel
1210 2579 1330 2618 cum
1368 2563 1702 2620 refrenamus

123 2661 366 2715 animum
414 2674 481 2714 ne
509 2658 798 2713 vindictam
826 2667 1176 2728 expetamus;
1207 2656 1288 2711 vel
1319 2672 1442 2711 cum
1469 2657 1533 2710 de
1585 2657 1701 2712 loco

121 2753 185 2807 ad
217 2751 395 2806 lacum
441 2749 692 2821 fugimus.
727 2749 879 2812 Date,
913 2749 1104 2818 inquit,
1149 2749 1322 2803 locum
1352 2749 1477 2812 iraa,
1513 2749 1562 2803 id
1586 2759 1698 2816 est,

117 2854 214 2895 eos
247 2839 336 2909 qui
365 2847 551 2894 contra
573 2852 668 2891 vos
696 2837 818 2891 irati
841 2837 1086 2900 saeviunt,
1109 2836 1403 2906 permittite
1431 2837 1581 2891 vobis
1609 2852 1701 2892 no-

117 2947 271 2994 cere,
303 2930 426 2999 quia
455 2929 712 2998 patientia
739 2936 917 2981 vestra
943 2926 1402 2987 remunerabitur,
1436 2934 1489 2979 et
1514 2942 1700 2981 eorum

116 3022 333 3077 saavitia
362 3020 630 3091 punietur.
655 3017 775 3083 Vel,
803 3019 927 3072 date
963 3016 1138 3071 locum
1183 3016 1293 3076 irze.
1329 3015 1378 3069 id
1407 3023 1508 3079 est,
1539 3014 1703 3070 nolite

117 3128 215 3167 vos
263 3111 572 3172 vindicare,
604 3108 695 3162 sed
727 3106 894 3177 fugite
941 3106 1006 3160 de
1034 3105 1152 3160 loco
1197 3105 1263 3159 ad
1311 3102 1702 3172 locum,juxta

115 3201 270 3272 quod
300 3198 557 3255 Dominus
585 3197 825 3269 przecipit
866 3196 1048 3251 dicens
1070 3212 1089 3250 :
1115 3194 1175 3250 Si
1194 3213 1280 3250 vos
1315 3194 1507 3264 fuerint
1532 3212 1702 3266 perse-

1799 657 1943 711 bona
1988 655 2248 711 contulit?
2291 657 2419 714 Sine
2451 675 2614 715 causa
2660 678 2788 732 ergo
2811 662 3037 718 infestus
3072 665 3118 718 ei
3150 664 3333 719 exstiti
3362 681 3380 722 ε

1801 747 2158 818 Quapropter,
2191 750 2311 816 quia
2342 757 2450 803 tam
2492 753 2720 823 benigne
2755 765 2807 808 ct
2836 757 3104 825 patienter
3141 772 3267 829 erga
3298 772 3387 815 me

1799 840 1932 910 agit,
1963 841 2211 909 incipiam
2242 840 2387 894 illum
2412 842 2632 912 diligere
2655 854 2710 897 ut
2731 846 3106 900 chaiissimum
3133 847 3382 915 fratrem,

1800 944 1958 998 quem
1988 930 2246 984 hactenus
2284 935 2648 1000 persequebar
2676 943 2734 987 ut
2763 935 2991 990 hostem.
3027 937 3080 992 Si
3121 950 3302 994 autem
3330 942 3382 996 ei

1800 1019 1977 1073 cibum
2013 1029 2069 1074 et
2097 1029 2277 1089 potum
2327 1021 2543 1086 tribuit,
2589 1024 2788 1078 idcirco
2821 1027 2921 1081 hoc
2965 1027 3183 1094 fecerit,
3228 1032 3385 1102 juxta

1801 1112 1941 1180 quod
1967 1113 2183 1181 quidam
2208 1112 2492 1166 voluerunt
2522 1114 2833 1184 intelligere,
2862 1125 2918 1170 ut
2941 1120 3201 1176 carbones
3225 1124 3382 1193 ignis,

1802 1203 1854 1258 id
1879 1213 1961 1258 est
1981 1219 2166 1272 poenas
2191 1205 2403 1268 inferni,
2423 1207 2468 1260 ci
2497 1220 2782 1276 pneparct,
2807 1210 2932 1263 dum
2961 1210 3079 1278 ejus
3107 1214 3385 1272 beneficiis

1801 1293 2096 1348 honoratus
2124 1308 2245 1348 cum
2273 1311 2374 1349 non
2404 1296 2684 1362 dilexerit;
2703 1296 2815 1364 jam
2847 1299 2948 1353 hoc
2975 1315 3078 1354 non
3107 1311 3187 1356 est
3209 1303 3388 1358 chari-

1802 1393 1907 1449 tas,
1937 1386 2162 1456 ideoque
2187 1386 2377 1440 melius
2401 1397 2480 1441 est
2511 1389 2580 1441 ita
2607 1388 2850 1457 intelligi,
2880 1399 2938 1443 ut
2966 1406 3124 1459 supra
3153 1393 3386 1450 diximus

1803 1473 1854 1528 in
1886 1475 2058 1544 primo
2084 1476 2150 1530 de
2171 1476 2364 1530 ardore
2385 1477 2686 1532 cbaritatis.
2710 1478 2862 1546 Quod
2894 1495 3019 1535 vero
3041 1483 3190 1546 dicit,
3223 1500 3388 1554 super

1802 1573 1982 1635 caput,
2011 1576 2156 1622 recte
2185 1582 2281 1636 per
2305 1577 2465 1637 caput
2493 1584 2674 1635 mens,
2702 1571 2753 1624 id
2782 1580 2866 1626 est
2891 1572 3282 1628 rationabilitas
3321 1592 3385 1631 ac

1801 1656 2172 1726 principalitas
2219 1657 2412 1712 animae
2464 1660 2730 1730 accipitur
2773 1679 2786 1715 :
2832 1662 2956 1731 quia
3011 1665 3150 1720 sicut
3203 1669 3382 1723 omnia

1803 1748 2042 1804 membra
2074 1757 2331 1818 reguntur
2357 1765 2385 1802 a
2415 1751 2610 1820 capite,
2636 1752 2707 1806 ita
2747 1755 3099 1825 cogitationes
3121 1768 3173 1812 et
3197 1761 3385 1816 volun-

1804 1848 1941 1894 tates
1969 1851 2146 1893 mente
2173 1838 2546 1908 disponuntur.

1733 1916 1778 1974 Β
1879 1929 2006 1984 Νοιὶ
2047 1930 2178 1984 vinci
2206 1947 2236 1983 a
2265 1930 2422 1984 malo.
2472 1930 2587 1985 Noli
2607 1973 2621 1996 ,
2651 1934 2861 2003 inquit,
2894 1937 3034 1992 vinci
3063 1916 3298 2008 a.malo,
3331 1943 3384 1998 id

1803 2017 1886 2074 est
1915 2019 1981 2074 ab
2007 2018 2186 2088 aliquo
2214 2019 2362 2084 vitio,
2403 2036 2507 2074 non
2545 2022 2612 2076 ab
2641 2022 2740 2088 ira,
2779 2040 2882 2078 non
2911 2028 2978 2079 ab
3007 2029 3148 2092 odio,
3181 2046 3283 2085 non
3317 2032 3385 2088 ab

1803 2110 2083 2178 iniustitia.
2118 2111 2276 2178 Sive,
2319 2113 2422 2168 noli
2464 2115 2604 2168 vinci
2635 2131 2663 2168 a
2695 2097 2865 2180 malo,
2897 2118 2948 2171 id
2979 2129 3060 2173 est
3082 2121 3320 2188 diabolo,
3353 2141 3382 2179 a

1801 2217 1908 2271 quo
1951 2201 2184 2256 vinceris
2213 2202 2336 2256 dum
2380 2213 2565 2257 contra
2599 2205 2874 2260 inimicum
2915 2216 3062 2262 tuum
3107 2211 3382 2269 iracundia

1802 2293 2130 2353 accenderis,
2161 2294 2283 2362 quia
2311 2294 2376 2347 ad
2419 2310 2568 2348 suam
2613 2296 2941 2352 voluntatem
2973 2308 3025 2353 te
3057 2303 3241 2358 trahit.
3273 2305 3384 2361 Ali-

1803 2390 1918 2437 ter:
1947 2381 2002 2436 Si
2031 2393 2148 2437 tuas
2172 2381 2395 2451 injurias
2416 2385 2600 2440 ulcisci
2629 2387 2880 2452 volueris,
2907 2405 2935 2442 a
2960 2391 3100 2445 malo
3125 2393 3380 2462 vinceris,

1801 2474 1926 2544 quia
1954 2475 2001 2528 ei
2023 2475 2114 2544 qui
2139 2475 2231 2528 tibi
2258 2474 2452 2528 malum
2479 2476 2834 2541 fecit,similis
2857 2478 3082 2537 elllceris
3106 2501 3117 2536 :
3146 2487 3385 2554 quando-

1801 2579 2011 2632 cunque
2055 2563 2198 2617 enim
2226 2562 2438 2617 diabolo
2472 2565 2554 2618 vel
2579 2566 2710 2620 vitio
2735 2568 2892 2623 alicui
2927 2571 3227 2638 obedimur,
3261 2575 3380 2628 vin-

1773 2685 1778 2688 -
1801 2655 1974 2710 cimur
1993 2654 2060 2708 ab
2083 2654 2189 2708 illo.
2213 2655 2346 2708 Dum
2371 2657 2567 2710 malum
2593 2673 2693 2732 pro
2719 2659 2859 2714 malo
2881 2661 3173 2728 reddimus,
3199 2666 3265 2720 ab
3293 2667 3382 2722 illo

1802 2747 2066 2800 vincimur
2091 2745 2180 2816 qui
2211 2745 2364 2799 nobis
2396 2745 2644 2815 iujuriam
2674 2749 2820 2816 fecit,
2868 2760 2921 2805 et
2944 2753 3028 2806 cui
3063 2755 3230 2808 vicem
3263 2758 3386 2812 red-

1802 2841 2000 2905 dimus,
2030 2841 2154 2910 quia
2186 2857 2284 2894 nos
2309 2843 2516 2896 similes
2542 2843 2640 2897 sibi
2672 2843 2816 2898 facit.
2849 2845 2903 2900 Si
2936 2857 3111 2901 autem
3147 2865 3384 2905 commo-

1805 2940 1916 2985 tum
1951 2930 2187 2984 animum
2231 2931 2564 2987 rcfrenamus
2595 2942 2652 2987 ut
2679 2935 2966 2990 vindictam
3001 2940 3248 3006 proximo
3277 2957 3383 2996 non

1803 3018 2116 3084 inferamus,
2147 3029 2271 3073 tunc
2301 3024 2528 3075 victores
2554 3023 2881 3090 exsistimus,
2910 3034 2964 3080 et
2991 3029 3056 3082 de
3083 3040 3302 3097 peccato
3319 3031 3386 3085 ad

1804 3111 2032 3167 salutem
2070 3113 2396 3182 acquirendo
2425 3112 2643 3166 fratrem
2676 3116 3082 3184 triumphamus.
3121 3118 3222 3173 Sed
3247 3123 3387 3175 vince

1803 3205 1858 3258 in
1886 3204 2016 3256 bono
2043 3202 2260 3256 malum.
2296 3202 2460 3257 Vince
2487 3203 2536 3256 iu
2568 3203 2705 3256 bono
2737 3205 2954 3268 malum,
2989 3207 3040 3260 id
3084 3209 3243 3262 estin
3277 3209 3388 3263 Deo

115 3293 236 3347 cuti
266 3292 318 3345 in
366 3292 574 3345 civitate
614 3306 738 3353 una,
786 3288 945 3360 fugite
988 3289 1042 3342 in
1088 3287 1248 3341 aliam
1299 3286 1511 3355 (Mallh-
1561 3286 1696 3358 XIX)-
1729 3265 1774 3326 Ο
1807 3294 2099 3350 diabolum.
2138 3292 2298 3349 Vince
2324 3294 2374 3347 in
2407 3294 2545 3349 bono
2575 3294 2793 3358 malum,
2823 3295 2873 3348 iu
2907 3297 3160 3367 patientia
3191 3315 3385 3368 supera

115 3387 282 3456 Quod
308 3395 486 3441 autem
515 3386 682 3440 dicit:
709 3383 842 3438 Date
868 3383 1042 3438 locum
1067 3383 1180 3446 iraa,
1209 3382 1322 3436 haec
1348 3382 1424 3434 ira
1450 3381 1532 3436 vel
1562 3381 1704 3436 illius

116 3478 444 3550 intelligitur
483 3478 572 3548 qui
619 3477 789 3540 secvit,
839 3475 922 3529 vel
971 3473 1131 3528 futuri
1167 3472 1363 3540 judicis
1403 3472 1492 3542 qui
1525 3473 1576 3526 in
1617 3487 1702 3526 se-

117 3570 420 3643 quentibus
443 3569 677 3638 loquitur
706 3582 800 3637 per
822 3567 1124 3636 exemplum
1147 3565 1538 3635 propheticum.
1562 3562 1704 3618 Scri-

116 3675 274 3734 ptum
298 3672 372 3717 est
399 3663 534 3714 enim
567 3678 580 3714 :
611 3657 742 3713 Mihi
769 3659 1066 3717 vindictam,
1109 3655 1365 3710 subaudis
1407 3663 1700 3719 reservate,

117 3762 166 3806 et
195 3767 292 3822 ego
337 3750 639 3811 retribuam,
667 3748 821 3801 .vol.is
847 3747 936 3820 qui
965 3747 1229 3816 patienter
1262 3745 1459 3799 tulistis
1483 3744 1703 3814 praemia

117 3851 177 3898 et
207 3855 496 3904 coronam;
528 3846 582 3894 et
611 3837 712 3892 illis
740 3838 829 3905 qui
858 3837 1054 3890 nmium
1080 3835 1393 3900 intulerunt,
1413 3835 1701 3888 vindictam

117 3945 410 4006 pmnarum
437 3931 709 3999 gehennae.
738 3929 871 3995 Quia
892 3929 1033 3981 enim
1063 3929 1222 3982 homo
1251 3928 1303 3981 in
1327 3926 1562 3980 vindicta
1591 3942 1702 3980 mo-

117 4031 259 4083 dum
291 4024 529 4087 excedit,
563 4036 663 4075 uec
690 4029 866 4091 potest
897 4035 954 4075 se
979 4021 1254 4074 vindicare
1285 4034 1405 4073 cum
1438 4019 1701 4087 tranquil-

120 4119 284 4170 litate
321 4112 548 4176 mentis,
577 4111 778 4165 idcirco
802 4110 1138 4179 omnipotens
1164 4108 1303 4163 Deus
1331 4109 1572 4177 principit
1602 4107 1702 4161 sibi

117 4203 426 4257 vindictam
451 4200 735 4264 reservari,
763 4209 818 4253 ut
841 4199 952 4268 ipse
976 4199 1064 4266 qui
1098 4196 1444 4251 immutabilis
1469 4194 1706 4262 cstjudi-

119 4302 218 4350 cet
249 4294 386 4358 illos,
417 4301 473 4347 et
499 4292 588 4361 qui
621 4307 724 4345 non
750 4298 994 4345 movetur
1023 4289 1090 4342 ad
1128 4289 1286 4351 iram,
1309 4286 1461 4355 juxta
1492 4285 1632 4356 quod
1654 4287 1704 4340 ei

117 4386 362 4442 eximius
393 4394 575 4438 orator
609 4383 858 4438 Salomon
886 4381 1016 4436 dicit
1051 4383 1066 4434 :'
1102 4379 1176 4434 Tu
1210 4390 1380 4433 autem
1402 4419 1416 4444 ,
1445 4378 1669 4432 Domine
1689 4419 1702 4442 ,

120 4493 250 4532 cum
296 4475 669 4546 tranquillitate
710 4474 922 4544 judicas
961 4472 1139 4528 omnia
1179 4471 1330 4542 (Sap.
1378 4471 1498 4543 xu).
1537 4470 1706 4540 Hujus

121 4566 331 4624 etenim
366 4566 562 4636 judicis
591 4564 795 4633 justum
839 4574 916 4619 est
949 4564 1207 4634 judicium
1232 4604 1246 4627 ,
1295 4564 1548 4632 quoniam
1597 4577 1700 4616 non

120 4658 343 4715 excedit
369 4659 601 4720 modum,
637 4674 733 4712 nec
759 4659 1104 4726 perturbatur
1129 4657 1181 4710 in
1212 4671 1309 4711 suo
1333 4657 1556 4726 judicio.

203 4746 311 4803 Sed
351 4749 394 4802 si
419 4749 652 4802 esurierit
680 4748 920 4800 inimicus
950 4758 1090 4812 tuus,
1136 4748 1251 4801 ciba
1281 4747 1468 4800 illum:
1491 4750 1536 4802 si
1571 4749 1702 4812 sitit,

121 4849 310 4910 potum
336 4839 403 4891 da
450 4838 546 4891 illi.
576 4838 631 4892 Si
663 4839 763 4892 hoc
801 4838 1020 4901 feceris,
1055 4847 1182 4894 tunc
1209 4855 1306 4910 pro
1332 4840 1472 4894 malo
1517 4841 1706 4894 reddes

123 4931 296 4989 bona,
324 4937 377 4982 et
401 4929 630 4998 accipies
655 4944 844 4999 magna
891 4929 1128 4998 praemia.
1169 4929 1282 4983 Hoc
1322 4931 1456 4984 enim
1487 4931 1705 5000 faciens,

123 5020 380 5077 carbones
418 5022 552 5092 ignis
587 5036 828 5091 congeres
868 5038 1022 5090 super
1058 5031 1211 5092 caput
1253 5024 1387 5092 ejus.
1434 5023 1708 5078 Carbones

126 5111 274 5183 ignis
299 5111 526 5181 appellat
555 5111 605 5165 in
638 5113 736 5164 hoc
767 5112 883 5166 loco
924 5110 1186 5166 fervorem
1216 5113 1497 5166 cbaritatis
1538 5113 1628 5167 Dei
1654 5124 1710 5168 et

125 5201 386 5272 proximi,
419 5201 483 5256 de
509 5217 614 5272 quo
643 5199 853 5256 fervore
885 5200 1139 5255 Dominus
1178 5202 1342 5256 dicit:
1371 5201 1548 5270 Ignem
1597 5204 1707 5256 veni

127 5295 336 5348 mittere
357 5294 411 5346 in
435 5302 626 5347 terram
656 5292 805 5365 (Luc.
841 5292 961 5363 xu).
1005 5293 1064 5348 Si
1104 5294 1217 5348 haec
1247 5293 1472 5357 feceris,
1503 5294 1704 5362 inquit,

126 5397 257 5453 qua:
301 5384 546 5454 superius
596 5384 861 5449 diximus,
906 5385 1086 5440 cibum
1130 5385 1378 5440 videlicet
1424 5394 1477 5439 et
1518 5395 1702 5456 potum

129 5473 354 5528 inimico
383 5474 764 5539 ministrando,
790 5474 1050 5531 carbones
1070 5477 1235 5548 ignis,
1269 5477 1320 5531 id
1345 5485 1429 5531 est
1455 5479 1702 5531 ardorem

129 5565 436 5631 cbaritatis,
477 5580 644 5636 pones
685 5583 847 5636 super
899 5576 1061 5638 caput
1102 5568 1249 5636 ejus,
1307 5569 1359 5623 id
1412 5578 1495 5622 est
1547 5582 1710 5639 super

129 5665 372 5711 mentem
405 5656 556 5728 ejus;
602 5666 867 5726 quatenus
911 5659 1020 5714 tuis
1058 5659 1331 5714 beneﬁciis
1378 5659 1708 5724 delectatus,

131 5745 356 5816 incipiat
385 5747 605 5818 diligere
632 5756 706 5810 te,
737 5762 894 5816 quem
921 5758 1076 5804 antea
1105 5765 1324 5805 exosum
1351 5749 1600 5814 habebat,
1629 5750 1713 5804 in-

135 5850 346 5898 tentum
385 5850 444 5898 ut
467 5842 611 5899 dicat
638 5860 652 5896 :
682 5841 818 5910 Quid
847 5851 930 5898 est
955 5844 1094 5912 quod
1127 5843 1386 5900 hactenus
1413 5843 1495 5914 egi
1523 5852 1709 5898 contra

1805 3388 2080 3443 inimicum
2107 3393 2161 3441 et
2191 3387 2556 3440 adversarium
2593 3395 2761 3451 tuum,
2806 3389 3092 3461 praebendo
3123 3389 3170 3443 ei
3206 3391 3385 3446 cibum

1803 3486 1856 3531 et
1883 3486 2086 3546 potum,
2117 3476 2495 3530 vestimentum
2527 3484 2580 3529 et
2606 3477 3060 3544 calceamentum;
3091 3482 3216 3534 dum
3243 3483 3388 3536 enim

1805 3570 1911 3624 tuis
1957 3568 2232 3623 beneﬁciis
2261 3585 2521 3638 provocas
2566 3569 2710 3623 illum
2754 3571 2819 3625 ad
2853 3571 2955 3627 hoc
2988 3581 3043 3626 ut
3083 3581 3136 3629 te
3165 3574 3390 3644 incipiat

1804 3661 2024 3732 diligere
2049 3675 2114 3714 eo
2138 3661 2296 3714 modo
2317 3677 2424 3730 quo
2447 3662 2692 3730 superius
2715 3662 2966 3724 diximus,
2991 3665 3388 3732 quodammodo

1805 3769 2028 3822 superas
2058 3752 2224 3805 illum.
2255 3751 2350 3806 Vel
2382 3753 2534 3806 vince
2579 3753 2630 3806 in
2675 3755 2812 3807 bono
2859 3755 3082 3820 malum,
3115 3756 3164 3810 id
3209 3763 3289 3810 est
3327 3757 3384 3810 in

1804 3843 2094 3897 virtutibus
2116 3843 2269 3896 vince
2292 3851 2343 3896 et
2369 3858 2558 3911 supera
2583 3844 2786 3897 vitia'et
2808 3854 3050 3912 peccata,
3075 3845 3388 3916 accipiendo

1805 3946 1872 3985 ex
1907 3931 1984 3985 eis
2015 3931 2244 4000 palmam
2286 3931 2543 3985 ViClOl‘iiB.

2393 4088 2616 4143 CAPUT
2654 4088 2790 4142 Xlll.

1880 4203 2061 4259 Omnis
2083 4202 2260 4255 anima
2288 4201 2622 4270 potestatibus
2649 4198 3037 4253 sublimioribus
3063 4198 3268 4252 subdita
3297 4200 3384 4252 sit.

1808 4297 1864 4350 In
1902 4295 2122 4350 exordio
2153 4302 2352 4347 sancta:
2394 4293 2643 4347 Ecclesiae
2673 4307 2736 4347 ex
2781 4291 3028 4346 onmibus
3063 4292 3386 4346 conditioni-

1808 4390 1908 4444 bus
1929 4388 2214 4441 veniebant
2248 4385 2313 4438 ad
2342 4384 2521 4447 ﬁdem,
2548 4394 2601 4438 et
2625 4399 2690 4438 ne
2715 4385 2876 4448 servi,
2905 4383 3131 4444 ancilla,
3155 4397 3246 4438 seu
3269 4384 3388 4452 qui-

1808 4478 1934 4532 libet
1963 4475 2185 4545 subjecti
2215 4476 2476 4539 dicerent,
2508 4475 2648 4542 quod
2677 4474 2774 4543 ipsi
2808 4474 2900 4542 qui
2928 4473 3202 4528 consecuti
3232 4482 3388 4528 erant

1808 4572 2106 4626 libertatem
2154 4568 2391 4622 omnium
2437 4575 2800 4636 peccatorum,
2833 4574 2888 4618 et
2930 4564 3022 4618 lilii
3064 4565 3155 4619 Dei
3185 4564 3382 4631 effecti,

1809 4660 2082 4730 indignum
2107 4665 2250 4712 esset
2273 4665 2330 4709 ut
2349 4657 2616 4709 servirent
2645 4656 2822 4710 saeculi
2848 4655 3228 4724 potestatibus,
3250 4655 3387 4710 dixit

1805 4751 2091 4823 Apostolus
2117 4769 2129 4804 :
2154 4750 2340 4805 Omnis
2366 4750 2567 4812 anima,
2620 4749 2673 4802 id
2711 4758 2793 4803 est
2824 4750 2999 4804 omnis
3035 4750 3216 4810 homo.
3251 4750 3390 4805 liber

1808 4852 1862 4898 et
1891 4858 2099 4905 servus,
2139 4841 2311 4894 fidelis
2339 4849 2392 4893 et
2424 4839 2672 4904 infidelis,
2719 4841 3073 4909 pulestatibus
3112 4841 3388 4895 sublimio-

1812 4933 1962 4987 ribus
1989 4931 2231 4985 subditus
2261 4930 2350 4984 sit.
2385 4928 2571 4983 Omnis
2615 4931 2794 4982 anima
2840 4931 2997 4993 dicit,
3026 4945 3124 4998 pro
3152 4943 3217 4984 eo
3243 4931 3387 4999 quod

1811 5031 1894 5077 est
1921 5023 2098 5076 omnis
2123 5022 2300 5075 homo.
2326 5021 2381 5074 ln
2405 5036 2557 5074 sacra
2579 5020 2724 5076 enim
2751 5020 3048 5089 Scriptura,
3078 5021 3390 5090 frequenter

1811 5112 1922 5167 sola
1953 5113 2128 5166 anima
2155 5120 2321 5166 totum
2369 5111 2640 5166 hominem
2686 5112 2974 5181 significat,
3008 5111 3148 5165 sicut
3184 5111 3304 5175 hic,
3334 5119 3392 5168 et

1813 5204 1865 5256 in
1895 5201 2110 5266 Genesi,
2158 5201 2246 5254 ubi
2276 5201 2472 5256 dicitur
2495 5219 2507 5254 :
2531 5201 2679 5268 Quod
2721 5203 2996 5272 ingressus
3023 5211 3106 5255 est
3133 5199 3298 5255 Jacob
3334 5200 3390 5259 in

1811 5295 2098 5364 Egyptum
2147 5294 2200 5347 in
2240 5293 2520 5347 animabus
2567 5293 2906 5365 septuaginta
2937 5289 3088 5364 (Gen.
3120 5292 3302 5362 xui);
3332 5300 3390 5346 et

1809 5385 1863 5438 in
1908 5383 2132 5438 Actibus
2175 5382 2533 5458 apostolorum
2559 5398 2574 5436 :
2600 5383 2862 5448 Eramus,
2912 5382 3119 5451 inquit,
3175 5382 3229 5434 in
3267 5383 3389 5440 nari

1808 5481 1998 5533 animo:
2023 5478 2260 5532 ducentis
2281 5477 2606 5546 septuaginta
2633 5493 2725 5530 sex
2751 5477 2888 5546 (Act.
2918 5474 3114 5545 xxvn).
3144 5472 3388 5528 Potesta-

1811 5571 1953 5625 tibus
1991 5568 2394 5624 sublimioribus
2448 5569 2604 5628 dicit,
2655 5567 2873 5637 regibus
2919 5575 2975 5620 et
3021 5565 3388 5634 p.lncipibus,

1811 5658 2056 5724 tribunis,
2086 5655 2510 5719 centurionibus,
2541 5655 2792 5718 dominis,
2817 5655 3174 5725 omnibusque
3201 5652 3391 5724 prada-

1811 5751 1897 5804 tis.
1930 5747 2043 5803 Hoc
2068 5757 2122 5803 et
2149 5744 2341 5802 Petrus
2366 5746 2610 5817 praecipit
2634 5744 2682 5814 (ι
2725 5743 2866 5798 l’etr.
2911 5744 2971 5817 ιι)
2998 5760 3012 5798 :
3040 5743 3272 5808 Subditi,
3306 5743 3389 5797 in-

1812 5841 2022 5912 quiens,
2055 5849 2226 5896 estole
2255 5839 2398 5894 omni
2425 5839 2674 5893 humanm
2699 5847 2959 5893 creaturas
2982 5879 2996 5906 ,
3037 5838 3198 5905 idest
3216 5835 3390 5892 omni-
