3936 6452
521 421 649 479 ιιςιι
714 382 723 390 ’

986 416 1338 473 HAYMONIS
1378 407 1864 469 BALBERSTAT.
1908 405 2127 462 EPISC.
2170 405 2323 461 OPP.
2365 404 2549 460 PARS
2584 403 2624 460 l.
2658 436 2727 447 -—
2761 402 3117 462 COMMENT.
3160 404 3333 460 BIBL.

3720 403 3812 460 ιιι)

523 534 628 589 bus
675 530 1015 594 hominibus,
1060 528 1209 583 vobis
1257 525 1579 597 praepositis,
1630 532 1686 578 et
1739 524 1843 578 hoc
1892 529 2115 593 propter
2140 525 2197 583 Α,
2217 515 2343 571 Sive
2376 516 2514 571 bona
2543 515 2615 572 sit
2642 516 2732 571 i‘la
2775 526 3049 589 potestas,
3089 533 3185 573 seu
3213 516 3391 584 mala,
3427 518 3811 589 quicunqueei

527 623 721 687 Deum,
770 622 880 676 sive
930 628 1150 690 propter
1197 632 1437 672 amorem
1498 614 1730 671 Domini.
1783 614 2109 684 Inquantum

524 712 723 782 quippe
755 711 918 766 homo
939 723 1044 762 non
1076 706 1299 761 offendit
1338 705 1528 771 Deum,
1561 704 1786 774 obsequi
1814 712 1868 758 et
1891 703 2111 758 obedire

525 805 685 867 debet
724 800 1057 858 celsioribus.
1109 797 1243 854 Nam
1290 799 1454 854 homo
1497 806 1710 853 constat
1755 810 1821 851 ex
1852 794 2030 849 anima
2056 802 2111 849 et

434 890 449 903 ”
527 907 781 963 corpore:
812 899 866 945 et
901 891 954 944 in
986 889 1167 944 anima
1194 887 1409 957 quidem
1432 887 1593 941 debet
1619 900 1837 941 servare
1881 883 2110 938 inviola-

527 992 635 1038 tam
681 982 840 1036 ﬁdem
892 980 1036 1044 Deo,
1066 982 1119 1033 in
1150 994 1377 1048 corpore
1419 993 1548 1032 vero
1577 976 1733 1032 debet
1767 975 1972 1029 servire
2009 971 2107 1028 sibi

527 1071 926 1130 dominantibus
969 1069 1264 1125 secundum
1308 1068 1620 1122 servitutem
1652 1065 1930 1135 praesentis
1966 1064 2108 1120 vitae.

528 1164 730 1219 Verum
758 1163 803 1217 si
830 1170 1020 1216 contra
1063 1159 1184 1214 ﬁdei
1213 1158 1543 1228 pr0positum
1571 1156 1765 1210 viderit
1792 1156 1892 1210 sibi
1939 1155 2109 1225 impe-

525 1254 635 1307 rari
668 1267 699 1306 a
728 1234 1069 1323 principibus.
1085 1250 1245 1316 hujus
1263 1247 1468 1313 saeculi,
1492 1248 1602 1302 sive
1624 1247 2001 1315 potestatibus,
2028 1242 2112 1301 vel

525 1344 792 1409 dominis,
822 1350 950 1397 tunc
977 1356 1075 1410 pro
1118 1341 1223 1395 ﬁde
1254 1354 1421 1408 usque
1447 1340 1515 1392 ad
1544 1346 1769 1391 mortem
1800 1345 2009 1407 satagat
2036 1338 2112 1394 la-

524 1434 738 1496 borare,
762 1448 850 1495 ne,
874 1430 1014 1502 quod
1042 1428 1213 1497 majus
1231 1438 1332 1493 est,
1358 1429 1590 1482 animam
1613 1426 1862 1483 videlicet
1884 1427 2106 1496 perdat:

525 1523 778 1593 quoniam
822 1521 947 1577 licet
976 1521 1063 1576 illa
1101 1529 1336 1591 potestas
1363 1518 1654 1574 interﬁciat
1684 1533 1881 1586 corpus
1910 1517 2108 1588 gladio,
2134 1578 2135 1583 η

524 1614 758 1670 animam
793 1623 976 1669 autem
1023 1628 1128 1666 non
1171 1620 1350 1680 potest
1389 1609 1656 1663 occidere.
1702 1605 1825 1673 Non
1863 1618 1937 1662 est
1974 1610 2110 1662 enim

523 1713 750 1776 potestas
769 1705 869 1757 nisi
895 1721 927 1757 a
972 1702 1100 1756 Deo.
1133 1703 1320 1757 Omnis
1360 1708 1617 1772 potestas,
1646 1700 1760 1755 sive
1785 1700 1971 1775 major,
1998 1700 2113 1765 sive
2129 1756 2135 1761 ,

524 1798 717 1857 minor.
751 1812 869 1866 quae
919 1795 1227 1849 hominibus
1255 1803 1570 1865 praestatur,
1618 1800 1710 1847 aut
1738 1808 1805 1848 ex
1837 1793 2133 1854 voluntate,

2212 605 2414 659 resistit
2436 604 2801 661 subtrahendo
2827 607 3107 662 servitium
3132 606 3200 662 ab
3231 622 3325 672 ea,
3366 607 3705 681 denegando
3724 613 3813 668 tri-

2210 699 2430 761 butum,
2480 707 2536 754 et
2570 699 2830 754 honorem
2875 715 2982 755 non
3030 700 3322 771 praebendo
3368 717 3533 771 quem
3582 702 3641 758 ei
3671 701 3815 762 debet

2209 790 2452 861 praebere
2470 832 2484 855 ,
2505 788 2600 844 Dei
2617 792 2946 846 ordinationi
2977 792 3181 847 resistit
3206 800 3260 847 et
3275 792 3662 864 dispositioni,
3676 794 3814 865 cujus

2211 881 2552 955 ordinatione
2579 880 2651 934 illi
2693 882 3086 951 principantur.
3113 882 3363 950 Quidam,
3402 884 3552 940 male
3576 887 3809 942 sentien-

2213 979 2317 1036 tes,
2338 972 2436 1025 has
2460 980 2755 1041 potestates
2779 973 3121 1043 interpretati
3145 983 3271 1030 sunt
3291 976 3601 1042 dmmones,
3629 978 3701 1032 de
3719 980 3814 1048 qui‘

2212 1062 2312 1117 bus
2352 1066 2401 1116 in
2434 1063 2675 1132 Epistola
2719 1066 2786 1120 ad
2831 1065 3094 1135 Ephesios
3122 1066 3359 1129 dicitur:
3388 1067 3521 1133 Non
3550 1079 3641 1123 est
3686 1072 3811 1126 nobis

2212 1154 2511 1208 colluctatio
2541 1155 2789 1211 adversus
2819 1173 3029 1231 carnem
3059 1168 3106 1213 et
3135 1160 3472 1229 sanguinem,
3510 1161 3618 1223 sed
3649 1162 3813 1218 adser-

2210 1264 2300 1302 sus
2325 1248 2582 1319 principes
2602 1257 2649 1303 et
2670 1246 3192 1325 patqstatesllﬁphes.
3224 1249 3324 1321 vi).
3356 1248 3466 1305 Sed
3499 1250 3617 1305 iste
3640 1266 3811 1309 sensus

2214 1338 2369 1392 valde
2407 1348 2492 1394 est
2535 1338 2871 1410 superﬂuus,
2904 1341 3030 1412 quia
3054 1342 3129 1417 ‘in
3169 1341 3316 1404 nullo
3350 1344 3637 1400 debemus
3677 1345 3809 1401 subdi

2214 1426 2710 1507 daemonibusﬂui
2748 1442 2923 1486 autem
2960 1435 3204 1509 resistant
3253 1436 3664 1503 potestatibus,
3697 1440 3813 1509 regi-

2212 1522 2314 1577 bus
2335 1522 2584 1578 videlicet
2612 1533 2665 1581 et
2707 1526 3066 1595 principibus,
3093 1536 3149 1583 et
3170 1528 3578 1597 dominissuis.
3610 1530 3717 1599 ipsi
3732 1532 3809 1584 sibi

2213 1612 2599 1690 damnationem
2652 1616 2951 1685 acquirunt.
3000 1614 3108 1670 Pro
3154 1616 3417 1687 qualitate
3454 1619 3617 1673 enim
3664 1619 3810 1690 culpa

2213 1702 2500 1778 acquirunt
2538 1687 2642 1758 sibi
2675 1704 2964 1761 vindictam
2985 1746 3000 1773 ,
3028 1706 3153 1777 quia
3184 1706 3335 1762 irata)
3364 1707 3477 1764 illa:
3523 1687 3811 1779 potestates

2213 1789 2340 1865 dum
2388 1791 2587 1858 subditi
2631 1792 2711 1847 eis
2752 1807 2947 1863 parere
2985 1802 3368 1860 contemnunt,
3420 1806 3527 1851 aut
3574 1799 3812 1854 occidunt

524 1884 641 1947 Dei.
674 1894 766 1939 aut
790 1900 855 1940 ex
881 1885 1237 1955 permissione
1263 1885 1560 1942 constituta
1604 1892 1708 1949 est,
1744 1885 1883 1939 sicut
1909 1885 2109 1940 dicitur
2138 1876 2183 1936 Β
2210 1896 2334 1946 eos,
2361 1889 2454 1934 aut
2485 1881 2538 1934 in
2566 1896 2838 1949 carcerem
2882 1882 3125 1948 mittunt,
3154 1892 3248 1937 aut
3270 1885 3442 1939 etiam
3473 1886 3535 1963 in
3572 1888 3807 1942 exsilium
3870 1890 3881 1897 ’

522 1991 622 2046 per
646 1977 986 2031 Salomoncm
1018 1974 1200 2039 (Prov.
1233 1974 1348 2043 vm)
1377 1993 1389 2028 :
1417 1975 1519 2029 Per
1564 1990 1647 2029 me
1677 1990 1831 2045 reges
1856 1983 2106 2045 regnant,

522 2077 579 2123 et
620 2069 888 2139 principes
911 2068 1209 2123 docuerunt
1225 2067 1509 2136 justitiam.
1535 2066 1792 2137 Siautem
1816 2068 2109 2137 quaerimus

522 2172 692 2226 quare
724 2158 807 2211 ha:
853 2166 1146 2226 potestates
1194 2158 1456 2213 ordinata:
1501 2158 1640 2221 sint,
1691 2155 1742 2210 id
1784 2157 2103 2223 dicendum,

523 2247 666 2325 quod
715 2263 884 2319 genus
929 2248 1222 2303 humanum
1272 2248 1498 2311 bestiale
1546 2247 1815 2315 eﬁ'eetum,
1874 2249 2110 2305 hellnino

525 2337 677 2394 more
717 2348 902 2393 contra
952 2354 1010 2394 se
1055 2340 1220 2409 coepit
1253 2339 1470 2405 saevire,
1510 2339 1819 2415 intantum,‘
1844 2350 1902 2395 ut
1948 2342 2109 2410 primi

521 2430 764 2499 parentis
814 2428 951 2485 ﬁlius
1003 2431 1054 2485 iu
1106 2428 1337 2498 fratrem,
1376 2445 1727 2502 consurgens,
1777 2431 2110 2487 interfecerit

523 2534 666 2573 eum.
696 2518 997 2573 Bestiarum
1028 2521 1173 2574 enim
1203 2529 1285 2575 est
1309 2529 1365 2584 et
1409 2520 1640 2594 hominis
1668 2521 2007 2591 discerpere,
2053 2531 2110 2577 et

522 2624 582 2665 se
621 2610 843 2664 invicem
873 2610 1112 2666 lacerare
1161 2619 1336 2690 atque.
1364 2611 1646 2667 devorare.
1680 2610 1845 2688 Verbi
1890 2613 2064 2683 gratia
2089 2630 2125 2688 :r

524 2704 633 2758 Leo
663 2703 881 2759 devorat
927 2706 1197 2769 hominem
1228 2716 1281 2762 et
1310 2722 1493 2766 ursum
1520 2748 1536 2772 ,
1565 2722 1725 2762 ursus
1751 2714 1807 2762 et
1832 2707 1987 2778 lupus
2012 2707 2127 2763 de-.

525 2804 715 2848 vorant
738 2795 1000 2861 homines,
1034 2797 1214 2860 boves,
1244 2805 1297 2852 et
1317 2813 1464 2872 oves.
1500 2796 1611 2851 Hac
1645 2796 1709 2852 de
1741 2812 1901 2852 causa
1927 2797 2104 2852 omni-

525 2896 720 2956 potens
761 2888 902 2943 Deus
930 2890 1244 2949 bestialibus
1269 2890 1578 2945 hominibus
1602 2890 1873 2961 principes
1898 2905 2109 2961 pnepoe

523 2980 651 3044 suit,
698 2986 755 3031 ut
783 2994 967 3034 eorum
1017 2988 1221 3035 terrore
1249 2980 1515 3039 acerbitas
1542 2980 1846 3036 animorum
1891 2981 2108 3055 illorum

522 3069 924 3139 reprimeretur.
977 3069 1111 3129 Sunt
1158 3072 1320 3125 etiam
1348 3072 1524 3141 pisces
1563 3070 1698 3128 alios
1724 3072 2103 3144 deglutientes,

521 3174 658 3231 quos
707 3160 1055 3216 imitabantur
1098 3162 1345 3231 homines
1373 3162 1427 3217 in
1458 3162 1591 3219 alios
1622 3164 1937 3229 stevientes,
1970 3181 2105 3236 quo-

2211 1973 2468 2043 dirigunt.
2500 1972 2556 2029 Si
2583 1974 2858 2044 qumsierit
2900 1974 3127 2044 aliquis,
3156 1990 3269 2043 cur
3290 1975 3807 2049 Dominusdamna-

2211 2063 2349 2118 verit
2367 2078 2605 2129 servum,
2633 2073 2726 2118 aut
2754 2064 3006 2135 princeps
3020 2049 3368 2136 subjectum?
3390 2068 3701 2137 responde,
3726 2068 3808 2125 lie-

2209 2153 2437 2231 sistebat
2476 2155 2639 2223 mihi,
2681 2164 2744 2225 et,
2778 2148 2981 2226 idcirco
3011 2156 3319 2231 viudictam.
3349 2159 3547 2230 accepi
3601 2177 3673 2215 ex
3717 2161 3805 2214 illo.

2209 2243 2671 2315 Considerandum
2723 2255 2948 2310 autem,
2998 2246 3121 2316 quia
3172 2262 3279 2302 non
3340 2247 3407 2303 de
3464 2242 3807 2327 damnatione

2208 2344 2411 2389 acterna
2437 2335 2673 2406 loquitur
2702 2335 3010 2406 Apostolus,
3035 2337 3129 2393 sed
3153 2337 3217 2393 de
3245 2339 3548 2409 corporali,
3578 2355 3652 2397 eo
3672 2342 3811 2413 unde

2210 2440 2318 2496 quo
2347 2425 2551 2481 dictum
2582 2427 2862 2483 habemus.

2281 2518 2423 2573 Nam
2443 2520 2699 2592 principes
2722 2536 2827 2575 non
2842 2531 2963 2577 sunt
2985 2523 3159 2577 timori
3181 2523 3302 2579 boni
3323 2527 3525 2595 operis,
3554 2527 3658 2583 sed
3677 2528 3801 2592 mali,

2210 2607 2263 2683 id
2297 2616 2401 2673 est,
2436 2624 2541 2664 non
2577 2618 2702 2665 sunt
2736 2610 2805 2665 ad
2835 2611 2939 2667 hoc
2966 2614 3245 2669 constituti
3273 2623 3333 2669 ut
3364 2616 3632 2672 timorem
3663 2619 3800 2675 ineu-

2210 2697 2347 2752 tiant
2359 2698 2496 2752 bene
2517 2699 2885 2756 laborantibus
2898 2711 2953 2757 et
2967 2702 3107 2758 bono
3121 2704 3271 2773 operi
3292 2706 3707 2774 insistentibus,
3725 2711 3799 2764 sed

2209 2790 2669 2864 malefacientibus
2680 2803 2733 2847 et
2751 2794 2954 2848 servire
2972 2792 3293 2849 nolentibus.
3313 2794 3451 2851 Nam
3483 2799 3557 2852 ad
3574 2799 3682 2855 hoc
3694 2812 3799 2855 sunt

2208 2882 2503 2949 constituti,
2551 2891 2611 2937 ut
2659 2882 2797 2940 bene
2826 2884 3138 2943 laborantes
3164 2887 3385 2945 laudent
3426 2899 3490 2947 et
3532 2893 3798 2963 adjuvant,

2209 2975 2351 3032 male
2378 2991 2507 3031 vero
2530 2975 2791 3033 facientes
2832 2979 3110 3035 damnent.
3148 2980 3253 3037 Sed
3277 2983 3320 3036 si
3345 2971 3703 3054 quisbonum
3725 2987 3795 3041 fa-

2158 3113 2169 3122 .
2207 3067 2302 3134 cit,
2334 3083 2441 3123 non
2471 3067 2624 3123 timet
2646 3076 2967 3139 potestatem
2990 3087 3003 3123 :
3030 3070 3120 3139 qui
3155 3086 3283 3127 vero
3309 3072 3520 3139 malum
3545 3076 3721 3141 timet,
3741 3077 3799 3147 ab

2209 3173 2272 3221 ea
2297 3160 2614 3227 damnatur;
2648 3162 2788 3216 unde
2812 3162 2995 3217 subdit
3018 3162 3306 3232 Apostolus
3328 3183 3343 3219 :
3377 3163 3473 3220 Vis
3500 3177 3681 3223 autem
3705 3186 3805 3231 ειη,

521 3267 642 3308 rum
670 3254 946 3309 temeritas
972 3253 1275 3332 principum
1307 3253 1592 3311 formidine
1619 3256 1801 3319 sedata
1839 3266 1941 3311 est.
1973 3232 2105 3322 Quae
2131 3232 2176 3295 (ἶ
2207 3252 2386 3306 timere
2409 3254 2756 3321 potestatem?
2782 3253 2974 3307 bonum
3001 3254 3109 3324 fac,
3151 3264 3200 3308 et
3243 3254 3458 3311 habebis
3501 3257 3717 3314 laudes
3740 3277 3797 3313 es

527 3358 702 3403 autem
743 3357 888 3412 sunt,
940 3348 1199 3421 subaudis
1228 3357 1525 3419 potestates
1571 3363 1733 3418 super
1761 3349 1896 3405 alios
1918 3365 1951 3421 a
1998 3350 2105 3406 Deo

522 3441 803 3503 ordinatae,
850 3440 962 3494 sive
995 3454 1116 3508 qua:
1158 3447 1284 3511 sunt
1328 3439 1450 3510 jura
1497 3446 1824 3510 potestatum
1854 3480 1868 3506 ,
1903 3458 1948 3498 ,α
1994 3438 2129 3506 Deo,

522 3531 778 3584 ordinatae
798 3540 937 3584 sunt.
970 3529 1272 3601 Potestates
1300 3530 1501 3585 etenim
1530 3529 1612 3583 vel
1632 3530 1755 3600 jura
1778 3538 2104 3599 potestatum

523 3639 644 3694 quite
664 3624 717 3677 in
749 3623 947 3678 mundo
977 3623 1379 3692 prin‘cipantur,
1413 3638 1443 3676 ιι
1470 3622 1582 3678 Deo
1610 3624 1918 3678 COllSlilllliD
1947 3631 2102 3689 sunt,

512 3716 666 3771 sicut
685 3716 795 3787 jam
817 3730 977 3785 supra
999 3715 1252 3773 diximus.
1280 3714 1432 3771 Unde
1452 3714 1712 3771 Dominus
1739 3715 1874 3789 dixit
1894 3714 2064 3771 Pilato
2087 3734 2099 3768 :

524 3806 648 3860 Non
681 3806 894 3861 haberes
930 3808 987 3861 in
1014 3823 1096 3861 me
1131 3816 1435 3878 potestatem
1456 3846 1470 3871 ,
1502 3805 1603 3866 nisi
1640 3806 1734 3861 tibi
1762 3808 1943 3861 datum
1971 3817 2121 3863 esset.

520 3898 741 3967 desuper
778 3895 959 3967 (locu.
1000 3897 1134 3968 nx).
1169 3896 1590 3967 Quibusverbis
1630 3895 1928 3973 indicatur,
1959 3899 2105 3969 quod

522 3986 635 4042 sive
656 3989 791 4042 bona
809 3996 1064 4057 potestas,
1093 3996 1150 4042 ut
1170 3988 1362 4053 David,
1385 4003 1478 4042 seu
1501 3986 1638 4041 mala
1661 3985 1842 4051 fuerit,
1862 3998 1919 4043 ut
1939 3987 2103 4055 Nero,

522 4093 629 4133 non
678 4088 763 4134 est
805 4079 908 4134 nisi
939 4089 1033 4134 aut
1076 4079 1287 4135 volente
1317 4088 1409 4134 aut
1436 4080 1782 4149 permittente
1827 4081 1957 4137 Deo.
1990 4081 2105 4139 Hoc

518 4180 699 4226 autem
731 4180 898 4226 totum
930 4172 1129 4226 ideirco
1149 4172 1495 4240 prosequitur
1517 4172 1838 4241 Apostolus,
1866 4181 1927 4228 ut
1956 4182 2104 4243 pote.

522 4262 756 4318 hiatibus
802 4261 1160 4325 subditisint,
1203 4262 1327 4329 quia
1358 4262 1599 4315 nonnulli
1631 4262 1791 4333 (sicut
1818 4262 1930 4333 jam
1962 4263 2123 4319 dixi—7

520 4354 665 4423 mus)
692 4352 760 4406 ad
810 4352 966 4406 ﬁdem
998 4351 1309 4416 venientes,
1359 4351 1645 4422 pristinum
1690 4354 2008 4422 obsequium
2049 4361 2104 4411 et

520 4442 824 4507 servitium,
851 4441 1006 4512 quasi
1041 4441 1193 4505 liberi
1217 4440 1416 4507 eli‘ecti,
1440 4443 1670 4497 dominis
1693 4450 1749 4497 et
1771 4442 2103 4515 principibus

520 4534 635 4591 suis
654 4533 905 4589 nolebant
929 4533 1173 4598 reddere,
1197 4549 1317 4591 cum
1346 4533 1606 4590 Dominus
1627 4533 1783 4599 Jesus
1810 4548 1915 4589 non
1940 4549 2097 4589 vene-

520 4630 592 4686 rit
621 4628 953 4685 e‘onditiones
992 4636 1234 4694 mutare,
1279 4628 1371 4683 sed
1413 4628 1622 4682 animas
1647 4627 1700 4681 in
1729 4634 1989 4691 aeternum
2016 4628 2097 4681 vi-

517 4733 702 4778 cturas
748 4719 975 4776 salvare.
1017 4718 1280 4775 Dicebant
1316 4720 1457 4775 enim
1503 4719 1731 4773 Romani
1771 4722 2115 4775 credentesz.

516 4812 628 4870 Nos
646 4811 736 4883 qui
751 4811 945 4869 divinis
964 4811 1170 4881 legibus
1187 4825 1458 4881 paremus,
1483 4819 1538 4864 et
1559 4810 1669 4869 Deo
1685 4810 1970 4876 servimus,
1990 4826 2097 4866 non
2114 4862 2119 4869 .

516 4907 775 4963 debemus
804 4904 1008 4960 servire
1035 4918 1145 4959 rrec.
1172 4905 1428 4959 honorem
1451 4902 1688 4971 prmbere
1713 4901 1932 4968 Neroni,
1956 4903 2117 4968 allisa.

512 5013 618 5069 que
645 4998 999 5069 potestatibus
1028 4996 1275 5053 terrenis.
1307 4995 1646 5066 Quapropter
1665 4995 1949 5067 Apostolus
1971 4996 2094 5052 talia

511 5090 728 5161 scripsit
747 5089 845 5144 cis.
876 5088 1095 5144 Poterat
1127 5103 1359 5157 namque
1387 5088 1698 5145 scandalum
1726 5090 1875 5146 nasci
1919 5089 2115 5145 do-ni-.

512 5180 598 5235 nis
627 5188 683 5235 et
711 5180 1072 5251 principibus,
1118 5178 1164 5233 si
1192 5179 1332 5233 S.‘|'vi
1360 5187 1415 5234 et
1459 5178 1685 5248 subjecti
1714 5196 1900 5248 eorum
1928 5181 2087 5236 Chri-

511 5271 669 5328 stiani
681 5271 879 5336 elfecti,
896 5289 926 5327 a
940 5271 1163 5326 servitio
1183 5269 1395 5327 illorum
1412 5269 1754 5328 efﬁcerentur
1771 5272 1952 5331 alieni.
1975 5270 2087 5327 No-

513 5372 664 5421 oeret
681 5379 894 5435 quoque
932 5363 1208 5429 Ecclesiae,
1231 5364 1358 5419 dum
1396 5380 1504 5421 non
1540 5364 2090 5435 permitterenturalii

512 5455 756 5518 credere,
785 5469 907 5508 cum
928 5456 1100 5527 magis
1118 5456 1369 5511 meliores
1388 5455 1619 5511 debeant
1654 5456 1854 5511 domini
1903 5470 2091 5514 servos

511 5562 638 5604 suos
650 5549 912 5617 recipere,
931 5547 1113 5604 ﬁdeles
1122 5548 1326 5604 Christi
1344 5547 1582 5604 eﬁ‘ectos.
1610 5546 1724 5603 Hoc
1748 5557 1802 5603 et
1820 5551 1936 5621 ipsa
1951 5551 2106 5606 Veri-

513 5647 595 5694 tas
613 5653 710 5709 per
730 5641 1073 5710 semetipsam
1092 5639 1355 5710 praecipit,
1372 5638 1557 5693 dicens
1580 5657 1593 5691 :
1618 5636 1831 5695 Reddite
1845 5646 1965 5712 ergo
1986 5656 2105 5713 quia

513 5740 634 5784 sunt
662 5728 886 5788 ϐαθεαὼ
914 5731 1193 5797 Ca’sari,et
1213 5747 1330 5804 quia
1349 5741 1469 5787 sunt
1488 5730 1583 5787 Dei
1601 5731 1704 5786 Deo
1723 5731 2104 5804 (Matth.xxu).

592 5820 776 5891 Itaque
801 5824 891 5892 qui
920 5823 1110 5878 resistit
1132 5824 1395 5894 potestati,
1432 5824 1524 5881 Dei
1550 5826 1865 5883 ordinationi
1890 5831 2102 5886 resistit.

2206 3342 2321 3413 illa.
2352 3342 2468 3398 Non
2496 3342 2626 3398 dicit
2651 3343 2889 3401 laudabit
2934 3354 2988 3401 te
3031 3344 3122 3400 illa
3164 3356 3422 3417 potestas,
3464 3351 3601 3421 quia
3630 3352 3796 3407 multa

2206 3442 2683 3504 potestates_,sunt,
2716 3451 2844 3510 qua:
2863 3436 2916 3491 in
2943 3434 3173 3491 subditis
3203 3440 3375 3510 magis
3403 3440 3619 3497 malum
3646 3461 3794 3514 quam

2204 3528 2405 3587 bonum
2429 3529 2676 3600 diligunt,
2702 3531 2796 3595 sed
2820 3530 3283 3601 habebislaudem
3302 3548 3372 3589 ex
3396 3534 3493 3591 illa
3516 3548 3794 3607 potestate,

2207 3619 2259 3693 id
2291 3628 2413 3685 est,
2441 3620 2555 3690 ipsa
2601 3621 2705 3679 erit
2740 3621 2956 3695 occasio
2986 3632 3045 3677 ut
3070 3621 3227 3679 laude
3251 3624 3446 3699 dignus
3475 3628 3731 3705 sianuia
3753 3634 3792 3686 si

2210 3709 2574 3780 tuoexemplo
2601 3711 2669 3766 ad
2698 3711 2855 3767 ﬁdem
2902 3713 2984 3768 vel
3021 3712 3247 3784 justitia:
3287 3731 3456 3787 opera
3488 3719 3663 3776 fuerit
3684 3738 3793 3793 per-

2207 3799 2386 3864 ducta,
2417 3800 2728 3858 laudaberis
2769 3812 2879 3875 tam
2920 3805 2989 3861 ab
3016 3805 3125 3872 illa,
3160 3823 3321 3877 quam
3352 3809 3524 3867 etiam
3571 3812 3644 3868 ab
3666 3815 3791 3877 aliis,

2204 3905 2265 3955 et
2288 3897 2429 3967 apud
2458 3897 2626 3954 Deum
2668 3915 2884 3971 quoque
2904 3900 3085 3968 ,laude
3106 3903 3311 3977 dignus
3339 3904 3477 3959 eris.
3510 3906 3719 3977 Aliter:
3746 3913 3787 3962 si

2203 3987 2582 4059 potestasilla
2623 3991 2900 4060 usquead
2944 4000 3175 4061 mortem
3213 3996 3497 4067 pteuistte
3530 3998 3790 4057 alluserit.

2204 4078 2377 4137 autin
2408 4078 2589 4150 aliquo
2614 4083 2885 4138 contraria
2904 4084 3200 4152 exstiterit,
3229 4095 3289 4141 ιιι
3314 4102 3539 4158 quoque
3568 4090 3789 4162 legitime

2203 4169 2528 4228 decertando
2571 4184 2803 4229 mortem
2849 4182 2942 4230 aut
2965 4175 3216 4249 aliquam,
3249 4176 3503 4247 injuriam
3538 4184 3793 4251 patienter

2201 4262 2516 4333 pertuleris.
2540 4264 2857 4330 habebisex
2886 4266 2974 4334 illa
3005 4268 3215 4335 laudem
3234 4309 3253 4336 ,
3272 4270 3336 4345 id
3359 4279 3469 4337 est,
3501 4273 3625 4343 ipsa
3665 4292 3787 4347 pre-

2202 4352 2353 4417 bebit
2379 4355 2725 4412 occasionem
2763 4365 2824 4412 ut
2864 4365 2920 4412 tu
2947 4357 3223 4420 lauderis:
3248 4361 3377 4430 quia
3402 4365 3681 4435 percipies
3705 4381 3786 4435 pro

2199 4446 2668 4515 persecutionibus
2707 4446 2826 4518 ejus
2858 4449 2955 4504 tibi
2987 4450 3239 4522 irrogatis
3267 4462 3592 4522 perpetuam
3635 4456 3786 4512 bati-

2203 4539 2466 4606 tudinem,
2491 4548 2546 4595 et
2573 4538 2880 4601 laudaberis
2904 4543 3046 4612 apud
3074 4544 3243 4599 Deum
3273 4552 3329 4599 et
3357 4545 3639 4611 homines.
3668 4548 3787 4605 Cor

2202 4631 2501 4691 sideremus
2538 4631 2891 4708 Laurentium
2928 4636 3021 4705 qui
3043 4651 3141 4706 pro
3164 4636 3367 4713 Christi
3392 4641 3625 4703 nomine
3649 4657 3785 4697 acer-

2204 4719 2351 4788 nilne.
2364 4727 2452 4775 est
2476 4722 2763 4784 ustulatus.
2792 4723 2911 4789 Non
2938 4724 3135 4791 fuisset.
3152 4726 3308 4788 laude
3329 4728 3537 4800 dignus
3562 4733 3787 4801 perfecte

2202 4809 2470 4875 inventus,
2518 4812 2621 4867 nisi
2659 4830 2690 4868 a
2730 4830 2827 4869 suo
2873 4828 3220 4884 persecutore
3260 4818 3455 4884 fuisset
3481 4823 3785 4883 astulatus;

2200 4899 2439 4977 ideoque~
2466 4902 2580 4971 ipsa
2609 4911 2846 4972 potestas
2877 4903 2977 4959 fuit
3006 4907 3220 4963 occasio
3244 4907 3417 4964 laudis
3445 4910 3790 4981 ejus.,Sicde

2199 4993 2409 5061 ceteris
2455 4994 2660 5062 sanctis
2704 4997 3034 5067 martyribus
3060 5007 3149 5063 est,
3187 4998 3626 5076 intelligendum,
3649 5004 3795 5079 etde

2195 5084 2446 5145 omnibus
2484 5086 2577 5155 qui
2608 5085 2809 5154 injuste
2836 5088 3185 5156 damnantur.

2266 5174 2367 5230 Dei
2403 5176 2539 5239 enim
2570 5177 2808 5244 minister
2824 5188 2908 5243 ,est
2935 5180 3028 5233 tibi
3052 5181 3106 5234 in
3137 5180 3359 5239 bonum,
3378 5180 3494 5243 Dei.
3512 5185 3668 5241 enim
3696 5187 3792 5241 mi-

2193 5266 2366 5336 nister
2391 5274 2508 5333 est,
2553 5267 2609 5323 id
2651 5277 2766 5335 est,
2795 5286 2828 5325 ιι
2852 5270 3315 5337 Deoconstitutus
3360 5279 3552 5338 estad
3594 5278 3793 5333 bonum

2194 5366 2371 5425 tuum,
2402 5368 2464 5426 ut,
2480 5374 2583 5416 suo
2611 5361 2807 5419 timore
2827 5372 2881 5419 et
2907 5364 3175 5433 adjutorio
3201 5367 3474 5427 custodiat
3497 5377 3557 5425 et
3581 5378 3798 5426 tueatur

2204 5458 2285 5519 te,
2315 5466 2383 5507 ne
2411 5453 2759 5519 interﬁciaris
2796 5457 2865 5513 ab
2892 5458 3109 5513 inimico
3138 5466 3248 5523 tuo.
3273 5468 3330 5515 et
3352 5469 3505 5516 tuam
3535 5464 3796 5520 substan-

2201 5550 2332 5606 tiam
2354 5565 2461 5606 non
2490 5551 2748 5623 diripiant
2762 5554 2881 5611 alii.
2904 5557 3077 5612 Aliter
3099 5577 3114 5612 :
3136 5557 3276 5615 Sunt
3304 5560 3455 5614 multi
3480 5563 3577 5631 qni
3606 5564 3802 5618 nolunt

2204 5658 2364 5716 agere
2387 5645 2621 5713 malum,
2651 5648 2748 5705 sed
2778 5649 2970 5704 timent
2994 5644 3312 5720 potestatem
3342 5655 3687 5709 mundanam
3705 5696 3723 5717 .
3750 5666 3800 5709 et

2203 5751 2362 5794 causa
2400 5737 2560 5809 hujus
2595 5740 2806 5796 timoris
2852 5756 2957 5794 non
3005 5742 3306 5813 percipiunt
3353 5745 3497 5813 quod
3544 5748 3799 5815 cupiunt.

2206 5830 2347 5901 Ergo
2378 5833 2445 5889 ad
2472 5834 2673 5889 bonum
2696 5830 2906 5889 illorum
2931 5846 2996 5887 ne
3020 5832 3218 5889 faciant
3246 5817 3458 5899 malum,
3490 5845 3805 5906 potestates
