3936 6446
144 398 254 455 εει

860 398 1220 457 εχροειτιο
1257 398 1325 453 IN
1356 397 1505 454 EPP.
1545 397 1601 453 S.
1645 395 1729 451 PA

1835 396 1868 449 Ι.
1907 425 1975 435 -
2011 394 2075 449 IN
2114 396 2328 453 EPIST.
2370 398 2460 455 AD
2496 399 2661 456 ROM.

3302 400 3407 455 482

147 507 261 562 illa:
292 506 592 578 praeposita
619 515 766 572 sunt,
795 508 1057 578 quia‘quo
1082 510 1311 581 amplius
1348 508 1733 565 bomomalum
1762 515 1809 571 Α
1838 506 2113 575 Siquidem
2139 508 2396 565 Romulus
2421 514 2669 567 conditor
2696 521 2749 568 et
2779 522 2968 568 auctor
2988 515 3190 579 llomtr,
3218 515 3271 570 in
3300 525 3411 570 tres

147 598 307 664 facit,
332 613 399 654 eo
425 598 656 669 amplius
684 613 873 669 pennas
900 601 1187 656 sustinebit
1232 600 1484 669 majores.
1531 600 1593 655 Si
1633 616 1733 653 au-

144 700 258 744 tem
280 689 416 747 male
447 690 645 760 feceris,
675 694 818 754 time;
850 685 901 743 id
930 701 1035 757 εει,
1064 708 1173 747 non
1196 690 1312 747 leve
1335 691 1478 746 feras
1501 698 1735 761 potesta-

145 790 267 836 tem
293 784 483 838 timere
507 801 521 838 :
545 787 737 855 poterit
766 787 911 841 enim
948 795 1000 842 te
1042 787 1298 841 damnare
1326 786 1542 841 inventa
1578 798 1737 839 occa-

145 876 328 929 sione.
368 873 492 929 Non
530 877 667 929 enim
690 877 801 930 sine
830 892 991 930 causa
1016 874 1251 945 gladium
1277 884 1471 946 portat.
1498 873 1603 928 Per
1624 873 1736 943 gla—

143 967 304 1022 dium
348 966 659 1034 intelligitnr
685 967 939 1021 vindicta.
988 967 1102 1021 Non
1139 967 1257 1021 sine
1302 980 1465 1021 causa
1498 966 1736 1037 gladium

144 1064 366 1125 portat,
411 1056 462 1109 id
492 1066 599 1119 est,
631 1071 734 1110 non
764 1058 880 1111 sine
904 1071 1065 1110 causa
1090 1056 1380 1111 ulciscendi
1412 1063 1735 1126 potestatem

150 1149 341 1202 habet.
383 1147 524 1202 Sunt
573 1162 766 1216 nempe
811 1149 1055 1217 quaedam
1084 1147 1325 1201 enormia
1352 1146 1550 1217 ﬂagitia
1570 1185 1585 1211 ,
1614 1161 1735 1215 qua:

144 1239 336 1307 potius
366 1251 463 1306 per
489 1237 673 1290 mundi
715 1238 926 1306 judices
960 1252 1125 1305 quam
1152 1252 1251 1305 per
1278 1238 1547 1293 antistites
1571 1246 1625 1289 et
1651 1252 1735 1291 re-

144 1338 335 1382 ctores
368 1325 727 1380 Ecclesiarum
746 1327 1086 1395 jndicantur;
1109 1329 1250 1382 sicut
1275 1344 1394 1382 cum
1421 1330 1542 1398 quis
1569 1329 1735 1383 inter-

146 1419 267 1471 ticit
292 1416 598 1485 pontiﬁcem
625 1415 999 1484 apostolicum,
1024 1416 1332 1486 episcopum
1358 1417 1473 1470 sive
1506 1418 1731 1488 presby-

145 1516 365 1571 terum,
414 1507 528 1562 sive
586 1507 890 1562 diaconum.
942 1507 1257 1578 Hnjusmodi
1306 1523 1427 1564 reos
1480 1522 1632 1581 reges
1678 1516 1734 1564 et

142 1601 425 1671 principes
452 1601 633 1654 mundi
671 1602 946 1654 damnant.
979 1601 1121 1673 Ergo
1151 1618 1256 1657 non
1285 1602 1401 1658 siue
1432 1616 1596 1657 causa
1622 1601 1733 1672 gla-

145 1692 299 1744 dium
330 1699 543 1759 portat,
591 1691 683 1760 qui
734 1691 856 1744 talia
892 1690 1093 1746 scelera
1122 1691 1348 1761 judicat.
1399 1690 1535 1747 Sunt
1567 1693 1730 1746 etiam

145 1783 384 1835 maxime
402 1782 676 1835 constituti
698 1790 917 1851 preptcr
939 1780 1193 1845 latrones,
1217 1781 1534 1846 homicidas,
1560 1790 1733 1851 rapto-

1835 607 2016 666 partes
2060 600 2313 670 populum
2364 604 2467 657 sibi
2515 602 2814 670 subjectum
2866 605 3050 658 divisit
3096 607 3406 661 rationabili
3453 670 3463 681 .

1836 689 2245 745 distributione:
2274 692 2327 745 in
2349 704 2624 750 senatores
2646 698 2913 760 videlicet,
2938 713 3057 767 qua:
3084 709 3138 754 et
3160 699 3408 758 consules

1834 780 2184 846 vocabantur,
2234 783 2289 837 in
2334 785 2532 840 milites
2576 795 2632 841 et
2678 791 2973 859 agricolas,
3022 800 3077 846 et
3123 792 3409 862 unicuique

1834 871 1976 940 parti
2007 872 2305 942 principem
2336 890 2503 929 unum
2531 878 2832 943 constituit,
2864 882 2957 948 qui
2989 881 3235 937 tribunus
3264 882 3409 939 diee-

1833 963 2016 1029 batur,
2060 979 2126 1020 eo
2174 967 2317 1033 quod
2366 967 2459 1020 uni
2504 981 2571 1021 ex
2624 970 2796 1024 tribus
2842 972 3086 1041 partibus
3131 982 3406 1043 praeesset.

1834 1051 2040 1109 Census
2074 1068 2202 1110 vero
2235 1056 2360 1125 quia
2399 1058 2630 1113 subditis
2666 1061 3003 1130 exigebatur.
3037 1062 3133 1117 Cui
3161 1066 3403 1137 vectigal,

1835 1144 2068 1214 vectigal.
2104 1146 2346 1215 Vectigal
2375 1158 2460 1202 est
2490 1148 2750 1203 tributum
2782 1150 2995 1217 ﬁscale,
3045 1162 3094 1208 et
3140 1155 3336 1210 dicitur
3375 1172 3406 1209 a

1833 1236 2101 1300 vehendo,
2141 1251 2207 1292 eo
2245 1239 2389 1307 quod
2428 1239 2725 1309 accipiatur
2758 1241 2825 1294 de
2854 1242 3043 1303 vectis,
3088 1243 3139 1297 id
3180 1252 3295 1310 est,
3341 1246 3408 1300 de

1835 1328 2093 1406 eportatis
2112 1330 2411 1394 mercibus;
2440 1332 2522 1384 cui
2551 1332 2809 1398 timorem,
2832 1334 3408 1399 timorem,debetis,ut

1834 1417 2088 1485 dominis,
2118 1421 2324 1476 reddite
2348 1421 2455 1487 illi;
2480 1424 2564 1477 cui
2593 1422 2862 1489 honorem,
2886 1424 3153 1490 honorem,
3176 1426 3406 1491 debetis,

1835 1510 2041 1566 reddite
2078 1511 2188 1578 illi,
2234 1529 2340 1567 non
2378 1513 2549 1569 solum
2590 1515 2641 1569 in
2681 1516 3115 1586 conquiescendo
3144 1526 3199 1571 et
3227 1519 3407 1573 humi-

1832 1601 2033 1667 liando,
2059 1605 2153 1658 sed
2180 1604 2341 1659 etiam
2372 1621 2592 1660 munera
2621 1607 2816 1661 dando.

1906 1693 2120 1749 Nemini
2141 1697 2422 1767 quidquam
2443 1697 2692 1763 debeatis,
2716 1698 2817 1751 nisi
2838 1708 2893 1752 ut
2916 1698 3133 1753 invicem
3154 1698 3407 1771 diligatis.

1836 1783 1928 1840 Sic
1948 1786 2197 1841 omnibus
2218 1788 2496 1843 servitutis
2515 1798 2708 1844 vestrae
2734 1790 2993 1860 obsequia
3015 1800 3068 1844 et
3088 1792 3268 1846 debita
3294 1792 3409 1847 red-

144 1891 264 1938 res,
292 1883 352 1928 ut
375 1873 490 1929 illos
516 1875 790 1938 damnent,
814 1883 873 1928 et
895 1873 1030 1928 alios
1051 1887 1149 1928 suo
1176 1874 1368 1929 timore
1390 1887 1731 1944 compescere
1763 1873 1806 1931 Β
1834 1877 1976 1941 dite,
2016 1887 2076 1932 ut
2114 1879 2314 1934 nemini
2341 1881 2635 1951 quidquam
2678 1898 2777 1951 pro
2806 1898 2912 1952 quo
2943 1884 3094 1939 vobis
3121 1883 3406 1950 irascatur,

144 1965 370 2020 faciant.
402 1965 553 2021 Unde
574 1965 854 2021 subditur:
878 1964 977 2018 Dei
1007 1965 1144 2019 enim
1178 1966 1414 2019 minister
1430 1977 1523 2030 est,
1545 1966 1733 2019 vindex

145 2056 210 2109 in
242 2056 393 2120 iram,
419 2056 472 2110 id
498 2063 584 2109 est
612 2055 665 2109 itt
692 2055 1002 2119 vindictam,
1029 2054 1078 2109 ei
1103 2056 1193 2125 qui
1218 2054 1416 2108 malum
1441 2056 1587 2125 facit.

228 2145 451 2212 Ideoque
494 2146 795 2198 necessitate
830 2144 1025 2197 subditi
1062 2153 1240 2197 estote.
1290 2142 1402 2199 Hoc
1452 2151 1555 2209 est,
1603 2144 1731 2215 quia

148 2242 231 2297 illi
262 2243 411 2297 vobis
441 2241 535 2295 Dei
572 2240 802 2294 ministri
849 2248 977 2293 sunt
1006 2240 1059 2293 in
1089 2239 1320 2302 bonum,
1351 2240 1563 2295 obedire
1606 2239 1728 2307 illis,

147 2343 210 2388 ut
253 2348 373 2388 cum
416 2333 495 2389 eis
524 2347 709 2404 pacem
751 2334 949 2388 habere
991 2332 1246 2404 possitis;
1278 2333 1359 2388 vel
1407 2334 1732 2389 necessitate

147 2425 347 2481 subditi
374 2434 567 2489 estote,
596 2425 721 2495 quia
753 2424 1081 2480 ulciscentur
1106 2440 1165 2479 se
1189 2426 1254 2480 de
1275 2425 1449 2492 vobis,
1471 2427 1518 2481 si
1544 2441 1731 2482 eorum

145 2519 403 2592 potestati
426 2518 878 2573 contradixeritis.
903 2517 984 2571 Ad
1011 2519 1111 2572 hoc
1132 2518 1274 2572 enim
1300 2533 1329 2571 a
1355 2518 1465 2574 Deo
1489 2528 1571 2574 est
1595 2533 1734 2589 prte-

146 2613 359 2681 positus
400 2618 460 2664 ut
486 2607 885 2664 benefacientes
908 2608 1161 2678 justeque
1191 2607 1434 2663 viventes
1462 2623 1559 2663 sua
1606 2624 1732 2679 pro-

148 2702 388 2756 tectione
423 2700 711 2754 muniendo
737 2699 1007 2763 defendat,
1049 2699 1342 2755 vindictam
1383 2714 1511 2754 vero
1536 2688 1730 2754 inferat

144 2793 516 2864 peccantibus,
562 2791 768 2860 sibique
810 2789 1200 2845 resistentibus.
1244 2789 1580 2861 Quapropter
1604 2791 1731 2845 sub-

145 2889 294 2940 ditur
328 2902 339 2937 :
368 2901 469 2938 non
497 2883 664 2938 solum
708 2892 916 2952 propter
942 2883 1075 2935 iram
1095 2920 1111 2946 ,
1147 2881 1259 2935 sive
1304 2881 1593 2936 vindictam
1623 2897 1730 2950 qua

143 2983 474 3045 consurgent
497 2976 549 3028 in
579 2990 692 3039 vos,
721 2974 811 3027 sed
833 2983 879 3026 et
900 2982 1109 3043 propter
1128 2972 1517 3033 conscientiam,
1550 2972 1600 3025 id
1625 2978 1727 3037 est,

143 3081 370 3141 propter
413 3076 645 3122 mentem
695 3080 855 3137 quam
909 3066 1115 3121 debetis
1147 3066 1348 3121 habere
1390 3066 1645 3120 mundam
1677 3067 1729 3122 in

140 3161 434 3216 dilectione
459 3159 572 3228 ejus
596 3159 681 3215 cui
712 3158 911 3213 subditi
945 3158 1096 3221 estis,
1128 3158 1363 3212 maxime
1390 3168 1609 3228 promer
1629 3158 1732 3213 hoc

141 3257 275 3325 quia
298 3271 325 3308 a
350 3255 458 3309 Deo
479 3255 799 3311 constitutus
819 3262 901 3310 cst
920 3294 934 3319 ,
963 3251 1114 3323 cujus
1131 3253 1454 3308 ordinati‘oni
1479 3253 1728 3308 reluctari

139 3364 258 3403 non
305 3348 530 3402 debetis.
579 3346 739 3403 Verbi
781 3347 955 3417 gratia
984 3366 997 3400 :
1022 3345 1095 3401 Es
1128 3346 1375 3403 subditus
1412 3342 1485 3401 illi
1538 3347 1730 3403 timens

140 3441 405 3495 damnum
452 3438 777 3508 temporale,
830 3440 954 3493 dum
1003 3438 1174 3493 servis
1222 3439 1289 3492 ad
1329 3437 1583 3495 oculum:
1614 3444 1728 3494 esto

138 3531 393 3587 subditus
412 3538 629 3601 propter
649 3529 1031 3584 conscientiam
1057 3530 1272 3594 mentis,
1299 3536 1356 3582 ut
1381 3527 1436 3583 in
1466 3529 1578 3598 ipsa
1602 3543 1730 3583 con-

140 3622 369 3677 scientia
421 3638 581 3691 quant
615 3620 871 3675 Dominus
904 3621 1171 3684 intuetur,
1204 3635 1309 3674 non
1337 3618 1536 3673 habeas
1579 3618 1726 3673 illum

140 3713 272 3768 odio
299 3714 382 3767 cui
411 3723 637 3782 praestas
665 3712 1005 3780 obsequium,
1032 3711 1127 3766 sed
1156 3718 1245 3764 tua
1269 3725 1421 3765 mens
1449 3710 1730 3781 pet-hibeat

140 3805 242 3858 libi
279 3804 640 3858 testimonium
671 3803 813 3872 quod
842 3819 908 3857 ex
934 3802 1098 3857 corde
1126 3801 1317 3872 diligas
1344 3801 1513 3855 illttm.

221 3892 348 3948 Ideo
377 3897 509 3948 enim
531 3905 577 3948 et
602 3894 793 3947 tributa
821 3893 1099 3964 praestatis.
1127 3890 1393 3946 Subaudis
1420 3893 1542 3961 quia
1569 3906 1598 3945 a
1621 3892 1730 3947 Deo

135 3987 422 4059 prmpositi
455 3993 579 4038 sunt
624 3984 794 4047 vobis,
823 3982 905 4036 vel
948 3984 1072 4052 quia
1100 3981 1391 4036 defendunt
1418 3998 1514 4037 vos
1538 3983 1607 4036 ab
1633 3983 1725 4036 lto-

137 4079 323 4135 stibus
343 4116 357 4140 ,
384 4085 439 4128 et
468 4088 564 4129 suo
593 4074 785 4128 timore
809 4074 1186 4144 constringunt
1216 4073 1463 4128 inimicos
1501 4081 1729 4139 vestros,

141 4184 223 4225 rte
250 4165 641 4221 ititerticiamiui
663 4163 872 4226 abillis,
898 4178 1071 4232 neque
1093 4171 1273 4218 vestra
1295 4163 1434 4218 bona
1454 4164 1728 4235 diripiant,

138 4256 237 4315 vel
267 4255 427 4310 etiam
459 4269 527 4308 ne
552 4255 604 4307 in
636 4268 730 4307 vos
756 4266 907 4307 suam
937 4252 1229 4307 vindictam
1264 4262 1576 4319 exerceant,
1605 4254 1648 4309 si
1676 4255 1731 4310 in

140 4350 334 4419 aliquo
379 4344 604 4400 rebelles
650 4340 972 4400 fueritiszet
1017 4358 1203 4399 eorum
1251 4344 1385 4399 iram
1430 4344 1727 4415 patiamini,

141 4440 292 4495 sicut
318 4436 462 4508 passi
492 4443 617 4491 sunt
657 4434 849 4500 Judaei,
881 4434 973 4505 qui
1003 4432 1292 4488 noluerunt
1333 4434 1591 4490 Romanis
1631 4434 1729 4490 tri-

141 4532 339 4587 butum
362 4528 510 4583 dare.
536 4525 686 4582 Unde
698 4533 752 4580 et
772 4527 1049 4595 sequitur:
1076 4523 1308 4579 Ministri
1327 4525 1461 4579 enim
1478 4525 1572 4580 Dei
1588 4537 1707 4581 sunt

141 4622 204 4675 in
233 4620 332 4674 Itae
360 4621 528 4690 ipsum
566 4618 858 4673 serrientes.
893 4614 1162 4676 Subaudis
1192 4627 1250 4674 ut
1275 4636 1371 4677 vos
1408 4619 1727 4688 defendant,

143 4727 275 4765 reos
294 4711 536 4780 puniant,
562 4710 817 4765 tributum
846 4727 876 4764 a
899 4710 1053 4767 vobis
1074 4711 1356 4783 recipiant.
1382 4711 1473 4768 Sic
1494 4722 1548 4769 et
1568 4713 1733 4768 Joan-

147 4818 250 4857 nes
275 4800 511 4873 Baptista
543 4799 801 4855 militibus
827 4800 1189 4871 quaerentibus
1221 4802 1351 4872 quid
1383 4817 1542 4874 agere
1572 4803 1731 4859 debe-

148 4899 298 4956 rent,
331 4891 601 4960 respondit
627 4909 639 4943 :
669 4889 939 4946 Neminem
962 4894 1291 4958 concutiatis,
1316 4895 1511 4949 nemini
1530 4887 1731 4949 calum?

146 4988 296 5038 uiam
342 4980 584 5051 faciatis,
614 4981 704 5035 sed
752 4984 977 5038 contenti
1026 4994 1184 5038 estote
1228 4986 1497 5055 stipendiis
1547 4988 1729 5041 vestris

147 5073 307 5146 (Luc.
344 5072 447 5145 ιιι).
481 5071 583 5129 Ubi
632 5075 920 5128 notandum
958 5084 1041 5130 est
1065 5115 1081 5140 ,
1116 5075 1241 5146 quia
1276 5092 1382 5132 non
1421 5078 1557 5131 dixit
1583 5096 1596 5130 :
1622 5076 1731 5132 No-

146 5167 247 5221 lite
273 5165 521 5228 militare,
552 5165 677 5235 quia
706 5166 906 5221 milites
937 5181 966 5220 a
996 5166 1107 5222 Deo
1131 5169 1554 5236 constituuntur,
1585 5178 1642 5224 ut
1664 5170 1732 5225 ab

142 5257 231 5311 eis
262 5255 449 5326 patria:
477 5254 578 5309 sibi
603 5256 902 5310 commissae
931 5263 1197 5310 tueantur.

225 5343 447 5398 Reddite
472 5359 594 5414 ergo
622 5345 861 5399 omnibus
890 5346 1084 5411 debita,
1110 5345 1161 5401 id
1183 5355 1268 5402 est
1292 5356 1608 5402 consuetum
1635 5346 1732 5402 ob-

145 5435 437 5505 sequium;
470 5435 610 5489 sicut
637 5434 896 5491 Dominus
924 5436 999 5492 ait
1024 5454 1037 5491 :
1070 5434 1287 5492 Reddite
1319 5456 1437 5509 quae
1463 5450 1585 5494 sunt
1614 5439 1729 5495 Cte-

145 5525 290 5582 saris
319 5522 538 5591 Ctesari,
570 5533 616 5579 et
644 5542 760 5596 qua:
787 5536 908 5581 sunt
941 5526 1035 5581 Dei
1062 5527 1170 5583 Deo
1196 5527 1412 5600 (Matth.
1443 5530 1609 5603 xxn):
1642 5531 1728 5585 cui

146 5617 440 5684 tributum,
464 5618 673 5675 debetis
704 5620 948 5687 reddere,
979 5622 1187 5680 reddite
1212 5625 1264 5680 ei
1288 5625 1558 5691 tributum,
1588 5626 1729 5681 sicut

146 5720 206 5765 ct
247 5710 359 5778 ipse
387 5709 647 5765 Conditor
674 5725 774 5783 pro
807 5727 866 5769 se
897 5721 954 5768 et
977 5712 1139 5771 Petro
1167 5717 1475 5774 didracbma
1504 5718 1725 5789 (Matth.

146 5801 309 5870 xvu).
350 5799 631 5857 Tributum
658 5800 790 5858 dicit
818 5817 848 5857 a
879 5802 1127 5873 tribunis,
1158 5816 1213 5865 et
1243 5809 1442 5864 tribuni
1477 5827 1502 5864 a
1536 5812 1728 5866 tribus.

1756 3221 1801 3283 C

1714 4567 1730 4592 ’
1764 4569 1811 4632 D

1834 1969 2095 2035 debeatis,
2133 1971 2235 2026 nisi
2264 1986 2321 2026 ut
2350 1972 2578 2028 invicem
2610 1974 2865 2044 diligatis.
2915 1974 3142 2031 Reddite
3169 1977 3407 2031 debitum

1833 2070 1884 2117 et
1913 2064 2261 2134 obsequium,
2291 2066 2434 2135 quod
2464 2066 2714 2121 omnibus
2745 2068 3097 2136 potestatibus
3127 2078 3180 2123 et
3208 2069 3410 2139 princi-

1831 2153 1989 2224 pibus
2017 2157 2325 2225 persolvere
2356 2158 2582 2219 debetis,
2623 2158 2676 2213 id
2707 2168 2822 2225 est,
2852 2175 2945 2214 eos
2974 2161 3063 2230 qui
3095 2162 3250 2216 nobis
3275 2177 3410 2230 pra--

1831 2246 1993 2316 positi
2022 2255 2178 2313 sunt,
2212 2247 2431 2317 diligere
2460 2248 2684 2304 debetis.
2721 2248 2834 2306 Hoc
2860 2251 3096 2306 debitum
3130 2253 3411 2306 cbaritatis

1832 2338 2069 2407 quandiu
2100 2338 2152 2393 in
2184 2340 2437 2409 praesenti
2472 2341 2669 2395 sacculo
2704 2341 2921 2406 vivitur,
2958 2344 3203 2408 debetur,
3238 2342 3291 2396 in
3331 2341 3410 2397 fu-

1833 2436 1956 2482 turo
1995 2442 2208 2499 quoque
2250 2431 2369 2485 sine
2415 2432 2650 2500 pondere
2688 2432 2896 2502 plenius
2928 2432 3255 2487 iirmabitur.
3307 2431 3411 2499 Qui

1831 2520 1967 2573 enim
1992 2519 2161 2590 diligit
2186 2520 2503 2589 proximum,
2528 2520 2689 2591 legem
2714 2521 2962 2591 implevit.
2996 2521 3281 2578 Proximus
3308 2523 3412 2576 iste

1833 2622 1937 2661 non
1972 2616 2178 2662 tantum
2205 2610 2538 2679 propinquus
2569 2612 2887 2681 cognatione
2915 2621 3007 2665 aut
3035 2612 3211 2682 aliqua
3244 2611 3411 2666 uiiiui-

1833 2711 1969 2764 tate,
2012 2704 2105 2758 sed
2133 2704 2298 2758 etiam
2329 2705 2507 2759 omnis
2544 2705 2706 2760 homo
2733 2705 3069 2777 intelligitur,
3101 2721 3260 2776 quem
3288 2705 3410 2761 dili-

1832 2795 2025 2865 gendo,
2072 2793 2244 2864 legem
2284 2793 2453 2866 Moysi
2499 2794 2804 2864 implemus,
2853 2798 2979 2867 quia
3018 2799 3160 2868 quod
3203 2798 3412 2870 Moyses

1830 2885 2080 2954 prohibet
2114 2900 2211 2954 per
2242 2885 2415 2955 legem
2445 2903 2459 2937 ε
2507 2884 2631 2940 Νοη
2659 2887 2881 2952 occides,
2931 2905 3032 2942 non
3063 2889 3409 2955 adulterubis,

1830 2982 1887 3029 et
1909 2969 2104 3029 czittera
2128 2974 2276 3039 talia,
2298 2977 2342 3029 si
2365 2974 2708 3031 dilectionem
2735 2978 2996 3034 habemus
3018 2974 3205 3043 contra
3230 2983 3412 3051 proxi—

1831 3081 1977 3120 mum
2016 3080 2123 3120 non
2159 3067 2385 3136 agimus.
2440 3066 2496 3123 Si
2535 3069 2679 3123 enim
2719 3071 3020 3139 proximum
3057 3072 3234 3143 diligis
3262 3076 3402 3129 sicut

1832 3156 2083 3227 leipsum,
2108 3172 2213 3210 non
2243 3156 2459 3212 occides
2486 3157 2658 3223 illum,
2679 3160 2805 3228 quia
2835 3148 2938 3213 non
2968 3162 3046 3214 vis
3070 3164 3274 3217 occidi:
3307 3180 3410 3220 non

1837 3247 2045 3319 pollues
2086 3262 2309 3302 uxorem
2351 3247 2502 3318 ejus,
2545 3249 2668 3317 quia
2711 3258 2856 3303 tuam
2898 3252 2966 3306 ab
2995 3252 3083 3306 illo
3113 3253 3404 3308 atlnlterari

1838 3353 1946 3392 non
1970 3340 2077 3403 vis,
2130 3338 2209 3394 sic
2255 3339 2403 3394 etde
2431 3339 2643 3395 caeteris
2670 3339 3070 3412 intelligendum
3117 3354 3218 3398 est.
3253 3345 3319 3399 Et
3355 3357 3413 3400 ut

1836 3432 2074 3512 abundet
2111 3433 2321 3505 justitia
2369 3442 2553 3489 nostra
2595 3449 2756 3504 super
2799 3434 3063 3504 justitiam
3114 3438 3412 3493 scribarum

1835 3534 1889 3579 et
1913 3524 2308 3579 Pharisaeorum
2344 3535 2541 3580 caetero
2558 3541 2785 3597 rumque
2810 3525 3136 3595 Judmorum,
3171 3530 3417 3583 inimicos

1834 3617 1996 3673 etiam
2023 3627 2235 3672 nostros
2256 3617 2514 3673 debemus
2539 3617 2763 3688 diligere
2790 3605 3005 3687 propter
3028 3620 3120 3674 Dei
3142 3635 3412 3685 amorem;
3438 3666 3447 3677 ,

1834 3719 1888 3765 et
1925 3710 2049 3764 licet
2080 3712 2147 3764 ab
2177 3710 2281 3765 illis
2310 3711 2744 3781 persecutionem
2778 3714 3157 3778 sustineamus,
3192 3728 3293 3768 non
3331 3722 3414 3767 ta-

1834 3817 1956 3855 men
2011 3801 2266 3855 debemus
2319 3802 2542 3871 diligere
2577 3811 2631 3857 et
2669 3818 2851 3857 amare
2892 3804 2942 3858 in
2974 3805 3078 3860 illis
3107 3806 3271 3869 vitia,
3302 3804 3411 3860 sed

1834 3899 2104 3956 naturam,
2127 3891 2484 3962 adimplentcs
2510 3894 2650 3962 quod
2672 3893 2882 3949 Veritas
2905 3896 3175 3965 pra-cipit:
3201 3896 3418 3967 Diligtte

1834 3983 2072 4036 inimicos
2126 3995 2351 4048 vestros,
2408 3994 2455 4037 et
2504 3994 2649 4038 orate
2702 4001 2797 4054 pro
2849 3989 3267 4056 persequentibus
3325 4004 3415 4042 vos

1837 4071 2049 4144 (Matth.
2078 4072 2156 4142 v).
2196 4072 2301 4127 Sed
2329 4074 2588 4141 quzeritur
2613 4088 2711 4129 cur
2739 4076 2996 4129 Dominus
3026 4078 3167 4131 dicat
3198 4078 3249 4132 in
3279 4079 3415 4133 dile-

1836 4165 2016 4219 ctione
2041 4162 2133 4218 Dei
2160 4174 2213 4218 et
2240 4165 2470 4233 proximi
2503 4174 2666 4219 totam
2694 4166 2861 4237 legem
2892 4172 3218 4226 consistere:
3248 4188 3417 4242 quare

1836 4253 1980 4309 dicat
2026 4252 2315 4324 Apostolus
2366 4255 2419 4309 in
2471 4254 2580 4309 sola
2629 4255 2915 4313 dilectione
2964 4263 3193 4330 proximi
3242 4263 3414 4334 legem

1837 4344 2094 4414 impleri?
2124 4346 2275 4413 Quod
2309 4346 2410 4401 ltoc
2436 4349 2596 4403 modo
2623 4350 2866 4417 solvitur,
2899 4354 3022 4422 quia
3052 4353 3104 4407 in
3132 4354 3418 4410 dilectione

1836 4437 2090 4506 proximi,
2121 4437 2370 4493 consistit
2393 4448 2447 4493 et
2466 4439 2684 4495 dilectio
2708 4443 2823 4496 Dei.
2867 4443 3048 4514 Neque
3070 4445 3212 4499 enim
3237 4448 3418 4516 proxi-

1838 4542 1958 4582 mus
1980 4527 2096 4582 sine
2112 4528 2239 4594 Deo,
2260 4544 2357 4585 nec
2371 4530 2511 4586 Deus
2532 4532 2649 4586 sine
2671 4534 2916 4602 proximo
2936 4545 3029 4605 pot
3064 4547 3111 4592 st
3134 4538 3300 4609 diligi.
3325 4537 3415 4592 Vel

1836 4619 1958 4675 ideo
1982 4620 2145 4675 etiam
2189 4621 2243 4675 in
2286 4622 2571 4678 dilectione
2612 4625 2844 4695 proximi
2890 4636 3056 4682 totam
3090 4630 3258 4701 legem
3287 4632 3417 4687 dicit

1836 4711 2081 4784 impleri,
2121 4714 2245 4783 quia
2280 4714 2331 4769 in
2364 4716 2653 4773 dilectione
2681 4719 2774 4774 Dei
2802 4736 2907 4776 non
2938 4725 3016 4777 sic
3045 4723 3199 4778 facile
3228 4740 3416 4794 possu-

1834 4822 1957 4861 mus
1982 4807 2231 4876 probari,
2274 4816 2451 4863 utrum
2484 4812 2651 4867 Deum
2707 4814 2990 4884 diliganms
3019 4835 3198 4873 annon
3221 4861 3236 4885 ,
3276 4822 3418 4875 sicut

1836 4895 1889 4951 in
1914 4896 2202 4954 dilectione
2226 4901 2477 4969 proximi.
2514 4902 2672 4959 Verbi
2701 4908 2902 4977 gratia:
2931 4910 3064 4962 Dum
3095 4911 3292 4963 malum
3319 4926 3417 4979 pro

1836 4988 1979 5043 malo
2006 5004 2110 5043 non
2140 4991 2326 5057 reddo,
2365 4993 2491 5048 dum
2523 5000 2765 5064 peccanti
2799 4999 2851 5053 in
2884 5016 2970 5055 me
3000 5000 3152 5055 fratri
3180 5002 3413 5068 dimitto,

1839 5094 1961 5133 cum
1989 5080 2183 5152 colligo
2209 5098 2403 5154 vagum
2435 5085 2499 5139 ad
2530 5086 2849 5157 hospitium,
2891 5092 3015 5146 dum
3046 5092 3203 5147 hilari
3234 5103 3415 5165 mente

1837 5178 1892 5225 et
1918 5172 2068 5225 vultu
2103 5175 2498 5247 eleemosynam
2541 5179 2850 5249 impendere
2894 5192 3099 5255 satago,
3147 5185 3272 5239 dum
3319 5200 3416 5242 oro

1836 5274 1933 5331 pro
1960 5266 2427 5333 persequentibus,
2453 5279 2674 5339 apparet
2704 5272 2888 5342 utique
2916 5275 2968 5327 in
2999 5275 3082 5329 his
3111 5284 3163 5329 et
3195 5274 3415 5339 talibus,

1836 5353 1959 5421 quia
2009 5353 2172 5426 diligo
2218 5354 2520 5428 proximum
2558 5375 2572 5413 :
2621 5369 2677 5416 et
2722 5363 2848 5418 dum
2894 5363 3056 5434 diligo
3086 5367 3414 5435 proximum,

1834 5445 2060 5500 ostendo
2088 5462 2173 5502 me
2199 5448 2419 5519 diligere
2444 5458 2499 5504 et
2524 5450 2713 5516 Deum,
2741 5453 2894 5525 cujus
2919 5456 3189 5512 mandatis
3209 5458 3417 5512 obtem-

1836 5550 1989 5606 pero.
2022 5535 2138 5593 Hoc
2164 5539 2308 5593 enim
2340 5543 2651 5597 mandatum
2683 5544 2943 5601 habemus
2971 5564 3001 5602 a
3029 5549 3173 5616 Deo,
3221 5561 3277 5604 ut
3320 5552 3412 5620 qui

1837 5625 2009 5695 diligit
2040 5627 2228 5694 Deum,
2266 5629 2449 5701 diligat
2479 5633 2785 5702 proximum
2815 5654 3004 5703 suum;
3054 5639 3180 5710 quia
3208 5656 3303 5710 per
3328 5640 3414 5695 di-

1836 5715 2119 5774 lectionem
2149 5722 2376 5791 proximi
2408 5726 2724 5794 pervenitur
2746 5729 2815 5783 ad
2844 5729 3185 5788 dilectionem
3216 5731 3337 5801 Dei,
3361 5742 3417 5789 et

1839 5824 1934 5878 per
1964 5811 2303 5869 dilectionem
2345 5815 2433 5869 Dei
2473 5818 2537 5870 azl
2578 5820 2807 5886 proximi
2840 5823 3183 5881 dilectionem
3223 5840 3414 5895 perve—
