3936 6456
512 383 619 440 483

972 378 1326 436 HAYMONIS
1365 377 1844 434 HALBERSTAT'.
1887 375 2094 433 EPISC.

2199 376 2293 432 PP.
2335 377 2517 435 PARS
2553 378 2595 433 Ι.
2634 409 2705 420 -
2732 377 3090 445 COMMENT.
3128 378 3299 435 BlBL.

3676 381 3774 439 488

512 498 679 556 nitur.
708 495 965 565 Quamvis
987 493 1128 548 enim
1157 491 1370 547 dilectio
1396 491 1489 545 Dei
1517 489 1689 559 major
1711 491 1784 545 sit
1808 488 2088 561 dignitate,
2119 494 2167 552 Α
2194 490 2431 560 cognitio
2473 498 2675 549 sanctae
2709 490 3025 555 Trinitatis,
3073 500 3129 546 et
3178 491 3435 561 splendor
3482 493 3777 560 virtutum,

515 602 695 645 tamen
725 584 940 641 dilectio
969 583 1195 653 proximi
1226 582 1378 652 prior
1400 581 1508 637 erit
1536 582 1590 635 in
1619 580 1951 650 operatione.
1987 577 2091 657 Qui

513 682 649 737 enim
678 695 781 732 non
808 676 976 745 diligit
1005 674 1223 745 fratrem
1252 689 1426 738 suum,
1454 674 1631 743 inquit
1652 672 1908 729 Joannes.
1937 688 2091 744 quem

512 771 669 833 uidet,
698 768 889 833 Deum,
922 783 1073 837 quem
1121 783 1227 820 non
1272 765 1428 831 videt,
1462 764 1722 835 quomodo
1755 774 1920 835 potest
1963 763 2088 817 dili-

511 859 668 931 gere?
708 857 757 930 (I
783 857 943 911 Joan.
972 855 1073 926 iv.)
1104 856 1472 925 [intelligamus
1515 864 1569 911 et
1616 871 1712 925 per
1748 855 2089 927 proximum,

512 949 662 1004 illum
714 947 1117 1003 Samaritanum
1169 947 1263 1017 qui
1315 945 1444 1001 fecit
1490 946 1918 1005 misericordiam
1967 961 2090 1001 cum

512 1041 697 1095 saucio
725 1038 1006 1093 vulnerato
1036 1055 1065 1091 a
1099 1038 1420 1101 latronibus,
1462 1038 1516 1093 id
1546 1046 1629 1091 est
1654 1036 1960 1101 Christum,
1999 1036 2091 1106 qui

512 1132 667 1186 nobis
698 1130 871 1185 lactus
897 1138 986 1183 est
1009 1129 1287 1199 proximus
1315 1144 1412 1198 per
1437 1129 1857 1197 assumptionem
1888 1127 2087 1183 carnis.

514 1220 653 1292 Ergo
683 1222 773 1290 qui
805 1222 949 1275 hunc
975 1220 1179 1290 diligit,
1226 1219 1396 1291 legem
1435 1220 1719 1274 cliaritatis
1750 1219 2011 1288 adimplet
2036 1225 2095 1273 et

510 1311 683 1381 legem
709 1310 900 1383 Moysi,
926 1312 1049 1380 quia
1076 1310 1206 1366 nihil
1229 1319 1418 1365 contra
1440 1310 1772 1364 voluntatem
1798 1310 1917 1379 ejus
1941 1308 2088 1364 facit.

513 1402 582 1457 Et
609 1420 655 1457 st
680 1403 819 1473 quod
846 1414 921 1457 est
949 1402 1095 1456 aliud
1120 1402 1450 1466 mandatum,
1480 1402 1738 1456 subaudis
1764 1410 1961 1470 praeter
1989 1400 2090 1455 ista

513 1508 635 1563 qua:
650 1495 1105 1558 enumeravimus,
1132 1494 1196 1547 de
1211 1492 1475 1549 adulterio
1488 1492 1756 1557 videlicet,
1780 1492 2090 1559 homicidio,

512 1582 894 1649 fornicatione,
927 1583 1061 1639 falso
1089 1583 1419 1663 testimonio,
1450 1591 1506 1637 et
1533 1584 1969 1652 concupiscentia
1991 1624 2005 1647 ,
2039 1584 2090 1639 in

512 1673 609 1727 hoc
641 1674 812 1739 verba,
857 1675 908 1729 id
939 1683 1021 1729 est
1055 1673 1344 1729 dilectione
1371 1672 1603 1738 Christi,
1645 1675 1993 1738 instauratur,
2039 1675 2093 1729 id

512 1772 596 1819 est
626 1764 1041 1834 redintegratur,
1068 1763 1152 1818 vel
1178 1763 1536 1834 adimpletur:
1568 1763 1766 1834 Diliges
1795 1764 2088 1835 proximum

511 1862 659 1907 tuum
689 1855 822 1907 sicut
847 1856 1093 1923 teipsum.

582 1944 800 1999 Dilectio
827 1946 1065 2016 proximi
1079 1944 1276 2000 malum
1306 1963 1410 2001 non
1458 1956 1724 2017 operatur.
1769 1945 1885 2002 Non
1917 1947 2087 2003 solum

512 2048 618 2087 non
647 2043 922 2103 operatur,
957 2036 1144 2089 verum
1188 2034 1352 2089 etiam
1396 2035 1596 2090 malum
1640 2051 1744 2090 non
1789 2037 1989 2107 cogitat
2024 2036 2090 2092 de

509 2127 780 2195 proximo.
813 2123 1096 2180 Plenitudo
1124 2143 1245 2197 ergo
1274 2127 1420 2196 legis,
1455 2126 1700 2182 Mosaicae
1726 2136 1886 2197 atque
1917 2128 2089 2181 Evan-

511 2216 674 2285 gelii,
704 2216 914 2270 dilectio
941 2227 1015 2270 est
1047 2217 1140 2271 Dei
1169 2226 1223 2271 et
1251 2218 1503 2287 proximi.
1560 2217 1658 2273 L‘bi
1696 2219 1936 2274 charitas
1974 2228 2086 2284 est,

511 2306 641 2377 quid
666 2317 748 2362 est
775 2308 916 2379 quod
942 2308 1114 2376 possit
1139 2308 1364 2373 deesse;
1394 2318 1447 2364 et
1475 2311 1562 2365 ubi
1592 2311 1828 2366 charitas
1854 2326 1957 2367 non
1986 2320 2087 2373 est,

511 2398 639 2468 quid
667 2408 844 2467 potest
872 2400 1168 2470 prodesse?
1211 2398 1548 2470 Quapropter
1574 2404 1869 2472 appetenda
1901 2411 1986 2459 est
2010 2404 2091 2471 di-~

510 2490 670 2546 lectio
712 2490 802 2545 Dei
846 2499 902 2545 et
942 2492 1210 2560 proximi,
1256 2500 1312 2547 et
1349 2493 1575 2548 summis
1601 2493 1804 2549 viribus
1838 2495 2086 2549 tenenda.

511 2578 644 2636 Nam
676 2580 893 2636 dileCtio
921 2581 1121 2636 dicitur
1145 2596 1212 2637 eo
1239 2585 1381 2651 quod
1411 2582 1546 2639 duos
1573 2583 1719 2655 liget,
1750 2584 1917 2638 Deum
1946 2584 2091 2640 vide-

508 2671 638 2728 licet
657 2682 713 2728 et
733 2673 1005 2728 hominem
1026 2672 1339 2743 conjungat,
1356 2672 1441 2728 vel
1462 2687 1897 2745 unumquemque
1914 2674 2092 2745 proxi-

511 2777 660 2819 mum
691 2779 813 2818 cum
844 2764 970 2819 alio.

582 2852 700 2908 Hoc
727 2856 968 2919 scientes,
999 2855 1124 2919 quia
1155 2855 1284 2909 liora
1313 2864 1389 2910 est
1409 2855 1526 2925 jam
1555 2872 1648 2911 nos
1678 2856 1741 2911 de
1764 2872 1946 2911 somno
1972 2873 2091 2911 sur-

510 2961 648 3016 gere.
683 2944 796 3000 Mos
824 2953 906 2999 est
936 2961 1104 3000 sacra:
1129 2944 1440 3015 Scripturie,
1462 2946 1650 3000 horam
1676 2946 1968 3018 saepissime
1993 2962 2091 3016 pro

513 3043 753 3105 tempore
791 3050 1022 3106 ponere,
1063 3036 1204 3091 sicut
1232 3044 1287 3091 et
1315 3036 1479 3091 diem.
1527 3035 1657 3104 Quae
1693 3046 1778 3093 est
1817 3052 1946 3109 ergo
1988 3038 2089 3093 ista

511 3127 680 3192 hora,
716 3126 784 3182 de
812 3142 915 3197 qua
948 3126 1238 3197 Apostolus
1267 3126 1546 3196 loquitur?
1596 3127 1829 3199 Tempus
1865 3138 1948 3183 est
1984 3145 2089 3183 non

2192 583 2455 652 quoniam,
2472 583 2600 638 dum
2632 591 2913 637 transeunt
2940 584 3182 652 quotidie
3207 598 3304 653 per
3326 593 3567 645 mortem
3592 601 3781 656 σοι-μορ

2192 672 2270 728 ris
2298 674 2366 728 ab
2391 673 2647 729 aerumnis
2675 670 2834 741 hujus
2861 673 3064 737 saeculi,
3095 675 3147 735 in
3178 675 3350 731 lucem
3381 693 3639 748 superna:
3669 678 3777 733 ciae.

2190 763 2369 818 ritatis
2395 763 2761 833 mitigantur;
2786 761 2871 817 vel
2900 764 3085 830 etiam,
3114 780 3213 834 per
3240 776 3456 824 noctem
3485 783 3784 838 poeni-

2190 851 2493 923 intelligere
2534 868 2697 909 omne
2736 854 2969 924 spatium
3011 858 3301 924 praelatio
3324 858 3459 912 vis:
3495 858 3779 928 *³11

2192 941 2353 999 linem
2382 944 2583 999 saeculi.
2632 944 2736 1000 Per
2761 945 2907 1000 diem
2932 959 3091 1011 veros,
3111 946 3277 1003 vitam
3303 956 3596 1013 aeternam,
3627 951 3793 1019 cujus.

2193 1032 2456 1088 claritatis
2488 1036 2892 1104 comparatione
2916 1037 3026 1090 vita
3064 1053 3300 1107 praesens
3334 1054 3443 1095 non
3481 1042 3780 1110 incongrue

2194 1134 2304 1174 uox
2332 1121 2649 1191 appellatur,
2679 1124 2805 1193 quia
2834 1124 2943 1189 vita
2983 1140 3220 1194 praesens
3256 1142 3476 1197 semper
3503 1130 3563 1184 in
3601 1130 3779 1189 dolore

2192 1220 2442 1265 versatur
2468 1222 2523 1267 et
2550 1214 2792 1279 tristitia,
2820 1230 2926 1270 non
2955 1215 3161 1271 habens
3188 1221 3656 1288 perpetuitatem:
3699 1223 3779 1278 illa

2193 1313 2320 1355 vero
2346 1302 2558 1371 gaudiis
2587 1303 2705 1358 sine
2734 1303 2840 1358 ﬁne
2871 1306 3139 1362 mansuris
3167 1306 3411 1374 ﬂorebit,
3446 1309 3587 1364 nihil
3621 1313 3780 1365 tristi.

2193 1391 2283 1447 tia:
2312 1393 2636 1459 admittens;
2667 1410 2788 1464 quae
2824 1405 2952 1475 tunc
2970 1397 3280 1465 plenissime
3319 1398 3777 1466 manifestabitur,

2192 1496 2316 1537 eum
2344 1483 2604 1562 Dominus
2629 1475 2695 1539 de
2712 1482 2918 1553 judicio
2949 1485 3002 1540 in
3034 1503 3261 1557 regnum
3290 1490 3611 1545 transierit.
3650 1490 3780 1562 Ergo

2195 1573 2318 1643 quia
2367 1572 2482 1642 jam
2516 1576 2932 1645 appropinquat,
2976 1576 3298 1646 Abjiciamus
3335 1595 3502 1647 opera
3544 1582 3780 1634 tenebra-

2195 1681 2332 1726 rum,
2365 1666 2417 1719 id
2446 1673 2530 1720 est
2557 1664 2901 1730 adulterium,
2937 1667 3306 1730 homicidium,
3340 1668 3779 1737 fornicationem,

2195 1763 2251 1809 et
2277 1763 2469 1810 cetera
2503 1755 2649 1821 talia,
2685 1772 2805 1826 quae
2829 1772 2860 1811 a
2906 1773 3073 1828 regno
3112 1758 3371 1813 cmlorum
3399 1771 3699 1829 separant,
3735 1771 3783 1817 et

2122 1842 2167 1902 Β
2196 1845 2264 1899 ad
2309 1846 2561 1902 tenebras
2605 1856 2893 1918 perpetuas
2936 1859 3272 1919 operatorem
3323 1867 3488 1906 suum
3542 1855 3780 1908 trahunt.

2195 1935 2325 2004 Quae
2368 1938 2533 1992 etiam
2578 1938 2775 1995 merito
2804 1955 2968 2009 opera
3008 1943 3349 1997 tenebrarum
3379 1953 3691 2008 vocantur,
3727 1960 3781 2001 ω

2194 2027 2336 2096 quod
2361 2027 2415 2081 in
2440 2028 2676 2083 tenebris
2697 2029 3030 2099 permaxime
3055 2041 3433 2094 exerceantur,
3458 2033 3631 2103 juxta
3656 2035 3782 2103 quod

2194 2118 2455 2174 Dominus
2476 2118 2806 2185 manifestat,
2828 2118 3047 2175 dicens:
3074 2120 3258 2176 Omnis
3280 2123 3370 2192 qui
3391 2121 3535 2177 facit
3565 2124 3780 2187 malm,

2194 2208 2302 2262 odit
2349 2208 2517 2263 lucem
2564 2209 2746 2279 (Joan.
2810 2209 2916 2282 tit).
2970 2209 3041 2264 Et
3088 2213 3375 2266 induantur
3421 2231 3590 2268 arma
3643 2215 3780 2270 lucis.

2195 2295 2359 2352 Arma
2388 2298 2523 2353 lucis
2553 2308 2680 2354 sunt
2704 2299 2859 2366 ﬁdes,
2886 2316 3031 2370 spes,
3054 2303 3313 2369 Charitas,
3338 2318 3471 2373 pax,
3500 2307 3782 2374 patientia,

2195 2397 2249 2443 et
2280 2397 2488 2443 caiterie
2514 2390 2761 2456 virtutes,
2792 2407 2913 2461 quae
2942 2408 3041 2448 nos
3066 2394 3132 2448 ad
3159 2392 3332 2449 lucem
3359 2406 3596 2452 aeterna:
3626 2399 3785 2454 beati-

2195 2478 2399 2533 tudinis
2418 2481 2750 2551 perducunt;
2775 2497 2894 2551 qua:
2914 2498 3020 2537 non
3044 2483 3311 2540 immerito
3332 2501 3492 2541 arma
3512 2490 3784 2558 appelln-

2196 2576 2307 2635 tur,
2339 2572 2465 2640 quia
2490 2586 2591 2627 nos
2612 2572 2909 2629 defendunt
2939 2576 3007 2629 ab
3040 2574 3383 2644 improbitate
3418 2578 3783 2649 malignam

2197 2661 2505 2731 spirituum.
2528 2661 2825 2731 Abjicimus
2843 2680 2972 2736 ergo
2991 2681 3152 2736 opera
3176 2667 3557 2735 tenebrarum,
3576 2674 3785 2741 quando

2195 2751 2561 2821 exspoliamur
2584 2753 2750 2817 vitiis,
2774 2763 2829 2809 et
2850 2755 3125 2810 induimur
3148 2756 3459 2813 virtutibus.
3495 2758 3785 2817 lnduamar

2198 2841 2363 2912 igitur
2388 2858 2539 2898 arma
2582 2842 2735 2910 lucis,
2776 2845 2880 2901 hoc
2908 2855 3026 2911 est,
3065 2847 3301 2917 undique
3341 2852 3784 2921 muniamuspas

2197 2935 2449 2992 omnibus
2477 2937 2785 3003 virtutibus,
2823 2947 2884 2993 ut
2911 2939 3079 2995 simus
3108 2942 3337 3009 protecti
3367 2950 3425 2997 et
3458 2944 3565 2999 tuti
3604 2925 3784 2999 contra

2199 3026 2426 3081 adversa
2472 3028 2690 3085 diaboli.
2744 3028 2812 3082 Et
2846 3031 3114 3099 quomodo
3154 3032 3449 3087 debeamus
3497 3033 3597 3088 illa
3645 3051 3786 3093 arma

2201 3114 2349 3170 indui
2390 3126 2444 3171 et
2478 3117 2562 3172 liis
2589 3117 2878 3174 virtutibus
2906 3120 3177 3207 exlornari,
3204 3116 3499 3191 Apostolus
3527 3123 3785 3192 declarat,

511 3189 675 3290 legis,
716 3189 1192 3289 sed-Evangelicaa
1242 3189 1663 3289 praedicationis,
1718 3189 1811 3273 s'eii
1848 3219 2096 3275 videlicet
2124 3189 2171 3252 ο
2201 3209 2562 3266 subnectens:

512 3318 667 3371 ictas,
706 3308 935 3380 ﬁnisque
961 3308 1173 3374 saeculi,
1215 3309 1267 3363 in
1299 3325 1406 3380 qua
1435 3324 1621 3364 sumus
1652 3307 1764 3378 jam
1792 3311 1988 3381 positi,
2031 3310 2097 3365 dc

512 3414 622 3470 quo
664 3400 804 3455 idem
850 3400 1140 3469 Apostolus
1181 3399 1315 3454 alias
1356 3400 1524 3454 dicit:
1565 3400 1698 3454 Ecce
1732 3417 1869 3454 nunc
1898 3410 2097 3473 tempus

513 3490 827 3563 acceptabile
856 3490 939 3562 (11
970 3489 1094 3545 Cor.
1118 3489 1218 3561 vr).
1268 3490 1409 3545 Dicit
1433 3489 1722 3561 Apostolus
1751 3490 2010 3545 Romanis
2043 3499 2097 3546 et

513 3582 766 3639 omnibus
809 3581 1195 3647 credentibus,
1243 3581 1406 3635 etiam
1455 3581 1684 3635 necdum
1731 3580 2093 3655 credentibus.

515 3672 628 3729 Hoc
657 3673 909 3737 scientes,
944 3672 1210 3740 inquiens,
1244 3671 1293 3725 id
1323 3680 1439 3736 est,
1480 3672 1582 3726 hoc
1612 3672 1812 3727 scimus
1842 3672 2095 3737 scientes,

514 3765 639 3835 quia
661 3765 795 3819 hora
822 3772 906 3818 est
926 3763 1039 3818 sive
1067 3773 1294 3830 tempus,
1312 3761 1425 3832 jam
1449 3776 1545 3835 nos
1570 3761 1635 3817 de
1661 3776 1849 3816 somno
1872 3761 2099 3832 pigritia:

515 3863 569 3911 ct
596 3856 815 3913 desidia:
845 3868 1090 3924 surgere,
1121 3853 1186 3908 de
1217 3868 1407 3908 somno
1436 3868 1647 3922 quoque
1679 3852 2009 3907 inlidelitatis
2046 3861 2099 3908 et

517 3949 770 4004 vitiorum
798 3960 961 4018 atque
992 3947 1330 4020 ignorantiae.
1379 3947 1454 4002 De
1492 3947 1592 4001 hoc
1634 3961 1822 4001 somno
1856 3945 2100 4025 praecipit

515 4042 678 4096 etiam
717 4055 816 4096 nos
840 4039 1105 4108 Propheta
1135 4038 1473 4109 expergisci,
1510 4038 1696 4093 dicens
1722 4055 1736 4092 :
1766 4036 2100 4108 Expergisci-

515 4132 664 4197 mini,
695 4132 825 4185 ebrii
856 4130 1017 4201 (Joel.
1046 4131 1108 4201 i).
1160 4129 1226 4184 Et
1252 4145 1421 4199 quare
1451 4128 1601 4189 dicit.
1629 4127 1740 4197 jam
1771 4136 1980 4198 tempus
2014 4136 2100 4184 est

516 4220 786 4291 surgere?
815 4220 909 4275 llle
938 4221 1138 4290 surgit,
1169 4220 1259 4289 qui
1281 4219 1529 4290 jacehat,
1559 4228 1616 4273 et
1643 4235 1740 4274 nos
1766 4221 1809 4275 si
1839 4221 2101 4276 hactenus

517 4311 784 4380 jaCuimus
813 4312 866 4366 in
890 4312 1061 4376 vitiis,
1092 4320 1148 4365 et
1178 4321 1395 4382 torpore
1424 4313 1698 4378 vitiorum,
1724 4328 2006 4383 surgamus
2031 4314 2101 4391 ad

519 4400 661 4457 bona
690 4417 854 4472 opera
884 4402 1089 4473 agenda
1111 4442 1125 4465 ,
1156 4410 1210 4456 et
1239 4401 1546 4457 laboremus
1575 4402 1803 4457 viriliter
1830 4404 2098 4460 studiose-

519 4505 645 4560 que.
695 4490 916 4545 Poterat
956 4489 1152 4559 aliquis
1194 4489 1430 4558 objicere
1477 4490 1681 4547 Paulo:
1720 4491 1828 4548 Cur
1855 4494 2101 4565 praecipis

520 4595 621 4634 nos
659 4578 772 4647 jam
813 4579 878 4635 de
916 4594 1105 4635 somno
1136 4581 1400 4651 surgere?
1447 4581 1528 4636 Ad
1576 4583 1690 4639 haec
1736 4583 1824 4639 ille
1872 4586 2102 4642 reddens

521 4686 762 4724 causam.
799 4670 956 4725 Nunc
985 4672 1143 4736 enim,
1171 4672 1363 4742 inquit,
1390 4673 1603 4743 propior
1626 4684 1698 4727 est
1727 4685 1908 4729 nostra
1935 4660 2099 4742 salus,

518 4780 674 4834 quam
697 4781 814 4817 cum
837 4764 1116 4817 credimus.
1151 4764 1280 4832 Qua:
1298 4775 1381 4819 est
1403 4766 1505 4819 ista
1526 4766 1707 4820 salus?
1738 4765 1854 4820 Vita
1876 4776 2101 4832 aeterna,

521 4856 774 4926 gaudium
824 4855 940 4909 sine
989 4856 1094 4909 line
1143 4871 1485 4922 mansurum,
1529 4857 1805 4911 beatitudo
1844 4868 2101 4927 perpetua

520 4961 684 5018 quam
716 4944 814 5000 soli
845 4946 1000 5000 electi
1037 4962 1155 5000 cum
1192 4947 1398 5017 angelis
1442 4949 1741 5016 possessuri
1783 4957 1949 5014 sunt,
1999 4950 2101 5003 ista

516 5039 798 5096 beatitudo
834 5048 888 5093 et
927 5038 1071 5094 salus
1111 5046 1313 5093 aeterna
1356 5040 1575 5110 propior
1614 5048 1697 5095 est
1742 5042 1901 5096 modo
1940 5041 2096 5098 nobis

2271 3298 2386 3365 Sic,
2418 3300 2469 3354 id
2497 3309 2606 3366 est,
2640 3299 2734 3355 tali
2767 3301 2927 3357 modo
2956 3301 3239 3359 induimini
3269 3320 3417 3360 arma
3449 3306 3631 3373 lucis,
3662 3318 3715 3362 ut
3739 3311 3787 3363 is

2197 3388 2303 3456 die,
2326 3390 2431 3446 hoc
2451 3399 2536 3445 est
2557 3392 2610 3445 in
2634 3390 2883 3448 claritate
2901 3393 3183 3460 virtutum,
3204 3398 3412 3452 honeste
3435 3400 3786 3456 ambulemus.

2198 3478 2298 3546 Qui
2333 3480 2384 3533 in
2415 3481 2501 3536 die
2530 3481 2799 3549 ambulat,
2844 3482 3068 3539 honeste
3096 3486 3371 3551 ambulat,
3406 3489 3539 3557 quia
3575 3506 3691 3546 non
3716 3488 3791 3545 oi-

2198 3566 2370 3624 lendit
2396 3569 2587 3641 pedem
2619 3585 2774 3625 suum
2806 3572 2873 3628 ad
2900 3572 3164 3644 lapidem,
3196 3590 3298 3630 non
3329 3577 3513 3643 cadit,
3545 3595 3664 3635 non
3698 3580 3790 3634 in-

2196 3661 2370 3732 pingit
2411 3663 2550 3718 sicut
2592 3660 2680 3718 ille
2722 3664 2813 3735 qui
2859 3665 2913 3720 in
2955 3674 3111 3722 nocte
3141 3667 3397 3722 ambulat.
3433 3668 3548 3724 Nos
3587 3682 3788 3738 nam,

2200 3752 2492 3809 secundum
2538 3754 2643 3811 hoc
2687 3756 2950 3811 monitum
2976 3757 3253 3828 Apostoli,
3300 3759 3532 3816 honeste
3578 3772 3644 3817 et
3684 3764 3791 3818 sine

2200 3843 2495 3901 offensione
2525 3845 2646 3902 ﬁdei
2676 3856 2733 3903 et
2758 3848 2947 3918 gratia:
2973 3849 3087 3903 sive
3114 3849 3353 3904 scicntia:
3380 3849 3681 3906 ambulare
3708 3854 3792 3907 de-

2199 3935 2409 3993 bemus.
2462 3937 2586 3992 Non
2612 3939 2666 3991 in
2693 3939 3170 3994 comessationibus.
3215 3939 3560 3995 Comessatio
3599 3943 3792 3998 didm

2200 4045 2402 4085 mensae
2427 4030 2664 4096 collatio,
2711 4031 2824 4086 sive
2865 4047 3065 4087 mensae
3106 4032 3410 4088 alternatio.
3467 4033 3616 4090 Sunt
3655 4038 3791 4091 enin

2201 4121 2446 4176 convivia
2473 4136 2593 4191 quas
2617 4121 2959 4178 celebrantur
2979 4122 3309 4191 alternatim,
3333 4134 3390 4179 et
3412 4138 3796 4197 prmparantur

2202 4224 2233 4264 a
2262 4209 2425 4265 sociis
2452 4225 2552 4281 per
2578 4210 2695 4266 dies
2721 4220 2778 4266 et
2806 4212 2973 4269 vices.
3023 4213 3162 4269 Sunt
3188 4215 3351 4272 etiam
3382 4213 3489 4270 alia
3521 4219 3791 4283 convivia,

2201 4316 2322 4372 quae
2349 4316 2416 4356 ex
2443 4301 2825 4356 communione
2855 4313 3249 4374 praeparantur,
3296 4306 3519 4374 quando
3548 4323 3701 4362 unus
3723 4306 3796 4360 al-

2203 4393 2307 4448 fert
2332 4408 2558 4464 panem,
2604 4392 2743 4448 alius
2769 4408 2989 4459 carnes,
3032 4394 3170 4450 alius
3196 4394 3410 4462 vinum,
3461 4408 3640 4468 atque
3668 4398 3797 4452 alius

2205 4483 2368 4549 aliud,
2399 4494 2453 4539 et
2483 4482 2683 4539 idcirco
2707 4485 3150 4550 comessationes,
3180 4483 3283 4539 hoc
3304 4493 3413 4547 est,
3446 4501 3669 4542 mens:
3693 4486 3790 4541 col-

2205 4575 2438 4630 lationes
2481 4574 2840 4646 appellantur.
2874 4575 3154 4631 Vocantur
3194 4591 3408 4647 quoque
3449 4578 3671 4632 eaedem
3710 4592 3798 4633 co-

2208 4666 2562 4721 messationes
2592 4666 2772 4736 turpia
2797 4673 2852 4721 et
2880 4665 3161 4721 inhonesta
3192 4666 3467 4732 convivia,
3503 4668 3640 4736 quia
3668 4669 3803 4723 sicut

2205 4773 2394 4813 omnes
2433 4758 2666 4827 propriis
2709 4757 2848 4813 cibis
2892 4767 3118 4812 utuntur
3155 4767 3212 4813 et
3252 4759 3686 4823 communibus,
3735 4762 3803 4814 ita

2205 4848 2367 4902 etiam
2407 4865 2505 4920 pro
2538 4848 2691 4904 libitu
2723 4865 2821 4904 suo
2848 4848 3220 4920 unusquisque
3248 4847 3518 4919 quidquid
3555 4850 3806 4906 scurrili-

2208 4940 2333 4994 tatis
2363 4949 2418 4996 et
2445 4941 2736 4994 otiositatis
2765 4941 2869 4997 sibi
2896 4941 3074 5011 placet
3103 4941 3357 5011 loquitur.
3390 4940 3523 4996 Non
3551 4944 3615 4997 in
3644 4944 3808 4998 ebria

2204 5033 2418 5088 tatibus.
2473 5033 2654 5089 Briam
2697 5049 2897 5105 genere
2943 5034 3242 5091 masculino
3284 5033 3520 5090 dicimus
3568 5036 3807 5091 alicam

520 5148 680 5207 quam
707 5147 775 5187 eo
801 5141 1043 5200 tempore
1066 5131 1283 5200 quando
1308 5132 1654 5197 credidimus,
1684 5135 1937 5202 quoniam
1968 5133 2094 5188 dum
2197 5134 2381 5193 apium
2409 5125 2701 5195 Ροωιίοηί»
2731 5141 2761 5180 3
2791 5139 2899 5196 quo
2928 5124 3129 5181 (Ποίων
3154 5124 3416 5189 θδτίθῑεεν
3441 5139 3574 5194 quae
3604 5134 3707 5181 εει
3735 5125 3814 5191 πῖ.

522 5225 646 5280 linis
669 5222 851 5278 mundi
879 5221 1051 5293 magis
1075 5237 1138 5276 ac
1164 5221 1333 5292 magis
1353 5223 1763 5293 appropinquat,
1785 5224 1893 5278 vita
1919 5222 2098 5278 futura

521 5324 577 5369 et
603 5314 748 5370 salus
772 5323 975 5368 aeterna
1001 5312 1173 5383 magis
1199 5328 1265 5367 ac
1290 5314 1461 5381 magis
1490 5311 1723 5367 festinat.

597 5403 648 5458 Ν
653 5421 719 5459 ox
744 5404 1031 5475 prcecessit,
1054 5402 1164 5456 dies
1193 5409 1367 5454 autem
1392 5402 1840 5472 appropinquavit.
1872 5401 1988 5457 Nox
2017 5411 2102 5459 est

524 5486 740 5551 czccitas
761 5493 1118 5558 inﬁdelitatis,
1137 5506 1243 5546 nox
1265 5501 1348 5546 est
1374 5491 1698 5561 ignorantia,
1713 5508 1819 5547 nox
1842 5501 1924 5549 est
1943 5495 2105 5553 etiam

524 5587 866 5642 conversatio
898 5587 1182 5641 tenebrosa
1214 5584 1267 5639 in
1297 5584 1554 5653 peccatis.
1600 5583 1704 5640 ista
1734 5602 1837 5642 nox
1867 5587 2107 5657 quotidie

525 5676 784 5746 prmcedit
814 5679 868 5735 in
904 5678 1115 5743 electis,
1160 5686 1211 5732 et
1244 5678 1310 5732 ad
1340 5677 1503 5731 vitam
1532 5686 1789 5733 aeternam
1820 5679 2103 5751 priedesti-

527 5768 672 5823 uatis
706 5770 1100 5840 appropinquat
1129 5767 1269 5833 dies,
1317 5765 1639 5823 illuminatio
1667 5768 1917 5824 videlicet
1948 5769 2117 5833 ﬁdei;

2198 5218 2305 5271 mia
2335 5218 2544 5286 potatio
2572 5217 2705 5271 vini.
2759 5216 2880 5271 Non
2911 5218 2965 5270 in
2997 5216 3277 5273 cubilibus.
3326 5214 3549 5271 Cubilia
3580 5218 3812 5287 proprie

2199 5315 2329 5363 sunt
2365 5307 2491 5362 lecti
2527 5307 2641 5362 sive
2671 5307 2837 5361 lustra
2866 5305 3104 5360 ferarum
3143 5306 3286 5360 dicta
3326 5321 3355 5359 a
3389 5302 3556 5361 Redis
3582 5306 3813 5360 arbita-

2207 5402 2466 5467 tionibus,
2495 5402 2691 5471 quibus
2718 5400 3084 5457 assimilantur
3137 5398 3259 5454 lecti
3298 5398 3515 5453 illorum
3552 5397 3659 5467 qui
3690 5411 3813 5451 cu-

2208 5492 2585 5549 meretricibus
2621 5493 2674 5547 in
2706 5491 3057 5562 lupanaribus
3082 5497 3315 5545 coeunt:
3347 5498 3396 5542 et
3424 5487 3814 5557 impudicitiis.

2206 5586 2547 5658 lmpudicitia
2593 5594 2676 5641 est
2721 5584 3105 5643 inverecundia
3145 5593 3201 5640 et
3240 5583 3669 5654 irreligiositas,
3702 5582 3819 5637 sive

2208 5678 2383 5748 turpis
2411 5686 2573 5749 atque
2601 5664 2984 5733 irrationabilis
3014 5675 3206 5732 coitus.
3252 5672 3598 5733 Generaliter
3626 5671 3819 5729 omnis

2206 5768 2394 5834 libido,
2424 5780 2472 5824 el
2505 5768 2913 5835 incontinentia,
2950 5754 3034 5823 vel
3063 5765 3423 5831 immunditia,
3457 5762 3816 5836 impudicitia
