3936 6444
166 372 272 428 485

873 371 1232 431 EXPOSlTlO
1267 370 1335 428 IN
1374 369 1524 426 EPP.
1567 367 1624 429 S.
1666 367 1890 425 PAULI.
1931 399 2000 410 -—
2035 369 2101 424 IN
2140 369 2360 426 EPIST.
2399 370 2490 426 AD
2526 372 2690 430 ROM.

3318 385 3427 449 ‘86

165 487 484 559 appellatur.
516 486 845 557 Operator'cs
864 504 993 546 vero
1017 491 1265 546 dicuntur
1286 489 1560 561 impudici,
1593 490 1740 545 inve-
1767 487 2045 553 Aiutrat,
2092 488 2392 556 coinquinat
2445 489 2703 547 hominem
2752 491 2968 563 (Matth.
3016 497 3143 567 xv);
3195 506 3249 553 et
3292 499 3424 561 illud

164 576 405 643 recondi,
438 585 601 646 atque
631 577 936 649 irreligiosi.
985 578 1109 634 Non
1137 581 1192 637 in
1217 582 1561 636 contentione.
1607 578 1747 635 Cou-

163 669 338 725 teutio
355 678 440 725 est
460 668 740 726 altercatio
760 672 872 726 sive
890 673 1282 735 controversia,
1296 687 1417 741 quae
1434 671 1744 741 plerumque

159 781 231 822 ex
259 766 648 836 quaestionibus
676 764 1083 837 Scripturarum
1113 768 1253 823 solet
1282 768 1438 833 oriri,
1479 777 1539 823 ut
1564 768 1743 823 videa-

161 868 254 915 tur
272 859 397 930 quis
425 859 629 929 aliquid
657 860 939 929 sapientiae
965 860 1187 925 habere,
1211 862 1337 916 dum
1364 860 1528 915 alium
1551 860 1744 915 vicerit

156 966 257 1008 sua
303 950 637 1020 pulsatioue,
687 960 741 1006 et
779 952 1016 1006 maxime
1054 967 1120 1006 ex
1163 967 1221 1005 re
1260 951 1459 1006 nullius
1493 951 1743 1006 utilitatis

157 1041 421 1098 nascitur.
454 1039 579 1095 Ideo
605 1056 735 1096 vero
761 1041 977 1095 vitanda
1007 1050 1106 1104 est,
1136 1042 1261 1111 quia
1295 1042 1468 1096 rixam
1496 1050 1737 1113 generat,

156 1130 227 1186 de
251 1145 358 1200 qua
385 1130 630 1199 procedit
659 1129 841 1184 odium
860 1169 877 1194 ,
914 1137 971 1184 et
997 1130 1063 1183 de
1091 1131 1217 1186 odio
1246 1132 1543 1185 enormitas
1574 1131 1696 1185 mali
1721 1145 1737 1183 :

154 1233 206 1276 et
226 1222 579 1278 inmutatione.
598 1222 897 1280 Emulatio
918 1224 1095 1280 varias
1109 1225 1271 1280 habet
1282 1224 1704 1293 signiﬁcationes
1721 1242 1735 1279 :

90 1368 97 1375 δ
156 1312 440 1383 Signiﬁcat
465 1313 610 1368 enim
640 1315 1028 1381 imitationem,
1066 1316 1337 1387 signiﬁcat
1366 1317 1602 1372 studium
1621 1358 1636 1381 ,
1666 1317 1740 1372 si-

152 1404 378 1476 gniﬁcat
406 1413 461 1460 et
491 1404 770 1469 invidiam,
802 1421 907 1476 qua
936 1407 1060 1477 quis
1086 1407 1310 1461 alterius
1339 1405 1600 1462 felicitate
1626 1415 1740 1462 tor-

153 1505 374 1564 quetur,
403 1503 460 1549 ut
489 1495 542 1549 in
576 1497 677 1551 hoc
704 1495 843 1551 loco.
888 1496 1042 1551 Unde
1065 1505 1119 1551 et
1140 1496 1366 1552 mmulus
1393 1497 1590 1553 dicitur
1616 1497 1739 1552 imi.

153 1596 325 1651 tator,
352 1586 551 1641 dicitur
576 1588 850 1643 studiosus
877 1598 932 1642 et
957 1589 1194 1644 invidus.

227 1677 335 1733 Sed
366 1678 644 1732 induimini
678 1678 958 1734 Dominum
992 1679 1169 1735 Iesum
1196 1679 1479 1736 Christum.
1533 1680 1737 1739 Sensus

149 1785 221 1824 ex
248 1771 618 1839 superioribus
649 1771 865 1839 pendet,
898 1771 987 1827 ubi
1018 1771 1265 1841 praecipit
1292 1771 1370 1825 sic
1402 1771 1552 1826 indui
1581 1782 1732 1826 arma

1842 574 2084 665 Apostoli
2112 593 2126 630 :
2171 576 2361 632 Omnia
2397 580 2613 665 munda.
2633 584 2842 637 mundis
2874 582 3004 654 (Tit.
3030 583 3105 655 t);
3149 594 3204 642 et
3234 587 3288 643 in
3315 587 3423 646 Gc-

1843 665 1995 720 nesi:
2043 664 2179 720 Vidit
2218 665 2360 721 Deus
2396 681 2587 723 cuncta
2624 688 2740 741 qua:
2769 672 2986 742 fecerat,
3015 685 3062 729 et
3094 690 3242 732 erant
3273 680 3424 736 valde

1842 757 1975 812 bona
2004 756 2156 829 (Gen.
2187 758 2248 830 ι).
2296 760 2397 826 Qui
2440 761 2616 816 taliter
2642 774 2768 818 sunt
2796 765 2934 821 ﬁrmi
2978 767 3031 822 in
3075 768 3199 835 ﬁde,
3228 771 3425 839 debent

1841 861 2117 902 assumere
2161 848 2215 903 in
2268 847 2518 903 adactum
2548 852 2827 909 charitatis
2872 865 2928 911 et
2975 856 3029 911 in
3077 857 3420 917 dilectionem

1841 953 1995 995 suam
2025 937 2299 1003 Judzeum,
2350 940 2441 1010 qui
2487 950 2635 1011 putat
2684 944 2895 999 suillam
2931 962 3181 1015 carnem,
3224 951 3425 1022 lepori-

1839 1045 2001 1096 nam,
2047 1031 2426 1102 anguilliuam,
2474 1032 2804 1089 immundam
2850 1053 3001 1103 esse,
3051 1051 3105 1095 et
3146 1052 3338 1099 caetera
3387 1059 3420 1100 a

1839 1122 2033 1191 quibus
2061 1122 2145 1177 lex
2176 1124 2455 1192 prohibet,
2504 1135 2558 1178 et
2603 1140 2724 1194 quae
2764 1126 2849 1181 ille
2880 1140 3006 1183 ante
3037 1134 3263 1200 gratiam
3294 1133 3417 1192 ﬁdei

1838 1212 2341 1284 quasi‘communia,
2365 1216 2417 1270 id
2440 1225 2522 1270 est
2543 1218 2760 1285 munda,
2785 1219 3017 1277 dicebat.
3046 1220 3211 1277 Istum
3240 1234 3420 1283 tamen

1837 1306 2081 1376 prmcipit
2110 1306 2399 1375 Apostolus
2427 1323 2708 1363 assumere
2745 1310 2797 1364 in
2834 1311 3201 1368 dilectionem.
3252 1316 3420 1371 Assu-

1838 1396 1989 1460 mitc,
2010 1395 2201 1463 inquit,
2222 1395 2370 1450 illum
2396 1396 2554 1451 talem
2576 1395 2818 1453 Judaeum
2843 1398 2895 1453 in
2918 1399 3167 1457 affectum
3189 1404 3422 1461 Charita-

1838 1486 1909 1541 tis
1933 1497 1989 1542 et
2010 1487 2173 1541 nolite
2193 1488 2486 1556 dijudicare
2511 1489 2657 1544 illum
2682 1490 2734 1544 in
2761 1491 3179 1562 cogitationibus
3198 1496 3417 1559 vestris.

1836 1591 2012 1646 neque
2041 1579 2381 1634 contendatis
2407 1595 2529 1635 cum
2561 1580 2674 1647 illo,
2715 1582 2840 1640 licet
2865 1584 3108 1653 quaedam
3139 1585 3418 1644 immunda

1834 1669 2193 1738 putansnolit
2220 1670 2570 1727 manducare.

1908 1759 2059 1814 Alius
2086 1761 2225 1814 enim
2254 1760 2416 1815 credit
2453 1778 2509 1815 se
2545 1763 2863 1818 manducare
2892 1765 3089 1820 omnia.
3145 1765 3332 1833 Alius,
3364 1766 3419 1824 id

150 1861 308 1924 lucis,
337 1870 396 1915 ut
425 1862 478 1915 'm
507 1860 595 1914 die
623 1862 845 1916 honeste
873 1839 1209 1916 ambﬂemug
1236 1880 1249 1915 ε
1285 1860 1496 1927 Nolite,
1526 1862 1729 1931 inquit,
1762 1839 1807 1899 Β
1834 1857 1919 1906 est
1946 1850 2178 1920 gentilis.
2212 1850 2399 1905 ﬁrmus
2432 1851 2483 1907 iu
2518 1851 2640 1917 ﬁde,
2669 1853 2841 1908 CI‘Btlll
2863 1854 3043 1910 omnia
3073 1856 3269 1911 munda
3296 1869 3417 1913 esse

150 1951 453 2013 ambulare,
486 1951 538 2005 id
565 1960 648 2005 est
687 1943 870 2007 vivere
900 1952 953 2006 in
999 1951 1485 2007 comessationibus
1518 1962 1575 2006 et
1606 1951 1733 2007 reli-

150 2045 281 2113 quis
304 2044 464 2110 vitiis,
486 2045 580 2099 sed
610 2045 890 2100 induimiui
918 2045 1203 2100 Dominum
1227 2043 1408 2100 Jcsum
1432 2043 1727 2102 Christum.

153 2135 266 2191 Sed
297 2138 516 2206 quaestio
545 2137 740 2201 oritur,
769 2137 1038 2206 quomodo
1067 2136 1334 2206 possimus
1367 2135 1593 2192 induere
1619 2135 1731 2192 Do-

148 2227 360 2282 minum
395 2226 578 2283 Jesum
603 2227 911 2293 Christum,
953 2227 1045 2297 qui
1082 2227 1496 2298 quadragesimo
1524 2227 1612 2283 die
1640 2241 1730 2282 res

144 2318 505 2374 surrectionis
526 2333 637 2373 sua:
657 2317 916 2373 caelorum
938 2317 1275 2373 altitudinem
1299 2316 1620 2385 penetravit,
1640 2316 1729 2372 ubi

143 2404 343 2461 sedere
364 2422 510 2460 nunc
530 2405 768 2460 creditur
788 2406 841 2459 iu
867 2405 1196 2475 plenitudine
1222 2414 1459 2474 paternze
1480 2402 1731 2473 majesta-

142 2498 256 2553 tis?
273 2496 521 2552 Christus
546 2511 676 2565 ergo
703 2496 818 2566 ipse
844 2507 927 2551 est
955 2496 1237 2567 sapientia,
1272 2496 1388 2565 ipse
1413 2503 1496 2550 est
1526 2495 1731 2549 instant

141 2589 219 2642 tia
240 2627 256 2652 ,
284 2588 398 2657 ipse
425 2595 511 2642 est
535 2603 637 2657 pax
657 2627 671 2652 ,
698 2596 753 2641 et
782 2586 1002 2656 reliquae
1032 2587 1258 2640 virtutes
1300 2586 1353 2640 in
1400 2586 1518 2655 ipso
1560 2594 1686 2640 sunt
1710 2598 1726 2637 :

137 2678 421 2734 Christum
450 2678 631 2747 itaque
661 2677 852 2741 induit,
879 2677 970 2746 qui
1001 2691 1189 2731 omnes
1215 2676 1442 2731 virtutes
1464 2689 1601 2745 quas
1625 2675 1729 2735 scit

137 2767 197 2823 in
231 2766 325 2823 illo
346 2782 487 2832 esse,
520 2768 839 2836 inquantum
867 2765 1008 2820 valet
1035 2781 1159 2821 cum
1190 2765 1283 2820 Dei
1314 2762 1582 2833 adiutorio
1611 2764 1731 2820 illas

135 2860 403 2923 assumit,
428 2860 580 2930 juxta
608 2858 751 2929 quod
780 2858 914 2913 alias
938 2857 1229 2926 Apostolus
1257 2856 1426 2912 dicit:
1457 2855 1730 2926 Quotquot

131 2958 194 3010 in
214 2954 434 3009 Christo
457 2954 705 3025 baptizati
718 2954 859 3016 estis,
888 2950 1153 3005 Christum
1178 2950 1423 3004 induistis
1445 2948 1588 3019 (Gal.
1612 2947 1727 3018 tu);

133 3047 194 3103 id
221 3056 338 3113 est,
366 3060 557 3100 omnes
585 3046 814 3100 virtutes
839 3054 967 3098 tunc
995 3042 1245 3097 induistis
1270 3059 1282 3094 :
1304 3041 1432 3110 quia
1463 3040 1531 3095 ab
1557 3039 1732 3095 omni-

131 3138 256 3193 bus
282 3136 520 3206 peccatis
547 3133 792 3188 mandati
820 3134 971 3187 estis.
1019 3130 1283 3186 Similiter
1308 3138 1365 3185 et
1394 3130 1448 3184 iu
1482 3129 1584 3183 hoc
1613 3128 1731 3183 loco

132 3225 558 3298 intelligendum
603 3233 737 3279 est:
791 3222 1115 3287 luduimiui,
1180 3220 1393 3291 inquit,
1447 3221 1730 3275 Dominum

129 3318 335 3375 Iesum
378 3317 677 3382 Christum,
712 3315 767 3370 id
797 3323 882 3370 est
922 3328 1111 3369 omnes
1142 3312 1373 3366 virtutes
1407 3326 1546 3379 quas
1584 3309 1734 3366 scitis

130 3409 193 3464 in
248 3408 367 3478 ipso
401 3422 557 3473 esse,
599 3415 659 3460 ut
696 3406 810 3476 ipse
847 3406 919 3460 sit
951 3405 1117 3461 decus
1150 3412 1315 3473 atque
1351 3410 1731 3458 ornamentum

132 3505 414 3553 vestrum.
451 3496 519 3550 Et
554 3496 728 3550 carnis
757 3511 938 3549 curam
980 3510 1042 3550 ne
1079 3493 1305 3563 feceritis
1344 3493 1399 3546 in
1432 3492 1728 3549 desideriis.

133 3588 270 3642 Non
308 3587 415 3649 ait,
466 3586 840 3641 necessitatem
869 3584 1050 3640 carnis
1078 3600 1146 3641 ne
1175 3583 1444 3648 feceritis;
1483 3583 1607 3653 quia
1639 3596 1731 3637 ne-

131 3692 305 3733 cesse
348 3685 433 3732 est
477 3686 537 3730 ut
579 3677 993 3740 manducemus,
1040 3674 1323 3739 bibamus,
1376 3674 1727 3741 dormiamus,

130 3767 464 3824 vestiamur.
489 3766 601 3821 Iloc
625 3767 750 3836 quia
778 3767 1141 3822 necessarium
1168 3774 1271 3830 est,
1297 3782 1404 3821 non
1424 3766 1727 3836 prohibuit;

132 3856 247 3913 sed
276 3857 456 3911 carnis
484 3871 670 3910 curam
697 3856 749 3909 iu
777 3856 1078 3922 desideriis,
1105 3856 1161 3911 id
1185 3865 1269 3911 est
1294 3854 1517 3922 malum,
1544 3863 1732 3926 utpote

133 3948 513 4012 adulterium,
562 3947 871 4015 crapulam,
922 3948 1276 4014 ebrietatem,
1327 3964 1481 4003 usum
1519 3964 1733 4019 quoque

132 4038 471 4095 balnearum
499 4036 641 4090 ultra
669 4052 828 4105 quam
854 4037 1125 4106 expediat,
1145 4047 1200 4092 et
1220 4047 1414 4092 cetera
1441 4053 1561 4106 qua:
1587 4038 1730 4093 desi-

136 4130 314 4182 derat
344 4126 541 4180 misera
571 4141 719 4191 caro,
760 4142 828 4182 ne
857 4127 1149 4196 perﬁciatis
1184 4128 1287 4194 ait;
1331 4136 1386 4182 et
1421 4144 1526 4183 non
1562 4128 1731 4195 dixit,

138 4216 239 4272 Ne
261 4216 527 4288 cogitetis,
544 4216 796 4287 quoniam
824 4216 1154 4286 impossibile
1177 4225 1263 4272 est
1284 4231 1498 4272 cessare
1522 4216 1734 4286 penitus

135 4326 174 4365 ο
209 4308 541 4378 cogitatione
559 4308 994 4364 delectationem.
1030 4308 1137 4365 Sed
1158 4309 1264 4365 hoc
1282 4309 1731 4365 considerandum

135 4398 282 4470 quia
310 4399 453 4468 quod
481 4398 758 4470 prohibuit
782 4401 836 4452 in
865 4399 1149 4455 desideriis
1174 4399 1442 4455 concessit
1466 4398 1518 4453 in
1544 4414 1733 4455 neces-

135 4489 428 4547 sitatibus.
466 4489 783 4544 Adhibenda
821 4494 904 4544 c'st
950 4491 1150 4544 etenim
1190 4505 1322 4544 cura
1368 4489 1517 4545 carni
1544 4489 1599 4543 in
1638 4506 1730 4546 ne-

134 4578 535 4634 cessimtibns:
578 4579 633 4632 in
659 4579 866 4634 deliciis
892 4595 1022 4634 vero
1057 4589 1112 4634 ct
1151 4579 1364 4634 luxuria
1392 4588 1556 4649 atque
1582 4579 1730 4635 omni

137 4671 611 4740 concupiscentia,
639 4673 854 4742 penitus
879 4672 1234 4727 excludenda.

738 4827 964 4885 CAPUT
1006 4828 1145 4885 XIV.

225 4936 507 5007 Inﬁrmum
541 4950 714 4994 autem
744 4941 801 4995 in
830 4941 935 5009 [ide
970 4942 1240 5005 assumite,
1274 4940 1530 4997 subaudis
1559 4940 1613 4995 in
1645 4940 1728 4996 af-

138 5031 315 5085 fectu
325 5030 629 5095 charitatis,
652 5033 825 5086 nonin
843 5032 1301 5101 disceptationibus
1323 5032 1730 5102 cogitationum;

142 5121 338 5183 idest,
363 5134 468 5173 non
492 5119 545 5174 iu
567 5120 1039 5190 diiudicationibus
1061 5121 1179 5175 sive
1202 5120 1255 5174 in
1278 5121 1728 5177 contentionibus.

142 5207 412 5265 Inﬁrmus
436 5219 520 5264 est
545 5209 598 5264 in
622 5210 750 5275 tide,
769 5210 859 5280 qui
888 5211 941 5265 in
967 5209 1147 5281 aliqua
1174 5217 1327 5279 parte
1354 5208 1474 5264 ΒιΙεὶ
1503 5209 1729 5273 dubitat,

143 5313 264 5356 nec
281 5298 457 5353 credit
473 5298 711 5369 perfecte
734 5300 877 5357 sicut
898 5299 1226 5356 credendum
1250 5307 1353 5354 est.
1396 5297 1628 5353 Inﬁdelis
1649 5308 1732 5354 est

143 5396 294 5453 toto,
327 5390 417 5459 qui
448 5389 582 5444 nihil
612 5389 732 5444 lidei
763 5390 944 5445 habet.
976 5389 1192 5445 Firmus
1219 5398 1403 5445 autem
1430 5396 1516 5445 est
1541 5389 1595 5443 in
1623 5387 1729 5445 lidc

142 5479 422 5544 existens,
449 5480 540 5548 qui
572 5479 625 5533 in
665 5494 729 5535 ea
759 5480 892 5535 nihil
921 5479 1150 5536 dubitat.
1182 5479 1325 5551 Ergo
1370 5479 1617 5535 inﬁrmus
1645 5486 1729 5534 est

144 5571 213 5624 in
264 5569 369 5624 ﬁde
409 5567 625 5625 Judmus
654 5569 744 5638 qui
793 5570 1002 5627 noviter
1044 5569 1114 5625 ad
1158 5570 1318 5626 ﬁdem
1345 5570 1587 5635 veniens,
1623 5582 1728 5623 non

150 5668 315 5731 putat
340 5675 531 5717 omnes
565 5662 716 5717 cibos
743 5660 1001 5728 mundos;
1040 5662 1229 5719 ﬁrmus
1255 5676 1384 5718 vero
1418 5662 1473 5718 in
1508 5660 1613 5716 ﬁde
1646 5667 1731 5716 est

151 5748 400 5820 gentilis,
426 5753 516 5821 qui
558 5751 685 5806 illud
714 5762 893 5825 servat
932 5752 1202 5824 Evangelii
1228 5772 1241 5807 :
1275 5752 1398 5808 Non
1423 5754 1560 5824 quod
1588 5752 1644 5807 ia
1671 5770 1728 5807 os

1832 1943 2048 1999 mundis
2097 1942 2423 1998 hominibus.
2482 1941 2584 2009 Qui
2633 1955 2804 1999 autem
2852 1946 3096 2014 inﬁrmus
3142 1958 3252 2013 est,
3298 1948 3413 2007 olus

1829 2037 2127 2091 manducet.
2161 2033 2376 2091 Iudaeus
2398 2036 2488 2105 qui
2522 2035 2769 2092 inﬁrmus
2799 2039 2849 2092 in
2883 2037 3010 2105 ﬁde,
3035 2039 3128 2109 qui
3157 2041 3415 2109 quasdam

1826 2142 2025 2183 carnes
2044 2126 2409 2189 abominatur,
2424 2126 2550 2181 dum
2572 2142 2677 2182 non
2698 2127 2811 2181 vult
2835 2143 2928 2183 eas
2950 2121 3414 2198 comedére,olus,

1830 2217 1882 2272 id
1906 2225 1989 2273 est
2006 2217 2229 2272 herbam
2253 2217 2554 2283 hortorum,
2569 2227 2625 2273 et
2640 2217 2896 2289 quidquid
2913 2220 3061 2275 cordi
3083 2220 3200 2290 ejus
3214 2220 3410 2290 placet,

1831 2310 1936 2366 hoc
1958 2319 2156 2365 sumat.
2180 2309 2259 2364 Tu
2285 2318 2467 2365 autem
2495 2309 2602 2365 noli
2625 2310 2774 2385 illum
2799 2310 3123 2379 diiudicare.
3146 2312 3250 2369 Per
3274 2312 3413 2379 olus,

1829 2401 2011 2455 omnia
2026 2414 2224 2471 genera
2243 2400 2529 2454 herbarum
2543 2400 3055 2472 designantur,'apta
3072 2403 3409 2459 comestioni.
3505 2435 3513 2442 -

1830 2492 1973 2548 Dicit
2009 2494 2198 2548 beatus
2238 2491 2642 2563 Hieronymus:
2683 2492 2783 2560 Qui
2822 2493 3071 2550 infirmus
3101 2507 3183 2551 est
3211 2495 3417 2566 impetu

1829 2584 2093 2653 libidinis,
2122 2586 2396 2643 abstineat
2423 2603 2453 2642 a
2483 2587 2743 2642 carnibus
2766 2598 2819 2642 et
2850 2586 2995 2648 vino.
3027 2587 3225 2658 quibus
3252 2587 3416 2643 libido

1830 2679 2116 2741 excitatur,
2159 2686 2215 2733 et
2254 2677 2375 2732 olus
2410 2678 2732 2743 manducet,
2781 2678 2830 2732 id
2863 2686 2948 2733 est
2990 2678 3124 2733 viles
3177 2678 3328 2735 cibos
3363 2686 3420 2734 et

1830 2768 2011 2823 aridos
2025 2768 2244 2837 (quibus
2277 2767 2522 2823 frenatur
2535 2778 2589 2822 et
2610 2768 2952 2838 restringitur
2969 2766 3143 2824 ﬂuxus
3155 2767 3415 2839 libidinis)

1830 2858 1990 2913 edere
2016 2857 2209 2911 discat.
2242 2856 2556 2912 Crassitudo
2583 2856 2726 2912 enim
2753 2857 3029 2918 carnium.
3066 2865 3123 2912 et
3145 2857 3415 2913 deliciosa:

1828 2947 2024 3017 epulae,
2054 2955 2350 3015 provocant
2368 2963 2586 3002 carnem
2613 2948 2857 3016 corporis
2882 2948 2948 3001 ad
2977 2948 3271 3004 libidinem.

1904 3037 1975 3103 Is,
1993 3037 2045 3092 id
2065 3046 2151 3092 est
2170 3037 2409 3108 gentilis.
2425 3039 2514 3107 qui
2534 3039 2814 3092 manducat
2841 3037 3211 3097 iitdiﬂ‘erentcr
3228 3052 3419 3113 omnes

1834 3131 2004 3194 cibos,
2055 3145 2160 3183 non
2186 3128 2587 3182 manducantem
2650 3127 2890 3183 Judaeum
2943 3144 3045 3181 non
3075 3128 3320 3196 spernat,
3360 3129 3415 3183 in

1835 3220 2015 3276 animo
2045 3235 2164 3286 suo,
2209 3219 2366 3289 quasi
2412 3219 2593 3273 minus
2630 3218 2877 3289 justum;
2911 3227 2957 3273 et
2993 3219 3082 3287 qui
3120 3234 3223 3271 non
3262 3234 3416 3273 man-

1832 3312 1991 3367 ducat
2020 3311 2224 3376 omnia,
2255 3320 2315 3366 ut
2339 3309 2579 3375 ludatis,
2612 3310 3013 3364 manducantem
3036 3308 3217 3363 omnia
3238 3348 3252 3371 ,
3286 3323 3417 3378 gen-

1832 3404 1981 3460 tilem
2010 3402 2281 3469 videlicet,
2313 3418 2417 3457 non
2436 3402 2639 3472 judicet
2673 3416 2847 3471 neque
2876 3399 3236 3468 reprehendat
3261 3400 3417 3469 quasi

1830 3508 1982 3548 reum
2007 3500 2063 3547 et
2085 3500 2448 3562 peccatorem.
2485 3490 2753 3561 Utrosque
2778 3490 2948 3556 enim,
2975 3488 3188 3545 Iudaeos
3211 3498 3264 3545 et
3288 3505 3419 3560 gen-

1834 3585 1974 3649 tiles,
1999 3585 2224 3641 alternis
2244 3585 2463 3640 instruit
2484 3583 2788 3641 sententiis.
2815 3583 3005 3638 Potest
3024 3591 3079 3635 et
3099 3579 3417 3652 spiritaliter

1831 3675 2058 3746 intelligi
2090 3676 2383 3731 secundum
2417 3675 2635 3730 beatum
2664 3672 2980 3744 Gregorium
3011 3690 3024 3725 :
3057 3670 3160 3739 Qui
3193 3671 3419 3725 mandu-

1832 3772 1953 3828 cat,
1983 3765 2189 3834 inquit,
2230 3764 2282 3818 id
2311 3773 2397 3820 est
2440 3765 2532 3835 qui
2564 3764 2872 3819 meditando
2897 3769 2953 3817 et
3009 3762 3301 3817 scrutando
3330 3775 3417 3817 sa-

1830 3872 1978 3911 cram
1995 3855 2331 3925 Scripturam
2354 3865 2642 3927 penetrare
2665 3856 2824 3918 valet,
2843 3871 2948 3910 non
2972 3855 3415 3915 manducantem,

1832 3946 1885 4001 id
1911 3954 1996 4000 est
2044 3946 2193 4000 illum
2228 3947 2319 4015 qui
2372 3961 2478 4001 non
2506 3946 2649 4001 valet
2675 3957 2985 4017 penetrare,
3015 3959 3121 3999 non
3153 3943 3417 4013 despiciat

1832 4050 2007 4104 neque
2036 4043 2274 4104 spernat.
2325 4036 2557 4090 Econtra
2591 4037 2682 4106 qui
2714 4052 2820 4090 non
2855 4035 3176 4098 manducat,
3214 4034 3267 4088 id
3323 4042 3406 4089 est

1833 4125 1924 4195 qui
1952 4141 2059 4180 non
2085 4126 2331 4197 intelligit
2359 4142 2457 4182 nec
2500 4126 2641 4182 valet
2682 4136 2967 4197 penetrare
2993 4126 3415 4197 profunditatem

1833 4216 2138 4271 divinarqu
2170 4215 2610 4285 Scripturarum,
2649 4217 2797 4271 illum
2826 4218 2917 4286 qui
2958 4215 3214 4287 intelligit
3241 4226 3294 4271 et
3324 4231 3416 4270 sa-

1831 4308 1988 4378 piens
2009 4318 2110 4372 est,
2135 4323 2239 4363 non
2267 4310 2550 4364 contristet
2579 4325 2750 4379 neque
2780 4310 3078 4380 despiciat:
3111 4308 3254 4364 Deus
3279 4311 3415 4367 enim

1833 4398 2013 4461 illum.
2059 4401 2316 4457 subaudis
2340 4403 2590 4472 gentilem
2629 4402 3043 4457 manducantem
3080 4401 3286 4466 omnia,
3317 4420 3408 4455 as-

1832 4491 2050 4559 sumpsit
2082 4491 2148 4545 ad
2178 4491 2341 4545 ﬁdem
2369 4508 2519 4547 suam
2551 4508 2711 4563 quem
2741 4492 2981 4562 perfecte
3005 4492 3217 4557 docuit,
3253 4500 3314 4547 ut
3341 4491 3416 4547 nil

1830 4590 1982 4650 putet
2010 4582 2341 4636 immundum
2370 4597 2488 4637 esse
2518 4583 2731 4637 mundis
2759 4582 3091 4637 hominibus.

1908 4671 1984 4726 Tu
2009 4676 2125 4743 quis
2144 4690 2197 4726 es
2227 4675 2315 4743 qui
2334 4674 2545 4743 judicns
2573 4673 2797 4728 alienum
2828 4690 3027 4727 servum
3047 4672 3072 4727 ?
3094 4672 3161 4726 Et
3183 4679 3267 4727 est
3290 4686 3386 4726 seu

1833 4777 1955 4817 sus:
1977 4762 2032 4815 Si
2048 4760 2355 4817 Dcusillum
2384 4763 2634 4831 gentilem
2660 4763 2952 4833 assumpsit
2973 4762 3038 4816 ad
3067 4762 3222 4815 ﬁdem
3252 4776 3407 4827 suam

1832 4861 1894 4906 ut
1922 4852 2099 4906 omnia
2128 4852 2433 4915 manducet,
2465 4860 2518 4905 tu
2548 4852 2670 4921 quis
2694 4867 2773 4913 es,
2799 4852 2888 4921 qui
2935 4850 3082 4904 illum
3123 4850 3189 4904 de
3230 4864 3411 4903 come-

1834 4943 2009 4998 stionc
2035 4957 2130 4996 sua
2160 4941 2550 5011 reprehendis?
2569 4941 2749 4996 Potest
2777 4950 2954 4995 tamen
2982 4954 3036 4994 et
3057 4939 3172 4993 haec
3196 4947 3414 4992 senten-

1835 5034 1910 5088 tia
1939 5034 2007 5088 ad
2027 5031 2269 5087 Judaeum
2298 5033 2353 5088 in
2379 5032 2483 5087 [ile
2508 5041 2842 5104 assumptum
2871 5030 3086 5088 referri.
3110 5028 3407 5085 secundum

1833 5124 1975 5195 quod
2003 5125 2281 5194 sequentia
2303 5116 2649 5179 manifestam
2675 5132 2733 5178 ut
2756 5125 2966 5178 dicatur
2994 5141 3008 5177 :
3035 5123 3178 5177 Deus
3198 5136 3411 5173 assum-

1831 5217 1940 5286 psit
1973 5214 2212 5270 .ludazum
2251 5219 2318 5272 ad
2348 5215 2509 5271 ﬁdem
2546 5232 2719 5279 suam,
2762 5215 2885 5268 licet
2914 5214 3002 5268 ille
3031 5212 3276 5282 quaedam
3311 5211 3408 5263 im-

1832 5305 2028 5361 munda
2056 5306 2233 5359 adhuc
2262 5314 2411 5374 putet
2434 5314 2488 5359 et
2516 5305 2747 5374 rejiciat,
2781 5314 2834 5359 tu
2873 5305 2995 5373 quis
3028 5318 3106 5367 es,
3138 5319 3171 5357 ο
3198 5299 3412 5373 gentilis

1830 5395 2023 5459 ﬁdelis,
2055 5395 2377 5465 quijudicas
2423 5396 2657 5450 alienum
2708 5410 2967 5450 servum:
3019 5393 3263 5449 Judmum
3302 5391 3411 5446 sci-

1831 5484 1956 5542 licet
1999 5502 2213 5542 servum
2260 5486 2461 5543 Christi
2493 5502 2591 5556 per
2632 5486 2829 5542 ﬁdem?
2883 5484 2991 5541 Suo
3024 5485 3245 5539 Domino
3283 5492 3410 5546 stat,

1834 5577 2089 5633 subaudis
2117 5577 2159 5630 si
2192 5576 2464 5647 perfectus
2494 5586 2576 5633 est
2608 5579 2659 5632 in
2712 5576 2833 5642 ﬁde,
2888 5586 2981 5631 aut
3011 5575 3149 5630 rudit
3189 5575 3414 5629 Domino

1834 5681 1954 5730 suo,
2001 5666 2045 5720 si
2079 5666 2133 5720 in
2162 5682 2227 5721 ea
2257 5668 2484 5723 dubitat.
2535 5667 2760 5724 Domino
2801 5682 2898 5722 suo
2940 5675 3048 5722 stat
3077 5663 3317 5727 Iudaeus,
3365 5664 3411 5719 si

1835 5756 2105 5825 perfectus
2139 5766 2246 5822 est,
2289 5766 2341 5813 ct
2372 5759 2414 5815 si
2473 5758 2654 5813 omnia
2723 5759 2897 5814 credit
2943 5760 3164 5821 munda,
3193 5757 3318 5827 quia
3355 5756 3407 5809 in
