3936 6466
549 383 650 439 487

1026 377 1376 435 HAYMONIS
1414 374 1886 432 HALBERSTAT.
1926 375 2140 432 EPISC.
2169 376 2320 433 OPP.
2361 377 2539 434 PARS
2566 377 2618 432 ’1.
2651 406 2722 419 --
2758 376 3112 435 COMMENT.
3149 376 3319 433 BIBL.

3708 371 3796 426 $88

553 498 657 553 lide
687 493 898 555 Domini
928 495 1009 548 sui
1034 500 1180 548 'stat.
1225 491 1281 545 Si
1315 500 1494 546 autem
1538 489 1715 556 cadit,
1753 505 1857 546 non
1897 492 2124 547 credens
2151 496 2203 555 Α
2227 507 2389 553 sensu
2412 493 2667 549 abundet.
2698 493 2799 563 Qui
2823 514 2836 549 :
2862 510 3058 567 magna
3079 496 3329 566 intelligit
3350 503 3408 551 et
3432 494 3707 559 sublimis,
3724 493 3799 548 ob

550 587 731 641 omnia
760 585 976 649 munda,
1008 596 1114 636 non
1147 580 1242 635 tibi
1268 580 1434 642 cadit,
1467 594 1500 634 o
1530 578 1762 649 gentilis,
1788 580 1880 649 qui
1904 596 2009 634 non
2031 594 2127 649 po-

554 686 635 732 tes
676 690 798 730 eum
840 673 1099 735 relevare,
1150 671 1243 725 sed
1273 686 1372 725 suo
1402 670 1629 725 Domino
1674 686 1835 741 quem
1884 670 2124 737 oil‘endit,

553 767 642 835 qui
666 772 855 836 potens
877 771 960 817 est
989 776 1114 816 cum
1142 761 1352 832 erigere
1374 768 1429 815 et
1469 760 1702 815 solidare
1723 761 1779 815 in
1821 760 1945 815 fide.
1989 760 2126 817 Nam

552 857 745 911 cadere
794 865 987 924 sponte
1023 868 1330 922 possumus,
1363 853 1457 907 sed
1497 866 1739 920 surgere,
1787 851 1892 906 nisi
1939 866 1971 905 a
2016 852 2127 909 Deo

548 947 839 1017 erigamur,
869 945 1172 1013 nequimus.
1208 941 1377 997 Stabit
1417 954 1614 1006 mitem,
1664 943 1715 996 id
1754 951 1856 1003 est,
1890 943 2128 1013 perlicie-

551 1046 641 1091 tur
686 1046 740 1092 et
783 1036 1087 1092 stabilietur
1128 1035 1181 1087 in
1234 1034 1352 1088 fide.
1405 1034 1615 1101 Quare?
1652 1033 1843 1086 Potens
1889 1045 1965 1087 est
1989 1034 2122 1088 enim

552 1126 718 1190 Deus,
757 1126 841 1181 cui
871 1125 1087 1187 cecidit,
1128 1135 1355 1177 statuere
1376 1124 1546 1189 illum,
1574 1132 1628 1178 et
1654 1124 1707 1178 in
1727 1135 1883 1190 recta
1911 1126 2010 1179 fide
2035 1126 2126 1179 iir-

551 1232 724 1274 mare.
755 1216 914 1271 Verbi
942 1216 1112 1284 gratia
1142 1234 1154 1268 :
1198 1216 1344 1268 venit
1382 1215 1538 1269 modo
1577 1213 1792 1269 Judazus
1830 1217 1895 1270 ad
1924 1216 2126 1286 baptis-

551 1324 720 1372 mum,
749 1308 943 1362 transit
972 1307 1037 1361 ad
1084 1307 1309 1376 gratiam
1350 1304 1642 1376 Evangelii,
1670 1321 1943 1375 nunquam
1972 1322 2121 1361 com-

555 1398 667 1452 edit
696 1412 912 1452 carnem
943 1396 1178 1459 suillam,
1206 1404 1297 1449 aut
1322 1395 1635 1465 anguillam,
1665 1410 1839 1463 neque
1881 1411 2126 1464 nauprze-

552 1488 696 1552 dam,
737 1487 970 1542 abstinet
989 1488 1162 1541 adhuc
1184 1487 1337 1556 quasi
1371 1503 1400 1540 a
1429 1500 1593 1540 carne
1618 1486 1911 1549 immunda,
1949 1488 2123 1544 adhuc

552 1577 793 1633 novellus
825 1576 1162 1632 Christianus
1202 1586 1304 1629 est.
1348 1575 1445 1631 Hic
1487 1577 1629 1641 talis,
1661 1577 1786 1630 dum
1819 1592 1914 1647 per
1955 1577 2124 1633 inter-

549 1666 686 1745 valla
713 1676 1008 1737 temporum
1035 1665 1324 1736 perfectius
1346 1667 1612 1732 eruditur,
1643 1667 1769 1721 dum
1802 1667 1958 1721 discit
1978 1668 2120 1737 quod

530 1756 682 1813 .nihil
710 1759 779 1814 sit
803 1759 1151 1823 immundum,
1185 1759 1324 1828 quod
1353 1775 1381 1812 a
1408 1758 1653 1823 fidelibus
1679 1774 1798 1812 cum
1823 1761 2117 1831 gratiarum

2229 593 2411 639 servet
2442 582 2554 643 illa.
2583 584 2902 640 et‘abundet
2926 585 3083 640 bonis
3104 585 3358 655 operibus
3386 602 3401 650 ;
3433 595 3492 640 et
3514 585 3615 655 qui
3649 583 3800 639 subli-

2227 674 2335 729 mia
2373 674 2673 729 divinorum
2708 684 3174 731 sacramentorum
3217 691 3417 731 arcana
3455 690 3663 746 capere
3704 691 3796 730 non

2224 765 2386 831 valet,
2417 779 2480 820 ea
2508 781 2628 836 quae
2651 767 2923 821 veraciter
2945 767 3118 822 credit
3160 774 3215 821 et
3262 766 3539 837 intelligit,
3593 764 3799 820 humili-

2226 864 2311 938 ter
2357 865 2413 912 et
2441 857 2633 911 devote
2663 857 2893 911 Domino
2942 856 3252 922 serviendo,
3290 855 3595 926 adimpleat
3638 855 3795 910 abun-

2225 948 2401 1001 dando
2430 948 2584 1001 bonis
2611 948 2882 1015 operibus.
2925 947 2981 1001 In
3018 962 3118 1002 suo
3156 962 3319 1001 sensu
3349 946 3675 1001 abundabat
3710 944 3797 1015 Cy.

2224 1039 2462 1108 prianus,
2495 1038 2708 1106 quando
2737 1038 2904 1092 semel
2944 1039 3221 1106 mergebat
3250 1038 3302 1091 in
3329 1036 3670 1106 baptismate
3691 1051 3796 1104 par-

2225 1128 2408 1193 vulos;
2439 1128 2562 1196 quia
2599 1127 2741 1197 quod
2778 1128 3135 1198 intelligebat,
3175 1127 3416 1181 studiose
3451 1125 3792 1196 adimplebat.

2222 1216 2380 1272 bonis
2407 1217 2659 1287 operibus
2686 1219 3029 1281 abundando,
3059 1217 3184 1273 licet
3208 1218 3263 1271 in
3289 1219 3395 1271 hoc
3416 1216 3572 1271 facto
3601 1216 3797 1271 nescius

2223 1309 2577 1379 delinqueret.
2624 1310 2729 1365 Sed
2777 1310 2903 1379 quia
2955 1308 3112 1364 bonis
3160 1309 3418 1379 operibus
3469 1308 3790 1370 abundabat,

2220 1409 2405 1470 postea
2437 1410 2718 1470 correptus
2738 1416 2768 1454 a
2801 1401 3049 1466 Domino,
3095 1402 3387 1457 abundavit
3412 1400 3604 1455 altiori
3629 1417 3795 1463 sensu,

2222 1501 2306 1545 ter
2329 1490 2447 1544 illos
2484 1492 2793 1561 mergendo.
2821 1490 2938 1545 Non
2964 1501 3049 1547 est
3072 1507 3202 1562 ergo
3225 1493 3291 1547 de
3320 1490 3593 1547 hmnetico
3619 1492 3795 1546 intelli-

2220 1585 2473 1653 gendum,
2504 1594 2597 1637 aut
2620 1586 2687 1639 de
2718 1599 2876 1653 prava
2905 1580 3172 1649 doctrina,
3197 1592 3256 1638 ut
3285 1584 3677 1653 unusquisque
3702 1599 3797 1638 tua.

2219 1673 2300 1741 gis
2324 1687 2387 1725 ac.
2408 1673 2576 1741 magis
2605 1672 2837 1728 abundet
2870 1674 2923 1728 in
2961 1687 3148 1728 errore
3176 1687 3293 1726 suo.

2292 1761 2395 1827 Qui
2431 1763 2567 1831 sapit
2604 1762 2761 1829 diem,
2804 1762 2856 1818 id
2900 1772 3000 1829 est,
3026 1764 3116 1833 qui
3148 1763 3299 1834 eligit
3334 1778 3435 1834 per
3466 1778 3643 1817 omne
3679 1773 3793 1817 lel-

549 1852 759 1907 ac1ioue
802 1852 1052 1918 sumitur,
1100 1867 1227 1907 ecce
1271 1852 1527 1906 statuitur
1566 1866 1595 1905 a
1647 1850 1756 1905 Deo
1805 1862 1861 1906 et
1891 1852 2116 1909 Domino
2148 1853 2190 1911 Β
2220 1866 2317 1921 pus
2344 1852 2739 1916 abstinendum,
2772 1852 2991 1905 Domino
3012 1853 3167 1922 sapit,
3207 1852 3261 1906 id
3298 1861 3382 1905 est
3416 1852 3669 1906 Domino
3692 1867 3796 1905 coa-

548 1956 645 1998 suo
676 1942 759 1997 cui
806 1942 1000 1997 cecidit
1048 1952 1242 2012 putans
1284 1944 1483 2013 aliquid
1513 1943 1870 2010 immundum,
1909 1958 2034 2000 ecce
2062 1944 2117 1999 in

547 2032 652 2086 fide
688 2031 950 2087 firmatur.

622 2121 763 2175 Nam
799 2121 933 2176 alius
975 2121 1186 2194 judicat
1229 2123 1366 2177 diem
1410 2125 1545 2177 inter
1588 2122 1741 2179 diem.
1772 2123 1865 2180 Ille
1892 2124 2117 2194 iudicat,

547 2210 599 2265 id
639 2221 721 2267 est
755 2212 1034 2279 discernit,
1059 2224 1114 2268 et
1143 2212 1500 2269 differentiam
1546 2213 1675 2269 facit
1715 2216 1858 2271 inter
1893 2217 2035 2272 diem
2065 2222 2121 2273 et

548 2301 707 2363 diem,
735 2303 827 2372 qui
858 2302 1079 2357 alternis
1113 2304 1302 2358 diebus
1335 2319 1363 2357 a
1396 2318 1560 2359 carne
1589 2303 1675 2358 vel
1704 2304 1830 2360 vino
1861 2306 2115 2371 abstinet,

549 2390 772 2446 alternis
796 2408 901 2447 non
917 2394 1170 2459 abstinet,
1193 2395 1340 2449 verbi
1371 2395 1544 2466 gratia
1567 2408 1580 2448 :
1600 2394 1739 2449 Sunt
1760 2395 1918 2451 modo
1940 2396 2117 2463 multi,

528 2480 730 2550 'qui'in
765 2484 1020 2548 secunda,
1076 2494 1132 2539 et
1172 2492 1385 2555 quarta,
1420 2492 1476 2538 et
1502 2494 1652 2539 sexta
1693 2483 1844 2548 feria,
1896 2501 1927 2539 a
1956 2500 2118 2540 carne

545 2579 599 2627 et
627 2574 751 2628 vino
780 2575 1087 2630 abstinent:
1118 2576 1302 2640 tertia,
1351 2577 1564 2645 quinta,
1610 2585 1665 2630 et
1710 2576 1940 2646 septima
1974 2594 2123 2633 com-

545 2665 708 2720 eilunt
731 2682 970 2731 carnem,
998 2676 1053 2722 et
1075 2668 1199 2721 vino
1222 2668 1488 2738 indigent;
1520 2667 1656 2721 alius
1679 2669 1907 2738 judicat.
1931 2668 1985 2723 ω
2012 2680 2115 2736 est,

544 2756 785 2812 decernit
814 2768 866 2812 rt
888 2759 1038 2829 eligit
1074 2776 1274 2812 omnem
1305 2759 1461 2821 diem,
1492 2759 1543 2811 in
1587 2759 1909 2813 abstinentia
1939 2761 2116 2817 carnis

543 2848 625 2901 vel
656 2849 781 2912 viui,
812 2850 949 2902 sicut
977 2850 1231 2913 eremitar,
1278 2860 1331 2902 et
1382 2849 1533 2903 mulli
1572 2850 1979 2904 monachorum.
2010 2852 2118 2906 Ali~

547 2950 661 2998 ter:
693 2941 844 2999 Dicm
876 2942 1003 3000 iuteI
1059 2941 1200 3000 diem
1226 2940 1453 3013 iudicat,
1489 2941 1578 3015 qui
1612 2942 1872 3015 quasdam
1901 2953 2116 3001 senten-

546 3038 647 3091 tias
674 3038 877 3093 Veteris
906 3049 957 3093 et
988 3038 1117 3092 Novi
1173 3038 1502 3093 Testameuti
1537 3038 1802 3109 intelligit,
1853 3042 2114 3109 quasdam

544 3139 826 3199 penetrare
862 3146 963 3183 non
995 3129 1153 3184 valet.
1199 3130 1426 3184 Omnem
1474 3139 1652 3183 autem
1701 3129 1841 3183 diem
1882 3128 2110 3198 jndicat,

2220 1943 2402 2007 sentit,
2427 1944 2551 2012 quia
2578 1943 2754 2014 placet
2777 1943 2851 1998 illi
2895 1942 3013 2012 ejus
3054 1935 3399 1998 abstinentia.
3452 1942 3683 1996 Aliter:
3713 1941 3796 2008 th?

2219 2034 2360 2103 sapit
2388 2034 2553 2099 diem,
2592 2033 2644 2088 id
2675 2042 2779 2099 est,
2802 2034 2892 2103 qui
2916 2032 3126 2103 judicat
3148 2042 3499 2102 peccatorem
3525 2047 3632 2101 per
3651 2033 3798 2102 prmi-

2219 2124 2439 2178 tentiam
2464 2139 2625 2195 posse
2668 2123 2887 2189 salvari,
2922 2138 3023 2178 nec
3051 2123 3301 2193 desperat
3327 2122 3396 2176 de
3424 2122 3621 2177 salute
3651 2120 3795 2184 illius,

2218 2217 2446 2272 Domino
2474 2217 2633 2285 sapit,
2659 2216 2710 2271 id
2731 2225 2837 2281 est,
2860 2216 3086 2271 Domino
3099 2211 3394 2269 concordat
3417 2213 3480 2267 in
3504 2214 3617 2268 hac
3642 2223 3795 2284 pane,

2217 2307 2307 2377 qui
2334 2315 2646 2375 peccatores
2683 2321 2788 2360 non
2814 2305 2995 2360 statim
3026 2306 3182 2376 punit
3206 2314 3263 2358 ut
3291 2314 3555 2374 peccant,
3601 2304 3696 2358 sed
3718 2318 3796 2357 ex-

2217 2407 2425 2468 spectat
2480 2397 2546 2452 ad
2594 2398 2989 2469 ptenitentiam.
3040 2397 3180 2467 Ergo
3216 2397 3309 2467 qui
3360 2413 3475 2452 non
3519 2397 3798 2466 judicatet

2217 2489 2434 2544 damnat
2458 2498 2819 2559 peccatorem,
2858 2489 2952 2544 sed
2975 2490 3147 2543 credit
3170 2489 3319 2543 illum
3352 2489 3508 2542 omni
3534 2489 3629 2543 die
3657 2504 3795 2559 posse

2216 2584 2401 2633 venire
2432 2580 2498 2632 ad
2543 2579 2753 2633 veniam
2799 2594 2895 2648 per
2938 2579 3149 2633 Domini
3193 2577 3666 2641 misericordiam,
3710 2580 3795 2633 Do-

2216 2668 2365 2723 mino
2410 2654 2571 2738 sapit,
2598 2667 2723 2736 quia
2754 2682 2874 2722 eum
2924 2667 3151 2722 Domino
3201 2683 3304 2721 non
3350 2667 3673 2721 concordat
3716 2668 3793 2736 qui

2215 2757 2352 2812 divit
2385 2775 2397 2811 :
2440 2756 2503 2810 1η
2533 2773 2838 2827 quacunque
2863 2757 2950 2810 die
2977 2767 3218 2825 peccator
3238 2773 3524 2810 conversus
3545 2757 3715 2824 fuerit
3739 2756 3795 2809 ad

2215 2865 2313 2911 me,
2352 2847 2647 2902 salvabitur
2693 2847 2909 2916 (Ezech.
2955 2850 3173 2918 XXXIII).
3208 2848 3343 2901 Dum
3373 2861 3514 2916 ergo
3545 2856 3797 2917 pacator

2214 2956 2321 2999 neu
2353 2940 2622 3015 desperat,
2665 2955 2786 2998 eum
2832 2940 3057 2998 Domino
3106 2940 3266 3011 sapit,
3307 2938 3399 3012 qui
3457 2949 3796 3012 peccatum

2213 3048 2510 3108 exspectat,
2545 3046 2600 3092 et
2627 3051 2749 3091 eum
2788 3037 2881 3106 qui
2914 3037 3070 3091 hodie
3111 3037 3325 3089 videtur
3375 3036 3645 3103 itzjnszus,
3693 3034 3796 3089 ﬁeri

2211 3130 2589 3200 possejustnm
2617 3144 2726 3202 non,
2750 3129 3018 3198 desperat,
3043 3143 3163 3182 cum
3196 3126 3420 3179 Domino
3456 3126 3719 3196 intelligit
3748 3134 3795 3179 et

540 3222 627 3289 qui
661 3237 727 3275 ex
759 3221 965 3292 integro
1003 3221 1168 3277 Vetus
1194 3230 1245 3275 et
1272 3220 1475 3275 Novum
1514 3221 1917 3275 Testamentum
1948 3221 2106 3276 intel-
2136 3206 2179 3267 (ἶ
2212 3224 2520 3277 concordat.
2580 3219 2644 3274 Et
2704 3221 2792 3291 qui
2846 3219 3147 3283 manducat,
3207 3217 3467 3272 subaudis
3507 3217 3698 3271 omnia
3746 3225 3796 3269 et

538 3310 674 3380 ligit.
714 3309 829 3365 Non
859 3312 1128 3367 immerito
1156 3328 1283 3384 ergo
1323 3328 1476 3367 sacra
1519 3311 1796 3382 Scriptura
1844 3328 1939 3383 per
1965 3314 2106 3369 diem

520 3401 876 3473 ’intelligitur,
919 3402 1040 3472 quia
1081 3404 1221 3458 sicut
1270 3404 1569 3475 ignorantia
1624 3413 1707 3458 est
1742 3407 1976 3471 czecitas,
2035 3408 2106 3461 ita

541 3494 777 3564 cognitio
806 3505 1004 3549 sancta:
1051 3495 1332 3551 Trinitatis
1381 3513 1500 3567 quae
1548 3498 1601 3552 in
1630 3499 1809 3555 Veteri
1858 3509 1913 3553 et
1959 3498 2108 3553 Novo

537 3582 883 3638 Testamento
904 3585 1225 3651 continetur,
1246 3586 1349 3640 ‘lnx
1376 3594 1430 3640 et
1457 3587 1775 3643 illuminatio
1798 3589 1973 3644 cordis
2000 3596 2102 3643 est.

539 3671 721 3726 Tertio
751 3674 908 3728 modo
934 3675 1075 3729 diem
1101 3677 1240 3731 inter
1269 3677 1407 3731 diem
1431 3675 1659 3746 judicat,
1685 3679 1772 3746 qui
1805 3686 2009 3732 tantum
2036 3680 2106 3732 de

538 3763 787 3829 prtesenti
828 3763 1099 3817 examinat
1148 3774 1200 3820 et
1237 3764 1511 3833 diiudicat,
1555 3767 1703 3820 verbi
1756 3767 1926 3837 gratia
1976 3768 2108 3823 :Vi-

446 3846 453 3852 ’
524 3852 629 3906 'det
654 3853 772 3921 quis
801 3851 1069 3908 hominem
1112 3857 1245 3910 bene
1290 3854 1572 3910 facientem
1620 3856 1702 3909 vel
1733 3856 1890 3909 male.
1936 3855 2106 3923 Quem

536 3944 711 3999 cernit
738 3945 891 4001 bonis
917 3947 1171 4017 operibus
1198 3948 1487 4013 intentum,
1513 3947 1719 4016 judieat
1741 3963 1863 4001 eum
1891 3959 2108 4018 propter

531 4038 790 4109 justitiam
838 4050 1157 4108 praesentem
1201 4040 1439 4106 bonum,
1480 4048 1536 4095 et
1574 4055 1730 4109 quem
1782 4038 1923 4095 videt
1951 4040 2107 4095 malis

534 4129 787 4197 cperibus
817 4129 1076 4194 deditum,
1117 4130 1321 4199 judieat
1352 4146 1473 4184 eum
1522 4140 1741 4200 propter
1788 4131 2106 4200 injustitiam

536 4233 685 4271 suam
717 4218 935 4270 malum.
964 4219 1023 4272 Si
1050 4229 1226 4272 autem
1252 4220 1339 4272 ille
1361 4221 1449 4289 qui
1476 4221 1632 4274 hodie
1655 4222 1824 4275 bonus
1853 4232 1955 4287 est,
1985 4237 2107 4279 cras

539 4307 737 4361 malum
776 4307 983 4371 fecerit,
1016 4308 1221 4377 jndicat
1259 4309 1406 4363 illum
1438 4310 1636 4364 malum
1672 4327 1791 4366 esse
1828 4327 1986 4381 quem
2012 4329 2109 4366 an-

539 4409 625 4453 tea
655 4398 986 4464 laudaverat,
1009 4411 1064 4456 et
1090 4402 1134 4455 si
1165 4401 1255 4458 ille
1282 4404 1372 4472 qui
1415 4405 1573 4459 hodie
1604 4405 1777 4459 malus
1804 4414 1908 4470 est,
1938 4405 2106 4460 decli-

538 4490 746 4543 naverit
781 4504 811 4542 a
849 4490 1004 4545 malis
1032 4498 1088 4547 et
1124 4507 1252 4562 pura
1291 4504 1468 4550 mente
1500 4494 1607 4548 Deo
1631 4495 1835 4550 servire
1859 4496 2106 4564 cmperit,

535 4579 739 4649 iudicat
760 4594 882 4635 eum
906 4581 1143 4651 justum;
1177 4584 1276 4639 iste
1312 4585 1434 4638 talis
1459 4585 1601 4638 diem
1632 4584 1771 4638 inter
1792 4585 1930 4637 diem
1958 4585 2106 4652 judi-

537 4685 646 4739 eat,
673 4674 797 4743 quia
829 4678 1120 4730 secundum
1143 4674 1456 4731 varietatem
1484 4677 1743 4744 temporis
1778 4688 1833 4730 et
1855 4678 2110 4731 mutatio-

537 4782 660 4822 nem
691 4768 831 4833 vitze,
858 4777 1034 4823 mutat
1051 4767 1311 4837 judicium
1340 4783 1450 4822 sua:
1471 4768 1770 4821 sententiae.
1801 4766 1901 4833 Qui
1927 4776 2107 4822 autem

530 4859 739 4932 indicat
776 4874 989 4916 omnem
1023 4861 1184 4924 diem,
1214 4861 1358 4915 Deus
1386 4859 1725 4928 omnipotens
1768 4860 2103 4934 intelligitur,

532 4951 624 5020 qui
650 4951 799 5004 novit
820 4950 995 5019 qualis
1015 4951 1241 5019 quisque
1262 4949 1333 5003 sit
1353 4949 1403 5003 in
1431 4950 1705 5021 prtesenti,
1735 4950 1787 5005 in
1809 4952 2103 5021 przeterito,

531 5041 659 5096 etin
699 5039 917 5095 futuro:
949 5042 1073 5110 quia
1100 5040 1280 5094 omnia
1326 5049 1450 5095 sunt
1475 5041 1524 5095 ei
1565 5042 1867 5112 praesentia,
1901 5049 1955 5096 et
1990 5042 2104 5111 ipse

532 5141 711 5203 potest
752 5146 874 5187 eum
915 5132 1002 5201 qui
1035 5131 1191 5185 hodie
1224 5130 1351 5186 fecit
1380 5130 1602 5196 malum,
1644 5147 1765 5187 cras
1803 5130 1983 5186 facere
2010 5133 2105 5187 bo-

532 5238 683 5278 num.
720 5221 1079 5292 Unusquisque
1101 5223 1154 5276 in
1187 5238 1281 5277 suo
1327 5240 1481 5277 sensu
1524 5223 1770 5276 abundet.
1817 5220 1932 5274 Non
1973 5220 2107 5276 dicit

533 5318 824 5373 indicativo
853 5316 1009 5370 modo
1062 5316 1321 5381 abundat,
1356 5316 1450 5370 sed
1490 5314 1809 5384 imperativo
1848 5314 2100 5367 abundet.

532 5407 598 5462 Et
618 5415 703 5462 est
759 5423 991 5463 sensus:
1036 5404 1342 5461 Secundum
1385 5405 1528 5475 quod
1564 5404 1850 5471 unicuique
1896 5402 2102 5477 homini

530 5515 842 5556 concessum
867 5508 950 5554 est
977 5499 1293 5568 intelligere,
1326 5496 1565 5551 abundet
1594 5495 1648 5549 in
1673 5509 1771 5549 suo
1793 5492 2021 5560 judicio,
2048 5491 2101 5548 id

529 5602 638 5659 est,
667 5596 757 5665 qui
801 5592 1049 5663 intelligit
1092 5607 1120 5644 a
1157 5605 1318 5645 carne
1358 5586 1758 5648 abstinendum,
1792 5585 2097 5639 abstineat:

528 5693 584 5737 et
614 5685 702 5753 qui
734 5698 836 5737 non
873 5681 1141 5749 intelligit,
1173 5680 1225 5735 id
1253 5688 1355 5743 est,
1392 5676 1481 5749 qui
1514 5693 1620 5732 non
1657 5676 1771 5730 vult
1803 5676 2096 5739 abstinere,

527 5783 620 5831 aut
643 5788 744 5828 non
769 5781 961 5842 potest,
994 5772 1253 5825 comedat.
1284 5770 1453 5826 Aliter
1480 5788 1492 5823 :
1520 5767 1896 5837 Unusquisque.
1918 5767 1971 5820 in
2001 5781 2098 5819 suo

2209 3311 2459 3383 gentilis,
2512 3308 3068 3370 Dominormauducat,
3110 3315 3329 3376 propter
3363 3305 3469 3360 hoc
3498 3306 3793 3360 subditur:

2209 3401 2419 3458 Gratias
2457 3401 2593 3456 enim
2632 3401 2739 3469 agit
2770 3399 2901 3463 Deo,
2936 3398 3206 3459 videiieet,
3229 3396 3357 3464 quia
3403 3396 3599 3449 omnia
3632 3396 3798 3450 credit

2207 3508 2325 3550 esse
2350 3493 2569 3556 munda,
2604 3499 2660 3545 et
2683 3489 2862 3545 omnia
2902 3488 3027 3543 licet
3052 3488 3103 3543 ei
3143 3487 3323 3541 edere.
3373 3485 3617 3539 Domino
3659 3486 3795 3539 enim

2206 3584 2514 3646 manducat,
2547 3581 2640 3652 qui
2680 3579 2749 3634 de
2783 3572 3054 3650 perceptis
3086 3578 3153 3631 ab
3180 3592 3246 3631 eo
3274 3574 3564 3631 beneﬁciis
3593 3576 3795 3646 gratias

2208 3675 2390 3731 refert.
2408 3673 2474 3727 Et
2498 3673 2585 3744 qui
2607 3689 2706 3726 non
2737 3671 3021 3725 manducat
3048 3669 3250 3733 omnia,
3275 3665 3793 3728 εςίιειιι,Ιιιιίειξιιιινιιεὶ⁵

2207 3768 2333 3823 licet
2350 3768 2525 3821 minus
2540 3764 2711 3819 adhuc
2734 3762 3005 3833 perfectus
3020 3763 3073 3817 in
3106 3760 3232 3824 tide,
3259 3759 3493 3813 Domino
3516 3775 3629 3812 non
3650 3774 3794 3811 atan-

2209 3860 2402 3912 ducat:
2447 3857 2549 3912 hoc
2579 3864 2681 3916 est,
2715 3855 2971 3910 Dominus
3009 3852 3259 3910 abstinet,
3295 3849 3422 3918 quia
3468 3864 3579 3918 pro
3616 3860 3795 3904 arnore

2206 3949 2590 4020 omnipotentis
2635 3947 2750 4010 Dei,
2799 3948 3199 4000 abstinens'est
3249 3957 3280 3995 a
3326 3940 3487 4003 cibis,
3522 3956 3552 3993 a
3603 3942 3794 4010 1|th

2208 4041 2321 4111 ipse
2348 4038 2599 4108 prmccpit
2623 4036 2995 4091 abstinendum
3022 4050 3165 4098 esse,
3193 4043 3246 4087 et
3274 4033 3484 4103 gratias
3512 4033 3635 4101 agit
3668 4031 3792 4091 D20.

2207 4144 2305 4199 pro
2337 4144 2400 4182 eo
2434 4128 2575 4197 quod
2615 4127 2762 4181 dedit
2792 4126 2867 4179 illi
2910 4124 3165 4178 virtutem
3208 4122 3579 4180 abstinentiae,
3621 4133 3796 4176 etne.

2208 4217 2388 4272 titiam
2417 4232 2514 4286 per
2540 4216 2711 4284 legem
2749 4231 2779 4267 a
2808 4215 3000 4282 quibus
3020 4213 3291 4267 abstinere
3319 4209 3567 4265 deberet.
3600 4210 3795 4264 Notan—

2208 4307 2334 4361 dum
2382 4315 2560 4361 autem
2590 4306 2658 4359 ab
2696 4314 2922 4373 utroque
2951 4302 3246 4372 gratiarum
3275 4300 3555 4355 actionem
3600 4301 3793 4356 referri

2206 4397 2555 4467 omnipotenti
2581 4396 2713 4449 Deo:
2736 4394 2962 4449 Gentilis
2987 4394 3130 4448 enim
3158 4392 3358 4461 gratias
3386 4390 3563 4445 refert
3586 4390 3677 4445 iiii
3702 4407 3795 4461 pro

2211 4488 2460 4542 libertate
2501 4485 2749 4540 vescendi
2782 4485 2963 4538 omnia
2987 4499 3001 4548 ;
3026 4482 3263 4537 ‘Judaeus
3292 4496 3423 4535 vero
3469 4496 3574 4550 pro
3621 4481 3795 4536 frna-

2209 4574 2564 4639 abstinentiae,
2620 4574 2744 4628 licet
2766 4574 2819 4627 in
2860 4573 2960 4626 hac
3004 4566 3155 4640 parie
3190 4585 3298 4640 qua
3341 4570 3595 4625 abstinet
3621 4570 3799 4625 minus

2208 4658 2478 4740 perfectus
2505 4667 2597 4721 sit.

2283 4765 2450 4819 Nemo
2469 4764 2604 4817 enim
2621 4772 2855 4816 nostrum
2876 4760 2975 4815 sibi
2996 4758 3132 4819 vicit,
3159 4767 3205 4811 et
3236 4772 3389 4810 nemo
3412 4755 3522 4810 sibi
3544 4758 3794 4810 moritur.

2206 4858 2323 4915 Hoc
2345 4854 2697 4928 spiritualiter
2724 4852 3059 4921 intelligitur,
3090 4849 3336 4917 quamvis
3360 4854 3417 4901 et
3449 4848 3523 4902 ad
3547 4847 3797 4901 litteram

2203 4951 2376 5023 possit
2401 4947 2506 5003 dici
2538 4934 2769 5001 :INullus
2782 4945 2923 4998 enim
2940 4942 3183 4996 nostrum
3211 4938 3314 4994 sibi
3338 4937 3497 5002 vivit,
3522 4939 3669 5007 quia
3696 4951 3801 4991 nos

2202 5041 2407 5097 habcta
2437 5053 2495 5093 se
2518 5037 2712 5099 vitam;
2741 5043 2796 5088 et
2824 5033 2998 5087 nullus
3019 5031 3120 5086 sibi
3150 5027 3551 5098 φονῇσι-,φύε
3576 5027 3803 5082 mba-

2202 5131 2295 5186 bet
2338 5129 2389 5183 in
2415 5134 2682 5198 potestate
2724 5124 2938 5194 quando
2965 5122 3125 5180 vivat,
3170 5125 3224 5174 et
3251 5116 3474 5186 quando
3490 5118 3800 5171 moriatur.

2204 5218 2311 5275 Sed
2339 5218 2464 5273 dum
2503 5216 2638 5271 dixit
2661 5232 2674 5269 :
2712 5213 2887 5267 Nemo
2907 5220 3172 5272 nostrum,
3206 5209 3260 5263 id
3285 5218 3373 5262 est
3397 5207 3656 5261 ﬁdelium
3684 5223 3737 5276 p'
3758 5223 3807 5258 r-

2203 5308 2486 5371 fectornm,
2540 5305 2606 5359 ad
2662 5304 2904 5357 altiorem
2956 5310 3199 5355 nostrum
3240 5298 3807 5354 excitavit‘sensun.

2201 5399 2451 5455 Christus
2506 5396 2765 5451 Dominus
2804 5400 2987 5446 noster
3027 5391 3193 5445 semel
3242 5398 3495 5444 mortuus
3541 5397 3645 5443 est
3706 5401 3807 5456 pro

2202 5497 2456 5560 peccato,
2510 5489 2635 5556 quia
2678 5484 2879 5538 nullum
2926 5482 3054 5537 fecit
3108 5492 3414 5551 peccatum,
3457 5489 3520 5535 et
3563 5495 3690 5534 nos
3739 5479 3809 5532 ad

2200 5578 2505 5647 exemplum
2531 5577 2719 5632 mortis
2753 5575 2869 5646 ejus
2896 5572 3061 5629 semel
3087 5572 3284 5627 mortui
3314 5584 3506 5624 sumus
3524 5579 3807 5658 peccatu.

2199 5670 2414 5742 purgati
2445 5668 2513 5723 ab
2538 5667 2791 5727 omnibus
2835 5665 3045 5721 delictis
3086 5664 3141 5716 in
3192 5661 3542 5730 baptismate,
3574 5660 3809 5713 redeu-

2201 5762 2276 5830 pti
2315 5759 2511 5814 Christi
2549 5759 2832 5829 sanguine.
2872 5754 2988 5809 Non
3025 5766 3151 5822 ergo
3179 5751 3336 5806 nobis
3363 5749 3649 5805 morimur
3678 5762 3810 5817 μειλ-
