3936 6442
128 420 229 477 ιεθ

832 415 1197 474 εχροδιτιο
1234 416 1300 472 IN
1340 416 1490 473 EPP.
1531 416 1587 472 S.
1630 415 1685 472 Pl

1787 418 1854 473 μι.
1894 449 1965 460 --
2003 420 2070 475 IN
2112 422 2332 479 EPIST.
2375 424 2468 482 AD
2506 422 2673 481 ROM.

2698 354 2706 389 l

3283 431 3393 486 490

123 538 245 587 cato
267 527 322 583 in
351 526 693 598 baptismate,
719 528 813 583 sed
839 528 1076 595 Clu-isto,
1119 530 1247 586 dum
1284 544 1390 585 non
1434 530 1486 583 in
1514 537 1700 584 nostra
1733 535 1778 595 Α
1808 531 1950 596 mali,
1982 534 2207 604 perfecti
2237 544 2311 606 et:
2338 538 2658 609 imperfecti,
2689 541 2915 613 gentiles
2942 550 2996 598 et
3021 540 3210 611 Judaei,
3240 549 3398 604 stabi-

123 628 387 690 potestate
428 616 758 675 ablutionem
804 621 1205 690 consequimur,
1241 623 1334 677 sed
1362 635 1459 692 per
1486 622 1701 691 passio-

122 725 240 766 nem
270 716 324 763 et
353 708 701 779 baptismum,
732 717 896 781 atque
922 725 1020 781 per
1050 711 1208 767 Iidem
1246 711 1388 768 illius
1411 712 1707 768 aLluimur.

120 801 183 857 Et
215 814 376 856 nemo
406 800 510 855 sibi
542 801 693 864 vivit,
717 801 977 857 subaudis
1000 803 1314 869 virtutibus,
1344 804 1437 859 sed
1458 803 1700 869 Christo,

117 891 204 962 qui
229 906 502 962 resurgens
529 909 561 945 a
602 894 845 960 mortuis,
876 894 995 964 jam
1039 911 1142 948 non
1184 896 1429 960 moritur,
1457 911 1597 951 mors
1622 895 1703 950 illi

118 983 250 1035 t'Jl'lt
290 997 396 1036 non
438 981 798 1037 dominabitur
840 982 1018 1053 (Item.
1057 984 1157 1056 Vt).
1188 983 1270 1039 Ad
1317 984 1471 1057 cujus
1518 1000 1703 1041 exem-

116 1072 302 1143 plum,
358 1082 646 1143 postquam
706 1073 773 1128 de
820 1073 968 1130 fonte
1015 1074 1355 1145 baptismatis
1407 1076 1698 1147 surgimus,

115 1162 249 1217 mori
305 1162 581 1234 peccando
628 1162 936 1219 nullatenus
994 1165 1273 1221 debemus.
1338 1165 1471 1220 Mori
1518 1176 1699 1221 autem

111 1253 385 1322 peccando
414 1252 553 1310 dixit
574 1272 589 1308 :
614 1254 740 1325 quia
763 1254 941 1310 anima
968 1272 1090 1327 qua:
1113 1258 1423 1328 peccaverit
1447 1258 1562 1329 ipsa
1590 1271 1699 1313 mo-

114 1344 299 1400 rietur.

178 1439 303 1496 Sive
346 1441 485 1495 enim
509 1442 752 1509 vivimus,
800 1442 1094 1501 virtutibus
1140 1453 1198 1500 et
1240 1444 1352 1501 vita
1402 1446 1694 1517 spirituali,

112 1530 331 1585 Domino
372 1530 628 1587 vivimus:
682 1533 808 1604 quia
858 1534 1181 1590 abstinendo
1221 1550 1253 1590 a
1298 1537 1538 1607 peccatis
1575 1547 1697 1610 post

108 1623 456 1695 baptismum,
488 1618 773 1696 exemplar
824 1625 1244 1682 resurrectionis
1291 1625 1408 1697 ejus
1458 1628 1695 1684 attendi-

109 1730 249 1784 mus,
268 1724 556 1786 postquam
605 1716 723 1787 ipse
747 1716 862 1788 jam
894 1733 1001 1772 non
1029 1718 1279 1787 moritur,
1331 1729 1599 1789 quatenus
1625 1720 1695 1775 ad

108 1804 300 1861 caelum
326 1806 531 1876 pariter
557 1822 682 1862 cum
713 1807 806 1865 illo
830 1809 1217 1885 ascendamus;
1259 1810 1367 1866 sive
1410 1813 1686 1877 morimur,

1808 640 1924 679 mus
1943 635 2063 679 ante
2091 627 2321 682 tribunal
2357 628 2571 689 Christi.
2607 632 2863 689 Tribunal
2897 643 2980 691 est
3001 635 3392 711 sedesjndicis,

1807 729 1925 784 qua:
1952 714 2004 770 in
2029 715 2177 773 celso
2205 716 2324 774 loco
2365 720 2683 788 collocatur,
2712 740 2819 795 quo
2856 724 3022 796 judex
3048 743 3113 807 ex
3142 732 3396 791 omnibus

1754 867 1758 872 ,
1804 805 1979 875 possit
2022 807 2225 874 videri,
2279 817 2336 866 et
2368 809 2483 880 ipse
2533 825 2852 872 accusantes
2894 826 2949 874 et
2993 805 3278 879 accusatus
3325 839 3395 881 ex

1802 898 2061 954 eminenti
2096 899 2216 955 loco
2242 902 2418 971 possit
2455 902 2673 959 intueri.
2727 905 2804 961 Ita
2832 916 2889 963 et
2930 907 3193 969 Dominus
3232 912 3395 974 Jesus

1803 991 1958 1060 quasi
1998 992 2053 1046 in
2083 993 2338 1049 tribunali
2364 995 2591 1061 sedebit,
2621 998 2746 1068 quia
2775 1009 2828 1055 et
2855 999 2928 1056 ab
2962 1005 3215 1065 omnibus
3242 1008 3393 1065 vide-

1801 1080 1972 1148 bitur,
2002 1090 2059 1138 et
2084 1083 2153 1139 ab
2195 1085 2311 1156 ipso
2333 1085 2576 1142 omnium
2600 1088 2948 1145 conscientiae
2969 1100 3026 1149 et
3050 1108 3227 1151 causae
3253 1096 3394 1167 diju-

1802 1169 2126 1227 dicabuntur
2175 1173 2487 1243 aptissime,
2526 1185 2583 1231 et
2632 1186 2718 1233 est
2768 1194 2997 1235 sensus:
3049 1182 3160 1239 Vos
3195 1187 3293 1256 qui
3321 1187 3391 1242 ad

1802 1260 2031 1318 invicem
2056 1261 2257 1320 fratres
2275 1264 2554 1335 iudicatis,
2582 1277 2846 1338 quantum
2870 1269 2927 1324 in
2968 1269 3122 1328 vobis
3165 1288 3251 1331 est
3277 1274 3393 1333 Deo‘

1800 1350 2026 1409 aufertis
2047 1369 2200 1410 suam
2225 1358 2542 1425 potentiam.

1870 1441 2138 1516 Scriptum
2157 1456 2229 1501 est
2249 1448 2387 1502 enim
2416 1462 2435 1502 :
2486 1446 2611 1504 Vivo
2639 1466 2756 1521 ego,
2783 1451 2911 1506 dicit
2946 1451 3221 1509 Dominus.
3272 1454 3397 1514 lloc‘

1798 1537 2012 1607 proprie
2060 1537 2426 1609 juramentum
2458 1541 2551 1596 Dei
2580 1550 2664 1598 est
2698 1542 2753 1599 in
2798 1541 2980 1599 Veteri
3016 1544 3381 1608 Testamento.

1796 1632 1845 1688 si
1867 1632 1975 1689 dici
2023 1632 2108 1691 fas
2129 1644 2233 1702 est,
2262 1634 2404 1693 sicut
2424 1636 2597 1695 Amen
2620 1638 2675 1695 in
2706 1638 2876 1696 Novo.
2915 1639 3033 1713 Ipse
3060 1643 3206 1699 enim
3252 1658 3382 1713 pro—

1795 1721 1914 1792 prie
1937 1723 2069 1778 vivit
2095 1732 2151 1780 et
2182 1725 2291 1780 vita
2323 1736 2428 1792 est,
2498 1728 2625 1798 quia
2652 1730 2849 1785 mutari
2871 1746 2978 1786 non
3006 1741 3202 1804 potest,
3227 1731 3382 1805 cujus

1794 1815 2200 1884 comparatione
2240 1827 2509 1874 mortuum
2532 1826 2616 1876 est
2644 1818 2903 1892 quidquid
2933 1823 3129 1880 mutari
3177 1832 3375 1894 potest,

104 1896 359 1973 subaudis
396 1907 621 1968 peccato
649 1905 893 1970 tempore
917 1899 1282 1971 baptismatis,
1324 1900 1549 1957 Domino
1575 1920 1686 1958 mo-
1715 1905 1761 1965 B
1786 1906 2043 1976 quoniam
2069 1908 2214 1964 nulla
2258 1920 2508 1967 creatura
2546 1920 2630 1967 est
2664 1928 2787 1983 quae
2830 1928 2861 1969 a
2890 1930 2948 1971 se
2977 1916 3138 1972 habet
3187 1900 3374 1972 vitam.

106 1986 271 2041 t’it'tur
295 2000 313 2038 :
338 1987 462 2058 quia
488 1996 547 2043 ut
573 1988 625 2045 ei
650 1988 983 2060 placeamus,
1011 1992 1079 2048 ad
1105 1992 1516 2069 similitudinem
1545 1994 1703 2054 illius

105 2076 199 2147 qui
229 2092 498 2150 nunquam
530 2081 799 2149 peccavit,
826 2096 924 2151 per
962 2082 1123 2138 tidem
1160 2092 1217 2139 et
1260 2085 1688 2159 redemptionem

104 2168 378 2241 sanguinis
404 2168 520 2240 ejus
558 2171 626 2226 ab
663 2172 1014 2244 originalibus
1044 2184 1102 2230 et
1124 2175 1423 2233 actualibus
1451 2180 1689 2249 peccatis

102 2256 159 2313 in
204 2258 528 2329 baptismate
575 2262 918 2319 mundamur.
972 2262 1090 2321 Sive
1133 2282 1256 2338 ergo
1296 2268 1536 2337 vivimus,
1582 2270 1687 2327 sive

101 2348 373 2416 morimur,
399 2350 611 2407 Domini
630 2370 831 2416 sumus,
860 2354 1118 2412 subaudis
1156 2358 1321 2423 servi,
1354 2359 1481 2429 quia
1513 2359 1568 2415 in
1590 2376 1688 2432 po—

100 2449 299 2497 testate
346 2442 489 2500 illius
543 2444 917 2502 consistimus.
972 2447 1203 2505 Possunt
1248 2449 1365 2506 haec
1405 2451 1568 2508 verba
1617 2468 1687 2509 ex

99 2547 400 2608 martyrum
436 2554 666 2610 persona
710 2539 937 2612 intelligi
983 2541 1126 2597 dicta
1156 2551 1212 2598 ct
1244 2544 1485 2599 omnium
1513 2543 1686 2616 perfe-

93 2635 331 2697 ctorum,
358 2632 451 2702 qui
497 2648 606 2688 non
635 2633 738 2689 sibi
781 2633 991 2702 vivunt,
1037 2637 1165 2707 quia
1212 2653 1319 2693 non
1349 2639 1701 2716 voluntatem.

92 2738 251 2777 suam
273 2732 523 2796 quaerunt
546 2725 861 2797 adimplere,
886 2728 983 2783 scd
1016 2727 1250 2796 Domini,
1275 2730 1401 2785 dum
1431 2745 1530 2801 per
1550 2731 1684 2788 dile-

87 2816 332 2872 ctionem
361 2818 505 2889 quod
527 2817 648 2874 aliis
676 2818 911 2892 expedit,
936 2819 1159 2877 faciunt.
1191 2821 1345 2890 Quod
1366 2834 1547 2879 autem
1574 2840 1681 2880 non

86 2910 190 2967 sibi
251 2910 558 2967 moriuntur
602 2922 777 2968 morte
816 2913 1121 2984 temporali,
1168 2912 1222 2970 in
1268 2931 1376 2986 qua
1425 2915 1526 2972 sibi
1574 2933 1681 2971 non

82 3002 464 3058 conceduntur
496 3018 673 3075 neque
712 3003 1113 3075 relinquuntur,
1159 3004 1255 3061 sed
1292 3023 1323 3064 a
1372 3007 1484 3063 Deo
1530 3024 1682 3063 assu-

1792 1995 2056 2063 Quoniam
2096 2001 2225 2055 mihi
2262 2003 2501 2072 ﬂectetur
2528 2019 2679 2059 omne
2701 2021 2857 2075 genu,
2905 2015 2953 2060 et
2983 2007 3149 2062 omnis
3175 2006 3377 2079 lingua

1788 2088 2117 2159 conﬁtebitur
2146 2092 2273 2148 Deo.
2296 2092 2575 2161 Quomodo
2604 2111 2734 2165 ergo
2762 2097 2963 2170 angeli,
2991 2099 3083 2171 qui
3110 2110 3236 2156 suat
3267 2100 3377 2172 spi-

1789 2177 1943 2244 ritus,
1993 2178 2211 2239 llectent
2263 2184 2375 2241 Deo
2419 2186 2606 2256 genu?
2643 2186 2749 2244 Per
2797 2186 3081 2246 ﬂexionetn
3134 2207 3375 2263 genuum

1786 2268 2177 2345 subiectionem
2223 2275 2487 2333 debemus
2540 2277 2861 2348 intelligere,
2911 2280 3036 2350 quia
3079 2281 3133 2336 in
3167 2280 3373 2351 judicio

1785 2360 1968 2416 etnuia
1990 2361 2210 2421 Christo
2231 2365 2551 2423 subdentur.
2588 2367 2863 2426 Flectetur
2901 2386 3031 2442 ergo
3058 2370 3169 2428 Deo
3211 2388 3376 2429 omne

1784 2464 1945 2520 genu,
1999 2452 2127 2508 dum
2176 2456 2357 2512 omnis
2406 2465 2655 2535 creatura
2695 2458 3011 2529 subjicietur
3044 2461 3142 2517 illi.
3182 2462 3372 2519 Omnis

1784 2554 1999 2612 quoque
2034 2543 2216 2617 lingua
2253 2546 2529 2605 hominum
2552 2550 2899 2607 conﬁtebitur
2928 2552 3060 2621 Deo,
3093 2554 3219 2609 dum
3248 2552 3367 2609 Iau-

1784 2636 2111 2694 dabitDeum
2128 2638 2341 2697 Patrem
2351 2641 2679 2713 perFilium,
2695 2644 2840 2715 quod
2861 2645 2928 2702 de
2948 2644 3139 2702 electis
3161 2654 3369 2711 tantum

1784 2720 2033 2783 scutitur.
2072 2728 2207 2787 Nam
2250 2732 2319 2788 de
2361 2733 2541 2813 impiis
2570 2733 2770 2790 dicitur
2795 2738 2944 2808 quia,
2988 2735 3114 2792 Non
3140 2747 3217 2792 est
3254 2754 3370 2809 spe-

1782 2819 1926 2874 ciosa
1960 2819 2077 2876 laus
2099 2823 2154 2875 in
2176 2839 2266 2878 ore
2295 2825 2580 2895 peccatoris
2609 2825 2778 2898 (Eccl.
2812 2828 2925 2900 xv).
2957 2827 3147 2899 Angeli
3185 2837 3369 2884 autem

1781 2924 1849 2966 eo
1874 2912 2032 2968 modo
2056 2929 2164 2982 quo
2185 2922 2311 2970 sunt
2343 2916 2669 2987 incorporei,
2709 2918 2927 2975 laudant
2972 2928 3028 2975 et
3071 2919 3369 2978 laudabunt

1782 3002 1973 3059 Deum.
2011 3004 2123 3060 Vox
2168 3008 2313 3063 enim
2360 3009 2673 3081 angelorum
2702 3011 2781 3066 inv
2809 3012 3024 3069 laudem
3071 3013 3393 3084 Creatoris,-

82 3105 346 3165 muntur;
380 3110 476 3152 seu
500 3097 665 3153 etiam
698 3095 800 3152 sibi
830 3111 939 3151 non
986 3096 1294 3154 moriuntur
1318 3109 1491 3155 morte
1524 3100 1701 3175 spiri-‘
1783 3094 1899 3164 ipsa
1927 3103 2011 3150 est
2036 3096 2318 3153 admiratio
2344 3097 2549 3154 intimae
2574 3100 3063 3173 contemplationis.

80 3187 196 3257 tali,
232 3190 473 3260 peccatis
492 3189 764 3257 videlicet,
812 3188 1011 3261 quibus
1055 3190 1384 3259 moriuntur,
1432 3191 1559 3248 dum
1582 3208 1681 3265 per
1720 3263 1748 3266 _
1849 3189 2038 3261 Itaque
2065 3192 2418 3264 unusquisque
2444 3202 2680 3249 nostrum
2704 3211 2799 3266 pro
2824 3212 2878 3251 se
2906 3196 3155 3251 rationem
3186 3197 3393 3254 reddet~

78 3286 356 3358 Spiritum
406 3297 653 3345 sanctum
711 3297 768 3345 ει
819 3304 1018 3361 aquam
1083 3295 1477 3357 regenerantur
1501 3330 1516 3356 ,
1575 3263 1679 3345 hoc
1706 3263 1750 3325 Ο
1781 3280 1910 3336 Deo.
1936 3282 2006 3338 Et
2028 3291 2111 3338 est
2139 3297 2366 3341 sensus:
2396 3282 2442 3340 0
2466 3283 2637 3341 Judaei
2664 3263 2718 3341 et
2738 3285 2987 3357 gentiles,
3012 3286 3102 3356 qui
3128 3301 3227 3342 nos
3249 3286 3365 3358 jam

74 3387 279 3451 aperte
308 3381 567 3451 inanitur,
602 3382 729 3453 quia
759 3396 868 3439 ηοη
898 3381 1099 3439 debent
1136 3381 1248 3439 οιίο
1293 3389 1531 3454 torpere,
1579 3385 1677 3440 sed
1778 3370 2007 3427 invicem
2017 3370 2294 3442 judicatis,
2309 3373 2786 3445 curDeiiudicium
2805 3385 2987 3434 vestro
3003 3377 3211 3448 judicio
3227 3393 3369 3450 prte-

75 3469 174 3526 Dei
226 3478 283 3525 et
307 3470 545 3541 proximi
579 3469 869 3527 dilectione
897 3485 1113 3542 semper
1148 3468 1380 3527 fervere.
1415 3471 1677 3548 Martyres

1787 3462 2007 3528 venitis,
2055 3471 2113 3520 et
2154 3463 2270 3535 ejus
2306 3474 2629 3537 potestatem
2674 3477 2936 3539 quantum
2979 3470 3034 3524 in
3066 3468 3216 3526 vobis
3263 3481 3393 3537 est,.

71 3578 305 3639 quoque
332 3579 440 3622 ηοη
462 3566 566 3623 sibi
589 3550 980 3634 ωοι-εεικίηιυιι,
1020 3567 1114 3624 εει]
1138 3567 1385 3634 Domino,
1415 3568 1541 3640 quia
1567 3585 1673 3626 ιιοη
1779 3568 1982 3617 temere
2024 3563 2339 3635 usurpatis?
2387 3565 2503 3623 Hoc
2554 3566 2710 3624 vobis
2737 3567 2989 3636 suliiciat,
3020 3571 3167 3641 quod
3193 3587 3362 3629 unus-

71 3667 311 3733 propter
349 3675 502 3716 suam
541 3661 804 3717 malitiam
848 3662 1276 3733 perimebantur,
1311 3662 1405 3718 sed
1441 3678 1539 3734 pro
1580 3664 1675 3720 Dei

1787 3654 2004 3725 quisque
2029 3671 2130 3726 pro
2158 3671 2216 3713 se
2243 3658 2510 3716 rationem
2537 3668 2621 3717 est
2651 3661 2988 3729 redditurus,
3039 3679 3145 3720 non
3192 3663 3389 3722 solum

69 3747 283 3804 notitia
312 3758 368 3805 et
403 3748 742 3809 confessione
785 3751 929 3817 ﬁdei,
982 3752 1195 3809 dicente
1245 3752 1365 3823 ipso
1404 3754 1670 3810 Domino:
1776 3759 2002 3814 ορετιιω
2033 3754 2088 3801 ει
2116 3762 2452 3811 sermonum.
2475 3751 2574 3806 sed
2599 3752 2763 3807 etiam
2786 3753 3195 3824 cogitationum.

70 3839 243 3896 Beati
263 3843 410 3896 eritis
426 3860 545 3898 cum
566 3844 811 3914 ejecerint
833 3860 1021 3899 nomen
1043 3854 1266 3900 vestrum
1288 3855 1540 3917 tanquam
1564 3864 1675 3901 ma-

1849 3835 1975 3890 Non
2029 3854 2153 3907 ergo
2192 3840 2685 3909 amplius-invicem
2720 3843 3017 3912 judicemus
3040 3884 3055 3908 ,
3106 3846 3368 3903 subaudis

68 3931 191 3988 tum
222 3940 436 4003 propter
463 3930 511 3985 F
515 3931 663 3985 ilium
685 3931 909 3986 hominis
942 3929 1094 4002 (Luc.
1118 3932 1216 4005 vr).
1583 3944 1602 3953 θ
1776 3943 1901 3983 cum
1926 3927 2165 3984 futurum
2195 3929 2289 3985 Dei
2307 3930 2568 4001 judicium
2609 3934 2834 3989 minime
2862 3934 3194 4004 ignoramus.
3247 3936 3391 3994 Hoc-

147 4019 228 4077 In
273 4022 372 4074 hoc
416 4021 553 4075 enim
581 4019 820 4075 Christus
871 4032 1107 4078 mortuus
1151 4032 1247 4087 est,
1295 4032 1343 4077 et
1370 4026 1673 4091 resurrexit,
1777 4021 1976 4077 dicitur
2013 4023 2081 4077 de
2106 4021 2356 4088 occultis,
2378 4039 2485 4078 non
2517 4024 2583 4079 de
2602 4025 2847 4094 apertis;
2881 4024 2973 4081 sed
3006 4025 3104 4080 hoc
3123 4025 3361 4095 judicate

65 4115 163 4172 vel
193 4121 367 4169 morte
388 4113 584 4176 carnis,
633 4112 718 4168 vel
744 4122 919 4169 morte
960 4114 1192 4186 peccati,
1246 4115 1372 4186 quia
1398 4132 1674 4189 nunquam
1775 4115 1965 4186 magis,
2012 4131 2076 4171 ne
2098 4116 2308 4187 ponatis
2331 4116 2708 4186 o/fendiculum
2742 4116 2897 4185 fratri
2920 4116 3002 4171 vel
3028 4116 3360 4183 scandalum,

60 4206 357 4282 peccavit,
411 4216 467 4259 ut
491 4215 539 4261 et
570 4207 802 4261 vivorum
827 4216 877 4260 et
923 4216 1249 4263 mortuorum
1278 4207 1594 4275 dominetur,
1623 4208 1677 4263 id
1779 4208 1833 4263 id
1855 4216 1963 4273 est,
1994 4207 2099 4264 hoc
2142 4207 2378 4263 maxime
2421 4216 2629 4273 cavete,
2659 4216 2715 4263 et
2740 4206 2916 4278 magis
2960 4206 3259 4274 decernite,
3293 4224 3359 4263 ne

62 4307 162 4355 est
198 4304 260 4350 ut
286 4310 472 4351 eorum
498 4295 807 4351 dominetur
829 4337 843 4361 ,
890 4295 983 4367 qui
1007 4295 1195 4350 vivunt
1216 4296 1328 4367 jam
1359 4297 1671 4362 virtutibus,
1777 4298 1900 4368 quis
1919 4306 2104 4355 vestro
2130 4297 2274 4353 malo
2301 4298 2486 4364 verbo,
2514 4306 2608 4355 aut
2649 4312 2903 4368 perverso
2930 4298 3185 4369 exemplo.
3205 4314 3363 4355 scan-

61 4387 259 4462 gratia
289 4387 382 4443 Dei
430 4386 597 4442 abluti
624 4402 656 4442 a
686 4388 945 4457 peccatis,
977 4394 1033 4444 et
1064 4386 1275 4443 illorum
1303 4388 1395 4458 qui
1435 4387 1676 4458 quotidie
1778 4389 2041 4445 dalizetur
2084 4398 2142 4445 et
2167 4388 2512 4455 offendatur;
2573 4389 2655 4446 vel
2683 4388 3052 4457 boc‘statuite,
3092 4405 3161 4445 ne
3197 4405 3359 4449 causa

63 4479 396 4538 moriuntur
432 4487 657 4549 peccato
681 4519 696 4544 ,
741 4478 809 4533 ad
835 4479 940 4535 hoc
974 4485 1037 4533 ut
1069 4477 1253 4535 vivant
1280 4478 1530 4535 similiter
1562 4479 1672 4534 vir-
1775 4482 2075 4538 carnalium
2097 4482 2342 4539 ciborum
2378 4479 2726 4538 oll‘ensionem
2758 4480 3016 4538 fratribus
3040 4481 3219 4538 minus
3239 4498 3359 4553 pcr-

61 4573 311 4639 tutibus,
344 4573 400 4627 in
426 4572 670 4628 novitate
697 4572 823 4628 vita
845 4571 1188 4628 ambulando.
1703 4625 1750 4646 ,ι
1777 4573 1936 4631 tectis
1962 4574 2252 4646 generctis.

780 4625 1185 4737 buidﬁiudicﬁas
1231 4666 1448 4737 fratrem
1479 4676 1628 4722 tuum
1649 4668 1675 4722 2
1701 4625 1752 4687 D
1778 4625 2274 4735 “sciant—confido
2296 4667 2351 4721 in
2370 4664 2594 4723 Domino
2605 4666 2760 4732 desit,
2781 4668 2904 4735 quia
2932 4665 3063 4722 nihil
3087 4683 3359 4725 commune

60 4756 340 4833 gentilem
392 4756 812 4813 manducantem
868 4756 1070 4812 omnia.
1120 4758 1224 4812 Aut
1276 4767 1371 4824 tu,
1428 4759 1671 4830 gentilis,
1773 4776 1866 4831 per
1890 4759 2061 4830 ipsum
2088 4767 2331 4814 creatum
2352 4766 2455 4813 est.
2498 4754 2669 4813 Judtei
2695 4756 2848 4813 cibos
2874 4772 2939 4812 ex
2970 4756 3087 4830 lege
3108 4758 3210 4816 sibi
3241 4775 3362 4829 per-

60 4866 246 4923 quare
288 4849 509 4921 spernis,
542 4856 597 4903 et
628 4847 883 4918 despicis,
916 4847 1133 4918 fratrem
1180 4849 1376 4903 tuum?
1425 4848 1671 4905 Judaeum
1774 4853 1969 4907 missos
1998 4850 2254 4907 dicebant
2278 4850 2649 4906 tantummodo
2669 4850 2922 4914 mundos,
2950 4850 3148 4919 quibus
3171 4859 3352 4905 autem

61 4941 358 4998 inﬁrmum
387 4941 563 4995 adhuc
588 4939 641 4994 in
677 4938 804 5005 ﬁde,
833 4946 887 4993 et
912 4938 1178 4995 nolentem
1208 4941 1535 4996 manducare
1555 4956 1671 4998 om-

61 5036 187 5098 nia,
224 5032 517 5088 cumidem
546 5030 745 5087 Paulus
773 5031 900 5087 alibi
928 5031 1111 5087 dicat:
1151 5030 1380 5087 Nescitis
1416 5035 1542 5104 quia
1567 5051 1667 5088 an-

57 5124 219 5196 gelos
251 5122 631 5192 judicabimus,
671 5131 869 5194 quanto
910 5122 1081 5191 magis
1124 5121 1404 5177 stecularia
1445 5122 1497 5194 (I
1533 5122 1658 5178 Cor.

61 5220 189 5291 vi);
226 5225 284 5273 et
309 5216 504 5273 iterum
531 5215 648 5286 ipse
688 5214 1018 5286 iudicando:
1070 5213 1179 5281 Qui
1220 5213 1351 5269 talia
1390 5225 1551 5286 agunt
1580 5232 1663 5271 re-

1774 4953 1962 5016 gentes
2007 4943 2371 4999 communiter
2396 4942 2708 5007 utebantur,
2744 4956 3077 5005 communes,
3109 4940 3162 4999 id
3187 4951 3271 4997 est
3300 4941 3358 4994 iu

1772 5035 1975 5092 mundo
2016 5033 2376 5104 appellabant,
2425 5033 2569 5089 sicut
2592 5042 2649 5088 et
2690 5033 2883 5090 Petrus
2907 5033 3027 5088 ait:
3069 5029 3356 5087 Commune

1768 5144 1873 5183 non
1894 5125 2206 5181 manducaui
2236 5125 2373 5194 (Act.
2406 5124 2539 5197 xxv),
2564 5125 2617 5181 id
2636 5134 2721 5182 est
2742 5124 3100 5183 immundum.
3131 5122 3259 5178 Inde
3275 5123 3357 5175 di—

1766 5220 1845 5275 cit
1870 5217 2160 5289 Apostolus
2190 5236 2203 5272 :
2240 5217 2387 5285 Scio,
2417 5218 2692 5289 inquiens.
2745 5228 2802 5273 et
2828 5219 2992 5277 credo
3023 5217 3078 5272 in
3124 5216 3351 5273 Domino

55 5324 238 5379 quum
282 5307 381 5364 Dei
431 5325 535 5363 non
577 5316 959 5379 consequentur
986 5303 1134 5375 (Gal.
1176 5305 1268 5377 v),
1297 5321 1398 5363 cur
1425 5306 1517 5362 hic
1540 5320 1693 5378 prov
1765 5307 1914 5375 Jcsu,
1954 5309 2067 5364 sive
2094 5324 2189 5379 per
2222 5308 2507 5366 Dominum
2530 5308 2742 5376 Jesum,
2763 5308 2855 5380 qui
2888 5308 3017 5363 mihi
3057 5309 3161 5364 hoc
3181 5308 3351 5377 mani-

59 5405 232 5459 ltibet
249 5417 317 5458 ne
336 5402 683 5473 iudicemus?
721 5402 1011 5459 Sciendum
1055 5401 1205 5471 quod
1226 5401 1294 5458 de
1322 5401 1524 5472 apertis
1546 5416 1664 5458 rea-

58 5495 224 5550 tibus
244 5492 412 5550 libera
434 5502 672 5565 potestas
707 5494 864 5549 nobis
882 5493 1159 5564 iudicandi
1183 5494 1518 5560 conceditur,
1547 5495 1661 5550 sic.

58 5597 125 5642 ut
154 5585 235 5641 de
260 5586 572 5652 homicidio,
604 5586 871 5643 adulterio
905 5587 1150 5657 publico,
1198 5599 1361 5656 atque
1388 5588 1553 5645 torto.-
1588 5587 1660 5642 De
1686 5592 1691 5599 '

56 5675 303 5735 occultis
336 5691 468 5736 vero
493 5693 615 5749 qua:
640 5678 867 5747 possunt
900 5677 1043 5734 bono
1066 5687 1123 5734 et
1148 5678 1499 5734 maloanimo
1518 5679 1656 5744 ﬁeri,

56 5769 420 5827 interdicitur
473 5769 633 5825 nobis
670 5769 934 5840 Judicare,
986 5769 1112 5839 quia
1161 5770 1352 5827 borum
1395 5772 1693 5843 judicium~

56 5865 188 5923 000
231 5872 314 5921 est
357 5862 762 5919 reservandum.
803 5860 1004 5917 Omnes
1047 5863 1202 5928 enim,
1252 5863 1305 5917 id
1335 5872 1418 5918 est
1446 5865 1568 5920 boni
1601 5874 1656 5919 et

394 5955 669 6031 PA‘UtOL.
726 5952 977 6015 CXVII.

1767 5401 2000 5467 iactavit,
2029 5402 2155 5470 quia
2182 5415 2277 5470 per
2303 5401 2478 5471 ipsum
2525 5400 2767 5459 nillilest
2810 5398 3147 5457 immundum
3198 5413 3353 5455 crea-

1770 5502 1903 5557 tum,
1934 5493 2031 5549 sed
2056 5492 2239 5551 omnia
2262 5492 2460 5548 munda
2489 5492 2557 5548 ab
2585 5507 2655 5549 eo
2675 5492 2821 5551 facta
2862 5500 3007 5556 sunt,
3049 5490 3188 5547 sicut
3215 5489 3353 5563 scri-
3386 5500 3389 5503 '

1768 5596 1916 5655 ptum
1944 5593 2064 5642 est:
2102 5583 2250 5639 Vidit
2282 5582 2426 5639 Deus
2467 5594 2653 5645 cuncta
2679 5601 2795 5655 quia
2837 5584 3030 5654 fecerat
3053 5622 3070 5650 ,
3100 5591 3148 5638 et
3196 5593 3346 5649 erant

1767 5677 2087 5735 valdebona
2110 5673 2264 5747 (Gen.
2294 5676 2353 5744 l).
2408 5675 2528 5730 Nisi
2567 5676 2639 5740 ei,
2686 5675 2824 5731 forte
2871 5672 3077 5740 indico,
3111 5673 3191 5729 vel
3225 5674 3347 5729 alio

1766 5769 2003 5835 cuilibet,
2028 5769 2119 5838 qui
2140 5798 2143 5805 -
2168 5768 2430 5823 existimat
2459 5764 2676 5836 aliquod
2714 5766 3027 5821 alimentum
3051 5781 3342 5823 contmune.

1768 5864 1820 5917 id
1847 5871 1930 5918 est
1955 5861 2313 5924 immundum,
2357 5874 2485 5922 esse,
2531 5857 2611 5912 illi
2661 5874 2931 5913 commune
2959 5867 3055 5921 est,
3090 5856 3214 5927 quia
3251 5857 3344 5911 im-

2990 5949 3065 6009 16
