3936 6456
495 404 562 502 l9
575 436 604 499 l'

963 428 1319 491 llAYPdONIS
1356 420 1839 482 HALBERSTAT.
1883 415 2096 472 EPlSC.
2140 413 2291 471 OPP.
2334 412 2513 468 PARS
2546 412 2587 467 Ι.
2620 443 2690 452 -
2727 406 3084 466 COMMENT.
3125 403 3294 461 BIBL.
3398 449 3414 460 .

3675 398 3779 456 υἱ

497 560 757 617 mundum
785 540 995 611 videtur
1021 548 1070 603 ei
1114 546 1216 601 hoc
1240 539 1537 601 secundum
1558 535 1676 607 ejus
1699 547 1941 596 sensum,
1974 544 2081 584 non
2109 531 2157 591 Α
2185 542 2307 596 quae
2327 526 2394 582 ad
2420 523 2833 581 aediﬁcationem
2860 527 3101 575 nostram
3130 525 3185 572 et
3209 514 3441 570 fratrum
3480 511 3779 583 pertinent,

498 650 794 710 secundum
814 644 1002 708 Deum,
1026 638 1116 713 qui
1132 634 1315 693 omnia
1346 631 1477 689 fecit
1503 628 1722 686 munda.

571 742 633 800 Si
652 740 788 795 enim
811 740 1021 807 propter
1056 729 1250 792 cibum,
1300 738 1463 795 quem
1492 721 1583 777 ille
1626 716 1961 775 immundum
1984 725 2083 782 pu-

501 844 594 897 tat.
625 840 681 889 et
710 840 763 886 tu
794 806 988 884 suades
1029 823 1081 880 ei
1113 831 1170 877 ut
1195 818 1475 883 comedat,
1527 812 1880 870 contristatur
1918 806 2085 860 frater

501 937 643 991 tuus,
677 921 894 980 Judaeus
924 916 1176 972 inﬁrmus
1204 911 1381 967 adhuc
1411 906 1645 963 inﬁdelis
1668 944 1684 970 ,
1707 903 1824 974 jam
1864 914 1967 955 non
2007 912 2087 991 se-

499 985 728 1070 cundum
754 1009 1061 1065 rharitatem
1086 999 1325 1059 ambulas
1344 1040 1358 1067 ,
1393 998 1445 1053 id
1479 1003 1563 1051 est
1591 1009 1697 1050 non
1723 991 1890 1047 habes
1912 985 2087 1044 chari-

501 1094 711 1165 tatcm:
740 1101 868 1174 quia
890 1114 999 1155 non
1030 1095 1206 1168 diligis
1240 1092 1465 1155 fratrem
1493 1097 1645 1144 tuum
1673 1085 1815 1142 sicut
1837 1092 1923 1165 te.
1957 1078 2086 1134 Noli

501 1197 615 1253 cibo
660 1156 776 1250 ιασῖ
798 1190 951 1246 illum
999 1187 1233 1259 perdere,
1284 1182 1461 1238 dando
1513 1177 1853 1234 occasionem
1912 1156 2083 1227 oﬂ'en-

500 1280 664 1347 dendi
686 1294 742 1343 et
761 1279 1188 1344 scandalizandi,
1218 1292 1312 1349 pro
1332 1291 1433 1346 quo
1455 1272 1695 1327 Christus
1724 1275 1958 1322 mortuus
1990 1272 2082 1317 est.

506 1383 662 1438 Tunc
687 1379 833 1436 enim
868 1375 1018 1432 illum
1047 1371 1249 1443 perdis,
1279 1383 1402 1424 cum
1432 1364 1672 1420 animum
1701 1360 1842 1415 illius
1868 1355 2089 1413 scanda-

502 1476 635 1545 lizas
660 1490 674 1527 :
705 1470 829 1542 quia
862 1465 1085 1524 olfeudit
1107 1463 1276 1518 Deum
1295 1500 1312 1526 ,
1362 1460 1490 1514 dum
1516 1463 1706 1512 contra
1730 1461 1784 1506 te
1814 1448 2086 1513 irascitur,

503 1566 595 1642 qui
625 1579 685 1619 cs
718 1560 996 1634 proximus
1020 1554 1154 1625 ejus.

530 1632 537 1642 1
583 1632 870 1723 Non'ergo
912 1648 1291 1720 blasphematur
1338 1641 1527 1697 bonum
1575 1646 1830 1711 nostrum.
1882 1632 2090 1685 Bonum

509 1728 703 1805 bic‘vel
732 1745 1050 1801 charitatem
1095 1750 1384 1811 possumus
1417 1731 1716 1804 intelligere
1741 1769 1756 1794 ,
1785 1726 1911 1798 quia
1933 1724 2093 1779 debe-

509 1857 631 1905 mus
666 1837 975 1911 proximum
1016 1833 1273 1903 diligere;
1316 1828 1400 1884 vel
1435 1827 1628 1892 ﬁdem,
1675 1837 1777 1894 qua
1822 1819 2093 1875 credimus

2185 628 2245 673 ut
2271 617 2438 673 verbo
2462 624 2518 671 et
2548 612 2816 685 exemplo,
2847 610 3102 680 omnique
3147 603 3573 663 conversatione
3602 607 3784 656 ttostn

2182 710 2479 766 aediﬁcetur
2522 709 2577 764 in
2608 707 2764 762 nobis
2813 703 3070 776 templum
3117 701 3216 757 Dei
3260 697 3633 757 aediﬁcatione
3661 692 3785 749 ﬁdei

2185 800 2476 864 custodita,
2505 808 2565 853 ut
2588 796 2787 853 fratres
2813 795 2993 851 adhuc
3039 791 3243 849 inﬁrmi
3281 790 3336 846 in
3386 788 3497 844 ﬁde
3540 802 3645 858 per
3691 797 3787 841 nm

2185 891 2540 948 aediﬁcentur.

2260 1002 2389 1058 Noli
2422 1012 2631 1075 propter
2674 1016 2846 1057 escam
2870 1000 3139 1055 destruere
3176 1012 3305 1067 opus
3346 994 3469 1049 Dei.
3509 992 3670 1063 Opus

2188 1095 2504 1168 intelligitur
2549 1097 2713 1151 homo
2749 1104 2978 1163 corpore
3021 1100 3077 1146 et
3124 1090 3307 1144 anima
3342 1104 3372 1142 a
3421 1085 3541 1141 Deo
3596 1083 3783 1138 factus.

2187 1185 2337 1241 Istud
2392 1200 2528 1257 opus
2575 1194 2701 1241 tunc
2745 1183 3046 1239 destruitur
3092 1179 3309 1252 quando
3356 1177 3785 1235 scandalizatur.

2188 1277 2315 1347 quia
2339 1276 2654 1331 iracundum
2682 1273 2934 1339 elﬁcitur,
2959 1272 3101 1343 quod
3125 1270 3347 1325 omnino
3377 1268 3491 1323 Deo
3513 1266 3786 1336 displicet.

2189 1369 2337 1442 Opus
2364 1369 2457 1423 Dei
2484 1369 2650 1424 etiam
2691 1366 3011 1439 intelligitur
3043 1364 3303 1429 Charitas,
3347 1376 3520 1433 quam
3554 1360 3702 1415 Deus
3738 1359 3787 1412 in

2192 1465 2347 1522 nobis
2374 1472 2649 1535 operatur,
2686 1461 2771 1518 vel
2793 1477 2896 1533 per
2924 1475 3087 1530 quam
3128 1473 3264 1530 Opus
3303 1464 3563 1513 nostrum
3604 1451 3681 1509 illi
3716 1452 3787 1506 of-

2192 1557 2386 1623 fertur,
2425 1571 2544 1626 qua:
2577 1563 2705 1610 tunc
2757 1552 3091 1619 destruitur,
3146 1565 3271 1606 cum
3324 1547 3502 1602 frater
3553 1561 3591 1600 a
3644 1544 3788 1599 nobis

2193 1647 2611 1703 scandalizatur.
2639 1644 2832 1700 Omnia
2860 1643 3070 1716 quidem
3096 1640 3352 1696 alimenta
3378 1654 3412 1693 a
3446 1638 3569 1693 Deo
3594 1643 3786 1699 creata,

2194 1756 2292 1812 per
2320 1756 2377 1796 sc
2396 1750 2452 1796 et
2477 1740 2531 1795 in
2567 1754 2664 1795 sua
2692 1746 2912 1805 natura,
2940 1735 3138 1791 munda
3167 1741 3288 1789 sunt
3311 1749 3331 1798 ;
3366 1730 3464 1786 sed
3489 1727 3701 1784 malum
3725 1739 3790 1781 eu

2196 1832 2394 1887 homini
2421 1831 2642 1904 gentili,
2676 1830 2766 1902 qui
2791 1845 2886 1901 per
2929 1818 3305 1899 o/fendiéulum
3340 1823 3674 1878 manducet.
3704 1820 3790 1887 Qui

505 1930 691 2003 οωιιία
713 1941 834 1985 esse
863 1924 1084 1989 munda:
1116 1929 1170 1978 θῑ
1195 1935 1302 1991 qua
1327 1918 1589 1974 habemus
1611 1913 1914 1969 “hermam
1942 1923 2088 1963 “"m'
2122 1926 2166 1985 Β
2194 1933 2373 1981 autem
2427 1925 2548 1981 ideo
2578 1924 2870 1981 manducat
2918 1919 3290 1978 indiﬁ‘erenter
3328 1916 3549 1981 omnia,
3585 1924 3655 1970 ut
3696 1913 3791 1968 fra-

508 2021 737 2097 ducandi
758 2017 962 2075 omnia.
992 2013 1112 2070 Non
1137 2025 1268 2082 ergo
1289 2008 1695 2078 blasphematur
1715 2015 1888 2071 neque
1903 2011 2087 2068 repre-

508 2092 777 2174 hendatur
820 2110 1059 2169 charitas
1099 2117 1322 2168 nostra,
1367 2110 1430 2157 ut
1458 2097 1675 2155 inﬁrmo
1719 2092 1876 2149 fratri
1907 2089 2091 2146 Judaeo

508 2222 617 2267 non
652 2203 975 2261 exhibeatur
1025 2194 1111 2252 vel
1155 2210 1261 2251 non
1290 2190 1696 2262 blasphemetur
1722 2185 1858 2240 ﬁdes
1884 2190 1940 2237 et
1976 2193 2095 2235 cre-

509 2298 729 2362 dulitas,
754 2309 858 2365 qua
886 2292 1187 2347 libertatem
1214 2284 1522 2355 accepimus
1544 2276 1857 2337 comedendi
1888 2274 2091 2330 omnia.

510 2387 664 2443 Tunc
687 2383 1091 2455 blasphematur
1120 2376 1344 2432 libertas
1373 2379 1582 2437 nostra,
1611 2368 1826 2440 quando
1853 2365 2097 2436 cogimus

507 2495 603 2536 eos
632 2476 725 2551 qui
753 2454 955 2544 aliquid
1000 2467 1337 2525 immundum
1378 2472 1586 2536 putant,
1618 2460 1904 2516 nobiscum
1949 2454 2097 2511 com?

507 2549 669 2626 edere
698 2566 799 2639 ipsi
829 2564 971 2636 quod
1018 2562 1266 2618 horrent.
1310 2556 1478 2613 Nobis
1508 2551 1868 2611 istaJibertas
1896 2549 2099 2605 bonum

508 2671 613 2726 est,
659 2637 789 2733 quia
814 2654 996 2711 omnia
1029 2650 1228 2707 munda
1255 2656 1383 2721 sunt
1421 2644 1638 2720 mundis
1671 2640 2001 2699 hominibus.
2032 2637 2101 2693 Et

514 2761 675 2810 erant
713 2749 894 2806 omnia
924 2745 1076 2802 valde
1097 2745 1261 2808 bona,
1288 2742 1486 2797 bonum
1514 2745 1600 2793 est
1637 2735 1931 2805 Scriptura:
1970 2746 2100 2788 con-

511 2842 746 2901 cordari.
785 2839 903 2895 Noli
938 2847 1117 2894 tamen
1163 2848 1359 2907 cogere
1399 2830 1641 2887 Judazum
1670 2827 1737 2883 ad
1778 2824 2102 2881 manducan-

511 2928 766 2994 dum'hoc
792 2932 936 3005 quod
970 2929 1200 3003 spernit,
1252 2926 1347 2983 sed
1373 2938 1548 2995 neque
1569 2920 1822 2978 comedas
1845 2916 1976 2972 illud
2006 2931 2102 2971 co-

511 3044 627 3085 ram
654 3042 740 3094 eo,
773 3040 845 3082 ne
875 3032 966 3079 tua
997 3022 1223 3077 libertas
1249 3017 1654 3088 blasphemetur
1678 3012 1747 3067 ab
1775 3008 1885 3065 illo.

551 3194 555 3198 >
584 3119 709 3176 Non
735 3125 811 3173 est
833 3116 972 3173 enim
996 3128 1212 3185 regnum
1238 3110 1334 3166 Dei
1357 3124 1498 3174 esca,
1527 3116 1576 3162 et
1604 3115 1782 3178 potus,
1827 3100 1920 3158 sed
1939 3099 2102 3172 justi-

511 3195 609 3279 tia,
640 3220 687 3266 et
710 3226 839 3282 pax,
873 3216 921 3264 et
949 3205 1203 3279 gaudium
1228 3203 1282 3258 in
1314 3200 1518 3274 Spiritu
1543 3206 1747 3254 sancto.
1789 3195 1858 3250 Et
1879 3200 1963 3249 est
1985 3206 2108 3248 sen-

514 3317 646 3363 sus:
680 3300 915 3358 Stultum
943 3298 1078 3355 satis
1106 3303 1190 3352 est
1236 3294 1305 3349 de
1352 3307 1460 3348 non
1507 3285 1903 3347 manducandis
1934 3293 1991 3340 et
2037 3282 2105 3338 de
2129 3284 2180 3346 ο

511 3391 902 3470 manducandis
926 3404 1027 3446 nos
1054 3388 1355 3459 disputare,
1391 3383 1457 3440 de
1506 3381 1593 3438 his
1618 3378 1869 3436 videlicet
1898 3391 2020 3447 qua:
2046 3373 2100 3429 in

513 3467 683 3559 regno
712 3483 976 3542 caelorum
1008 3495 1117 3536 non
1147 3484 1309 3534 erunt
1354 3473 1704 3531 necessaria:
1758 3485 1883 3527 cum
1922 3466 2104 3540 potius

517 3558 813 3634 debeamus
842 3571 923 3628 de
940 3569 1149 3643 iustitia
1191 3576 1247 3623 et
1278 3580 1411 3639 pace
1437 3572 1492 3622 et
1517 3562 1713 3636 gaudio
1746 3558 1979 3632 spiritali
2000 3566 2108 3613 tra-

515 3678 688 3726 ctare.
737 3664 954 3722 Justitia
1005 3662 1111 3717 erit
1157 3661 1214 3716 in
1266 3673 1435 3730 regno
1479 3655 1780 3720 ccelorum,
1836 3649 1965 3723 quia
2013 3648 2106 3720 qui

521 3760 682 3816 modo
717 3755 948 3828 iustitiae
992 3768 1159 3825 opera
1188 3756 1465 3815 exercent,
1507 3746 1584 3802 illi
1623 3743 1906 3800 intrabunt
1940 3740 1993 3796 in
2023 3755 2109 3794 re-

518 3867 679 3924 gnum
710 3848 996 3905 caelorum.
1052 3845 1163 3901 Pax
1202 3843 1308 3899 erit
1359 3840 1431 3896 ibi
1466 3847 1522 3895 et
1548 3836 1801 3910 gaudium
1832 3834 1885 3889 in
1936 3830 2107 3903 Spiri-

519 3953 577 4002 tu
635 3949 845 4008 sancto,
897 3939 951 3995 id
999 3945 1085 3995 est
1122 3935 1197 3992 illi
1223 3934 1312 4006 qui
1342 3931 1503 3989 modo
1534 3944 1632 4002 per
1681 3926 1942 3999 Spiritum
1985 3938 2111 3980 san-

518 4046 665 4093 ctum
698 4031 989 4091 illuminati
1025 4042 1213 4101 pacem
1258 4033 1562 4089 sectantur,
1612 4028 1670 4077 et
1699 4018 1892 4093 gaudia
1920 4014 2112 4087 patriae

516 4127 756 4185 ctelestis
812 4133 927 4181 toto
977 4122 1104 4179 nisu
1153 4117 1352 4176 mentis
1406 4121 1679 4187 quaerunt,
1707 4108 2001 4183 gaudentes
2053 4105 2111 4161 in

519 4215 776 4291 praesenti
806 4215 875 4270 de
906 4209 1173 4285 spirituali
1202 4207 1396 4282 gaudio
1436 4213 1493 4262 et
1517 4219 1612 4277 spe
1636 4202 1827 4274 patriae
1852 4197 2110 4257 ctelestis.

524 4311 698 4369 Aliter
724 4326 739 4364 :
766 4307 984 4364 Justitia
1032 4304 1087 4359 in
1113 4302 1205 4357 illo
1231 4314 1397 4372 regno
1420 4298 1546 4364 erit,
1573 4296 1698 4369 quia
1724 4294 1902 4350 nullus
1929 4291 2001 4347 ibi
2035 4290 2115 4346 al-

524 4405 626 4461 teri
654 4400 903 4479 nocebit.
951 4397 1070 4454 Erit
1115 4394 1188 4449 ibi
1234 4406 1360 4463 pax,
1398 4391 1451 4447 id
1493 4397 1580 4446 est
1620 4388 1776 4460 plena
1803 4382 2109 4450 concordia,

519 4512 689 4571 quam
719 4477 994 4549 habebunt
1019 4486 1177 4544 electi
1203 4499 1326 4541 cum
1355 4484 1465 4540 Deo
1492 4492 1547 4538 et
1570 4480 1771 4553 angelis
1799 4497 1812 4534 :
1855 4477 1962 4533 erit
1985 4491 2116 4548 gau-

524 4590 674 4647 dium
700 4584 969 4645 iuell'abile
1011 4583 1080 4639 de
1107 4581 1313 4638 visione
1363 4574 1749 4648 omnipotentis
1780 4570 1897 4648 Dei.
1926 4570 1985 4626 in
2030 4569 2115 4624 his

528 4694 852 4754 quocunque
899 4677 1058 4735 modo
1084 4664 1370 4747 possumus
1448 4666 1708 4727 debemus
1736 4664 1872 4720 alios
1912 4661 2112 4718 imitari

527 4785 583 4833 et
605 4785 885 4847 superare.

599 4846 706 4935 Qui
739 4865 879 4920 enim
904 4865 962 4920 in
993 4861 1102 4917 hoc
1122 4859 1278 4916 seruit
1307 4855 1539 4919 Christo,
1576 4851 1631 4907 id
1656 4858 1742 4907 est
1787 4848 1851 4905 in
1877 4846 2112 4921 iustitia,

524 4970 581 5020 et
604 4974 758 5032 pace,
792 4966 850 5014 et
865 4955 1060 5029 gaudio
1086 4949 1318 5024 spiritali
1343 4949 1400 5003 in
1436 4946 1611 5021 gratia
1638 4941 1875 5016 Spiritus
1913 4940 2113 5007 sancti,

525 5069 689 5127 quem
709 5068 807 5125 per
820 5052 932 5109 has
946 5050 1175 5106 virtutes
1198 5044 1362 5102 habet
1389 5042 1771 5107 habitatorem,
1797 5038 1966 5111 placet
1980 5036 2113 5101 Deo,

508 5156 573 5201 .et
604 5144 855 5218 probatus
878 5151 955 5198 est
979 5137 1298 5203 hominibus,
1353 5142 1515 5205 atque
1538 5131 1826 5189 laudabilis
1849 5137 1908 5185 et
1955 5127 2113 5184 laude

502 5238 742 5313 lignus,
771 5237 900 5309 quia
925 5249 1032 5291 non
1060 5232 1233 5290 solum
1255 5229 1366 5286 Deo
1385 5228 1561 5300 placet
1584 5267 1600 5295 ,
1628 5225 1723 5283 sed
1743 5224 1910 5282 etiam
1932 5220 2113 5280 homi-

525 5331 706 5386 nibus.
756 5346 763 5351 ’
944 5345 948 5349 “

598 5421 788 5492 Itaque
817 5432 936 5490 qua
961 5431 1105 5488 pacis
1140 5421 1261 5469 sunt
1289 5420 1545 5467 sectemur
1566 5447 1583 5475 ,
1617 5407 1673 5462 id
1701 5414 1785 5463 est
1812 5418 1933 5475 qua
1956 5417 2114 5460 amo-

499 5509 671 5568 .rem'.
701 5508 1001 5565 fraternum
1055 5511 1403 5567 cenurvant,
1453 5498 1740 5568 diligenter
1778 5503 1854 5552 et-
1877 5493 2118 5551 studiose

504 5615 859 5676 tumemus,
889 5600 1033 5658 sicut
1056 5611 1220 5669 supra
1246 5596 1312 5650 de
1339 5590 1719 5662 hospitalitate
1746 5588 1949 5645 dictum
1997 5594 2118 5643 est:

526 5696 962 5770 Hospitalitatem
989 5700 1282 5756 sectantes,
1305 5699 1352 5744 et
1367 5701 1484 5760 qua:
1496 5682 1861 5755 ardiﬁcationis
1875 5690 2016 5747 sunt,
2033 5682 2119 5737 in-

528 5791 692 5845 uicem
723 5784 1100 5850 custodiamus,
1134 5780 1240 5838 hoc
1259 5787 1362 5846 est,
1402 5777 1735 5847 deponamus
1748 5787 1965 5830 omnem
1989 5784 2121 5828 con»-

530 5879 828 5935 tentionem
866 5873 934 5931 de
980 5886 1037 5930 re
1086 5870 1285 5930 nullius
1330 5866 1609 5934 utilitatis,
1655 5873 1713 5920 et
1747 5861 2119 5920 custodiamus

2197 2024 2333 2073 trem
2363 2031 2519 2072 suum
2546 2013 2791 2071 Iudicum
2843 2012 3176 2069 scandalizet
3208 2008 3495 2066 inﬁrmum
3526 2006 3715 2063 adhuc
3745 2004 3790 2060 in

2196 2110 2320 2168 ﬁde.
2352 2109 2564 2180 culpam
2592 2106 2802 2182 peccati
2827 2114 2882 2162 ct
2910 2103 3216 2161 oﬁendiculi
3247 2101 3349 2157 sibi
3372 2099 3650 2156 attrahit.

2265 2223 2474 2279 Bonum
2499 2231 2597 2288 est,
2622 2219 2739 2284 tibi.
2755 2235 2789 2275 0
2812 2216 3050 2290 gentilis,
3082 2232 3185 2271 non
3210 2215 3552 2270 Manducare
3573 2229 3791 2274 carnea,

2197 2325 2243 2370 et
2270 2330 2371 2368 non
2404 2312 2573 2367 bibere
2599 2311 2795 2373 vinum,
2820 2296 2984 2380 neque
3011 2305 3213 2379 aliquid
3243 2303 3369 2369 tale,
3410 2305 3471 2357 in
3502 2320 3622 2375 quo
3654 2303 3795 2373 frater

2199 2418 2320 2463 tuus
2354 2404 2571 2463 Judaeus
2620 2400 3037 2467 scandalizatur,
3069 2408 3161 2453 aut
3205 2397 3545 2468 inﬁrmatur,
3600 2395 3661 2450 in
3692 2394 3791 2448 ﬁde.

2201 2499 2514 2555 inﬁrmatur
2532 2496 2587 2551 in
2618 2494 2745 2561 ﬁde,
2770 2494 2897 2549 dum
2922 2493 3121 2550 suades
3160 2489 3234 2546 illi
3261 2497 3321 2544 ut
3366 2487 3644 2544 comedat
3667 2486 3794 2541 cibos

2201 2607 2337 2664 quos
2372 2588 2680 2646 immundos
2708 2601 2832 2644 esse
2880 2586 3137 2657 deputat:
3190 2580 3276 2638 vel
3328 2582 3463 2637 dum
3507 2580 3794 2635 contristat

2201 2700 2326 2742 eum
2352 2697 2420 2738 ex
2454 2680 2574 2744 hoc,
2605 2677 2750 2751 quod
2784 2676 2836 2732 in
2866 2673 3154 2748 praesentia
3180 2671 3325 2729 illius
3373 2670 3537 2725 cibos
3571 2668 3796 2724 conrodit

2202 2790 2338 2848 quos
2367 2773 2458 2830 ille
2484 2770 2844 2829 abominetur.
2895 2764 3222 2821 Manducare
3262 2776 3492 2818 carnem
3522 2770 3589 2815 et
3631 2760 3796 2814 bibere

2202 2869 2411 2934 vinum,
2468 2879 2569 2921 nec
2612 2863 2814 2919 bonum
2857 2866 2962 2923 est,
3009 2872 3112 2914 nec
3141 2856 3363 2922 malum,
3411 2854 3513 2910 sed
3544 2853 3793 2909 medim

2205 2960 2466 3016 Similiter
2493 2972 2600 3013 non
2625 2953 2955 3010 manducare
2998 2964 3218 3005 carnem
3269 2955 3323 3002 et
3352 2962 3465 3002 non
3513 2944 3712 3000 bibere
3732 2943 3796 2995 vi-

2204 3066 2354 3118 num,
2388 3048 2624 3105 medium
2655 3054 2739 3102 est
2790 3062 2803 3101 :
2845 3042 2972 3114 quia
3000 3039 3155 3096 multi
3208 3047 3334 3095 sunt
3377 3038 3473 3092 isti
3509 3036 3616 3107 qui
3660 3050 3794 3092 cen-

2203 3140 2376 3196 edunt
2416 3152 2635 3194 carnem
2661 3143 2718 3191 et
2755 3133 2949 3191 bibunt
2974 3132 3161 3186 vinum
3210 3144 3333 3184 cum
3360 3126 3691 3182 sobrietate.
3737 3123 3791 3179 ει

2209 3232 2363 3289 multi
2392 3238 2519 3286 sunt
2556 3241 2891 3301 paganorum
2922 3234 3084 3294 atque
3112 3220 3499 3277 haereticorum
3532 3217 3793 3272 maxime-

2207 3340 2314 3395 que
2341 3321 2772 3394 hypocritarum,
2819 3315 2912 3386 qui
2959 3328 3065 3371 non
3097 3310 3427 3368 manducant
3460 3322 3795 3364 caruerunt.~

2205 3430 2314 3489 que
2342 3416 2533 3471 bibunt
2574 3411 2795 3476 vinum;
2826 3418 2874 3466 et
2914 3416 3093 3463 tamen
3121 3420 3226 3461 non
3259 3403 3381 3460 ideo
3402 3401 3796 3473 justiticantur.

2207 3507 2412 3565 Tamen
2442 3504 2636 3561 melius
2665 3510 2751 3559 est
2771 3500 3048 3557 abstinere
3076 3513 3108 3553 a
3150 3494 3465 3553 carnalibus
3496 3502 3555 3550 et
3580 3495 3710 3550 vino
3748 3494 3798 3546 in

2207 3596 2494 3672 praesentia
2538 3593 2709 3650 Judaei
2757 3589 3066 3656 credentis,
3115 3602 3277 3659 qnam
3307 3586 3362 3642 in
3417 3586 3614 3656 aliquo
3666 3585 3799 3639 illa

2209 3687 2601 3747 scandalizare.
2657 3682 2844 3739 Potest
2870 3688 2926 3738 et
2952 3678 3276 3752 generaliter
3326 3677 3393 3732 de
3417 3678 3683 3732 omnibus
3722 3676 3798 3729 ia-

2209 3782 2374 3855 telligi
2403 3781 2493 3852 qui
2518 3792 2682 3836 causa
2698 3774 3042 3833 abstinentiae
3067 3772 3154 3829 vel
3175 3770 3512 3842 jejuniorum
3534 3768 3798 3826 scandali-

2211 3884 2338 3931 zant
2363 3872 2627 3945 plurimos
2654 3887 2669 3923 :
2724 3867 2807 3924 vel
2833 3874 2982 3923 certe
3005 3865 3098 3937 qui
3127 3877 3292 3920 causa
3317 3861 3678 3934 gulositatis;
3717 3866 3801 3913 aut

2209 3966 2375 4023 etiam
2422 3962 2514 4034 qui
2545 3958 2777 4031 simplici
2827 3957 3011 4012 animo
3053 3954 3244 4011 diebus
3276 3952 3509 4024 privatis
3555 3950 3801 4007 carnibs

2211 4064 2506 4113 vescuntur
2536 4070 2555 4109 :
2620 4050 2764 4107 unde
2811 4046 3063 4121 plurimis
3107 4043 3464 4102 oﬂ’ensionem
3520 4050 3798 4114 generant.

2211 4150 2414 4205 bonum
2465 4150 2612 4201 esset
2636 4157 2745 4199 non
2792 4138 3101 4206 comedere,
3129 4136 3256 4208 quia
3283 4136 3468 4191 minus
3496 4143 3667 4191 caute
3708 4133 3801 4188 hac

2212 4244 2496 4310 peragunt.
2946 4248 2961 4263 ο

2288 4372 2364 4427 Tu
2396 4371 2554 4440 ﬁdem
2573 4368 2730 4423 habes
2752 4368 2778 4423 ?
2803 4382 2958 4438 penes
3006 4346 3331 4435 temetipsum
3358 4362 3518 4428 habe,
3543 4372 3599 4416 et
3640 4376 3805 4415 eert-

2212 4464 2344 4519 Deo.
2376 4460 2490 4557 Nqn
2520 4459 2586 4515 de
2612 4459 2716 4514 ﬁde
2744 4468 2946 4513 sancta:
2984 4453 3266 4510 Trinitatis
3300 4453 3392 4508 hic
3417 4452 3694 4523 loquitur,
3719 4452 3805 4505 sed

2218 4555 2283 4611 de
2311 4554 2414 4610 ﬁde
2433 4541 2542 4624 'qua
2572 4551 2848 4609 credimus
2873 4548 3056 4606 omnia
3085 4561 3207 4602 esse
3235 4545 3461 4613 nnmda,
3489 4542 3655 4612 juxta
3676 4541 3807 4614 quod

2141 4648 2191 4707 D
2217 4662 2378 4718 supra
2410 4646 2665 4702 diximus.
2698 4643 2966 4700 Gentilem
3001 4640 3295 4712 alloquitur
3321 4657 3338 4694 :
3368 4635 3414 4694 0
3441 4637 3693 4709 gentilis,
3719 4636 3805 4689 h-

2215 4739 2312 4794 bes
2359 4737 2516 4793 lidem
2545 4751 2709 4810 penes
2737 4734 3109 4805 temetipsum,
3162 4730 3217 4786 id
3244 4737 3333 4787 est
3353 4729 3537 4785 credis
3566 4727 3629 4783 in
3659 4728 3810 4783 corde

2218 4840 2308 4887 tuo
2336 4829 2519 4884 omnia
2544 4843 2667 4884 esse
2690 4827 2913 4892 munda,
2959 4832 3015 4880 et
3041 4823 3109 4880 ad
3136 4820 3577 4879 manducandum
3626 4819 3804 4875 licita:

2215 4922 2354 4979 habe
2384 4921 2527 4977 illam
2570 4935 2753 4978 coram
2785 4920 2896 4975 Deo
2920 4920 2973 4974 in
3001 4916 3186 4983 corde,
3219 4931 3325 4971 non
3357 4913 3414 4971 in
3444 4915 3811 4970 ostentatione

2213 5014 2504 5070 verborum
2533 5020 2592 5069 et
2610 5010 2905 5083 iactantia,
2935 5024 3003 5064 ne
3027 5007 3189 5062 alium
3230 5004 3603 5081 scandalizes,
3635 5005 3812 5062 dicen

2218 5114 2271 5162 te
2291 5106 2494 5162 habere
2515 5112 2841 5177 potestatem
2870 5101 3055 5159 omnia
3074 5098 3410 5157 comedendi.

2286 5216 2503 5283 Beatus,
2536 5226 2623 5272 est
2651 5216 2740 5272 ille
2765 5214 3002 5285 gentilis,
3030 5214 3120 5287 qui
3139 5228 3244 5268 non
3259 5210 3500 5283 judicct,
3527 5225 3722 5280 neque
3748 5224 3818 5263 re-

2217 5310 2524 5383 prehendit,
2552 5309 2904 5380 semetipsum,
2926 5305 3205 5383 subaudis,
3233 5305 3361 5377 quia
3388 5294 3637 5359 eam
3670 5315 3819 5379 sanat

2217 5376 2461 5459 :lttda'um
2489 5415 2598 5457 non
2627 5376 3037 5464 scandalizavit,
3059 5398 3116 5453 in
3138 5381 3198 5453 eo
3222 5376 3363 5468 quod
3402 5392 3605 5466 probat
3639 5376 3821 5449 omnia

2218 5508 2340 5549 esse
2362 5491 2584 5571 munda.
2625 5490 2822 5549 Beatus
2848 5490 3047 5546 dicitur
3069 5502 3190 5545 esse
3230 5488 3286 5542 in
3325 5486 3431 5542 hac
3458 5495 3628 5558 parte
3652 5484 3823 5559 genti-

2218 5585 2305 5651 lis,
2358 5583 2515 5654 cuius
2557 5582 2890 5639 conscientia
2928 5597 3037 5641 non
3067 5576 3413 5651 reprehendit
3464 5576 3632 5634 illum
3684 5577 3824 5649 quod

2220 5675 2445 5735 fratrem
2492 5689 2649 5731 suum
2697 5672 2941 5729 Judamm
3002 5667 3486 5736 scandalizaverit,
3538 5676 3607 5722 ut
3674 5668 3825 5723 illa

2220 5774 2441 5839 cogeret
2486 5764 2558 5820 ad
2582 5763 3016 5821 manducandum
3048 5776 3239 5819 carnes
3287 5774 3424 5831 quas
3451 5759 3545 5815 ille
3573 5757 3829 5814 δειδυ-

2222 5858 2399 5925 batur,
2450 5858 2545 5914 sed
2574 5870 2750 5927 neque
2775 5855 2830 5910 in
2880 5854 3164 5925 prtesentia
3206 5852 3347 5909 illius
3382 5851 3704 5909 comederit
3732 5849 3823 5903 ali-
