3936 6442
125 395 238 454 493

835 386 1196 446 EXPOSl‘l‘tO
1233 386 1298 442 1N
1339 385 1488 442 srr.
1527 385 1585 440 s.
1631 381 1852 438 nam.
1892 411 1962 423 .-
1998 380 2062 434 1s
2101 380 2320 437 sptsr.
2362 381 2452 436 an
2490 353 2675 437 nou.'

3287 379 3394 437 ιθι

124 512 258 584 quid
281 508 425 580 quod
455 505 543 562 ille
565 506 884 561 abhorreret
905 546 919 569 ,
952 503 1076 559 licet
1104 503 1217 574 ipse
1240 501 1419 557 omnia
1445 499 1699 571 probaret
1725 500 1774 559 Α
1803 512 1942 564 rum,
1971 503 2032 550 ut
2061 496 2354 552 habeamus
2383 497 2474 551 ubi
2493 496 2760 565 possimus
2787 495 3090 566 exemplum
3134 496 3258 553 ﬁdei
3290 499 3392 556 bo-

124 613 184 659 et
211 607 560 674 cognosceret
583 612 702 652 esse
726 597 950 652 munda.

199 689 301 758 Qui
345 698 520 743 autem
548 685 816 750 discernit,
844 684 896 738 id
927 693 1010 738 est
1036 685 1124 754 qui
1142 682 1350 752 iudicat
1380 690 1434 736 et
1465 680 1596 734 facit
1615 678 1708 734 dif-

127 783 383 845 ferentias
435 779 575 832 inter
615 777 768 831 cibos
819 776 1046 829 mundos
1100 783 1154 828 et
1197 773 1522 836 immundos,
1564 779 1710 840 post-

125 887 287 942 quam
334 869 401 924 ad
431 869 590 923 ﬁdem
613 866 780 930 venit,
831 865 970 920 sicut
996 863 1234 929 Judaeus,
1265 865 1310 917 si
1357 862 1708 917 manducare-

126 965 215 1027 rit,
237 960 518 1014 damnatus
538 967 612 1012 est
635 974 654 1018 ;
690 957 812 1028 quia
842 972 944 1010 non
967 972 1032 1010 ea:
1065 955 1190 1024 ﬁde.
1218 954 1332 1009 Hoc
1369 962 1455 1009 est
1478 955 1603 1023 quia
1635 953 1710 1006 in-

126 1053 356 1110 ﬁdeliter
382 1051 512 1121 agit.
562 1064 669 1104 non
723 1049 948 1103 credens
990 1049 1170 1103 omnia
1200 1047 1398 1102 munda
1425 1059 1563 1101 esse.
1596 1043 1710 1100 Hoc

125 1146 276 1210 dicit,
309 1143 353 1198 si
381 1142 606 1212 quilibet
627 1139 843 1212 gentilis
865 1139 932 1194 ad
964 1137 1122 1192 ﬁdem
1152 1137 1374 1193 veniens
1402 1135 1710 1207 cognoverit

120 1237 306 1292 omnia
339 1249 458 1289 esse
489 1233 708 1296 munda,
747 1239 804 1286 et
855 1229 1192 1302 postmodum
1247 1228 1438 1304 fecerit
1463 1226 1711 1283 diﬁ'eren-

127 1329 256 1384 tiam
298 1327 439 1383 inter
491 1325 673 1380 cibum
718 1333 772 1379 et
825 1324 1027 1387 cibum,
1082 1322 1268 1377 dicens
1315 1321 1448 1376 alios
1482 1322 1711 1374 mundos

123 1420 365 1490 aliosque
391 1417 713 1480 immundos,
767 1416 814 1472 si
844 1414 1249 1470 manducaverit
1277 1423 1463 1483 postea
1507 1427 1574 1467 ex
1606 1411 1712 1467 illis

122 1511 263 1566 cibis
312 1525 446 1580 quos
488 1507 793 1563 immundos
828 1506 1122 1577 reputavit,
1177 1505 1578 1561 damnationem
1610 1503 1712 1558 sibi

122 1603 376 1674 acquirit,
408 1602 535 1671 quia
565 1617 671 1657 non
699 1600 810 1671 agit
838 1599 1068 1656 ﬁdeliter
1102 1598 1355 1654 dubitans
1396 1598 1451 1652 in
1498 1598 1622 1662 ﬁde,
1653 1605 1712 1652 et

122 1710 190 1750 ea
221 1694 455 1750 comedit
499 1708 618 1762 qua:
665 1691 939 1746 immunda
969 1690 1183 1745 dicebat
1235 1689 1357 1745 aliis
1379 1688 1714 1744 comedenti-

125 1789 248 1853 bus,
277 1785 503 1855 etquod
532 1800 638 1839 non
687 1784 796 1838 sint
839 1781 1020 1838 omnia
1057 1781 1255 1836 munda
1304 1795 1333 1833 a
1385 1779 1493 1834 Deo
1548 1777 1707 1833 facta.

1809 600 2110 657 norumque
2137 602 2360 656 operum
2394 602 2631 652 sumere,
2683 598 2739 642 et
2765 588 2850 643 ubi
2898 588 3167 659 possimus
3190 605 3392 661 cogno-

1810 693 1962 734 scere
2002 677 2197 747 quibus
2243 677 2496 746 operibus
2546 679 2790 746 placatur
2824 679 2975 734 Deus
3005 689 3060 735 et
3094 673 3288 751 quibus
3323 684 3394 741 ad

1808 769 2102 823 vindictam
2131 777 2475 838 provocatur,
2508 769 2753 826 videlicet
2779 773 3049 841 quomodo
3081 774 3393 843 appetenda:

1814 859 2036 914 virtutes
2073 867 2127 914 et
2159 859 2458 930 respuenda
2485 859 2634 926 vitia,
2677 870 2732 915 et
2767 863 2997 931 qualiter
3022 866 3291 934 patientes
3337 865 3392 921 in

1811 950 1914 1006 ﬁde
1938 960 1993 1007 et
2020 966 2114 1022 spe
2143 965 2265 1006 esse
2314 951 2623 1007 debeamus.
2677 953 2814 1020 Quid
2862 957 3004 1011 enim
3038 957 3242 1028 profuit
3283 958 3395 1014 Ab-

1811 1043 1957 1097 raha:
1985 1043 2126 1112 quod
2157 1043 2368 1112 scripsit
2405 1042 2615 1114 Moyses
2642 1044 2788 1099 illum
2828 1045 2993 1103 fuisse
3025 1049 3386 1114 obedientem,

1810 1143 1866 1189 et
1893 1135 2034 1204 quod
2068 1134 2307 1189 laudavit
2355 1135 2503 1190 illum
2539 1135 2649 1190 Deo
2675 1135 2982 1206 placuisse?
3023 1138 3390 1214 Qumcunque,

1810 1223 2008 1292 inquit,
2032 1224 2229 1294 scripta
2257 1235 2382 1280 sunt
2420 1226 2472 1280 in
2501 1225 2662 1296 Lege,
2708 1227 3012 1297 Prophetis,
3047 1238 3101 1285 et
3143 1230 3428 1300 Psalmis,“

1811 1324 1866 1370 et
1896 1316 2118 1387 reliquis
2145 1317 2460 1386 scripturis,
2492 1319 2560 1374 ad
2590 1330 2828 1375 nostram
2861 1321 3161 1378 doctrinam
3189 1326 3390 1397 scripta

1813 1419 1958 1471 sunt,
2001 1417 2059 1462 ut
2083 1424 2180 1464 nos
2218 1409 2340 1463 inde
2371 1409 2662 1465 doceamur
2701 1411 2792 1480 qui
2819 1412 2887 1466 ad
2926 1411 3086 1468 ﬁdem
3120 1415 3387 1472 venimus.

1813 1496 2090 1564 Quomodo
2112 1498 2134 1551 ?
2156 1497 2225 1553 Ut
2251 1513 2346 1568 per
2379 1500 2691 1568 patientiam
2729 1501 3148 1570 praecedentium
3178 1512 3394 1573 patrum

1813 1589 2011 1655 edocti,
2039 1591 2308 1660 patienter
2335 1591 2561 1646 adversa
2586 1592 2746 1662 hujus
2763 1592 2944 1648 saeculi
2964 1592 3320 1663 perferamus,
3338 1606 3396 1650 et

1813 1695 1913 1751 per
1935 1681 2361 1737 consolationem
2382 1681 2784 1754 Scripturarum
2812 1698 2962 1753 spem
2991 1683 3309 1754 habeamus,
3339 1686 3397 1744 id

1814 1780 1898 1828 est
1940 1773 2400 1843 exspectationem
2439 1773 2744 1829 futurorum
2793 1775 3056 1830 bonorum
3087 1784 3389 1834 teneamus.

125 1878 294 1933 οηιηε
338 1887 533 1940 ωηερε,
564 1875 820 1931 summus
847 1873 990 1942 quod
1017 1871 1085 1927 ad
1113 1870 1542 1926 manducandum
1576 1885 1701 1939 ρει·-
1730 1855 1776 1915 Β
1811 1862 2094 1918 Videamus
2107 1864 2374 1934 quomodo
2401 1864 2707 1934 pertineant
2734 1866 2800 1921 ad
2827 1877 3067 1922 nostram
3088 1866 3392 1924 doctrinam

125 1971 288 2034 tinet,
317 1977 369 2024 et
398 1967 536 2039 quod
575 1983 679 2021 non
700 1981 765 2020 ea:
792 1964 917 2034 ﬁde,
969 1963 1023 2018 id
1049 1971 1134 2019 est
1159 1963 1302 2033 quod
1333 1977 1439 2017 non
1468 1962 1706 2016 creditur

128 2075 250 2118 esse
279 2061 532 2116 mundum
555 2073 584 2114 a
617 2058 730 2112 Deo
771 2055 996 2121 factum,
1031 2055 1076 2111 si
1113 2053 1536 2118 manducaverit,
1585 2068 1706 2122 pec-

127 2165 305 2207 catum
330 2162 444 2218 est;
492 2151 616 2223 quia
648 2149 792 2222 quod
817 2146 1150 2203 immundum
1178 2146 1332 2212 dixit,
1362 2146 1464 2202 hoc
1489 2143 1709 2199 mandu—

126 2243 292 2297 cavit.

716 2371 945 2429 CAPUT
985 2370 1100 2428 XV.

195 2511 454 2567 Debemus
491 2518 665 2564 autem
713 2525 830 2573 nos,
883 2522 984 2578 ego
1027 2505 1298 2573 videlicet,
1328 2511 1385 2562 et
1415 2501 1710 2574 coapostoli

123 2605 258 2669 mei,
285 2603 482 2678 aliique
504 2601 813 2665 credentes,
835 2598 1096 2668 ﬁrmiores
1131 2599 1186 2654 in
1218 2597 1342 2663 ﬁde,
1379 2595 1505 2666 quia
1538 2593 1711 2649 credi-

124 2711 251 2750 mus
287 2709 405 2749 esse
433 2692 612 2748 omnia
652 2691 847 2746 munda
872 2731 888 2756 ,
949 2688 1324 2744 inibat-illitam
1380 2686 1712 2756 inﬁmorum

121 2788 404 2851 sustinere,
441 2787 493 2841 id
516 2793 619 2852 est,
651 2784 994 2839 inﬁrmitates
1023 2781 1145 2838 ﬁdei
1185 2780 1398 2836 illorum
1445 2778 1711 2834 sustinere

122 2883 225 2954 qui
271 2882 445 2937 adhuc
482 2896 588 2937 non
635 2879 862 2934 credunt
905 2876 1085 2931 omnia
1136 2888 1256 2931 esse
1299 2872 1498 2929 munda
1543 2878 1599 2925 et
1645 2868 1714 2924 ad

121 2972 559 3031 manducandum
586 2971 767 3036 licita;
795 2978 841 3024 et
867 2985 969 3023 non
999 2968 1145 3022 nonis
1183 2965 1406 3037 placere,
1438 2961 1714 3019 suadendo

119 3067 340 3122 scilicet
386 3065 492 3119 illis
519 3063 661 3118 vesci
692 3060 1088 3126 communibus,
1121 3057 1201 3113 vel
1233 3070 1417 3111 coram
1447 3055 1526 3110 eis
1553 3052 1714 3108 edere

119 3161 255 3216 illos
284 3158 432 3215 cibos
454 3171 589 3228 quos
611 3155 708 3226 ipsi
733 3153 1047 3209 abhorrent.

195 3249 572 3321 Unusquisque
613 3255 840 3302 uestrum
886 3244 1124 3315 proximo
1169 3259 1264 3297 suo
1310 3245 1514 3314 placeat
1542 3242 1597 3294 in
1623 3239 1714 3294 bo-

117 3359 280 3407 num,
322 3342 392 3395 ad
425 3340 843 3409 trdiﬁcatianem,
888 3337 1044 3404 ﬁdei,
1079 3345 1140 3392 ut
1169 3336 1336 3392 verbo
1381 3343 1444 3390 et
1463 3331 1713 3404 exemplo

117 3445 335 3501 vestro,
375 3433 720 3502 omniumque
749 3429 1162 3486 conversatione
1185 3428 1524 3494 adiﬁcantur
1548 3425 1632 3484 illi
1658 3427 1716 3482 in

121 3529 242 3584 ﬁde
265 3525 355 3597 qui
384 3526 558 3581 adhuc
589 3523 786 3578 inﬁrmi
813 3531 956 3577 sunt.

201 3619 411 3672 Etenim
452 3615 688 3670 Christus
717 3631 820 3668 non
862 3600 962 3667 sibi
984 3611 1204 3684 placuit,
1239 3610 1594 3675 solummodo,
1622 3609 1713 3664 sed

121 3709 304 3775 Patri,
358 3709 425 3764 de
472 3723 578 3778 quo
605 3708 714 3776 ipse
737 3704 907 3760 dicit:
953 3703 1084 3768 Quae
1107 3703 1302 3774 placita
1343 3710 1461 3756 sunt
1503 3701 1548 3756 ei
1577 3699 1714 3770 [acia

121 3818 336 3871 semper
362 3799 543 3871 (Joan.
597 3798 740 3868 vm),
769 3808 824 3852 et
870 3796 1026 3851 bonis
1053 3794 1380 3859 hominibus,
1425 3794 1560 3848 sicut
1587 3793 1716 3846 scri-

121 3906 278 3966 ptum
303 3901 414 3945 est:
449 3887 794 3959 lmproperia,
824 3887 876 3941 id
895 3895 977 3939 est
1001 3885 1260 3949 convitia,
1288 3882 1712 3946 maledictiones,

124 3979 506 4051 llasphemim,
533 3975 909 4038 detractiones,
933 3973 1392 4043 improperantium
1418 3973 1528 4035 tibi,
1557 3987 1590 4026 ο
1617 3971 1717 4026 Pa-

126 4089 246 4139 ter,
295 4071 588 4126 ceciderunt
614 4084 768 4138 super
793 4083 872 4121 me
908 4084 926 4121 :
953 4081 1055 4119 vox
1083 4064 1284 4120 Christi
1317 4065 1384 4117 ad
1409 4063 1624 4118 Patrem
1651 4061 1717 4116 de

128 4161 488 4236 impmperiis
510 4160 834 4216 Iudaeorum.
868 4155 1090 4223 Quando
1129 4153 1246 4221 ejus
1286 4152 1721 4224 improperabant

129 4259 278 4315 Filio
309 4256 549 4311 dicentes
574 4252 753 4324 (Joan.
770 4249 887 4321 vm)
913 4266 926 4300 :
959 4247 1328 4304 Samaritanus
1353 4263 1426 4312 es,
1448 4253 1502 4301 et
1525 4245 1719 4300 damo-

129 4350 287 4405 nium
308 4345 482 4405 habes,
507 4353 564 4398 et
593 4349 822 4404 cratera;
881 4337 1008 4393 talia
1054 4336 1163 4391 Deo
1213 4335 1359 4390 Patri
1395 4335 1720 4406 impropera-

133 4443 275 4495 bant
311 4436 400 4507 qui
451 4442 569 4489 erat
608 4433 662 4486 in
692 4430 847 4496 Filio,
895 4429 990 4486 sed
1037 4428 1151 4498 ipsa
1187 4426 1507 4498 improperia
1559 4439 1721 4496 super

128 4529 416 4586 Christum
443 4524 768 4587 ceciderunt,
807 4522 932 4591 quia
976 4533 1146 4590 usque
1191 4519 1258 4574 ad
1285 4525 1510 4573 mortem
1539 4529 1720 4588 perse-

129 4619 253 4675 cuti
279 4625 399 4672 sunt
436 4616 604 4670 illum.
630 4614 770 4668 Bene
803 4599 930 4683 ergo
959 4611 1089 4665 dicit
1115 4607 1433 4676 Apostolus:
1469 4606 1714 4662 Christus

131 4708 247 4766 sibi
267 4722 373 4761 non
401 4704 617 4776 placuit,
646 4703 772 4773 quia
795 4701 908 4772 ipse
933 4717 1037 4756 non
1061 4698 1304 4769 qucesivit
1329 4713 1445 4764 sua,
1495 4696 1589 4751 sed
1614 4695 1716 4749 Pa-

136 4799 246 4855 tris
273 4805 327 4854 et
352 4805 556 4860 nostra,
597 4795 736 4850 sicut
782 4795 895 4864 ipse
927 4792 1063 4848 dixit
1094 4810 1107 4846 :
1140 4791 1263 4845 Non
1289 4790 1402 4846 veni
1431 4790 1603 4861 facere
1632 4806 1716 4842 vo-

135 4897 404 4948 luntatem
447 4905 653 4954 meam,
697 4887 789 4941 sed
836 4886 948 4956 ejus
1000 4886 1088 4957 qui
1139 4885 1278 4939 misit
1309 4900 1408 4938 me.
1461 4881 1720 4938 Similiter

136 5003 250 5046 nos
274 5002 381 5042 non
402 4983 656 5040 debemus
690 4980 843 5034 nobis
871 4980 1103 5049 placere,
1130 4991 1301 5048 neque
1322 4977 1594 5047 propriam
1623 4990 1718 5029 vo—

139 5080 412 5134 luntatem
441 5088 704 5146 quaerere,
739 5071 833 5127 sed
861 5071 951 5126 Dei
984 5078 1040 5124 et
1067 5068 1312 5124 fratrum.

224 5171 556 5242 Qutrcunque
577 5167 712 5220 enim
732 5165 923 5234 scripta
949 5172 1104 5227 sunt,
1157 5161 1224 5214 ad
1249 5169 1476 5214 nostram
1529 5158 1724 5212 doctri—

144 5280 277 5320 nam
301 5261 491 5331 scripta
519 5266 662 5322 sunt,
694 5270 749 5310 ut
787 5271 878 5326 per
901 5253 1202 5324 patientiam
1233 5261 1280 5305 et
1323 5249 1726 5304 consolationem

145 5353 547 5426 Scripturarum
589 5365 730 5419 spem
774 5345 1074 5400 habeamus.
1130 5341 1314 5415 Jungit
1362 5358 1421 5398 se
1447 5340 1730 5411 Apostolus

145 5443 406 5504 omnibus
429 5439 791 5503 credentibus,
811 5445 866 5492 et
887 5435 998 5490 vult
1023 5435 1305 5491 ostendere
1331 5433 1511 5490 omnia
1536 5448 1654 5504 qua:
1674 5431 1727 5486 in

148 5537 355 5594 divinis
392 5533 569 5590 Libris
610 5530 812 5601 scripta
858 5537 982 5585 sunt
1027 5543 1133 5584 non
1178 5535 1398 5598 propter
1445 5524 1564 5580 illos
1613 5538 1733 5579 esse

147 5632 376 5700 scripta,
429 5639 656 5698 quorum
685 5630 835 5692 gesta
863 5629 918 5676 et
963 5619 1104 5675 facta
1152 5620 1224 5675 ibi
1249 5626 1559 5682 narrantur,
1607 5617 1734 5688 quia

152 5721 233 5776 illi
258 5735 362 5775 non
400 5725 554 5774 erant
583 5728 646 5769 ea
683 5711 894 5776 lecturi,
941 5711 1064 5780 quia
1091 5710 1218 5765 olim
1249 5708 1444 5766 mortui
1488 5707 1734 5780 quiesce-

151 5815 311 5875 bant,
350 5809 441 5867 sed
470 5808 630 5864 etiam
658 5809 873 5877 propter
899 5811 1137 5881 nostram
1168 5800 1392 5857 salutem
1443 5810 1497 5856 et
1527 5795 1734 5854 futuro-

1805 1971 1870 2010 ea
1895 1969 2015 2026 qua:
2041 1957 2241 2027 scripta
2266 1966 2389 2012 sunt
2426 1957 2480 2012 in
2503 1958 2696 2015 divinis
2719 1960 2916 2016 Libris.
2975 1963 3110 2017 Dum
3163 1961 3390 2034 legimus

1805 2047 2059 2116 pupulum
2112 2047 2278 2104 Israel
2300 2049 2364 2104 de
2393 2048 2625 2120 Egypto
2653 2067 2950 2122 egressum,
2982 2069 3080 2124 per
3098 2069 3246 2110 mare
3276 2053 3391 2110 ltu-

1807 2137 1963 2192 brum
1999 2139 2399 2219 transductum,
2441 2140 2723 2198 Pharaone
2752 2152 2808 2198 et
2836 2142 3107 2216 Egyptiis
3147 2147 3394 2202 submer-

1808 2230 1905 2296 sis,
1946 2245 2140 2301 aquam
2179 2233 2263 2288 eis
2287 2232 2354 2288 de
2382 2241 2532 2304 petra
2559 2235 2766 2301 datam,
2794 2252 2993 2292 manna
3023 2239 3089 2294 de
3122 2239 3260 2295 coelo
3286 2239 3396 2295 lar-
3436 2265 3438 2268 -

1807 2327 2001 2397 gitum,
2031 2337 2084 2383 et
2112 2337 2235 2398 post
2263 2327 2430 2384 multa
2462 2330 2642 2398 prselia
2683 2347 2804 2403 qua:
2832 2342 3018 2388 contra
3059 2335 3242 2390 hostes
3267 2336 3398 2391 viri-

1811 2417 1934 2472 liter
1953 2426 2295 2490 peregerunt,
2351 2428 2552 2475 terram
2586 2423 3019 2492 repromissionis
3068 2423 3392 2494 ingressum,

1812 2507 2071 2562 debemus
2107 2508 2230 2563 inde
2257 2517 2310 2563 et
2337 2508 2521 2564 doceri
2549 2519 2606 2566 et
2631 2512 2849 2578 docere,
2887 2522 2946 2567 ut
2968 2528 3064 2584 per
3098 2514 3392 2587 Egyptum

1813 2597 2175 2670 intelligamus
2211 2601 2356 2655 hunc
2376 2601 2632 2656 mundum
2657 2618 2672 2667 ;
2707 2617 2804 2673 per
2826 2619 2978 2660 mare
3006 2605 3267 2671 Rubrum,
3293 2608 3391 2662 ha-

1813 2692 2090 2764 ptismum,
2139 2694 2230 2764 qui
2253 2704 2602 2751 consecratur
2631 2697 2828 2752 rubore
2851 2699 3128 2768 sanguinis
3155 2698 3393 2765 Christi;

1813 2798 1909 2854 per
1944 2784 2304 2849 Pharaonem,
2333 2786 2604 2842 diabolum
2628 2795 2766 2857 ,‘per
2787 2787 3086 2860 Egyptios,
3111 2790 3395 2861 originalia

1813 2883 2036 2942 peccata
2061 2883 2114 2928 et
2137 2875 2385 2940 actualia,
2430 2892 2548 2946 qua:
2578 2877 2630 2931 in
2659 2878 2982 2946 baptismate
3009 2891 3272 2952 pereunt;
3299 2896 3395 2952 per

1813 2972 2042 3034 petram,
2085 2966 2390 3033 Christum;
2430 2984 2525 3037 per
2553 2983 2780 3036 aquam,
2829 2971 3126 3027 doctrinam
3161 2972 3302 3028 illius
3330 2975 3396 3028 de
3442 3013 3444 3015 ›

1816 3071 1921 3125 qua
1953 3055 2066 3126 ipse
2107 3056 2277 3111 dicit:
2329 3055 2387 3111 Si
2424 3059 2540 3129 quis
2569 3060 2698 3126 silit,
2739 3062 2906 3114 veniat
2936 3072 2983 3115 et
3029 3063 3166 3116 bibat
3207 3065 3394 3134 (Joan.

1816 3155 1937 3216 vn),
1988 3147 2102 3202 sive
2145 3147 2456 3218 mysterium
2497 3149 2882 3219 redemptionis
2907 3163 3068 3221 atque
3108 3151 3399 3208 ablutionis

1817 3247 2017 3295 nostra:
2043 3256 2056 3305 ;
2084 3254 2184 3310 per
2223 3255 2422 3295 manna
2451 3255 2597 3306 vero,
2649 3257 2845 3312 corpus
2874 3243 3014 3299 illius
3047 3245 3188 3313 quod
3223 3248 3400 3315 quotis

1817 3329 1902 3385 die
1929 3330 2163 3385 sumitur
2187 3346 2218 3385 a
2266 3327 2512 3386 ﬁdelibus
2537 3330 2591 3385 in
2622 3331 2858 3388 Ecclesia
2883 3349 2897 3399 ;
2947 3348 3044 3404 per
3067 3335 3251 3404 prmlia
3275 3351 3396 3406 qua:

1815 3421 1896 3478 illi
1943 3422 2344 3488 sustinuerunt,
2394 3423 2691 3478 certamina
2723 3433 2778 3480 et
2806 3424 2942 3480 bella
2971 3441 3089 3495 qua:
3135 3425 3396 3482 habemus

1815 3517 2072 3572 adversus
2099 3517 2403 3573 daemones:
2452 3525 2576 3587 post
2623 3532 2850 3588 quorum
2883 3518 3316 3588 debellationem,
3349 3523 3398 3578 si

1817 3615 1963 3661 recte
1987 3607 2042 3661 in
2086 3606 2187 3662 ﬁde
2215 3608 2694 3677 pet-manserimus,
2747 3609 3076 3665 merebimur
3112 3611 3396 3680 pervenire

1817 3698 1886 3752 ad
1915 3697 2142 3768 patriam
2167 3698 2441 3754 caelestem
2472 3717 2487 3753 :
2522 3714 2640 3769 qua:
2674 3699 3006 3771 signiﬁcatur
3041 3717 3138 3772 per
3195 3711 3394 3759 terram

1819 3789 2277 3859 repromissionis,
2311 3791 2376 3845 de
2405 3806 2510 3860 qua
2549 3790 2834 3847 Psahnista
2873 3793 2986 3848 ait:
3033 3794 3200 3850 Credo
3227 3796 3398 3851 videre

1819 3879 1955 3932 bona
1983 3879 2194 3934 Domini
2234 3881 2288 3934 in
2319 3891 2458 3933 terra
2499 3882 2773 3936 viventium
2821 3881 2991 3951 (Psal.
3020 3887 3212 3953 xxvn).
3246 3887 3397 3942 Hanc

1821 3981 2045 4039 terram,
2086 3974 2139 4028 id
2175 3982 2258 4029 est
2300 3973 2622 4030 soliditatem
2654 3985 2868 4032 aeterna:
2917 3978 3124 4046 patriae,
3181 3981 3398 4046 nonnisi

1820 4065 1936 4118 veri
1963 4063 2215 4118 Israelita:
2241 4063 2530 4132 accipiunt.
2587 4063 2786 4119 lterum
2825 4043 2948 4119 dum
2979 4065 3204 4137 legimus
3237 4043 3395 4123 ﬁdem

1820 4161 1878 4208 et
1897 4153 2254 4209 obedientiam
2277 4153 2417 4208 beati
2439 4153 2670 4208 Abrahae
2689 4163 2745 4208 et
2765 4155 3098 4224 patientiam,
3129 4156 3400 4226 quomodo

1821 4245 2045 4300 adversa
2073 4244 2231 4314 hujus
2253 4244 2434 4299 szeculi
2464 4243 2708 4314 pertulit,
2735 4247 2950 4316 quando
2979 4261 3076 4318 per
3101 4247 3400 4306 multorum

1821 4351 2088 4392 annorum
2114 4335 2382 4390 curricula
2412 4335 2785 4406 peregrinatus
2813 4345 2896 4393 est
2916 4338 2970 4393 in
3010 4347 3153 4393 terra
3179 4338 3354 4395 aliena
3381 4379 3398 4404 ,

1821 4435 1879 4482 et
1904 4427 2168 4498 quomodo
2202 4427 2438 4483 obedivit
2466 4428 2645 4482 verbis
2660 4427 2775 4494 Dei,
2805 4430 3020 4499 quando
3041 4429 3208 4486 voluit
3234 4430 3402 4486 lilium

1827 4519 2160 4590 unigenitum
2185 4519 2479 4583 immolare,
2516 4534 2622 4574 non
2648 4517 2900 4575 dubitans
2927 4521 2994 4576 de
3021 4521 3399 4592 promissione,

1825 4610 1949 4678 quia
1994 4608 2130 4662 dixit
2174 4608 2223 4664 ei
2269 4611 2444 4664 Deus:
2500 4607 2568 4662 In
2604 4608 2759 4663 Isaac
2797 4611 3062 4664 vocabitur
3110 4612 3204 4666 tibi
3230 4628 3405 4668 semen

1829 4697 1980 4770 (Gen.
2013 4699 2160 4771 XXI),
2213 4699 2469 4755 debemus
2516 4698 2673 4754 ﬁdem
2715 4699 2856 4754 illius
2904 4701 3126 4757 imitari.
3180 4702 3272 4761 (tui
3308 4703 3403 4759 ﬁlii

1828 4790 1945 4860 ejus
1957 4789 2202 4855 dicimur,
2228 4804 2327 4859 per
2353 4789 2510 4844 ﬁdem
2531 4797 2584 4843 et
2609 4790 2917 4859 patientiam
2945 4799 3000 4846 et
3019 4791 3404 4857 obedientiam,

1833 4875 2272 4934 non'deﬁcientes
2300 4878 2353 4932 in
2391 4877 2842 4934 tribulationibus.
2891 4877 3153 4935 Similiter
3173 4881 3300 4936 dum
3329 4880 3406 4935 le-

1835 4973 2010 5044 gimus
2049 4971 2264 5026 beatum
2315 4969 2416 5026 Job
2443 4971 2678 5042 graviter
2713 4985 2832 5026 esse
2865 4985 3178 5042 percussum
3227 4981 3284 5027 et
3310 4971 3411 5028 ﬁa—

1834 5064 2111 5136 gellatum,
2137 5063 2187 5118 in
2218 5071 2423 5118 tantum
2453 5071 2511 5118 ut
2541 5063 2664 5118 ﬁliis
2689 5072 2744 5119 et
2779 5063 2990 5119 ﬁliabus
3014 5064 3268 5134 omnique
3287 5065 3413 5119 sub-

1835 5154 2034 5212 stantia
2060 5155 2319 5226 privatus,
2352 5153 2406 5208 in
2438 5154 2772 5224 sterquilinio
2799 5155 3012 5210 sederet
3039 5161 3176 5210 testa
3203 5153 3409 5210 saniem

1839 5249 2052 5315 radens,
2084 5247 2174 5317 qui
2218 5245 2486 5315 quondam
2513 5253 2632 5299 erat
2677 5254 2862 5317 utpote
2891 5244 3300 5317 potentissimus
3329 5259 3410 5299 re-

1839 5353 1964 5410 gum
1988 5379 2004 5404 ,
2043 5345 2098 5392 et
2119 5337 2385 5408 quomodo
2410 5336 2589 5391 omnia
2626 5338 2851 5392 adversa
2878 5335 3270 5408 patientissime
3293 5349 3414 5391 sus-

1843 5428 2096 5494 tinuerit,
2142 5442 2240 5497 pro
2268 5441 2371 5498 qua
2394 5427 2586 5482 iterum
2613 5427 2812 5482 meruit
2834 5427 3120 5482 sanitatem
3149 5425 3412 5497 recipere,

1843 5530 1898 5577 et
1921 5521 2102 5578 omnia
2128 5518 2394 5590 duplicata
2426 5534 2546 5589 quae
2585 5517 2860 5584 amiserat,
2909 5526 2964 5573 et
2993 5517 3212 5589 insuper
3233 5515 3414 5576 futura

1843 5611 2084 5682 pramia,
2129 5609 2384 5665 debemus
2429 5622 2494 5663 ex
2544 5607 2648 5664 hoc
2689 5623 2940 5679 magnam
2994 5608 3414 5666 consolationem

1847 5697 2085 5772 recipere
2115 5717 2126 5752 :
2178 5709 2234 5754 et
2259 5700 2302 5754 si
2337 5701 2476 5755 forte
2519 5699 2805 5769 aliquando
2835 5699 2959 5756 talia
3002 5700 3282 5773 evenerint
3315 5712 3415 5756 no-

1845 5795 1949 5859 bis,
1980 5793 2234 5848 debemus
2258 5791 2360 5846 ista
2381 5791 2446 5846 ad
2471 5791 2784 5847 memoriam
2815 5792 3068 5848 reducere
3092 5800 3187 5849 :et
3212 5791 3418 5862 patien-
