3936 6464
376 470 392 483 ο
470 399 573 458 tas

940 387 1293 447 llAYMONlS
1330 384 1811 443 HALBERSTAT.
1853 382 2068 439 EPlSC.
2108 379 2261 438 OPP.
2305 379 2483 436 PARS
2521 382 2562 436 ι.
2596 411 2666 422 —--
2701 380 3056 438 COMMENT.
3096 382 3265 438 BIBL.

3654 384 3753 438 496

473 507 565 566 liae
588 507 703 580 ejus
721 511 1024 570 imitatores
1047 503 1301 567 existere,
1325 500 1568 557 dicentes
1594 514 1715 556 cum
1742 498 1837 554 illo
1864 517 1878 553 :
1910 495 2057 552 Sicut
2086 502 2133 559 Α
2159 494 2377 548 invicem
2396 535 2411 561 ,
2454 495 2592 549 sicut
2622 504 2671 549 et
2717 494 2956 550 Christus
3001 501 3226 570 suscepit
3270 517 3355 554 vos
3396 502 3453 555 in
3500 510 3751 556 honorem

472 602 698 657 Domino
735 598 953 670 placuit,
1006 596 1082 649 ita
1129 593 1328 664 factum
1369 602 1445 648 est
1472 610 1497 659 ;‘
1522 593 1589 648 sit
1618 607 1807 647 nomen
1848 589 2059 645 Domini

473 689 793 744 benedictum
847 685 988 757 (Job.
1048 683 1131 756 η).
1187 683 1337 737 Talia
1385 692 1440 739 et
1487 682 1572 738 bis
1619 681 1813 737 similia
1872 679 2060 737 sedulo

405 768 413 777 “
472 782 653 836 animo
694 777 1052 844 revolventes,
1104 775 1365 832 debemus
1412 789 1565 846 spem
1599 775 1812 829 ﬁrmam
1849 783 2056 837 tenere,

472 877 847 943 exspectantes
875 868 1068 941 gaudia
1097 868 1403 924 futurorum
1432 869 1717 922 honorum.

514 963 681 1019 'Deus
716 972 893 1018 autem
922 961 1189 1033 patientia:
1228 970 1275 1016 et
1317 958 1493 1015 solatii
1532 958 1619 1012 det
1661 957 1802 1012 vobis
1830 957 2060 1026 idipsum

467 1068 648 1123 sapere
669 1054 727 1106 in
750 1051 1064 1107 alterutrum
1088 1049 1376 1105 secundum
1395 1047 1578 1104 Iesum
1600 1046 1886 1104 Christum.
1913 1046 2061 1103 More

467 1143 905 1214 patriarcharum
952 1142 1046 1197 dat
1082 1141 1244 1197 modo
1291 1140 1727 1196 benedictionem
1768 1130 2060 1208 Apostolus

471 1233 755 1290 Rmuanis.
791 1231 953 1287 Verbi
996 1231 1208 1304 gratia:
1243 1229 1397 1286 Sicut
1437 1229 1588 1285 Isaac
1619 1228 1895 1284 benedixit
1935 1226 2060 1283 iiliis

468 1327 583 1381 suis
626 1326 771 1382 Esau
806 1333 865 1380 et
887 1322 1084 1391 Jacob,
1122 1331 1178 1379 et
1202 1323 1543 1395 postmodum
1581 1319 1749 1377 Jacob
1776 1321 2061 1377 duodecim

468 1418 840 1489 patriarchas;
893 1425 949 1471 et
998 1414 1207 1487 Moyses
1254 1413 1566 1490 duodecim.
1593 1412 1767 1467 tribus
1818 1411 2058 1467 filiorum

468 1508 652 1566 Israel.
701 1507 857 1565 Sicut
896 1517 1075 1562 autent
1119 1506 1317 1561 dicitur
1355 1504 1497 1561 Deus
1519 1504 1767 1575 justitire,
1819 1518 1886 1559 eo
1916 1503 2059 1573 quod

472 1600 599 1670 ipse:
623 1599 891 1671 justitiam
934 1598 1136 1654 tribuat
1167 1595 1420 1651 omnibus
1463 1594 1556 1665 qui
1601 1603 1880 1650 merentur
1898 1592 2059 1663 justi-

470 1694 647 1759 ticari,‘
704 1702 759 1749 et
802 1693 857 1747 in
891 1691 1104 1747 illorum
1150 1688 1405 1746 cordibus
1446 1686 1696 1742 habitet:
1738 1687 1816 1742 sic
1859 1686 2059 1741 dicitur

467 1786 610 1841 Dens
634 1783 939 1856 patientiae,
980 1782 1106 1853 quia
1156 1782 1273 1853 ipse
1321 1779 1509 1836 tribuit
1537 1779 1885 1851 patientiam,
1913 1786 1969 1834 et
2003 1778 2057 1833 in

2159 585 2279 640 Dei.
2310 586 2393 642 Ad
2429 601 2496 642 ea
2523 602 2644 658 quae
2690 587 2850 657 paulo
2882 591 3133 660 superius
3152 592 3295 647 dixit
3326 592 3661 663 Apostolus,
3692 597 3754 652 de

2161 677 2394 735 infirmis
2441 679 2620 734 adhuc
2664 678 2925 736 fratribus
2972 682 3027 736 in
3069 683 3177 739 ﬁde
3219 684 3484 755 loquens,
3521 696 3583 742 et
3612 688 3754 746 dill'e-

2160 770 2335 824 rentia
2382 770 2629 827 ciborum
2673 787 2811 842 quos
2850 764 3130 846 praecepit'
3156 780 3359 849 suscipi
3410 780 3467 836 in
3501 780 3751 840 allectum

2160 860 2443 918 cbaritatis
2493 866 2616 919 cum
2667 865 3087 937 tranquillitate,
3134 870 3429 941 inquiens:
3474 873 3752 932 inﬁrmum

2160 958 2338 1006 autem
2373 953 2426 1007 in
2470 953 2576 1009 lide
2600 956 2881 1023 assumite,
2904 958 3180 1027 pertinent
3208 961 3312 1016 ista
3343 966 3678 1033 priesentia,
3708 978 3754 1021 et

2160 1053 2245 1099 est
2286 1058 2479 1101 sensus
2507 1062 2521 1101 :
2551 1046 2781 1119 Propter
2806 1048 2910 1106 hoc
2940 1050 3064 1106 talia
3110 1052 3230 1110 dico
3259 1063 3320 1109 ut
3345 1057 3671 1127 suscipiatis
3706 1061 3751 1115 in

2160 1136 2445 1192 cbaritatis
2487 1138 2733 1194 allectum
2776 1141 2971 1198 fratres
3016 1145 3194 1200 adhuc
3216 1134 3483 1204 “inﬁrmos
3535 1151 3597 1204 in
3640 1151 3751 1213 fide,

2159 1239 2335 1294 neque
2384 1228 2764 1284 scandalizetis
2800 1245 2894 1286 eos
2923 1233 3211 1289 suadentes
3237 1237 3317 1290 eis
3359 1246 3420 1290 ut
3462 1240 3755 1294 comedam

2159 1315 2309 1371 cibos
2347 1332 2483 1387 quos
2529 1308 2631 1389 ipsi
2666 1320 3005 1377 detestantur
3033 1325 3183 1393 quasi
3228 1326 3572 1393 immundos,
3603 1339 3661 1384 et
3688 1328 3751 1384 ita

2159 1406 2416 1476 suscipite
2468 1407 2589 1464 illos
2646 1425 2771 1464 cum
2834 1412 3140 1479 charitate,
3192 1417 3334 1471 sicut
3386 1429 3444 1474 et
3506 1418 3753 1477 Christus

2158 1499 2395 1569 suscepit
2417 1514 2511 1555 vos
2547 1500 2614 1557 ad
2642 1501 2817 1561 iidem
2845 1519 2997 1559 suam
3028 1505 3081 1560 in
3117 1507 3374 1564 honorem
3404 1511 3505 1567 Dei
3546 1512 3753 1578 Patris,

2158 1598 2218 1645 ut
2247 1591 2390 1647 Deus
2431 1594 2593 1649 Pater
2640 1594 2890 1651 laudetur
2936 1612 3034 1669 per
3070 1616 3182 1655 vos.
3232 1600 3288 1657 Si
3333 1617 3468 1675 ergo
3502 1606 3754 1663 Christus

2159 1682 2409 1753 dignatus
2455 1695 2539 1741 est
2570 1688 2815 1757 recipere
2844 1690 2912 1744 ad
2960 1689 3117 1746 tidem
3168 1708 3322 1748 suam
3367 1693 3603 1753 Iudaeos
3655 1700 3755 1753 bla—

2158 1772 2552 1860 sphematores,
2598 1785 2653 1830 et
2694 1792 2789 1833 vos
2835 1779 3062 1849 gentiles
3112 1782 3463 1853 idololatras,
3492 1791 3755 1860 omnique

469 1876 681 1932 ίυυηηη
716 1874 966 1931 cordibus
994 1874 1226 1941 habita”
1255 1873 1348 1945 qui
1394 1873 1536 1927 inter
1578 1873 1804 1927 adversa
1846 1872 2055 1943 ρειιίεη..
2081 1864 2128 1924 Β
2158 1859 2495 1918 immunditia
2524 1866 2777 1936 repletos,
2807 1876 2967 1939 atque
2987 1886 3015 1925 a
3046 1873 3351 1943 cognitione
3382 1876 3482 1932 Dei
3520 1859 3754 1945 alienos,

482 1968 597 2022 iam
644 1958 883 2022 servant.
926 1963 1190 2021 Similiter
1219 1964 1416 2020 dicitur
1434 1971 1489 2019 et
1519 1962 1660 2019 Deus
1686 1962 1894 2029 solatii,
1926 1948 2051 2033 qdia

472 2071 581 2129 pse
615 2056 867 2113 solatium
898 2064 1133 2127 praestat
1158 2056 1214 2111 in
1251 2068 1311 2111 se
1338 2053 1754 2119 conlidentibus,
1797 2061 1960 2125 atque
1995 2054 2051 2108 in

470 2147 681 2203 illorum
707 2147 963 2202 cordibus
990 2145 1238 2201 habitare
1266 2145 1519 2217 dignatur
1537 2144 1629 2216 qui
1655 2144 1776 2199 aliis
1809 2143 2054 2200 consola-

469 2242 669 2297 tionem
698 2239 1023 2311 impendere‘
1049 2238 1266 2295 student
1296 2255 1314 2296 :
1345 2238 1431 2294 vel
1473 2238 1569 2309 qui
1611 2237 1665 2293 in
1698 2237 1933 2305 aliorum
1956 2252 2053 2307 pa-

468 2331 1123 2389 tientia‘oonsolationem
1173 2329 1479 2400 accipiunt,
1520 2329 1574 2384 in
1625 2328 2053 2384 adversitatibus

464 2424 771 2481 constituti.
808 2424 950 2480 Deus
978 2433 1183 2490 autem,
1219 2423 1416 2494 inquit,
1449 2421 1727 2493 patientia:
1749 2431 1804 2478 et
1849 2421 2049 2489 solatii,

465 2515 1015 2586 det’vabisidipsum
1061 2528 1255 2586 sapere
1303 2515 1358 2570 in
1398 2514 1750 2581 alterutrum,
1780 2523 1839 2570 ut
1886 2526 2050 2569 unum

431 2606 715 2673 .sentiatls
756 2606 825 2662 de
872 2605 1010 2672 ilde‘,
1042 2618 1170 2676 spe,
1198 2613 1268 2661 et
1294 2606 1561 2662 charitate
1584 2622 1604 2660 τ
1650 2616 1705 2661 et
1732 2606 1875 2675 quod
1912 2620 2052 2660 unus
2092 2626 2099 2633 ·

467 2698 643 2754 credit
662 2739 676 2766 ,
723 2699 826 2754 ltoc
863 2707 1047 2769 speret
1073 2697 1238 2752 alium
1268 2697 1520 2763 credere,
1546 2702 1602 2753 et
1624 2697 1768 2768 quod
1797 2696 1853 2751 in
1882 2711 1942 2752 se
1969 2704 2054 2752 est

463 2791 590 2848 boni
609 2833 622 2857 ,
650 2791 757 2848 hoc
793 2792 847 2846 in
890 2790 1030 2858 alio,
1056 2791 1142 2846 vel
1184 2783 1417 2861 idﬁsum’
1441 2791 1530 2846 det
1557 2789 1709 2846 vobis
1733 2804 1960 2860 sapere;
1994 2796 2052 2843 ut

465 2885 611 2941 sicut
633 2883 735 2939 sibi
750 2884 1156 2955 unusquisque,
1185 2882 1266 2938 sic
1286 2880 1535 2953 proximo
1554 2879 1703 2947 velit,
1728 2879 1783 2935 id
1804 2888 1888 2935 est
1908 2880 2052 2950 quod

466 2968 984 3040 sibivolterenire,
1018 2976 1122 3032 hoc
1160 2982 1313 3045 optet
1358 2971 1605 3044 proximo
1632 2985 1766 3039 suo;
1822 2979 1877 3027 et
1913 2971 2054 3027 sicut

465 3070 639 3143 diligit
664 3069 838 3136 illum,
878 3070 952 3125 ita
987 3069 1173 3126 credat
1198 3084 1258 3124 se
1285 3067 1432 3137 diligi
1459 3066 1526 3120 ab
1554 3064 1666 3121 illo.
1694 3064 1762 3120 Et
1792 3063 1928 3122 bene
1957 3066 2052 3121 ad-

466 3162 636 3228 didit,
666 3164 977 3219 secundum"
1010 3161 1194 3218 Jesum
1223 3160 1529 3225 Christum,
1563 3160 1616 3215 id
1646 3168 1730 3215 est
1756 3159 2049 3215 secundum

2156 1950 2327 2007 multo
2373 1955 2545 2025 magis
2591 1971 2691 2011 nos
2731 1958 2992 2015 debemus
3043 1978 3147 2017 non
3191 1965 3476 2037 despicere
3527 1968 3753 2027 fratrem

2155 2054 2399 2101 nostrum
2450 2045 2725 2102 inﬁrmum
2756 2048 2807 2104 in
2839 2048 2973 2118 fide,
3016 2068 3190 2124 neque
3225 2056 3277 2110 in
3309 2057 3500 2128 aliquo
3551 2064 3752 2117 contri-

2155 2143 2302 2191 stare
2327 2142 2417 2190 aut
2447 2138 2843 2205 scandalizare,
2869 2143 2965 2196 sed
2994 2145 3172 2213 potius
3201 2146 3254 2200 in
3279 2148 3549 2205 allectum
3582 2155 3755 2210 chari-

2098 2240 2101 2245 '
2155 2229 2282 2283 tatis
2320 2229 2578 2284 debemus
2626 2246 2751 2286 eum
2801 2232 3073 2306 colligere.
3120 2238 3244 2295 ideo
3290 2257 3424 2314 ergo
3471 2246 3621 2302 dicit
3664 2266 3754 2306 nos

2153 2329 2433 2392 susceptos
2459 2322 2513 2377 in
2539 2324 2799 2381 honorem
2827 2325 2922 2382 Dei
2947 2327 3158 2395 Patris,
3182 2342 3240 2387 ut
3274 2334 3419 2391 Deus
3462 2337 3643 2393 Pater
3668 2359 3757 2413 per

2154 2428 2253 2468 nos
2273 2423 2328 2469 et
2356 2429 2455 2485 per
2477 2415 2616 2471 bona
2649 2429 2834 2473 nostra
2861 2434 3025 2491 opera
3054 2423 3384 2491 gloriﬁcelur
3414 2440 3472 2485 et
3502 2431 3753 2490 laudetur

2154 2519 2276 2559 cum
2302 2504 2438 2560 Filio
2463 2520 2593 2574 suo,
2624 2508 2715 2577 qui
2760 2509 2897 2565 dixit
2938 2512 2992 2566 in
3036 2513 3326 2588 Evangelia
3370 2520 3673 2592 discipulis
3709 2539 3755 2581 et

2153 2599 2402 2655 omnibus
2428 2600 2483 2654 in
2504 2615 2563 2656 se
2581 2602 2867 2658 creditoris
2890 2619 2905 2661 :
2936 2604 3030 2661 Sic
3050 2604 3221 2664 luceat
3246 2610 3340 2666 lux
3365 2626 3547 2669 vestra
3579 2634 3751 2672 rorata

2152 2693 2471 2760 hominibus,
2502 2705 2559 2749 ut
2590 2692 2799 2750 videant
2820 2710 2975 2768 opera
2999 2711 3163 2755 vestra
3189 2702 3347 2769 bona,
3370 2714 3423 2760 et
3450 2708 3753 2777 gloriﬁcent

2154 2783 2369 2839 Patrem
2392 2794 2641 2853 vestrum,
2666 2790 2753 2858 qui
2774 2788 2827 2842 in
2854 2787 2999 2843 caelis
3019 2800 3093 2845 est
3125 2789 3339 2867 (Matth.
3362 2795 3443 2866 v).

2224 2875 2356 2931 Dico
2402 2878 2541 2932 enim
2584 2879 2763 2933 .lesum
2796 2877 3061 2935 Christum
3090 2867 3387 2940 ministrum
3433 2888 3615 2958 fuisse
3654 2893 3753 2946 cir-

2154 2969 2488 3024 cumcisionis
2534 2981 2742 3041 propter
2768 2974 3034 3029 veritate»:
3080 2974 3195 3042 Dei,
3240 2979 3309 3032 ad
3347 2983 3753 3051 conﬁrmandus

2152 3063 2521 3132 promissiones
2547 3072 2777 3135 patrum.
2805 3063 3161 3125 Circumcisio
3191 3069 3369 3130 inlice
3399 3073 3527 3131 loco
3553 3076 3754 3149 duplici

2155 3152 2507 3225 intelligentia
2563 3157 2733 3227 accipi
2778 3167 2997 3228 potest,
3044 3161 3295 3217 videlicet
3347 3173 3464 3220 tam
3514 3171 3756 3226 carnalis

465 3254 609 3323 quod
646 3253 893 3309 voluntas
933 3260 1016 3308 est
1059 3250 1186 3307 Jesu
1214 3250 1438 3315 Christi,
1458 3248 1593 3320 quia
1623 3248 1780 3303 multi
1815 3249 2053 3302 sentiunt
2079 3253 2123 3314 ρ
2155 3258 2315 3313 quam
2356 3246 2633 3316 spiritalis,
2662 3249 2917 3318 quoniam
2949 3252 3230 3323 utriusque
3255 3256 3514 3313 minister
3542 3264 3755 3316 exstitit

468 3354 634 3401 unum
674 3353 741 3400 ret
783 3346 1031 3400 videntur
1073 3359 1132 3401 se
1177 3343 1432 3412 diligere,
1481 3339 1576 3398 sed
1619 3357 1724 3396 non
1757 3340 2052 3397 secundum

466 3437 661 3495 Je§nmi
683 3437 980 3495 Christum.
1014 3434 1178 3491 Verbi
1213 3436 1386 3507 gratia
1421 3450 1435 3487 :
1466 3433 1606 3489 sicut
1640 3440 1765 3488 sunt
1790 3432 2050 3498 haeretici,

468 3530 561 3600 qui
594 3543 700 3584 non
722 3528 964 3584 sentiunt
989 3527 1044 3581 in
1074 3540 1136 3582 se
1163 3525 1382 3589 erroris,
1408 3523 1553 3594 quod
1574 3530 1630 3578 et
1654 3521 1709 3577 in
1734 3514 1854 3577 aliis
1884 3521 2055 3577 haere-

470 3624 634 3678 ticis:
667 3630 723 3677 et
757 3621 899 3678 sicut
931 3628 1057 3677 sunt
1102 3618 1177 3674 illi
1197 3660 1211 3684 ,
1246 3618 1340 3689 qui
1382 3632 1489 3673 non
1532 3631 1696 3675 causa
1729 3616 1931 3672 amoris
1959 3615 2054 3672 Dei

471 3714 703 3784 (litigant
722 3711 893 3777 alios,
929 3711 1022 3767 sed
1052 3718 1274 3782 propter
1297 3709 1559 3765 beneficia
1589 3708 1905 3780 temporalia
1933 3724 2053 3780 qum

472 3804 543 3859 ab
570 3803 677 3858 illis
704 3809 949 3874 captant,
970 3800 1053 3858 vel
1086 3801 1210 3872 quia
1252 3800 1306 3856 in
1338 3797 1542 3856 malitia
1573 3800 1907 3856 concordant
1930 3814 2054 3856 cum

476 3894 574 3949 eis.
642 3926 647 3929 -

543 3981 614 4040 Ut
642 3978 938 4049 unanimes,
966 3981 1018 4040 id
1041 3989 1124 4039 est
1152 3996 1258 4038 uno
1278 3981 1552 4037 intellectu
1574 4023 1587 4047 ,
1610 3990 1771 4053 atque
1805 3999 1913 4040 uno
1936 3998 2058 4038 eon-

471 4068 656 4142 sensu,
676 4073 767 4129 vel
800 4087 904 4128 una
934 4071 1073 4140 fide,
1102 4081 1152 4127 et
1178 4088 1284 4127 uno
1321 4089 1443 4137 ore,
1475 4071 1526 4126 id
1568 4078 1650 4127 est
1694 4089 1796 4126 una
1840 4072 2057 4127 confes-

474 4166 653 4228 sione,
707 4162 1062 4233 honoriﬁcetis
1106 4162 1272 4216 Deum
1324 4171 1371 4216 et
1407 4159 1619 4215 Patrem
1651 4161 1864 4216 Domini
1894 4164 2059 4216 nostri

476 4252 606 4308 Just
620 4251 838 4305 Christi.
859 4250 1351 4320 DwsOmnipotens
1369 4248 1730 4315 Pater,Pater
1747 4260 1829 4305 est
1845 4250 2059 4306 Domini

478 4341 651 4399 nostri
684 4336 818 4396 Jesn
854 4339 1093 4404 Christi,
1144 4349 1249 4393 tam
1280 4339 1580 4394 secundum
1621 4340 1955 4397 divinitatem
2004 4342 2061 4397 in

477 4446 583 4504 qua
608 4430 961 4503 genuitillnnt
989 4438 1313 4486 maternum
1341 4431 1441 4487 sibi
1472 4438 1527 4487 et
1551 4431 2060 4488 consubstantialem
2088 4462 2089 4465 η

480 4534 615 4580 ante
647 4523 828 4578 omnia
872 4521 1065 4577 stecnla
1090 4562 1104 4588 ,
1143 4536 1302 4593 quam
1337 4523 1630 4578 secundum
1670 4522 2060 4578 humanitatem

2157 3333 2416 3390 Dominus
2463 3337 2517 3391 in
2563 3353 2621 3393 se
2667 3340 3043 3410 suscipiendo,
3093 3352 3149 3397 et
3192 3345 3312 3400 aliis
3363 3348 3751 3407 ministrando.

2155 3421 2597 3481 Circumcisionis
2621 3428 2762 3482 enim
2792 3431 3026 3486 carnalis
3070 3433 3318 3489 minister
3355 3440 3600 3507 exstitit,
3633 3446 3752 3514 quia

2157 3523 2445 3585 antc’quam
2473 3519 2681 3575 veniret
2707 3521 2771 3601 in
2791 3524 3047 3578 mundum
3070 3540 3168 3595 per
3195 3525 3607 3587 [incarnationis
3640 3551 3756 3601 my-

2156 3608 2422 3672 sterium,
2469 3607 2583 3678 ipse
2630 3611 2720 3681 qui
2767 3597 2848 3667 est
2872 3611 3106 3672 Verbum
3152 3615 3364 3686 Patris,
3412 3597 3757 3682 ministravit

2156 3696 2303 3790 illam
2353 3699 2529 3790 dando
2570 3706 2629 3757 'et
2666 3702 3026 3775 praecipiendo
3070 3717 3131 3764 ut
3179 3711 3598 3785 observaretur,
3633 3722 3753 3790 quia

2156 3787 2272 3857 ipse
2311 3789 2402 3858 qui
2431 3789 2752 3861 loquebatur
2776 3809 2874 3864 per
2898 3797 3147 3868 angelum
3188 3803 3253 3857 ad
3284 3816 3507 3863 sanctos
3543 3787 3751 3879 patres,

2157 3881 2299 3937 sicut
2350 3883 2403 3937 in
2450 3884 2605 3940 libris
2644 3888 2969 3959 propheticis
2998 3894 3295 3963 saepissime
3343 3899 3751 3967 manifestatur,

2157 3975 2248 4029 ubi
2296 3976 2529 4031 dicitur:
2563 3976 2670 4044 Os,
2719 3981 2830 4037 sive
2859 3982 3082 4039 verbum
3123 3986 3333 4043 Domini
3366 3990 3616 4049 locutum
3654 4008 3753 4061 est,

2158 4066 2379 4121 veniens
2426 4066 2479 4122 in
2508 4084 2686 4124 carne
2732 4072 2893 4127 etiam
2927 4076 3179 4132 minister
3206 4081 3416 4136 exstitit
3459 4085 3754 4143 circumci-

2158 4156 2344 4224 sionis,
2375 4160 2500 4229 quia
2532 4159 2676 4215 illam
2704 4163 2757 4218 in
2785 4167 3074 4238 semetipso
3096 4172 3354 4241 suscepit,
3385 4189 3496 4230 non
3522 4187 3587 4232 ut
3614 4180 3754 4234 illam

2159 4247 2476 4320 prteciperet
2502 4254 2708 4309 servari
2738 4263 2791 4309 et
2815 4258 3073 4313 custodiri
3100 4270 3221 4331 post
3244 4278 3403 4318 suum
3430 4267 3754 4333 adventum,

2160 4340 2254 4395 sed
2299 4350 2360 4395 ut
2390 4344 2701 4401 ostenderet
2728 4346 2895 4418 legem
2932 4361 3175 4406 sanctam
3223 4369 3377 4422 esse,
3411 4344 3664 4428 justam,
3706 4373 3760 4417 et

2159 4429 2375 4485 bonum.
2418 4428 2553 4489 Nam
2595 4434 2817 4494 mittens
2855 4442 3125 4510 apostolos
3165 4444 3424 4503 Dominus
3454 4444 3525 4504 ad
3554 4453 3755 4522 przcdi-

2160 4523 2392 4579 candum
2440 4542 2545 4583 non
2594 4528 2893 4600 dixitzlte,
2938 4535 3229 4606 praedicare
3278 4539 3755 4600 circumcisioneru

481 4628 587 4686 qua
617 4613 823 4671 ereavit
852 4613 1002 4670 illum
1032 4615 1087 4670 in
1129 4613 1237 4671 line
1267 4623 1572 4686 temporum
1609 4613 1672 4668 in
1708 4621 1868 4669 utero
1894 4614 2061 4686 virgi-
2092 4610 2140 4669 D
2166 4615 2485 4703 servandam
2530 4619 2780 4676 omnibus
2824 4624 3104 4694 gentibus,
3150 4628 3243 4682 sed
3272 4645 3285 4680 :
3316 4628 3427 4697 Ite,
3467 4634 3761 4703 pra’dirat:

484 4708 613 4763 nali.
644 4707 786 4763 Deus
822 4718 956 4763 vero
978 4716 1067 4763 est
1108 4707 1447 4763 solummodo
1475 4705 1721 4761 hominis
1746 4707 2007 4777 assumpti
2032 4722 2064 4762 a

489 4795 660 4852 Verbo
683 4837 697 4862 ,
729 4798 831 4855 hoc
874 4807 959 4853 est
987 4799 1280 4853 secundum
1326 4796 1747 4863 humanitatem;
1772 4799 1919 4853 unde
1953 4798 2066 4869 ipse

482 4885 841 4941 dixitIMarite
870 4894 1009 4958 'post
1051 4885 1468 4942 resurrectionis
1504 4885 1727 4956 gloriam
1765 4904 1778 4941 :
1821 4884 1961 4942 Vade
1995 4889 2064 4943 ad

485 4977 674 5048 fratres
698 4992 861 5042 meos,
884 4985 943 5033 et
967 4977 1056 5032 dic
1078 4977 1159 5031 eis
1189 4992 1211 5030 επ
1234 4975 1471 5030 Aseendo
1492 4977 1562 5031 at!
1584 4974 1799 5032 Patrem
1822 4980 1992 5033 meum
2006 4991 2066 5035 et

491 5068 704 5126 Patrem
728 5080 978 5135 vestrum,
994 5070 1163 5125 Deum
1186 5085 1354 5124 meum
1377 5081 1425 5125 et
1448 5070 1613 5126 Deam
1632 5068 1857 5129 vestrum
1877 5072 2058 5146 (101m.

487 5164 600 5232 xx).
625 5161 793 5229 Quem
822 5160 951 5217 tunc
973 5160 1333 5232 glorificamus
1361 5163 1476 5218 sive
1504 5163 1816 5232 laudamus,
1846 5167 2063 5235 quando

485 5251 604 5320 ejus
629 5250 790 5308 tidem
822 5252 1243 5308 sincerissimam
1269 5261 1512 5310 tenentes
1537 5254 1591 5308 in
1618 5255 1781 5311 corde
1808 5256 2063 5326 omnique

487 5343 793 5411 intellectu,
824 5344 1148 5400 corintemur
1187 5360 1311 5401 eum
1355 5361 1450 5401 ore
1491 5361 1681 5402 verum
1710 5347 1878 5403 Deum
1908 5362 2060 5415 esse,

487 5446 543 5492 et
564 5436 731 5491 ﬁdem
763 5450 924 5506 quam
957 5436 1216 5493 habemus
1252 5435 1406 5493 bonis
1433 5438 1685 5507 operibus
1713 5452 2063 5508 esornamus,

480 5528 640 5599 juxta
670 5526 815 5596 quod
863 5526 977 5596 ipsa
1006 5526 1221 5582 Veritas
1260 5528 1543 5592 admonet,
1575 5526 1801 5584 dicens:
1842 5525 2067 5583 Videant

486 5624 649 5688 operta
672 5604 843 5671 vestra
873 5617 1029 5682 bona,
1055 5622 1104 5670 et
1133 5616 1419 5687 gloriﬁcent
1442 5614 1659 5671 Patrem
1700 5629 1942 5686 vestrum,
1979 5618 2069 5690 qui

485 5704 710 5763 inseetis
736 5706 1149 5779 “((Hattlyv).
1222 5710 1225 5715 ‘
1390 5732 1408 5739 -·
1506 5728 1571 5749 λι
2050 5710 2053 5715 λ

563 5798 792 5871 Propter
827 5800 1001 5871 quod",
1041 5799 1295 5858 subaudis
1336 5800 1500 5859 decus
1538 5801 1804 5875 honoris,
1827 5806 2069 5878 suscipite

2167 4702 2508 4776 Evangelium
2531 4713 2670 4765 omni
2706 4724 2960 4769 creatura:
2984 4706 3182 4788 '(Marc.
3215 4720 3350 4792 rm),
3388 4732 3442 4777 et
3470 4702 3762 4796 baptizata

2167 4810 2222 4849 tn
2270 4798 2488 4855 nomine
2528 4800 2736 4869 Patris,
2771 4796 2831 4859 et
2854 4804 3006 4873 Filii,
3037 4818 3091 4865 et
3124 4807 3361 4881 Spiritus
3399 4820 3607 4873 sancti.
3654 4820 3763 4874 [loc

2167 4886 2381 4958 quidem
2421 4890 2487 4947 de
2534 4886 2948 4953 circumcisione
2991 4902 3196 4957 carnali
3246 4905 3448 4979 dictum
3497 4921 3623 4978 est,
3674 4916 3765 4969 sed

2169 4982 2391 5049 melius,
2426 4985 2479 5041 id
2507 4994 2591 5042 est
2618 4982 2796 5044 altiori
2838 5006 2997 5048 sensu
3040 4997 3106 5049 de
3150 4997 3569 5059 circumcisione
3599 5008 3772 5078 spiri-

2171 5077 2263 5131 tali
2296 5078 2713 5150 intelligendum,
2744 5083 2796 5138 id
2820 5094 2902 5140 est
2934 5088 2999 5143 de
3028 5090 3199 5159 gratia
3231 5090 3603 5161 baptismatis.
3638 5077 3769 5154 Cir-

2168 5168 2427 5223 cumcisio
2451 5170 2707 5239 spiritalis
2734 5188 2853 5245 quae
2880 5179 2996 5233 est?
3023 5178 3353 5252 Exspoliatio
3378 5187 3572 5258 utique
3604 5190 3773 5246 vitio-

2169 5273 2289 5351 rum
2313 5274 2431 5351 qua
2474 5262 2533 5315 lit
2570 5262 3045 5351 per-baptismum,
3075 5272 3228 5342 cujus
3266 5274 3521 5333 minister
3547 5282 3779 5339 exsﬁtit

2168 5350 2287 5420 ipse
2312 5350 2642 5408 Dominus‘in
2670 5350 2729 5411 ae
2749 5357 3089 5429 suscipiendo
3109 5374 3163 5417 et
3183 5360 3303 5419 aliis
3327 5367 3532 5425 dando.
3560 5354 3779 5428 Susse-

2173 5441 2252 5511 pit
2285 5441 2427 5495 enim
2457 5442 2780 5513 baptismum
2808 5438 3352 5524 quando'baptizatus
3379 5469 3460 5514 est
3488 5477 3520 5515 a
3549 5461 3780 5519 Joanne

2176 5533 2446 5603 Baptista;
2470 5535 2799 5625 ministravit
2824 5530 3003 5597 autem
3027 5544 3390 5614 postmodum,
3419 5553 3551 5621 quia
3578 5553 3778 5624 bapti-

2177 5626 2321 5680 zavit
2348 5624 2637 5697 apostolos,
2673 5630 2913 5701 aliosque
2938 5637 3002 5689 ad
3026 5651 3083 5691 sc
3106 5650 3202 5706 per
3227 5637 3386 5695 ﬁdem
3411 5646 3778 5705 accedentes.

2074 5734 2077 5741 ί
2171 5713 2327 5783 juxta
2367 5718 2507 5789 quod
2543 5717 2890 5791 Evangelium
2926 5713 3147 5801 narrat,
3175 5726 3357 5784 dicens
3387 5747 3404 5787 :
3435 5728 3574 5798 Quia
3603 5732 3783 5788 Jesus

2178 5806 2488 5879 baptizabat
2504 5817 2558 5868 et
2579 5811 2825 5886 discipuli
2843 5814 2977 5885 ejus.
3001 5810 3219 5874 Mittens
3239 5820 3451 5892 quoque
3472 5820 3787 5893 Apostolos
