3936 6444
186 485 284 542 497

905 484 1262 542 EXPOSI‘TIO
1300 483 1366 540 IN
1404 483 1550 541 EPP.
1594 483 1652 538 S.
1691 481 1919 539 PAULI.
1957 512 2027 522 —
2065 483 2131 538 IN
2170 484 2385 543 EPIST.
2426 487 2516 542 AD
2552 487 2718 546 R0“.

3327 496 3430 552 498

180 603 250 657 ad
295 598 688 671 praedicationis
731 597 962 654 otlicium
1007 615 1105 670 per
1139 598 1498 668 quadriﬁdum
1542 596 1750 660 orbem,
1779 591 2059 662 Anomini
2108 601 2200 650 tuo
2259 597 2520 664 cantabo,
2579 599 2632 653 id
2687 606 2768 654 est
2809 612 3006 654 nomen
3054 600 3278 660 Deitatis
3332 613 3435 660 tute

179 692 373 749 indixit
409 691 520 756 eis,
549 690 772 746 dicens:
798 689 898 756 Ite,
929 691 1104 745 docete
1131 705 1305 745 omnes
1346 698 1548 759 gentes,
1591 685 1757 756 bapti-

159 796 358 840 -zantes
379 801 464 838 eos
491 784 545 837 in
567 784 772 837 nomine
789 791 986 837 sancta:
1001 779 1512 850 Trirtitatiswatth.
1535 779 1749 848 xxviii).

179 876 324 930 Ecce
356 873 627 945 quomodo
647 871 749 926 fuit
775 872 1031 926 Dominus
1066 870 1221 926 Jcsus
1247 869 1494 924 minister
1518 868 1752 923 circum-

174 965 399 1021 cisionis
428 963 706 1034 spiritalis.
736 962 1028 1018 Possumus
1052 960 1216 1015 etiam
1256 970 1311 1014 et
1344 959 1446 1014 hoc
1489 958 1755 1013 veraciter

173 1058 386 1120 dicere,
414 1055 537 1124 quia
566 1055 806 1124 quotidie
837 1054 1177 1108 administrat
1216 1053 1330 1123 ipse
1372 1051 1617 1106 eamdem
1647 1049 1756 1107 cir-

172 1146 562 1201 cumeisionem
610 1144 946 1212 .dimittendo
1009 1150 1229 1214 peccata
1279 1143 1334 1197 in
1405 1141 1749 1212 baptismate.

173 1236 530 1292 Ministerium
568 1237 768 1291 etenim
815 1235 1054 1308 tingendi
1102 1249 1329 1306 corpora
1377 1234 1598 1290 tradidit
1639 1233 1753 1291 suis

172 1327 439 1392 ﬁdelibus,
466 1335 787 1397 potestatem
818 1325 1120 1381 dimittendi
1156 1332 1378 1396 peccata
1405 1324 1509 1380 sibi
1535 1324 1753 1396 pmprie

173 1415 489 1480 reservavit,
518 1415 658 1469 sicut
684 1411 919 1470 Joannes
947 1429 1250 1484 praecursor
1273 1413 1390 1485 ejus
1423 1414 1490 1469 de
1517 1428 1584 1469 eo
1620 1413 1752 1470 dicit

170 1508 384 1562 turbis:
428 1505 549 1576 Ipse
589 1523 675 1561 vos
716 1505 996 1576 baptizabit
1028 1507 1083 1560 in
1117 1505 1316 1577 Spiritu
1344 1514 1530 1563 sancto
1555 1514 1610 1562 et
1639 1507 1749 1578 igni

169 1595 389 1668 (Matth.
421 1596 525 1667 ιιι).
552 1595 618 1650 Ει
639 1595 833 1650 iterum
859 1612 873 1648 :
901 1595 1035 1666 Ego,
1059 1595 1238 1666 inquit
1259 1594 1524 1662 Joannes,
1556 1597 1752 1650 nescie-

91 1705 98 1712 ·
169 1689 289 1741 bam
338 1704 456 1741 eum
515 1686 658 1757 quod
715 1686 816 1741 sibi
872 1696 1015 1743 esset
1067 1696 1380 1744 servaturus
1429 1696 1750 1760 potestatem

169 1779 500 1848 baptizandi,
546 1778 782 1847 nullique
831 1779 1164 1846 traditurus,
1205 1778 1295 1833 sed
1340 1779 1430 1850 qui
1479 1779 1619 1833 misit
1669 1795 1750 1834 me

168 1872 455 1940 baptizare,
489 1869 576 1924 ille
606 1869 734 1923 mihi
777 1870 909 1924 dixit
932 1884 952 1923 :
992 1869 1164 1941 Super
1185 1887 1335 1942 quem
1362 1871 1552 1926 videris
1579 1870 1750 1941 Spiri-

1856 684 2109 742 laudabo.

1927 778 1995 832 Et
2026 779 2212 832 iterum
2250 779 2374 833 dicit
2412 779 2690 851 Scriptura
2733 784 2787 838 in
2825 783 3281 844 Deuteronomio:
3316 788 3433 844 La:-

1855 873 2071 938 tamini,
2120 882 2326 944 gentes,
2374 889 2492 928 cum
2535 874 2680 944 plebe
2724 877 2859 946 ejus.
2904 877 3114 951 Moyses
3157 881 3434 956 legislator

1854 965 2150 1020 extendens
2195 963 2409 1019 oculum
2453 966 2752 1036 prophetia:
2785 969 2851 1021 ad
2895 979 3104 1039 tempus
3131 974 3433 1030 vocationis

1854 1054 2126 1124 gentium,
2158 1053 2448 1124 alloquitur
2475 1069 2568 1111 eas
2601 1056 2866 1112 hortando
2895 1067 2956 1113 ut
3000 1061 3216 1118 laudent
3261 1063 3431 1121 Deum

1852 1144 2068 1202 Patrem
2112 1161 2234 1202 cum
2271 1147 2427 1218 plebe
2459 1149 2790 1206 Israelitica:
2823 1165 2942 1222 qua:
2976 1154 3102 1210 olim
3139 1158 3290 1227 plebs
3317 1160 3435 1231 ejus

1852 1233 1970 1290 sola
2003 1249 2070 1290 ex
2103 1235 2354 1292 omnibus
2379 1239 2626 1308 gentibus
2667 1241 3000 1296 vocabatur:
3031 1241 3075 1299 Ο
3099 1255 3285 1314 gentes
3310 1264 3432 1304 cre-

1851 1323 2044 1381 dentes
2068 1324 2122 1379 in
2151 1324 2344 1380 Filium
2386 1328 2504 1393 Dei,
2535 1343 2631 1399 per
2652 1329 2806 1400 cujus
2841 1330 3147 1402 passionem
3176 1334 3308 1390 estis
3344 1351 3433 1391 re-

1851 1413 2100 1484 demptae,
2119 1424 2174 1469 et
2194 1429 2292 1485 per
2311 1415 2464 1494 cujus
2490 1418 2815 1487 baptismum
2837 1419 3107 1476 mundata:
3128 1431 3183 1476 et
3205 1423 3436 1494 expiata:

1850 1509 1984 1564 estis
2021 1509 2090 1565 ab
2133 1493 2382 1566 omnibus
2409 1511 2663 1580 peccatis,
2695 1511 2961 1568 sociantes
3007 1528 3102 1568 vos
3136 1515 3188 1568 in
3239 1493 3434 1574 alTectu

1849 1598 2134 1655 eharitatis
2187 1599 2534 1657 credentibus
2578 1617 2646 1658 ex
2696 1602 2892 1670 Israel,
2942 1603 3198 1660 laetamini
3248 1605 3433 1662 laetitia

1850 1688 2101 1759 spiritali.
3411 1697 3415 1702 ‘

1922 1780 1992 1834 Et
2016 1781 2202 1836 iterum
2234 1798 2252 1836 :
2277 1781 2512 1838 Laudate
2531 1824 2545 1849 ,
2571 1800 2749 1840 omnes
2785 1795 2958 1858 gentes
2979 1828 2994 1852 ,
3024 1785 3306 1842 Dominum
3332 1808 3352 1845 :
3385 1799 3435 1844 et

1851 1875 2184 1945 magniﬁcate
2213 1892 2330 1930 eum
2351 1917 2364 1942 ,
2395 1893 2569 1931 omnes
2607 1877 2808 1947 populi.
2833 1877 3042 1934 Chorus
3068 1879 3433 1948 apostolorum

168 1968 283 2014 tum
330 1959 717 2013 descendentem
746 1970 794 2014 et
834 1970 1124 2014 manentem
1169 1977 1325 2031 super
1365 1977 1512 2026 eum,
1559 1961 1644 2014 hic
1676 1970 1750 2016 est
1778 1957 1826 2018 B
1853 1963 2144 2033 alloquitur
2168 1965 2562 2021 multitudinem
2597 1968 2832 2037 gentium
2863 1967 2931 2022 ad
2958 1968 3116 2023 Iidem
3147 1969 3348 2024 Christi
3379 1978 3436 2025 et

167 2051 263 2121 qui
308 2051 528 2118 baptizat
569 2048 766 2120 (Joan.
796 2050 857 2120 ι).
899 2051 1154 2124 Apostolo
1206 2051 1416 2106 dicente
1474 2051 1749 2107 Christum

169 2139 355 2196 Jesum
382 2141 681 2194 ministrum
712 2140 876 2196 fuisse
912 2142 1337 2197 circnmcisionis
1369 2142 1626 2211 spiritalis
1653 2158 1751 2212 p0-

170 2239 314 2287 terat
355 2231 547 2301 aliquis
590 2231 639 2286 ei
683 2231 918 2300 objieere
949 2247 964 2285 :
994 2231 1157 2301 Cujus
1203 2233 1280 2287 rei
1322 2234 1493 2302 gratia
1544 2235 1751 2290 exstitit

167 2324 284 2394 ipse
331 2322 578 2378 minister
622 2323 1087 2379 circumcisionis?
1125 2323 1205 2377 Ad
1252 2323 1367 2378 hinc
1412 2323 1746 2392 Apostolus:

164 2416 398 2488 Propter
440 2415 757 2481 veritatem,
805 2415 1001 2485 inquit,
1051 2414 1145 2470 Dei
1193 2413 1401 2478 Patris,
1435 2415 1504 2467 ad
1551 2415 1748 2470 conﬁr-

165 2509 394 2567 mandas
420 2509 802 2582 promissiones
830 2517 1079 2580 patrum,
1111 2507 1163 2564 id
1202 2515 1370 2566 estut
1403 2506 1750 2566 conﬁrmaret

164 2607 315 2661 Deus
340 2605 502 2660 Pater
527 2604 912 2674 promissiones
941 2619 1066 2659 suas
1085 2643 1098 2668 ,
1129 2617 1264 2674 quas
1309 2601 1519 2657 locutus
1560 2611 1642 2658 est
1679 2603 1748 2658 ad

158 2704 389 2752 sanctos
432 2706 613 2765 patres
657 2695 722 2749 de
757 2693 925 2749 salute
955 2697 1193 2765 gentium
1220 2734 1234 2758 ,
1265 2692 1450 2748 dicens
1471 2693 1702 2749 Abrahae
1729 2708 1745 2748 :

159 2787 240 2843 In
275 2790 468 2844 semine
490 2797 578 2864 tuo
605 2787 967 2841 benedicentur
988 2803 1165 2841 omnes
1183 2796 1355 2857 gentes
1386 2784 1539 2858 (Gen.
1571 2785 1746 2858 xxvi),

156 2881 285 2936 sive
306 2890 364 2935 ut
387 2894 552 2934 verax
573 2885 853 2949 appareret
872 2877 1188 2947 complendo
1208 2877 1592 2945 promissiones
1613 2891 1748 2946 quas

155 2982 354 3042 patres
397 2971 756 3042 promiserant
791 2970 857 3024 de
884 2968 1055 3024 salute
1081 2969 1356 3040 gentium,
1387 2979 1442 3023 et
1464 2984 1584 3038 quae
1611 2985 1749 3040 prat-

156 3066 423 3120 dixerant
447 3065 512 3119 de
539 3063 725 3118 eadem
749 3061 1156 3117 circumcisione
1186 3061 1432 3131 spiritali.
1465 3060 1577 3116 Nisi
1603 3062 1746 3116 enim

153 3172 268 3228 per
289 3157 513 3226 gratiam
537 3153 875 3223 baptismatis
911 3155 1296 3207 mundarentur
1320 3152 1546 3224 gentiles
1569 3161 1625 3206 et
1649 3167 1746 3223 per

153 3247 333 3303 (idem
360 3246 570 3304 Domini
618 3245 943 3312 Salvatoris,
974 3260 1310 3316 nequaquam
1345 3247 1400 3300 in
1430 3244 1742 3300 ﬁliationcm

1851 2055 2104 2124 baptismi
2161 2057 2388 2128 gratiam
2449 2068 2856 2114 concurrentem
2886 2077 2901 2125 ;
2937 2089 2942 2094 -
2977 2069 3032 2116 et
3078 2061 3323 2134 praecipit
3372 2071 3434 2119 ut

1850 2145 2038 2202 Iaudes
2083 2148 2378 2218 gratiarum
2424 2147 2665 2204 referant
2710 2149 2939 2206 Domino
2982 2154 3172 2218 corde,
3223 2169 3348 2217 ore,
3381 2152 3436 2211 e't

1849 2253 2052 2308 opere:
2086 2239 2239 2310 cujus
2283 2240 2456 2310 gratia
2499 2249 2625 2296 sunt
2666 2241 2992 2312 redempta;
3028 2243 3180 2313 cujus
3223 2245 3431 2312 miseri:

1849 2331 2030 2386 cordia
2057 2332 2126 2386 ab
2150 2331 2400 2387 omnibus
2424 2333 2664 2388 rentibus
2684 2340 2809 2388 sunt
2834 2333 3080 2404 expiatte.
3105 2320 3160 2389 In
3185 2336 3285 2390 hoc
3307 2351 3434 2390 vero

1847 2421 1992 2490 quod
2013 2421 2230 2476 subdit:
2263 2420 2602 2492 Magniﬁcate
2625 2438 2771 2491 eum,
2790 2439 2978 2480 omnes
2998 2425 3198 2495 populi,
3223 2423 3434 2480 Judmos
3507 2429 3514 2436 “

1848 2511 2100 2566 hortatur
2131 2520 2189 2565 ut
2214 2511 2484 2582 gaudeant
2520 2513 2587 2568 de
2633 2513 2804 2568 salute
2834 2514 3107 2585 gentium,
3149 2515 3428 2585 inquiens:

1848 2601 1918 2656 Et
1958 2616 2089 2668 vos,
2117 2615 2306 2658 omnes
2328 2601 2538 2673 populi,
2572 2601 2625 2657 id
2650 2610 2734 2658 est
2760 2617 2949 2658 omnes
2992 2602 3186 2670 Judaei,
3231 2605 3434 2676 magni-

1849 2691 2011 2748 ﬁcate
2036 2692 2232 2760 Deum,
2257 2693 2309 2749 id
2331 2703 2691 2766 estmagnum
2717 2696 3005 2765 praedicate
3029 2706 3250 2768 propter
3291 2698 3434 2754 salir-

1850 2791 1962 2838 tem
1997 2783 2228 2840 fratrum
2254 2794 2558 2841 vestrorum
2595 2785 2875 2856 gentilium
2916 2795 2976 2842 et
2996 2797 3218 2858 propter
3246 2788 3434 2845 ineﬁ'aa

1847 2874 1978 2932 hilia
2010 2875 2279 2946 magnalia
2314 2890 2434 2946 qua:
2453 2876 2607 2932 vobis
2630 2876 2857 2932 contulit
2879 2891 2912 2931 a
2937 2878 3126 2934 diebus
3151 2880 3428 2950 antiquis‘:

1847 2965 2150 3023 referentes
2195 2967 2444 3037 gentibus
2478 2975 2678 3038 quanta
2713 2977 2766 3022 et
2807 2967 2986 3038 qualia
3009 2970 3164 3027 vobis
3189 2956 3436 3028 libentis-

1848 3054 1984 3110 sime
2011 3054 2290 3124 pmstitit.

1923 3145 1997 3201 Et
2023 3163 2205 3201 rursus
2232 3144 2408 3201 Isaias
2431 3147 2506 3202 ait
2533 3146 2670 3218 (Isa.
2699 3147 2774 3218 ιι)
2803 3164 2821 3201 :
2847 3146 2964 3202 Erit
3003 3148 3157 3203 radix
3179 3148 3357 3215 Iesse;
3383 3160 3432 3217 et
3467 3202 3469 3204 .

1846 3241 1936 3312 qui
1963 3249 2203 3311 exsurget
2246 3255 2420 3311 regere
2449 3250 2622 3311 gentes
2646 3260 2665 3298 :
2690 3241 2744 3294 in
2769 3257 2888 3295 eum
2931 3251 3104 3312 gentes
3128 3243 3430 3312 sperabunt.

151 3338 400 3393 Ahrahm
431 3337 750 3400 transirent,
784 3351 1122 3406 nequaquam
1151 3336 1313 3391 etiam
1338 3344 1483 3392 esset
1509 3335 1745 3406 comple-
1771 3325 1816 3389 C
1848 3334 2000 3391 Iesse
2025 3334 2139 3404 ipse
2167 3345 2252 3390 est
2278 3333 2406 3400 Isai,
2438 3343 2592 3405 pater
2620 3333 2788 3390 David
2812 3333 2974 3406 regis,
3011 3334 3081 3389 de
3109 3335 3277 3406 cujus
3303 3349 3434 3405 pru—

154 3439 288 3485 tutn
337 3429 480 3498 quod
524 3429 652 3484 dicit
679 3428 886 3499 Moyses
933 3427 1111 3497 (Deut.
1148 3428 1276 3501 xxx)
1307 3445 1320 3481 :
1355 3428 1412 3483 In
1444 3429 1752 3485 novissimis

151 3521 359 3577 diebus
385 3520 714 3575 circumcidet
739 3520 993 3574 Dominus
1017 3535 1108 3574 cor
1127 3529 1296 3585 tuum,
1319 3528 1374 3573 et
1398 3534 1505 3575 non
1530 3535 1750 3576 carnem

154 3622 357 3678 tuam,
402 3610 459 3665 id
485 3619 567 3666 est
606 3610 884 3665 mundabit
926 3609 1055 3665 illud
1108 3610 1175 3665 ab
1220 3609 1533 3664 inﬁdelitate
1572 3611 1745 3667 omni.-

155 3703 379 3773 busque
403 3699 640 3773 peccatis
684 3698 1156 3771 pcr_baptismum;
1197 3698 1326 3756 illud
1356 3713 1571 3770 quoque
1618 3698 1753 3755 Eze-

157 3795 367 3854 chielis
415 3794 722 3866 prophetas,
775 3793 1002 3849 dicentis
1055 3811 1068 3847 :
1118 3789 1613 3862 E/fundanrsuper
1665 3809 1750 3846 vos

158 3903 365 3960 aquam
408 3885 656 3944 mundam
706 3883 935 3955 (Ezech.
983 3882 1206 3952 xxxvr),
1257 3897 1450 3952 aquam
1500 3881 1756 3940 videlicet

160 3974 532 4049 baptismatis.

249 4153 438 4209 Gentes
461 4159 634 4205 autem
661 4166 814 4220 super
839 4147 1275 4212 misericordiam,
1303 4149 1354 4202 id
1388 4155 1472 4203 est
1499 4149 1566 4203 de
1595 4148 1754 4204 misco

161 4242 444 4308 ricordia,
497 4242 755 4296 honorare
800 4238 997 4304 Deum,
1053 4236 1308 4294 subaudis
1353 4237 1582 4303 debent,
1628 4238 1752 4307 quia

157 4336 365 4410 gratis,
378 4335 496 4390 sine
508 4331 629 4388 ullis
650 4331 856 4387 meritis
877 4329 1328 4402 praecedentibus,
1345 4328 1518 4384 vocati
1545 4338 1672 4384 sunt
1687 4329 1753 4384 ad

160 4425 371 4490 ﬁdem,
417 4423 688 4494 gratisque
728 4429 1054 4491 acceperunt
1095 4420 1470 4476 remissionem
1512 4421 1752 4476 omnium

158 4524 518 4589 peccatorum
573 4529 670 4584 per
721 4511 1016 4584 spiritalem
1076 4511 1590 4577 circumcisionem;
1658 4526 1754 4581 per

159 4609 404 4682 gratiam
459 4607 705 4663 videlicet
752 4605 1117 4676 baptismatis,
1164 4620 1268 4659 non
1321 4620 1416 4675 per
1467 4605 1750 4661 circumci-

1853 3430 2003 3501 sapia
2035 3438 2189 3484 ortus
2229 3438 2314 3485 est
2337 3428 2586 3484 Christus
2622 3428 2914 3485 secundum
2955 3442 3173 3484 carnem
3199 3441 3296 3497 per
3324 3427 3436 3482 Ma-

1853 3521 1990 3576 riam
2037 3521 2322 3592 virginem.
2368 3520 2481 3576 IIoc
2510 3520 2651 3591 quod
2699 3520 2831 3576 dicit
2875 3537 2888 3574 :
2935 3519 3049 3575 Erit
3077 3520 3230 3576 radix
3257 3517 3432 3583 .Iesse‘,

1852 3613 2138 3684 dupliciter
2178 3611 2402 3683 intelligi
2437 3620 2616 3684 potest
2657 3613 2760 3668 hoc
2795 3612 2954 3668 modo
2983 3630 2996 3666 :
3023 3611 3174 3668 Jesse
3203 3613 3316 3684 ipse
3352 3621 3437 3668 est

1853 3703 2030 3770 radix,
2060 3703 2229 3758 David
2259 3717 2388 3758 vero
2422 3702 2564 3759 ﬁlius
2603 3700 2720 3772 ejus
2757 3703 2873 3774 ipse
2912 3711 2998 3760 est
3041 3705 3222 3759 arbor.
3267 3703 3434 3758 Maria

1851 3794 2037 3863 virgo,
2079 3794 2192 3864 ipsa
2238 3802 2322 3850 est
2369 3809 2552 3849 ramus
2600 3792 2844 3864 ejusdem
2885 3796 3136 3851 arboris:
3165 3794 3436 3852 ﬂos-vero

1853 3888 1999 3945 rami
2019 3887 2198 3950 istius,
2228 3885 2496 3951 Christus,
2525 3886 2616 3955 qui
2643 3886 2774 3941 dicit
2799 3887 2865 3941 ad
2887 3885 3185 3942 Ecclesiam
3216 3888 3269 3941 in
3294 3886 3438 3942 Catt-

1854 3981 1975 4037 ticis
2011 3980 2347 4036 canticorum
2381 3997 2395 4033 :
2424 3978 2536 4050 Ego
2568 3981 2668 4050 ﬂos
2710 3979 2881 4048 campi
2921 3977 3118 4048 (Cant.
3140 3979 3224 4050 tt).
3260 3979 3435 4034 Radix

1851 4085 1980 4140 ergo
2019 4068 2178 4135 hujus
2221 4066 2448 4133 ﬂosculi,
2483 4068 2537 4122 id
2579 4074 2664 4122 est
2693 4066 2926 4130 Christi,
2968 4064 3119 4121 Jesse
3143 4063 3277 4130 fuit,
3307 4067 3436 4136 quia

1851 4160 1992 4216 sicut
2032 4158 2131 4214 tlos
2159 4173 2226 4212 ex
2254 4156 2435 4212 radice
2471 4156 2681 4212 arboris
2707 4155 3324 4227 processionemhabet,
3359 4156 3435 4212 ita

1853 4258 1909 4305 et
1951 4249 2200 4304 Christus
2245 4247 2541 4304 secundum
2591 4261 2813 4302 carnem
2854 4261 2923 4302 ex
2971 4243 3123 4302 Jesse
3170 4245 3434 4318 originem

1855 4340 2035 4396 traxit.
2067 4338 2261 4395 Altiori
2289 4345 2472 4396 autem
2499 4337 2796 4403 intellectu,
2830 4336 2982 4392 radix
3006 4333 3157 4392 Iesse
3181 4336 3435 4396 Christus

1851 4440 1955 4497 est,
1987 4429 2220 4486 Verbum
2262 4429 2468 4486 scilicet
2512 4430 2607 4486 Dei
2648 4429 2822 4484 Patris
2841 4469 2856 4495 ,
2886 4429 3031 4500 quod
3062 4429 3204 4485 inter
3236 4437 3433 4486 caetera

1852 4538 1972 4594 qua:
1998 4522 2227 4587 creavit,
2258 4520 2413 4578 Jesse
2459 4537 2673 4593 quoque
2707 4531 2923 4579 creator
2951 4523 3160 4578 exstitit
3187 4539 3201 4576 :
3235 4522 3432 4578 Omnia

1852 4615 1992 4668 enim
2028 4630 2121 4684 per
2166 4614 2334 4684 ipsum
2370 4613 2511 4682 facta
2543 4625 2693 4678 sunt,
2734 4624 2784 4670 et
2828 4615 2938 4670 sine
2970 4615 3082 4684 ipso
3127 4615 3325 4684 factum
3355 4627 3431 4670 est

161 4707 382 4763 sionem
428 4702 700 4759 carnalem
737 4720 750 4754 :
798 4701 895 4755 Cui
937 4701 1080 4755 enim
1128 4699 1247 4770 plus
1292 4699 1590 4765 dimittitur,
1637 4699 1756 4770 plus
1784 4692 1832 4752 D
1857 4705 1986 4760 nihil
2009 4703 2192 4777 (Joan.
2223 4706 2284 4775 ι).
2317 4703 2418 4771 Qui
2448 4719 2579 4777 ergo
2611 4705 2903 4763 secundum
2930 4720 3148 4762 carnem
3175 4721 3244 4762 ex
3280 4704 3432 4762 Iesse

159 4796 321 4852 debet
348 4794 561 4864 diligere
591 4792 740 4864 (Luc.
757 4792 873 4863 vn).
900 4790 1045 4846 Sicut
1064 4793 1312 4862 scriptum
1328 4801 1403 4846 est
1425 4811 1444 4848 :
1470 4789 1752 4862 Propterea

162 4886 460 4955 conﬁtebor
493 4885 584 4939 tibi
627 4885 681 4938 in
727 4885 984 4955 gentibus,
1026 4883 1283 4949 Domine,
1323 4893 1372 4940 et
1419 4884 1615 4939 nomini
1661 4892 1751 4939 tuo

163 4978 419 5034 cantabo.
483 4975 763 5032 Psalmista
816 4975 1052 5046 loquitur
1097 4991 1161 5030 ex
1210 4990 1438 5046 persona
1483 4973 1604 5028 Filii
1635 4973 1748 5040 Dei,

166 5072 290 5125 Deo
333 5067 479 5122 Patri
521 5068 722 5138 gratias
768 5065 1088 5132 referentis,
1135 5075 1352 5135 propter
1390 5064 1751 5120 obedientiam

166 5158 420 5230 gentium
450 5158 516 5213 ad
543 5158 700 5212 tidem
733 5157 1080 5212 venientium.
1111 5155 1387 5223 Quomodo
1411 5170 1540 5224 ergo
1569 5153 1752 5210 laudat

165 5262 233 5308 et
267 5249 532 5323 gloriﬁcat
558 5249 726 5304 Filius
752 5247 918 5303 Deum
949 5246 1198 5313 Patrem,
1222 5247 1312 5317 qui
1337 5246 1558 5316 aequalis
1589 5254 1673 5300 est
1701 5243 1750 5300 ei

170 5346 236 5400 in
273 5341 556 5397 omnibus?
591 5340 649 5396 In
688 5341 934 5411 gentibus
983 5339 1166 5408 utique
1198 5337 1540 5392 credentibus
1570 5335 1754 5390 laudat

172 5437 354 5492 illum.
389 5435 827 5503 Quandocunqne
855 5433 997 5486 enim
1027 5440 1210 5504 gentes
1249 5430 1468 5486 laudant
1507 5436 1561 5484 et
1588 5429 1753 5502 glori,-

175 5531 349 5583 ticant
390 5526 554 5598 Deum
601 5523 847 5587 Patrem,
880 5522 1047 5576 Filius
1092 5521 1183 5577 Dei
1235 5521 1420 5577 laudat.
1456 5519 1602 5574 illum
1656 5535 1754 5590 per

173 5625 376 5688 oraet
425 5629 587 5687 opera
642 5613 909 5684 gentium,
969 5611 1122 5680 cujus
1161 5612 1420 5680 sanguine
1467 5610 1752 5680 redempta;

175 5716 328 5766 sunt.
353 5707 581 5778 Ideoque
605 5705 734 5760 dicit
761 5721 774 5758 :
811 5703 1119 5774 Propterea,
1153 5703 1276 5772 quia
1301 5701 1523 5774 populos
1555 5701 1752 5758 multos

179 5809 242 5854 et
263 5793 448 5871 gentes
480 5795 608 5851 mihi
637 5793 927 5865 subjugasti
967 5807 1062 5862 per
1091 5792 1269 5857 ﬁdem,
1301 5791 1594 5846 conﬁtebor
1630 5790 1746 5856 tibi,

183 5889 412 5946 Domine
441 5898 612 5960 pater,
645 5895 698 5943 et
727 5884 1033 5956 gloriﬁcabo
1059 5892 1107 5937 te
1143 5898 1236 5954 per
1266 5883 1405 5954 ipsas
1451 5892 1664 5953 gent-)5,
1699 5892 1750 5937 et

1854 4795 2118 4866 originem
2149 4793 2333 4861 duxit,
2364 4795 2476 4864 ipse
2515 4810 2732 4866 quoque
2774 4796 3066 4853 secundum
3095 4796 3432 4869 divinitatem

1854 4884 2011 4940 radix
2056 4892 2114 4938 et
2150 4892 2365 4939 creator
2405 4881 2554 4944 Jesse
2593 4883 3001 4948 exstititdesse
3043 4884 3432 4955 interpretatur

1853 4975 1948 5031 Est
1974 4977 2120 5031 mihi.
2154 4976 2264 5042 Est,
2288 4977 2506 5038 verbum
2536 4976 2932 5036 substantivum
2969 4985 3070 5032 est.
3110 4975 3263 5043 Quod
3303 4991 3431 5032 vero

1853 5066 2088 5122 dicitur:
2119 5066 2234 5128 Erit
2263 5065 2449 5132 radix,
2492 5066 2741 5128 similiter
2765 5067 2888 5132 erit,
2919 5067 2988 5123 ab
3033 5068 3224 5124 eodem
3247 5068 3433 5124 .verbo

1853 5157 2191 5221 substantivo
2235 5157 2410 5222 venit,
2453 5165 2508 5212 et
2549 5157 2766 5227 ponitur
2807 5172 2907 5227 pro
2951 5156 3134 5215 futuro
3165 5165 3428 5226 tempore.

1851 5247 2167 5320 Quicunque
2197 5262 2327 5318 ergo
2357 5248 2411 5302 in
2434 5263 2555 5302 eum
2584 5249 2776 5314 credit,
2801 5248 2900 5318 qui
2922 5247 3056 5308 dixit
3079 5248 3147 5306 ad
3169 5246 3388 5318 Moysen
3414 5265 3427 5302 :

1854 5338 1957 5404 Qui
1998 5349 2111 5406 est,
2140 5339 2280 5394 misit
2321 5355 2401 5393 me
2430 5340 2499 5394 ad
2528 5357 2615 5408 vos
2653 5340 2871 5410 (Exod.
2894 5341 3014 5412 ιιι),
3046 5339 3431 5400 ille-veraciter

1852 5437 2029 5500 potest
2070 5430 2247 5486 dicere
2277 5447 2290 5484 :
2326 5430 2422 5486 Est
2465 5431 2726 5498 mihi,.id
2769 5441 2862 5493 est,
2894 5432 3058 5493 credo
3088 5432 3142 5486 in
3183 5447 3313 5490 eum.
3337 5432 3428 5501 qui

1859 5533 2071 5588 semper
2097 5528 2214 5584 est,
2244 5527 2300 5574 et
2325 5519 2437 5592 ipse
2465 5529 2548 5576 est
2572 5521 2703 5576 mihi
2735 5522 2874 5582 Deus
2901 5529 2956 5578 et
2979 5521 3102 5576 erit.
3129 5520 3430 5591 Sedquteﬂ

1858 5617 2054 5678 potest,
2087 5624 2252 5680 quare
2275 5609 2472 5666 dixerit
2499 5610 2765 5679 Propheta
2803 5631 2816 5666 :
2851 5613 2967 5670 Erit
2994 5614 3148 5670 radix
3167 5610 3348 5676 Jesse,
3373 5623 3438 5668 et

1856 5712 1963 5754 non
2006 5699 2184 5768 potius
2227 5716 2240 5752 :
2283 5698 2386 5754 erit
2414 5699 2566 5754 radix
2599 5701 2740 5756 Booz
2774 5701 2855 5756 vel
2881 5703 3053 5772 Qbed,
3081 5717 3209 5762 cmn,
3243 5702 3428 5770 et'ipsi

1850 5786 1981 5857 justi
2021 5787 2361 5853 exstiterint,
2402 5795 2458 5842 et
2485 5795 2668 5857 patres
2694 5788 2830 5845 Isai?
2855 5788 2935 5848 Ad
2973 5791 3118 5861 quod
3143 5790 3427 5857 dicendum

1857 5892 1959 5948 est,
1984 5881 2102 5938 ideo
2123 5881 2321 5938 dixisse
2347 5880 2666 5951 Prophetam
2695 5901 2706 5936 :
2737 5881 2850 5938 Erit
2873 5884 3022 5938 radix
3049 5882 3218 5950 Je'sc,
3245 5892 3298 5939 ct
3320 5896 3426 5937 non
