3936 6450
508 428 618 500 ,ιω

976 430 1330 487 ΗΑΥΜΟΝΙΞ
1370 432 1848 491 HALBERSTAT.
1892 433 2095 490 El’lSC.

2203 435 2302 491 PP.
2347 441 2526 497 PARS
2566 443 2606 496 Ι.
2646 475 2715 483 —
2750 445 3109 504 COMMENT.
3149 449 3319 504 BlBL.

3690 457 3780 510 500

515 548 668 603 radix
699 547 841 603 Boos
883 549 963 604 vel
993 547 1138 605 Obed
1157 591 1170 614 ,
1199 560 1257 605 ut
1287 553 1594 609 ostenderet
1628 554 1909 610 Dominum
1939 554 2098 612 Chri-
2128 565 2174 620 Α
2204 559 2315 613 ιιιεῖ
2339 563 2665 634 complerem
2690 565 2741 620 in
2769 569 3037 638 gentibus.
3065 567 3414 640 Sanctiﬁcans
3445 571 3779 643 Evangelia:

516 648 658 696 stum
685 639 867 698 Iesum
897 641 960 695 de
987 643 1243 714 progenie
1271 644 1433 716 regali
1460 646 1624 701 etiam
1656 645 1949 702 secundum
1981 663 2098 702 ear-

517 745 642 785 nem
667 730 990 786 descendere
1009 772 1027 798 ,
1061 733 1152 803 qui
1179 743 1303 790 ante
1322 735 1528 814 'smcula
1556 737 1769 808 genitus
1797 747 1881 794 est
1920 755 1951 793 a
1991 739 2099 794 Deo

515 822 709 887 Patre,
739 824 883 896 Rege
924 841 1146 895 regum,
1188 841 1244 884 et
1295 829 1520 886 Domino
1560 833 1964 890 dominantium.
1994 835 2101 890 No-

519 915 848 986 taudumque
887 919 1010 987 quia
1055 921 1197 991 quod
1223 923 1361 977 dixit
1399 943 1410 977 :
1449 925 1565 978 Erit
1606 928 1755 981 radix
1790 927 1960 990 Jesse,
2000 929 2100 984 sub

505 1003 684 1064 verbo
711 1007 876 1066 futuri
901 1016 1160 1084 temporis
1183 1016 1426 1086 loquens,
1452 1021 1516 1074 ad
1541 1022 1873 1078 nativitatem
1899 1023 2098 1082 Christi

517 1097 811 1156 humanam
844 1106 1103 1174 respexit,
1140 1123 1259 1176 qua:
1302 1111 1475 1166 adhuc
1505 1110 1686 1166 luttn-a
1730 1125 1848 1170 erat
1887 1119 2102 1184 quando

515 1189 618 1244 ista
647 1193 914 1262 praedixit.
963 1196 1192 1256 Dicatur.
1227 1201 1405 1271 itaque
1433 1203 1535 1258 hoc
1577 1206 1775 1260 modo:
1810 1207 1928 1262 Erit
1953 1208 2103 1266 Jesse

507 1285 672 1361 radix
699 1285 903 1344 Christi
932 1294 1224 1348 secundum
1272 1296 1686 1365 humanitatem,
1711 1308 1768 1354 et
1803 1301 1916 1371 ipse
1941 1301 2102 1357 Chri-

519 1382 638 1430 stus
659 1377 750 1447 qui
777 1388 1032 1451 exsurget
1062 1385 1332 1440 nascendo
1355 1401 1453 1456 per
1479 1388 1760 1458 virginem,
1791 1390 1872 1444 vel
1903 1406 1932 1444 a
1959 1408 2103 1446 mor-

519 1465 626 1521 tuis
667 1471 996 1541 resnrgendo
1027 1490 1212 1545 regere
1251 1485 1474 1546 gentes,
1503 1478 1556 1533 in
1575 1482 1650 1535 'eo
1679 1489 1865 1551 gentes
1911 1496 2102 1551 spera-

517 1556 672 1614 bunt.
702 1559 949 1618 Christus
983 1565 1145 1634 igitur
1173 1570 1308 1639 regit
1336 1582 1392 1625 et
1422 1571 1685 1642 gubernat
1713 1583 1900 1644 gentes
1920 1615 1936 1640 ,
1964 1575 2015 1628 in
2045 1590 2103 1631 se

516 1653 822 1722 credentes,
847 1667 901 1712 et
933 1657 1046 1729 ipse
1066 1660 1305 1715 defendit
1334 1663 1452 1718 illas
1473 1665 1540 1718 ab
1562 1664 1771 1720 insidiis
1795 1675 1849 1720 et
1877 1666 2099 1722 infesta-

521 1747 758 1806 tionibus
818 1752 1156 1821 dmmonum,
1223 1759 1572 1829 onmiumque
1626 1761 2099 1830 adversariorum,

516 1842 770 1910 quoniam
799 1845 899 1916 ipsi
928 1848 978 1901 in
1014 1865 1080 1904 eo
1110 1861 1350 1921 sperant.

2201 649 2320 715 Dei,
2358 654 2410 708 id
2441 664 2520 710 est
2564 666 2808 712 sanctum
2855 674 2976 715 esse
3015 660 3418 728 demonstrans,
3446 663 3781 732 praedicando

2201 742 2334 798 illud
2365 747 2482 802 sine
2509 763 2696 804 errore
2733 760 2788 805 et
2834 752 3138 817 mendacio,
3175 763 3469 825 sancteque
3517 755 3744 812 vivendo
3766 800 3780 826 ,

2201 843 2256 889 et
2283 837 2562 894 miraculis
2583 840 2841 896 virtutum
2870 842 3234 911 testiﬁcando,
3257 845 3486 915 gloriam
3519 850 3780 917 propriam

2201 941 2308 980 non
2342 931 2658 997 qumrendo,
2688 947 2862 1003 neque
2897 949 2997 1004 pro
3039 934 3206 991 lucris
3246 937 3646 1005 temporalibus
3684 939 3781 995 haec

2201 1025 2256 1071 et
2289 1019 2500 1085 Omnia,
2524 1022 2616 1077 sed
2646 1038 2742 1092 pro
2773 1026 3207 1080 remuneratione
3230 1029 3613 1100 aeternm‘vita:
3640 1046 3783 1101 ages.

2201 1110 2290 1165 do.
2323 1111 2416 1166 Ille
2463 1115 2765 1170 sanctiﬁcat
2816 1117 3162 1188 Evangelium
3187 1161 3204 1186 ,
3242 1120 3355 1174 sive
3396 1131 3662 1176 sanctum
3706 1123 3782 1177 de-

2205 1212 2493 1268 monstrat,
2521 1205 2612 1274 qui
2638 1205 2839 1278 absque
2864 1225 3054 1266 crrore
3091 1224 3146 1267 et
3188 1214 3474 1268 mendacio
3501 1216 3646 1269 illud
3667 1232 3782 1285 pr:

2204 1289 2370 1358 dicat,
2389 1303 2444 1348 et
2470 1294 2610 1364 quod
2633 1299 2888 1366 praedicat
2913 1315 3029 1366 ore,
3052 1303 3338 1358 conﬁrmat
3371 1305 3665 1360 miraculis
3682 1321 3783 1360 εει-

2203 1398 2364 1440 ornat
2389 1397 2576 1442 sancta
2607 1393 3038 1458 conversatione,
3067 1405 3122 1449 ct
3156 1397 3247 1464 qui
3277 1412 3382 1449 non
3412 1398 3627 1466 quan-it
3651 1412 3784 1452 suam

2205 1475 2439 1543 laudem,
2471 1480 2564 1534 sed
2597 1481 2722 1546 Dei;
2768 1493 2822 1536 ut
2850 1485 2943 1552 [ἰαί
2970 1485 3162 1540 oblatio
3200 1491 3434 1557 gentium
3475 1499 3722 1553 accepta,
3743 1487 3784 1542 id

2204 1578 2308 1634 est,
2344 1579 2401 1625 ut
2435 1581 2623 1642 gentes
2661 1574 2959 1630 oderantur
2987 1577 3097 1632 Deo
3141 1592 3239 1646 per
3281 1594 3366 1633 me
3395 1580 3452 1634 in
3495 1581 3788 1650 gratiarum

2205 1662 2441 1728 actione,
2493 1674 2547 1718 et
2581 1666 2653 1720 sit
2698 1667 2814 1737 ipsa
2851 1669 3054 1725 oblatio
3092 1670 3341 1726 amabilis
3380 1673 3458 1737 ei,
3504 1683 3561 1726 et
3607 1672 3786 1725 saucii-

2204 1753 2364 1813 ﬁcata
2401 1771 2500 1825 per
2527 1757 2874 1826 baptismum,
2906 1776 3004 1831 per
3029 1763 3336 1832 passionem
3359 1763 3606 1828 Christi,
3633 1777 3688 1819 et
3712 1782 3789 1834 per

2205 1845 2387 1913 iidem,
2420 1848 2473 1902 in
2500 1847 2704 1919 Spiritu
2730 1861 2933 1916 sancto,
2964 1852 3016 1907 id
3054 1863 3139 1909 est
3174 1870 3269 1925 per
3293 1857 3535 1927 gratiam
3570 1856 3790 1928 Spiritus

584 1933 727 1990 Deus
759 1948 933 1994 autent
978 1943 1090 2012 spei
1131 1943 1324 2013 repleat
1356 1963 1440 2000 ros
1483 1950 1623 2002 omni
1649 1951 1842 2020 gaudio
1883 1961 1931 2006 et
1976 1969 2095 2020 pace

2207 1939 2399 1992 sancti.
2436 1938 2757 1995 Pontiﬁcum
2802 1951 2885 1997 est
2924 1943 3203 2009 doctrinm,
3226 1946 3651 2014 praedicationis
3680 1961 3789 2015 ope.

509 2025 568 2080 in
603 2028 880 2084 credendo.
927 2031 1005 2086 Ex
1050 2033 1154 2089 hoc
1195 2037 1336 2104 quod
1381 2037 1544 2094 Isaias
1574 2042 1837 2110 propheta
1871 2043 2007 2097 dixit
2036 2044 2103 2098 de

513 2117 735 2173 Christo
766 2134 779 2172 :
811 2121 868 2174 In
897 2137 962 2177 eo
990 2135 1179 2194 gentes
1206 2129 1529 2196 sperabunt,
1559 2135 1787 2203 sumpsit
1813 2134 2101 2203 Apostolus

512 2208 856 2264 occasionem
908 2221 966 2266 ut
1014 2214 1218 2270 diceret
1259 2217 1362 2274 illis
1407 2220 1548 2275 hanc
1598 2221 2029 2279 benedictionem
2084 2245 2096 2280 :

515 2295 658 2352 Deus
688 2308 868 2355 autem
890 2304 1038 2372 spei,
1068 2306 1159 2375 qui
1190 2307 1375 2363 tribuit
1404 2325 1553 2379 spem
1581 2309 1887 2368 futurorum
1926 2316 2100 2372 bono-

513 2405 636 2444 rum
670 2391 723 2446 in
753 2409 813 2448 se
836 2396 1199 2464 credentibus,
1232 2402 1438 2472 repleat
1472 2419 1566 2460 vos
1590 2407 1736 2462 omni
1766 2397 1962 2478 gaudio
1987 2411 2100 2481 spi-

514 2480 658 2535 ritali
686 2492 740 2538 et
767 2499 930 2553 pace,
964 2488 1015 2542 id
1060 2500 1146 2545 est
1184 2494 1470 2550 concordia
1492 2536 1506 2558 ,
1540 2513 1726 2554 amore
1769 2480 2098 2558 t‘raternoiin

515 2587 575 2626 se
597 2575 902 2642 credendo;
931 2582 1216 2638 credentes
1248 2585 1299 2638 in
1337 2601 1460 2640 cum
1498 2589 1588 2656 qui
1619 2605 1717 2644 vos
1752 2606 1852 2660 per
1879 2594 2099 2664 sangui-

515 2677 642 2722 nem
672 2683 826 2724 suum
852 2671 1158 2740 paeiticavit
1181 2676 1290 2732 Deo
1321 2677 1485 2742 Patri,
1511 2680 1629 2734 sitis
1655 2691 1708 2736 et
1737 2681 1835 2752 ipsi
1869 2684 2101 2740 invicem

513 2759 815 2815 concordes
857 2770 914 2816 et
946 2764 1154 2834 paciﬁci
1176 2807 1190 2829 ,
1224 2769 1312 2838 qni
1363 2771 1624 2827 hactenus
1665 2772 1843 2829 fuistis
1873 2775 2100 2831 invicem

514 2847 886 2908 dissidentes:
923 2863 980 2908 ut
1022 2855 1294 2912 abundetis
1339 2859 1395 2914 in
1438 2876 1528 2930 spe
1565 2871 1612 2916 et
1660 2863 1849 2918 uirtute
1875 2863 2103 2935 Sp'ritus

513 2939 704 3006 sancti,
737 2942 790 2998 id
812 2951 898 3000 est
921 2954 980 3000 ut
1001 2963 1100 3018 per
1121 2950 1368 3006 virtutem
1401 2951 1634 3022 Spiritus
1660 2957 1856 3021 sancti,
1889 2957 2100 3026 plenam

515 3030 767 3089 habeatis
790 3049 940 3105 spem
965 3047 1179 3095 aeterna:
1213 3045 1684 3109 remunerationis,
1709 3044 1931 3116 ejusque
1961 3049 2104 3104 dono

516 3130 680 3192 atque
731 3126 933 3182 auxilio
979 3130 1274 3197 sublevati,
1328 3133 1581 3191 virtutem
1635 3139 1801 3195 totius
1846 3139 2103 3196 bonitatis

513 3214 739 3285 adipisci
771 3220 1103 3275 mercamini.

2205 2043 2320 2080 ram
2373 2029 2522 2094 dare,
2565 2038 2621 2084 et
2666 2030 2878 2086 illorum
2922 2042 3006 2088 est
3043 2035 3370 2090 sacriﬁcium
3416 2035 3636 2092 oﬁ‘erre
3680 2038 3789 2090 Deo.

2202 2121 2336 2176 Nam
2365 2123 2506 2178 sicut
2531 2123 2584 2178 in
2610 2125 2788 2180 Veteri
2822 2125 3168 2183 Testamento
3193 2129 3436 2198 pontifex
3471 2130 3600 2185 sive
3629 2146 3790 2186 sacer-

2202 2216 2303 2272 dos
2330 2218 2559 2271 hostiam
2590 2227 2644 2273 et
2671 2219 3000 2275 oblationem
3031 2237 3195 2291 quam
3225 2222 3496 2276 offerebat
3526 2223 3672 2285 Deo,
3702 2234 3792 2278 sw-

2204 2308 2352 2363 diose
2377 2308 2693 2377 providebat
2736 2320 2794 2364 ut
2831 2311 3036 2380 absque
3064 2311 3272 2366 macula
3300 2320 3474 2377 esset,
3512 2313 3592 2366 ita
3627 2323 3685 2368 et
3717 2315 3789 2384 qui

2202 2400 2552 2472 Evangelium
2582 2402 2906 2458 autiuntiant
2935 2403 3218 2474 providere
3249 2404 3452 2459 debent
3493 2411 3593 2469 ut,
3639 2419 3793 2473 neque

2205 2493 2256 2546 in
2283 2493 2688 2562 praedicatione,
2720 2510 2894 2564 neque
2940 2495 2992 2549 in
3032 2496 3299 2558 doctrina,
3331 2511 3430 2550 seu
3461 2497 3788 2566 magisterio,

2205 2585 2383 2654 aliqua
2410 2586 2566 2656 culpa
2592 2595 2869 2652 nascatur,
2895 2596 2955 2641 ut
2981 2588 3122 2642 sicut
3147 2587 3251 2643 illa:
3283 2587 3482 2643 hostia:
3507 2587 3629 2643 Deo
3657 2598 3794 2642 erant

2205 2688 2462 2750 acceptae,
2492 2681 2565 2734 ita
2587 2681 2696 2737 sint
2737 2690 2793 2736 et
2838 2682 3116 2736 auditores
3144 2682 3355 2737 illorum
3384 2683 3441 2737 in
3470 2683 3792 2738 sacriﬁcium

2205 2773 2303 2826 Dei
2336 2782 2702 2839 transeuntes,
2734 2775 3013 2829 imitantes
3063 2775 3162 2846 ipsi
3207 2776 3615 2845 praedicatores
3659 2793 3792 2848 egre

2205 2863 2350 2934 gium
2397 2864 2672 2918 doctorem
2723 2875 2778 2920 et
2825 2866 3138 2937 magistrum
3193 2868 3481 2938 gentium,
3537 2870 3639 2938 qui
3696 2870 3796 2922 illos

2203 2969 2341 3024 quos
2390 2953 2500 3010 Deo
2544 2971 2640 3010 sua
2693 2956 3077 3024 praedicatione
3119 2969 3174 3011 et
3224 2958 3535 3013 ministerio
3593 2958 3650 3012 in
3709 2959 3796 3013 ﬁds

2205 3047 2498 3114 obtulerat,
2529 3048 2753 3120 optabat
2799 3058 2856 3104 ut
2891 3050 3008 3106 sine
3039 3051 3247 3107 macula
3284 3051 3565 3124 gravioris
3597 3054 3792 3123 peccati

2203 3153 2586 3212 permanentes
2615 3144 2820 3214 accepti
2847 3153 3027 3199 essent
3051 3145 3181 3199 Deo.

2281 3232 2458 3288 Habeo
2489 3235 2650 3304 igitur
2673 3234 2915 3304 gloriam,
2941 3245 3316 3307 praeparatam,
3345 3238 3401 3291 in
3430 3237 3657 3294 Christo
3681 3238 3796 3294 less

584 3303 768 3360 Certus
791 3324 908 3362 sum
933 3319 1129 3376 autem,
1153 3313 1502 3383 fratres,mei,
1534 3328 1580 3372 et
1609 3336 1702 3389 ego
1727 3336 1832 3389 ipse
1852 3322 1916 3376 de
1939 3322 2098 3387 vobis,
2130 3318 2174 3381 C
2206 3327 2275 3382 ad
2311 3303 2522 3393 Demus
2570 3303 2686 3383 acsi
2719 3303 2977 3384 discreti:
3011 3303 3114 3385 Per
3151 3331 3382 3386 virtutes
3408 3345 3536 3402 quae
3585 3343 3716 3390 sunt
3751 3335 3794 3388 in

513 3398 764 3462 quoniam
798 3398 938 3468 pleni
963 3403 1086 3456 estis
1112 3403 1385 3460 dilectione
1415 3407 1513 3462 Dei
1537 3419 1583 3462 et
1615 3412 1872 3477 proximi,
1921 3412 2101 3484 repleti

513 3491 660 3544 ontni
694 3491 909 3546 scientia
930 3533 944 3558 ,
991 3495 1065 3548 ita
1105 3506 1159 3549 ut
1197 3499 1405 3567 possitis
1443 3499 1756 3556 alterutrum
1786 3520 2016 3570 monere,
2046 3505 2100 3560 id

511 3585 600 3634 est
625 3577 856 3636 invicem
890 3597 986 3638 vos
1009 3585 1275 3657 castigare
1319 3596 1375 3644 et
1416 3590 1707 3662 corripere.
1739 3592 2013 3650 Perlectos
2045 3595 2098 3651 in

513 3671 622 3729 ﬁde
647 3672 844 3736 blande
872 3677 1183 3750 alloquitur.

584 3775 858 3832 Audacius
879 3789 1054 3835 autent
1076 3785 1263 3854 scripsi
1291 3786 1448 3852 vobis,
1479 3787 1690 3857 fratres,
1709 3805 1779 3846 ex
1791 3804 1956 3863 parte.
1984 3796 2096 3850 Att-

513 3866 729 3933 dbcius,
753 3867 876 3925 licet
905 3870 976 3926 sit
1003 3876 1406 3944 comparativus
1435 3880 1654 3949 gradus,
1683 3881 1738 3936 in
1782 3883 1885 3939 hoc
1915 3892 2096 3941 tamen

508 3961 630 4019 loco
673 3977 775 4034 pro
810 3965 1043 4036 positivo
1071 3969 1313 4038 ponitur,
1343 3973 1486 4042 quod
1512 3983 1597 4029 cst
1623 3977 1897 4042 audacter,
1925 3979 1978 4036 id
2015 3989 2098 4037 est

506 4067 638 4109 cum
683 4053 908 4112 audacia
971 4065 1029 4114 et
1092 4061 1404 4117 securitate.
1460 4062 1693 4136 Ideoque
1744 4067 1978 4135 addidit,
2028 4086 2094 4126 ex

507 4153 690 4215 parte,
717 4147 844 4215 quia
887 4148 1056 4204 multa
1103 4151 1310 4207 sciebat
1359 4153 1475 4223 ipse
1521 4156 1576 4211 in
1618 4158 1800 4222 corde,
1839 4175 1959 4230 quae
1987 4177 2094 4217 non

507 4234 818 4303 proferebat
843 4251 958 4302 ore,
991 4248 1046 4294 et
1075 4256 1196 4310 quae
1223 4241 1300 4297 illi
1339 4259 1446 4299 non
1489 4255 1739 4316 poterant
1773 4265 1986 4322 capere,
2028 4267 2094 4308 ex

508 4323 710 4393 quibus
735 4334 944 4396 partem
969 4330 1242 4387 scribebat
1265 4333 1345 4389 eis
1366 4352 1381 4400 ;
1407 4337 1492 4392 vel
1513 4339 1676 4394 etiam
1705 4341 1908 4398 idcirco
1935 4344 2091 4413 dixit,

513 4429 581 4469 ex
607 4425 782 4484 parte,
807 4418 933 4488 quia
958 4417 1076 4487 jam
1107 4422 1350 4493 legerant
1376 4427 1477 4498 ipsi
1505 4431 1760 4500 epistolas
1791 4436 1930 4506 ejus,
1959 4452 2094 4507 quas

509 4505 634 4560 aliis
660 4506 906 4564 ecclesiis
935 4510 1300 4571 destinaverat
1330 4534 1344 4584 ;
1376 4527 1430 4574 et
1457 4535 1578 4591 quae
1605 4521 1679 4577 ibi
1710 4505 1829 4579 non
1854 4505 2094 4597 legerant

507 4611 578 4651 ex
604 4605 778 4666 parte,
805 4598 857 4653 in
889 4601 990 4658 hac
1019 4602 1216 4662 inferre
1251 4610 1477 4665 studuit.
1519 4611 1669 4668 Unde
1707 4622 1762 4669 et
1795 4616 2046 4672 subditur
2075 4637 2086 4673 :

510 4685 784 4760 Tanquam
811 4692 865 4748 in
887 4697 1192 4752 memoriam
1213 4700 1351 4756 vobis
1387 4703 1662 4770 reducens,
1693 4706 1950 4764 subaudis
1976 4708 2088 4778 jam

506 4780 705 4852 legisse
727 4799 846 4839 mea
875 4786 1018 4843 dicta
1049 4788 1101 4844 in
1126 4792 1447 4860 quibusdam
1471 4795 1714 4865 epistolis
1744 4799 1878 4856 meis
1909 4819 1921 4855 :
1947 4805 2089 4873 quod

413 4879 416 4886 ’
507 4873 615 4930 tale
659 4886 776 4941 est,
819 4878 930 4932 acsi
973 4877 1094 4936 aliis
1141 4884 1320 4939 verbis
1349 4885 1555 4942 diceret
1595 4887 1776 4943 :Dum
1809 4891 1996 4948 reduxi
2022 4893 2089 4948 ad

505 4966 822 5023 memoriam
855 4968 1048 5041 legisse
1081 4988 1174 5029 vos
1191 4975 1304 5044 jam
1328 4990 1446 5030 mea
1469 4976 1635 5044 dicta,
1658 4981 1914 5050 pauciora
1938 4985 2088 5041 vobis

501 5059 716 5129 scripsi,
748 5069 804 5116 et
834 5061 936 5118 hoc
962 5076 1170 5134 propter
1210 5068 1435 5137 gratiam
1464 5088 1580 5140 quis
1620 5074 1747 5129 data
1784 5086 1860 5131 est
1899 5078 2027 5132 mihi
2057 5096 2088 5132 a

502 5149 642 5217 Deo,
663 5162 718 5206 ut
745 5153 846 5207 sim
887 5155 1126 5210 minister
1161 5156 1290 5212 Iesu
1329 5158 1524 5216 Christi
1555 5166 1811 5234 gentibus.
1841 5166 2087 5223 Gratiam

505 5241 596 5296 hic
619 5243 852 5315 appellat
881 5245 1229 5315 sapientiam,
1255 5263 1417 5320 quam
1454 5268 1564 5323 prae
1595 5256 1849 5312 omnibus
1873 5266 2089 5326 aposto-

502 5332 572 5389 lis
600 5336 849 5408 accipere
883 5339 1100 5406 meruit,
1133 5352 1193 5397 ut
1224 5342 1414 5400 beatus
1441 5346 1775 5418 Augustinus
1800 5349 1948 5405 dicit.
1979 5349 2085 5406 Po-

505 5433 612 5484 test
645 5435 703 5482 et
740 5429 808 5484 do
850 5429 1154 5488 ministerio
1191 5435 1522 5505 apostolatus
1553 5439 1810 5510 intelligi,
1845 5442 1988 5511 quod
2037 5439 2088 5498 ei

501 5515 674 5584 gratis
715 5533 744 5574 a
788 5518 902 5576 Deo
947 5523 1201 5579 collatum
1256 5534 1358 5581 est.
1393 5525 1598 5599 Scripsi
1644 5530 1826 5596 vobis,
1879 5531 2086 5603 inquit,

499 5623 674 5678 pauca
705 5626 768 5666 ex
809 5613 1070 5684 pluribus,
1104 5633 1222 5688 quae
1264 5618 1317 5672 in
1346 5619 1511 5676 corde
1541 5634 1661 5674 meo
1692 5619 1846 5677 ﬁrma
1877 5623 2084 5680 haben-

504 5712 590 5758 tur
619 5716 839 5776 propter
882 5709 1108 5780 gratiam
1139 5712 1440 5783 sapientiae,
1465 5728 1584 5784 qua:
1613 5715 1742 5771 mihi
1783 5731 1820 5770 av
1856 5716 2086 5776 Domino

501 5797 574 5852 ad
618 5796 722 5854 hoc
748 5800 874 5855 data
912 5810 1015 5865 est,
1041 5810 1101 5858 ut
1130 5802 1275 5858 illam
1303 5819 1403 5875 pro
1427 5808 1727 5877 eapaeitate
1776 5810 2083 5866 auditorum

507 5894 906 5970 expenderent;
937 5895 1046 5950 sive
1079 5896 1239 5952 etiam
1261 5908 1319 5952 ut
1361 5899 1720 5956 ministerium
1752 5903 2086 5975 apostolatus

2204 3419 2420 3478 Christo
2465 3419 2594 3477 Jesu
2641 3437 2778 3492 quas
2822 3437 2924 3494 ego
2973 3423 3294 3493 amplector,
3341 3422 3523 3479 habeo
3574 3426 3798 3496 gloriam

2200 3522 2560 3585 praeparatam
2591 3511 2744 3578 mihi,
2771 3519 2826 3568 et
2846 3512 3108 3569 honorem
3131 3511 3428 3567 maximum
3457 3516 3610 3584 apud
3637 3516 3796 3570 Deum

2201 3601 2440 3658 Patrem.

2275 3693 2396 3750 Non
2435 3696 2570 3750 enim
2597 3695 2766 3750 audeo
2803 3695 3002 3767 aliquid
3044 3694 3188 3767 loqui
3225 3712 3442 3762 eorum,
3476 3697 3798 3758 verborum,

2197 3805 2314 3858 qua:
2351 3803 2443 3858 per
2485 3803 2566 3841 me
2607 3803 2711 3841 non
2756 3787 2906 3858 efﬁcit
2949 3784 3211 3856 Christus,
3239 3789 3407 3844 verbo
3435 3797 3494 3842 et
3528 3788 3721 3854 factis,
3747 3791 3798 3843 id

2198 3889 2301 3945 est,
2341 3893 2446 3935 non
2498 3878 2672 3936 audeo
2720 3878 2825 3933 alia
2873 3879 3016 3950 loqui
3055 3887 3112 3933 et
3154 3879 3480 3948 praedicare,
3524 3880 3640 3934 nisi
3683 3895 3800 3950 qut

2197 3971 2444 4028 Christus
2504 3970 2736 4041 inspirat
2793 3969 2926 4024 mihi
2982 3969 3035 4024 in
3085 3969 3270 4024 corde.
3315 3967 3597 4038 Quidquid
3657 3970 3797 4025 enim

2195 4063 2542 4133 operabatur,
2567 4060 2826 4132 quidquid
2855 4060 3193 4130 loquebatur,
3219 4067 3390 4116 totum
3412 4059 3680 4115 Christus
3702 4077 3797 4132 per

2195 4169 2320 4210 eum
2363 4152 2627 4210 elﬁciebat
2672 4154 2815 4209 sicut
2859 4154 2974 4225 ipse
3019 4154 3158 4210 alias
3209 4153 3343 4209 dicit
3391 4172 3406 4209 :
3451 4156 3535 4208 An
3594 4158 3802 4225 experi-

2194 4255 2425 4301 mentum
2465 4246 2704 4317 quteritis
2757 4247 2872 4317 ejus
2913 4246 3002 4317 qui
3046 4245 3102 4299 in
3151 4261 3231 4300 me
3278 4245 3513 4316 loquitur
3551 4245 3798 4301 Christus

2195 4339 2282 4410 (11
2326 4338 2448 4394 Cor.
2488 4339 2648 4410 xm)?
2693 4337 2759 4391 In
2827 4336 3174 4391 obedientiam
3235 4337 3468 4407 gentium
3518 4338 3702 4392 verbo
3745 4348 3800 4390 et

2193 4432 2352 4489 factis
2381 4447 2394 4486 :
2429 4432 2531 4487 hoc
2559 4439 2644 4487 est
2676 4429 2878 4486 idcirco
2914 4429 3056 4485 insto
3092 4444 3193 4500 ego
3235 4429 3402 4485 verbo
3441 4429 3795 4500 praedicatio

2193 4524 2297 4589 nis,
2328 4532 2382 4580 et
2403 4522 2563 4578 lactis
2588 4522 2994 4589 miraculorum,
3020 4531 3081 4578 ut
3110 4531 3296 4594 gentes
3318 4521 3584 4577 obediant
3612 4521 3796 4578 Evan-

2193 4617 2352 4685 gelio.

2267 4709 2335 4764 In
2394 4710 2582 4763 rirtute
2642 4713 2912 4778 signorum
2959 4718 3006 4763 et
3048 4707 3438 4778 prodigiorum,
3486 4707 3542 4760 in
3601 4707 3798 4760 virtue

2198 4801 2426 4872 Spiritus
2449 4800 2636 4854 sancti.
2667 4798 2832 4870 Signa
2863 4799 3200 4870 appellantur
3241 4798 3425 4855 multis
3457 4799 3516 4853 iu
3546 4798 3713 4862 locis,
3745 4798 3802 4851 in

2193 4893 2388 4964 quibus
2429 4907 2552 4946 cum
2593 4890 2666 4947 sit
2710 4890 2913 4961 aliquid
2957 4889 3226 4953 mirabile,
3258 4889 3536 4944 indicatur
3571 4903 3802 4959 quoque

2193 5003 2290 5058 per
2311 5002 2375 5040 ea
2407 4986 2607 5056 aliquid
2638 4985 2900 5052 futurum,
2929 4985 3070 5041 sicut
3092 4986 3146 5040 in
3174 4985 3456 5040 sanatione
3490 4982 3589 5036 ﬁlii
3629 4981 3802 5051 reguli

2192 5088 2467 5134 ostensum
2496 5087 2598 5142 est,
2628 5079 2856 5134 Domino
2885 5078 3135 5133 dicente:
3170 5075 3292 5130 Nisi
3321 5077 3478 5146 signa
3520 5086 3569 5129 et
3610 5075 3803 5146 prodi-

2192 5172 2279 5243 gia
2321 5171 2574 5236 videritis,
2599 5187 2701 5224 non
2743 5168 2953 5223 creditis
2986 5167 3166 5239 (Joan.
3204 5168 3299 5238 iv).
3342 5167 3447 5222 Per
3494 5169 3606 5222 hoc
3653 5169 3806 5224 enim

2193 5262 2338 5332 quod
2366 5262 2482 5316 viso
2511 5260 2774 5315 miraculo
2807 5261 3058 5315 sanitatis
3082 5259 3135 5314 in
3189 5259 3299 5316 ﬁlio
3329 5257 3492 5323 illius,
3529 5264 3808 5330 perpauci

2193 5355 2570 5420 crediderunt,
2601 5363 2754 5425 pater
2780 5354 3031 5410 videlicet
3073 5353 3216 5409 illius
3252 5369 3375 5409 cum
3410 5353 3550 5419 suis,
3578 5355 3813 5426 signiﬁ—

2195 5447 2421 5503 cabatur
2448 5447 2591 5518 quod
2631 5445 2880 5516 paucitas
2904 5445 3212 5502 Judteorum
3240 5446 3520 5501 creditura
3548 5453 3720 5501 esSet
3759 5447 3813 5499 in

2195 5537 2384 5594 Deum.
2421 5538 2560 5594 Ecce
2597 5538 2812 5611 signum
2843 5539 2988 5609 quod
3022 5547 3316 5609 utrumque
3343 5539 3397 5592 in
3429 5538 3814 5594 se'continet.

2192 5628 2450 5700 quiddam
2491 5629 2699 5686 scilicet
2737 5629 3016 5694 miraculi,
3059 5635 3115 5685 et
3155 5629 3415 5698 quiddam
3459 5627 3676 5683 futuri.
3746 5631 3814 5682 At

2191 5735 2321 5776 vero
2347 5721 2591 5794 prodigia
2631 5721 2886 5777 dicuntur
2924 5721 3079 5792 quasi
3127 5721 3439 5793 porodigia,
3468 5721 3557 5776 vel
3597 5737 3816 5794 perro-

2177 5812 2462 5880 dicentia,
2507 5828 2571 5869 eo
2620 5814 2765 5884 quod
2809 5814 3013 5885 aliquid
3036 5814 3091 5870 in
3123 5814 3362 5870 futurum
3403 5815 3820 5871 tantummodo

2191 5907 2513 5977 ostendant,
2562 5908 2716 5980 quasi
2760 5905 2929 5980 digito
2973 5909 3221 5966 ostendo.
3277 5907 3442 5981 Signa
3495 5919 3702 5965 autem
3759 5917 3814 5961 et
