3936 6442
159 403 253 475 sit

864 410 1229 473 EXPOSITIO
1261 409 1327 467 IN
1364 408 1513 466 EPP.
1556 407 1613 464 S.
1656 404 1883 463 PAULI.
1923 437 1990 447 -—
2028 405 2095 461 lN
2131 402 2356 466 EPIST.
2392 404 2484 463 AD
2522 396 2690 465 ROM.

3318 403 3426 465 50!

160 526 402 605 prodigia
431 538 535 600 pro
558 538 666 581 uno
694 523 1036 596 accipiuntur
1062 525 1164 579 hoc
1191 521 1331 587 loco,
1359 518 1619 586 miracula
1648 516 1729 572 vi-
1760 521 1811 580 Α
1837 517 1965 572 tiam
1995 518 2322 589 praedicandi
2362 535 2469 575 non
2518 517 2816 585 habebant,
2845 523 2907 574 ut
2943 514 3012 574 ad
3048 514 3429 590 praedicanda:

148 614 373 685 'delicet,
404 632 525 690 quae
561 631 659 687 per
680 615 929 672 virtutem
956 613 1192 687 Spiritus
1229 611 1403 669 sancti
1440 609 1748 683 operabanc

151 715 267 771 "tur.
304 710 390 766 Ita
422 718 479 765 ut
502 707 567 763 ab
590 705 884 763 Jerusalem
911 723 1001 779 per
1024 704 1301 760 circuitum
1325 719 1485 773 usque
1510 701 1580 756 ad
1605 697 1741 770 Illy-

161 805 344 867 ricum,
371 815 491 871 qua:
510 808 590 854 est
614 795 889 869 provincia
917 794 971 851 in
992 795 1148 850 initio
1172 794 1421 864 Europae,
1444 788 1743 861 repleverim

164 890 507 964 Evangelium
540 887 765 961 Christi,
796 885 1051 943 subaudis
1093 900 1282 940 omnes
1314 890 1500 954 gentes
1537 888 1591 936 et
1620 895 1745 951 pro-

162 983 389 1040 vincias.
423 981 696 1054 lllyricutn
723 978 1001 1051 provincia
1029 985 1127 1039 est,
1161 984 1223 1031 ut
1242 974 1495 1031 diximus.
1530 971 1625 1029 Est
1648 986 1746 1027 au-

164 1085 271 1133 tem
302 1074 425 1130 ﬁnis
454 1071 615 1137 Asia),
639 1078 694 1127 et
721 1070 1045 1142 principium
1067 1068 1315 1139 Europae.

234 1164 325 1222 Sic
357 1173 531 1219 autem
570 1163 853 1234 prtedicavi
878 1160 1219 1233 Euangelium
1259 1160 1376 1215 hoc.
1402 1155 1520 1225 Quo
1548 1154 1746 1213 modo?

164 1255 290 1312 Non
317 1256 409 1311 ubi
459 1255 755 1311 nominatus
792 1262 868 1310 est
910 1252 1181 1318 Christus,
1213 1248 1740 1322 a'prmdicatorihus,

161 1347 278 1404 sive
323 1345 414 1402 ubi
463 1345 518 1401 in
560 1359 683 1401 eum
727 1345 841 1415 jam
875 1344 1181 1410 crederent,
1214 1359 1278 1398 ne
1316 1358 1472 1412 super
1517 1339 1744 1394 alienum

162 1438 563 1510 fundamentum
616 1438 955 1508 aediﬁcarent.
996 1435 1111 1492 Non
1166 1434 1494 1507 prmdicavi,
1541 1433 1743 1504 inquit,

163 1530 255 1586 ubi
292 1528 406 1600 jam
450 1528 700 1585 Christus
742 1534 887 1583 esset
933 1524 1259 1598 praedicatus
1308 1533 1364 1580 et
1410 1522 1743 1590 crederetur,

161 1622 258 1679 sed
295 1621 386 1676 ubi
412 1620 627 1693 penitus
656 1619 1027 1692 ignorabatur,
1056 1633 1125 1674 ne
1163 1633 1326 1690 super
1354 1615 1583 1672 aliorum
1609 1630 1747 1688 pra:-

160 1711 490 1770 dicationem
514 1719 571 1766 et
603 1709 763 1766 ﬁdem
785 1724 1044 1782 ponerem
1073 1723 1269 1764 meam.
1303 1705 1593 1778 Apostolus
1617 1720 1747 1777 ergo

154 1798 278 1877 ipse
310 1802 532 1875 j‘acebat
571 1801 922 1859 fundamenta
953 1799 1107 1865 ﬁdei,
1150 1807 1205 1857 et
1233 1799 1349 1872 ipse
1377 1798 1618 1870 erigebat
1646 1812 1744 1869 pa-

1841 615 2027 680 gentes
2052 618 2272 680 possent
2309 609 2409 677 ire,
2440 614 2597 666 erant
2630 611 2684 666 in
2709 608 3010 666 Jerusalem
3048 617 3303 669 vacantes
3332 610 3427 683 itt-

1842 698 1982 770 giter
2008 698 2342 756 orationibus
2369 715 2431 755 ac
2451 699 2693 771 jejuniis,
2723 700 2921 772 quibus
2948 700 3178 772 apostoli
3208 696 3275 756 de
3311 699 3423 757 sin-

1838 786 1981 859 gulis
2026 787 2322 858 provinciis
2372 796 2428 843 et
2485 787 2618 844 locis
2668 790 2721 844 in
2767 791 2966 860 quibus
3018 788 3424 861 praedicabant,

1844 880 2103 951 quidquid
2132 879 2511 951 pecuniarum,
2546 880 2687 947 auri,
2720 882 2950 953 argenti,
2981 883 3431 939 vestimentorum

1834 970 2204 1041 accipiebant,
2231 971 2312 1026 eis
2350 970 2570 1026 mittere
2612 970 2952 1042 satagebant,
2979 973 3214 1030 maxime
3247 981 3429 1030 tamen

1842 1056 2061 1131 Paulus,
2103 1063 2196 1135 qui
2237 1064 2488 1134 plurimis
2511 1065 2761 1136 gentibus
2790 1067 3137 1137 praedicabat.
3169 1067 3323 1126 Unde
3350 1067 3433 1126 di-

1844 1162 1976 1210 cunt
2014 1153 2284 1222 doctores,
2316 1155 2444 1227 quia
2492 1156 2782 1230 aliquando
2826 1158 3060 1230 amplius
3104 1176 3269 1234 quam
3314 1168 3430 1218 tres

1845 1253 1939 1300 aut
1959 1245 2198 1318 quinque
2225 1248 2435 1304 modios
2462 1247 2671 1319 argenti
2693 1248 2773 1305 eis
2797 1249 3085 1308 mittebat-

1917 1358 2281 1417 Probaverunt
2328 1362 2467 1418 enim
2499 1361 2813 1419 Macedonia
2856 1372 2907 1419 et
2954 1364 3209 1434 Achaia,
3236 1366 3291 1423 id
3322 1375 3430 1433 est.

1846 1458 2092 1507 sanctum
2131 1458 2186 1506 et
2214 1449 2420 1507 bonum
2462 1451 2639 1507 visum
2686 1460 2771 1509 est
2811 1451 2939 1520 illis,
2967 1453 3433 1518 collationem.ali-

1844 1560 2003 1617 quam
2026 1544 2220 1614 facere,
2250 1558 2558 1611 munerum,
2599 1544 2655 1598 in
2686 1559 2940 1617 pauperes
2969 1554 3292 1613 sanctorum,
3337 1548 3433 1617 qui

1845 1644 1967 1691 sunt
2012 1636 2067 1690 in
2113 1633 2434 1691 Jerusalem.
2492 1633 2806 1691 Macedonia
2855 1643 2912 1692 et
2949 1635 3184 1693 Acbaias
3221 1652 3340 1707 qua:
3379 1644 3437 1705 et

1846 1726 2066 1783 Achaeia
2107 1734 2354 1792 vocatur,
2387 1740 2420 1782 a
2452 1742 2559 1799 qua
2587 1734 2642 1783 et
2671 1726 2853 1799 populi
2881 1725 3000 1797 ejus
3029 1726 3214 1785 Achaei
3240 1728 3433 1807 diutin-

1847 1830 1969 1888 tur,
1999 1818 2291 1892 provinciae
2326 1827 2453 1875 sunt
2486 1819 2839 1877 nobilissima:
2862 1819 3179 1879 Griecorum
3207 1821 3311 1879 sibi
3338 1821 3435 1879 ad-

164 1897 349 1990 Γίθίθε·
376 1895 487 1952 mis
513 1895 705 1968 “tique
732 1894 1084 1990 Ρναδδίῗθιῗέίυ
1113 1893 1180 1950 de
1214 1894 1411 1964 quibus
1447 1892 1575 1990 ⁰¹ί¹¹ξ
1604 1908 1745 1964 Ρη·
1773 1883 1822 1945 Β
1843 1883 2089 1990 iacentes
2114 1932 2127 1969 :
2155 1928 2290 1985 quas
2314 1912 2601 1986 Apostolus
2626 1914 2872 1971 ecclesiis
2898 1915 3148 1986 replevit.

165 1989 373 2044 dictum
399 1994 540 2054 erat,
582 1986 860 2058 quoniam,
891 1985 1092 2054 Quibus
1130 2001 1232 2039 non
1254 1993 1330 2040 est
1351 1983 1748 2052 annuntiatum,

168 2096 202 2135 a
225 2079 519 2151 prophetis,
547 2078 612 2133 de
631 2096 708 2144 eo,
743 2078 797 2134 id
836 2086 920 2135 est
946 2075 1013 2133 de
1041 2077 1279 2144 Christo,
1306 2077 1573 2144 videbunt,
1600 2075 1751 2132 illum

167 2187 267 2244 per
291 2171 470 2237 ﬁdem,
498 2179 547 2225 et
586 2169 676 2241 qui
712 2186 815 2224 non
855 2168 1155 2232 audierunt,
1186 2167 1568 2244 praedicantem
1601 2180 1749 2234 eum,

163 2262 231 2317 de
252 2279 312 2317 eo
332 2260 641 2333 intelligent,
670 2275 769 2332 per
796 2257 1235 2332 praedicationem
1266 2257 1659 2329 apostolorum.

238 2354 467 2425 Propter
504 2353 644 2427 quod
669 2395 683 2420 ,
734 2352 989 2410 subaudis
1035 2368 1170 2423 opus
1206 2350 1608 2423 prredicationis
1634 2391 1650 2417 ,
1703 2359 1752 2406 et

158 2449 487 2523 impediebar
518 2448 802 2519 plurimum
848 2449 917 2505 ab
959 2447 1319 2504 aediﬁcatione
1354 2445 1540 2512 verbi,
1580 2446 1753 2501 venire

160 2542 240 2596 ad
276 2558 388 2607 uos,
416 2555 450 2596 ο
490 2538 744 2606 Romani,
773 2548 822 2594 et
848 2536 1139 2612 prohibitus
1187 2555 1306 2593 sum
1352 2553 1512 2608 usque
1554 2536 1747 2592 adhuc.

162 2632 288 2689 Non
328 2632 725 2705 impediebatur
760 2648 790 2687 a
835 2631 1056 2695 Satana,
1086 2631 1180 2688 sed
1210 2630 1278 2686 ab
1306 2630 1538 2686 utilitate
1560 2629 1754 2700 praedi-

162 2725 426 2792 cationis,
456 2733 517 2780 ut
557 2723 791 2796 primum
832 2722 1103 2779 Ecclesias
1134 2721 1385 2778 fundaret
1415 2720 1577 2787 Asiae,
1602 2728 1752 2792 post—

155 2809 392 2876 'modum
420 2817 488 2874 ad
512 2827 735 2887 exteras
752 2825 1010 2889 pergeret
1032 2815 1300 2872 nationes.

154 2900 161 2906 ’
252 2908 407 2964 Nunc
437 2925 554 2965 vero
583 2907 800 2963 ulterius
829 2899 1001 2961 locum
1042 2923 1147 2961 non
1178 2906 1395 2972 habens,
1423 2921 1653 2962 vacuum
1689 2905 1758 2963 ad

158 2998 595 3072 praedicandum,
631 2998 686 3052 in
726 2997 805 3052 his
846 2996 1163 3069 regionibus,
1202 2996 1538 3072 cupiditatem
1585 3004 1758 3049 autem

158 3067 371 3147 habens
397 3087 634 3145 veniendi
662 3088 733 3143 ad
767 3104 856 3143 vos
889 3067 955 3142 ea:
990 3086 1168 3142 multis
1194 3086 1310 3157 jam
1348 3067 1756 3158 praecedentibus

161 3182 351 3259 annis,
372 3197 491 3235 cum
515 3181 569 3234 in
585 3176 899 3250 Hispaniam
923 3177 1185 3251 proﬁcisci
1211 3193 1428 3247 coepero,
1445 3192 1593 3247 spero
1620 3176 1758 3249 quod

157 3272 476 3346 prieteriens
500 3272 699 3327 videam
725 3288 833 3337 vos,
859 3280 905 3325 et
931 3289 962 3325 a
1000 3270 1140 3325 vobis
1166 3268 1401 3324 deducar
1422 3267 1571 3335 illuc,
1593 3269 1639 3322 si
1670 3284 1760 3323 vo-

161 3368 258 3422 bis
294 3368 519 3437 primum
559 3381 625 3420 ex
668 3373 817 3436 parte
861 3363 1058 3434 [ruitus
1103 3362 1271 3433 fuero.
1308 3360 1531 3419 Videtur
1570 3360 1673 3418 hoc
1703 3361 1757 3417 in

162 3456 381 3515 Achaia
427 3456 638 3528 positus
683 3455 896 3520 dicere,
935 3456 1077 3526 apud
1119 3454 1435 3511 Corinthum
1482 3452 1759 3509 civitatem

162 3546 418 3619 ejusdem
467 3547 791 3622 provinciis,
821 3562 942 3619 quae
989 3548 1176 3618 utique
1221 3546 1428 3603 Achaia
1488 3546 1665 3603 vicina
1705 3555 1764 3603 et

166 3641 463 3699 cohaerens
511 3647 596 3696 est
629 3639 989 3707 Macedoniae,
1022 3639 1074 3695 in
1125 3638 1320 3709 quibus
1363 3638 1498 3695 locis
1538 3638 1758 3712 degens,

167 3748 305 3791 cum
349 3731 558 3805 singula
590 3746 817 3803 qumque
845 3739 1217 3804 peragrasset,
1247 3722 1595 3803 Evangelium
1627 3746 1763 3803 prte-

166 3812 371 3881 dicans
410 3825 465 3880 in
505 3824 591 3880 his
630 3824 891 3878 duntaxat
933 3822 1153 3888 ﬁnibus,
1186 3822 1241 3878 in
1280 3823 1476 3893 quibus
1515 3821 1763 3878 Christus

172 3918 419 3973 nondum
447 3910 624 3970 fuerat
652 3914 1000 3986 praedicatus,
1033 3913 1087 3967 in
1119 3913 1391 3985 agnitione
1422 3913 1518 3969 Dei
1553 3913 1606 3969 in
1639 3913 1761 3968 uni-

178 4021 345 4062 versa
396 4006 694 4077 replesset;
742 4004 987 4075 designat
1025 4002 1137 4073 jam
1175 4004 1367 4059 adesse
1406 4011 1617 4074 tempus
1656 4019 1765 4074 quo

181 4093 516 4152 desiderium
564 4109 721 4151 suum
751 4092 943 4150 debeat
984 4093 1300 4166 adimplere,
1337 4095 1568 4151 videndo
1617 4095 1767 4151 vide-

179 4187 314 4245 licet
355 4202 449 4244 eos
492 4187 584 4258 qui
628 4186 814 4242 Romae
861 4186 1234 4242 morabantur.
1264 4184 1410 4243 Bene
1450 4196 1632 4243 autem
1684 4187 1769 4244 bis

179 4295 323 4353 quos
350 4280 585 4337 nondum
622 4278 917 4336 secundum
948 4293 1168 4334 carnem
1196 4279 1428 4346 viderat,
1454 4288 1509 4335 et
1539 4279 1607 4336 ad
1633 4274 1771 4350 ques

180 4374 423 4430 nondum
469 4373 523 4429 in
570 4388 796 4443 corpore
837 4372 1165 4440 advenerat,
1195 4373 1542 4444 praesentiam
1585 4360 1670 4428 sui
1713 4381 1769 4429 et

183 4467 608 4524 retardationem
637 4466 938 4539 pollicetur.
972 4465 1401 4523 Desiderabilius
1420 4467 1567 4523 enim
1597 4468 1769 4524 susci-

182 4563 367 4635 pimus
390 4563 554 4629 bona,
584 4575 705 4632 qua:
726 4562 835 4617 cito
863 4560 1159 4615 meruimus
1180 4558 1490 4625 auferenda,
1524 4561 1785 4620 securius.

183 4671 322 4712 vero
366 4655 707 4728 negligimus,
738 4654 883 4729 quod
923 4670 1023 4712 nos
1050 4654 1253 4711 diutius
1276 4655 1571 4726 possideret
1594 4656 1772 4713 credi-

183 4764 335 4806 mus.
362 4748 516 4816 Frui,
542 4756 625 4805 est
661 4764 783 4804 cum
831 4736 1188 4823 delectatione
1234 4755 1293 4804 et
1331 4748 1528 4820 gaudio
1572 4749 1774 4822 aliquid

186 4838 491 4912 possidere,
514 4840 599 4897 vel
629 4840 879 4913 amplecti
903 4848 959 4897 et
986 4841 1192 4897 videre.

268 4922 426 4989 Nunc
459 4934 640 5006 igitur,
682 4932 940 4989 subaudis
979 4941 1269 5003 antequam
1310 4932 1375 4988 ad
1411 4948 1508 4989 vos
1538 4932 1771 4999 veniam,

186 5026 498 5099 proﬁciscar
536 5027 593 5081 in
634 5024 939 5081 Jerusalem
972 5025 1273 5087 ministrare
1307 5026 1521 5081 sanctis.
1546 5024 1776 5082 Sanctus

190 5117 427 5191 appellat
457 5118 595 5185 illos,
622 5118 713 5189 qui
741 5133 841 5189 pro
866 5116 1067 5174 Christi
1099 5131 1285 5174 amore
1322 5117 1505 5171 omnia
1548 5131 1646 5172 sua
1688 5132 1777 5171 re-

190 5208 495 5280 liquerant,
538 5217 630 5264 aut
677 5210 1051 5274 vendiderant,
1080 5216 1136 5264 et
1172 5207 1403 5280 pretium
1449 5200 1660 5263 illorum
1708 5208 1775 5264 ad

190 5303 360 5375 pedes
386 5300 750 5373 apostolorum
791 5299 1086 5355 attulerant
1108 5299 1245 5367 (Act.
1289 5297 1386 5369 tv),
1422 5296 1507 5351 vel
1542 5297 1660 5353 illos
1684 5296 1776 5367 qui

195 5393 488 5465 deprardati
526 5392 740 5447 inierant
779 5406 808 5445 a
849 5390 1049 5447 Iudaeis
1091 5407 1197 5445 non
1240 5388 1605 5450 credentibus,
1640 5404 1777 5459 quos

140 5478 143 5481 Α
195 5485 383 5540 laudat
402 5483 651 5563 inquiens
676 5483 728 5537 in
745 5476 985 5552 Epistola
1011 5479 1079 5535 ad
1109 5467 1367 5551 Hebraeos
1394 5498 1409 5533 :
1439 5475 1507 5533 Et
1538 5478 1777 5548 rapinam

197 5574 452 5629 bonorum
482 5571 769 5628 vestrorum
798 5586 916 5624 cum
940 5567 1133 5641 gaudia
1159 5566 1457 5639 suscepistis
1480 5563 1671 5639 (Hebr.
1696 5566 1774 5637 ι).

201 5668 277 5723 De
317 5666 437 5722 istis
481 5666 642 5721 etiam
673 5662 803 5718 dicit
844 5662 1013 5719 lsaias
1044 5680 1057 5715 :
1087 5659 1155 5716 Et
1190 5661 1278 5732 qui
1318 5651 1522 5715 secessit
1554 5650 1586 5714 a
1615 5658 1776 5727 malo,

204 5772 393 5815 eorum
423 5741 617 5829 pra'dte
637 5756 803 5827 patuit
835 5752 975 5826 (Isa.
998 5752 1129 5824 ως).
1162 5751 1263 5809 Isti
1298 5741 1490 5809 omnes
1531 5753 1622 5823 qui
1656 5769 1782 5824 pro-

144 5836 149 5839 !
203 5849 316 5920 ντί]
360 5848 714 5918 reliquerant,
763 5843 845 5901 vel
872 5834 1434 5914 exspoliatil’neran't,
1465 5843 1559 5913 qui
1594 5834 1779 5899 scicn-

1925 2023 2136 2080 Placuit
2176 2024 2316 2079 enim
2352 2024 2428 2080 eis
2453 2041 2474 2079 .°
2506 2032 2555 2079 et
2592 2023 2850 2082 debitores
2887 2034 3009 2082 sunt
3048 2042 3248 2082 eorum.
3292 2023 3434 2095 Quid

1853 2124 2180 2187 acceperunt
2215 2114 2536 2172 Macedones
2560 2123 2617 2172 et
2642 2116 2865 2175 Achaici
2889 2117 3007 2176 sive
3041 2117 3225 2183 Achaei
3252 2133 3285 2174 a
3307 2131 3437 2175 ssn-

1852 2210 1960 2267 ctis
1980 2209 2074 2282 qui
2099 2217 2269 2266 erant
2279 2209 2606 2279 Jerusalem,
2628 2218 2692 2266 ut
2710 2225 2898 2267 eorum
2918 2210 3193 2269 debitores
3216 2210 3435 2268 essent?

1854 2301 2052 2369 Tribus
2092 2300 2267 2358 modis
2296 2310 2456 2359 erant
2480 2302 2755 2360 debitores
2792 2317 2980 2359 eorum
3014 2321 3029 2359 :
3066 2302 3152 2360 vel
3185 2303 3315 2375 quia
3332 2318 3437 2360 eos

1854 2390 1907 2447 in
1936 2391 2040 2448 ﬁde
2068 2397 2460 2463 praecesserant
2482 2391 2575 2462 qui
2609 2393 2679 2449 ab
2707 2392 2965 2465 apostolis
2989 2399 3046 2449 et
3069 2393 3439 2465 pradicatori-

1854 2483 1956 2540 bus
1996 2483 2405 2549 audiebantur,
2462 2483 2549 2540 vel
2597 2484 2723 2555 quia
2792 2484 3031 2556 ipsorum
3082 2482 3330 2555 exemplo
3380 2489 3453 2539 et.

1854 2572 2099 2630 doctrina
2145 2571 2528 2643 proﬁciebant;
2575 2571 2662 2629 vel
2705 2573 2833 2644 quia
2880 2573 3045 2630 etiam
3094 2573 3260 2630 unius
3309 2572 3438 2631 ﬁdei

1854 2672 2051 2732 erant,
2098 2670 2155 2719 et
2200 2679 2371 2719 unum
2416 2663 2634 2720 Patrem
2678 2664 2847 2721 Deum
2901 2664 3195 2731 habentes,
3234 2662 3451 2721 fratres-

1855 2763 2014 2814 erant
2048 2755 2104 2812 in
2134 2754 2262 2812 ﬁde.
2304 2754 2505 2813 Omnes
2539 2756 2684 2813 enim
2732 2755 3058 2823 Christiani,
3100 2756 3195 2828 qui
3239 2756 3442 2815 fratres

1859 2857 1988 2906 sunt
2028 2848 2083 2903 in
2131 2846 2257 2915 ﬁde,
2290 2848 2561 2904 debitores
2610 2847 2717 2904 sibi
2756 2856 2900 2915 sunt,
2928 2856 2987 2904 ut
3033 2847 3174 2906 alter
3214 2847 3440 2907 alterius

1858 2956 2027 2999 onera
2071 2948 2312 3012 portent.
2357 2940 2542 2997 Potest
2574 2948 2627 2997 et
2676 2947 2869 3012 quarto
2907 2939 3065 3005 modo
3103 2940 3356 3012 intelligi,
3383 2940 3446 2998 in.

1860 3033 1966 3091 hoc
2009 3046 2105 3087 eos
2144 3032 2380 3087 existere
2421 3032 2696 3088 debitores
2722 3032 3085 3102 corum,_quia
3123 3031 3201 3091 illi
3243 3032 3443 3089 dierac

1862 3129 2022 3179 nocte
2053 3137 2152 3195 pro
2183 3120 2357 3177 salute
2392 3121 2607 3177 illorum
2648 3120 2985 3178 orationibus
3005 3120 3445 3186 insistebant.nt

1786 3245 1832 3309 ο
1864 3212 1999 3270 ﬁdes
2020 3211 2223 3269 Christi
2250 3212 2305 3267 in
2334 3211 2414 3268 eis
2444 3209 2806 3267 roboraretur.

1934 3325 2078 3382 Nam
2126 3324 2174 3380 si
2223 3340 2406 3380 eorum
2446 3320 2804 3394 spiritualium
2856 3322 3127 3379 bonorum.
3158 3321 3441 3395 participes

1859 3420 1989 3492 facti
2014 3427 2132 3475 sunt
2173 3416 2415 3490 gentiles,
2437 3416 2623 3472 debent
2650 3425 2699 3471 et
2729 3416 2787 3471 iu
2815 3415 3118 3471 carnalibus
3144 3415 3445 3472 ministrare

1859 3512 1956 3566 eis.
1983 3509 2177 3566 Iisdem
2203 3509 2381 3566 modis
2408 3516 2569 3565 erant
2592 3507 2885 3580 participes
2916 3518 3127 3575 eorum,
3154 3506 3363 3578 quibus
3386 3514 3447 3563 'et

1860 3601 2157 3669 debitores,
2192 3612 2249 3658 et
2288 3610 2373 3659 est
2417 3614 2610 3657 sensus
2640 3598 2795 3656 :Jam
2838 3599 2986 3671 quia
3011 3599 3069 3655 in
3111 3597 3448 3670 spiritalibus

1862 3695 2026 3750 rebus
2065 3693 2142 3749 illi
2182 3681 2443 3765 praestant
2478 3691 2599 3749 istis
2635 3691 3176 3764 supplementum,“
3213 3687 3446 3761 quodin

1863 3800 1922 3844 se
1946 3801 2053 3842 non
2081 3785 2303 3850 habent,
2331 3784 2535 3843 habent
2557 3784 2612 3839 in
2638 3785 2764 3851 illis,
2781 3784 2988 3855 justum
3024 3784 3443 3842 esteutin'tem-

1864 3879 2142 3952 paratibus
2163 3877 2441 3935 beneﬁciis
2462 3878 2547 3934 eis
2567 3878 2909 3934 subveniant.
3314 3926 3319 3927 ,
3342 3920 3347 3927 κ
3385 3877 3389 3895 ‘

1941 3990 2057 4046 Hoc
2077 3991 2239 4061 igitur
2257 4004 2394 4063 opus
2414 3988 2831 4046 ministrationis
2853 4005 2970 4044 cum
2992 3984 3444 4054 consummacero,

1867 4084 1922 4140 id
1945 4092 2032 4139 est
2056 4098 2178 4140 cum
2202 4081 2480 4154 perfecero
2497 4091 2549 4137 et
2573 4084 2904 4154 assignavero
2928 4081 3000 4137 eis
3022 4080 3252 4151 fructum
3279 4074 3440 4146 hunc,

1869 4174 2211 4231 collationem
2251 4173 2500 4230 videlicet
2530 4188 2816 4230 munerum
2838 4215 2854 4241 ,
2884 4187 3049 4243 quam
3094 4172 3175 4230 eis
3225 4164 3450 4228 mittunt

1868 4275 1966 4339 per
1990 4283 2076 4324 me
2098 4267 2300 4333 ﬁdeles,
2321 4266 2627 4339 proﬁciscar
2646 4280 2738 4338 per
2762 4283 2849 4322 vos
2871 4264 2925 4320 in
2947 4263 3283 4338 Hispaniam.
3302 4253 3449 4321 coit.

1870 4374 2001 4432 grue
2023 4367 2200 4414 autem
2231 4358 2361 4414 dicit
2386 4356 2651 4428 proﬁcisci
2673 4372 2771 4430 per
2793 4357 3017 4415 Romam
3035 4355 3088 4413 in
3110 4347 3449 4429 Hispaniam,

1871 4452 1999 4523 quia
2034 4450 2290 4507 euntibus
2329 4451 2396 4507 de
2439 4451 2642 4507 Achaia
2688 4451 2745 4506 in
2792 4451 3130 4523 Hispaniam,
3171 4451 3227 4507 in
3265 4440 3449 4506 medio

1874 4543 2066 4598 itinere
2092 4541 2261 4597 Roma
2291 4540 2538 4597 habetur.
3394 4532 3401 4539 ’
3427 4562 3431 4566 >

1943 4654 2062 4715 Scio
2087 4665 2263 4712 autem
2286 4657 2533 4728 quoniam
2568 4656 2775 4711 veniens
2807 4655 2876 4710 ad
2904 4672 3012 4722 eos,
3037 4656 3090 4709 in
3119 4636 3445 4723 abundantia

1869 4747 2239 4805 benedictionis
2256 4746 2528 4821 Evangelii
2542 4743 2739 4803 Christi
2755 4749 2978 4803 veniam.
2997 4746 3201 4819 Spiritu
3222 4745 3455 4819 prophe-

1871 4840 1978 4897 tico
2002 4837 2235 4903 amatus,
2269 4836 2397 4892 talia
2429 4853 2552 4893 cum
2591 4838 2881 4893 securitate
2907 4835 3138 4894 dicebat.
3169 4833 3324 4905 Quod
3358 4849 3455 4889 au-

1870 4938 1981 4985 tem
2029 4929 2191 4997 dicit,
2245 4928 2299 4984 in
2347 4927 2677 4983 abundantia
2732 4927 3127 4984 benedictionis
3176 4922 3454 5005 Evangelii

1867 5021 2076 5079 Christi
2105 5022 2340 5087 veniam,
2372 5019 2477 5076 tale
2498 5029 2602 5087 est,
2624 5021 2784 5093 quale
2804 5030 2861 5077 et
2883 5020 3015 5077 illud
3043 5018 3187 5093 quod
3213 5018 3455 5085 inexor-

1877 5112 1965 5169 dio
1986 5110 2145 5182 hujus
2170 5108 2422 5182 Epistolze
2449 5110 2586 5166 dixit
2614 5127 2628 5164 :
2659 5108 2934 5178 Desidere,
2967 5109 3255 5183 inquiens,
3272 5106 3458 5180 venire

1879 5204 1944 5261 ad
1968 5220 2075 5270 vos,
2097 5211 2153 5257 ut
2174 5202 2375 5275 aliquid
2403 5203 2587 5274 gratia?
2610 5200 2862 5273 spiritalis
2898 5201 3176 5273 impartiar
3203 5197 3360 5273 vobis,
3382 5199 3457 5255 ad

1878 5294 2263 5366 conﬁrmandos
2288 5310 2375 5349 vos
2401 5292 2578 5365 (Rom.
2604 5293 2667 5365 ι).
2692 5293 2750 5350 ln
2772 5292 3103 5349 abundantia
3130 5290 3459 5364 benedictio-

1880 5389 1965 5445 nis
1992 5384 2265 5456 Evangelii
2293 5386 2505 5441 veniam
2520 5382 2540 5452 ’,
2576 5385 2628 5441 id
2677 5394 2761 5442 est
2805 5382 3140 5458 plenitudine
3173 5379 3455 5455 virtutum,

1881 5488 1941 5535 ut
1985 5493 2104 5534 mea
2147 5476 2529 5557 prtedicatione
2569 5472 2932 5554 quodpminus
2973 5474 3205 5545 habetis,
3222 5470 3455 5557 inﬁde,

1879 5567 2192 5641 percipiatis
2237 5584 2309 5645 ex,
2341 5554 2541 5625 virtute
2571 5568 2977 5633 miraculorum,
2997 5570 3127 5646 qum
3155 5564 3335 5644 apud
3363 5554 3457 5645 viis

1881 5659 2171 5731 operabor,
2197 5646 2530 5737 l'QbOI'cllllttl
2584 5659 2637 5715 in
2687 5658 2878 5741 eadem
2921 5657 3057 5739 ﬁde,
3092 5656 3461 5738 ultimajor'em

1883 5752 2112 5824 gratiam
2148 5748 2359 5807 Christi
2386 5751 2441 5805 in
2480 5762 2601 5833 meo
2650 5748 2883 5832 adventu
2928 5750 3227 5833 percipiat-ef
3253 5762 3461 5833 merea-

1855 5823 2039 5897 “mini.
2070 5834 2160 5897 Sic
2198 5830 2409 5896 ctenim
2452 5827 2575 5929 fecit
2595 5877 2611 5909 φ
2638 5828 2787 5912 ἀμίδ’
2807 5826 3027 5897 veniens
3050 5823 3465 5912 quodt’ilh'sile-
