3936 6452
517 347 622 411 5.05

981 323 1338 445 uitrubius
1377 348 1858 407 HALBERSTAT.
1900 349 2117 407 EPISC.
2158 351 2308 409 ore.
2350 352 2529 407 esas
2565 352 2605 406 ι.
2646 382 2715 392 -
2750 353 3107 410 conamur.
3148 353 3318 412 MDL.

3684 361 3780 420 ωδ

498 436 637 515 erat
662 461 715 515 in
745 461 867 527 ﬁde,
899 461 950 516 in
978 436 1262 527 charitate,
1291 469 1347 517 et
1370 461 1421 515 in
1449 446 1844 516 caeteris'rebus
1872 461 2091 532 spirita-
2121 467 2168 525 Α
2199 478 2306 535 quo
2352 464 2589 535 negotio,
2620 464 2735 522 sive
2778 481 2845 521 ex
2892 469 3244 539 oppressione
3293 469 3552 537 aliorum,
3578 488 3693 529 sive
3717 492 3776 531 ex

516 554 676 621 libus,
710 571 807 610 suo
835 555 1063 610 adventu
1095 556 1381 628 supplevit.

587 647 812 702 Obsecro
839 664 958 718 ergo
989 665 1094 714 vos,
1129 648 1319 717 fratres
1359 647 1621 718 Romani,
1680 668 1774 722 per
1806 650 2090 706 Dominum

512 739 713 807 Iesum,
735 750 784 794 et
804 721 896 812 per
921 742 1229 796 charitatem
1254 742 1483 815 Spiritus
1505 721 1696 826 sancti
1724 761 1822 817 per
1846 746 2089 805 dilectio-

512 850 634 889 nem
663 850 825 905 quam
854 834 1062 903 debetis
1093 835 1296 892 habere
1325 852 1452 908 erga
1480 836 1651 894 Deum
1681 848 1736 894 et
1761 839 2087 910 proximum,

510 940 629 994 quae
647 914 746 996 per
774 910 1036 996 spiritum
1062 935 1311 984 sanctum
1340 927 1518 993 datur,
1560 930 1826 997 ﬁdelibus,
1848 942 1903 985 ut
1927 931 2090 1003 adju-

508 1016 634 1070 vclis
658 1004 756 1072 ‘me
798 1007 854 1072 in
880 1017 1205 1074 orationibus
1229 1022 1408 1075 vestris
1430 1022 1499 1076 ad
1521 1021 1710 1090 Deum,
1740 1022 1794 1078 id
1826 1032 1911 1079 est
1948 1025 2090 1101 apud

508 1105 698 1174 Deum,
725 1118 781 1163 ut
805 1109 994 1165 liberer
1015 1110 1079 1165 ab
1120 1111 1439 1181 inﬁdelibus,
1463 1114 1553 1185 qui
1572 1123 1693 1170 sunt
1725 1116 1779 1170 in
1799 1114 2014 1183 Judaza,
2041 1127 2089 1171 et

507 1198 739 1270 obsequii
776 1200 895 1265 mei,
928 1199 981 1257 id
1011 1210 1097 1258 est
1126 1202 1413 1269 ministerii
1459 1204 1540 1260 vel
1568 1206 1888 1264 obedientiae
1931 1224 2086 1275 mete,

506 1290 702 1345 oblatio
733 1302 945 1363 accepta
977 1295 1072 1363 ﬁat
1105 1295 1160 1349 in
1201 1294 1498 1351 Jerusalem
1536 1299 1751 1364 sanctis,
1775 1309 1829 1353 ut
1884 1302 2087 1355 veniam

506 1383 577 1438 ad
598 1401 684 1439 vos
709 1386 765 1440 in
790 1387 984 1457 gaudio
1007 1404 1100 1458 per
1120 1387 1434 1444 voluntatem
1468 1388 1582 1454 Dei,
1614 1399 1662 1444 et
1698 1391 1973 1464 τείν-ἰαίνει·
1998 1410 2088 1447 vo-

508 1474 728 1528 biscum.
764 1475 858 1530 Ille
886 1478 1078 1546 quaerit
1112 1476 1445 1549 refrigerari,
1476 1480 1567 1551 qui
1593 1480 1773 1537 calore
1807 1480 1936 1537 solis
1971 1483 2084 1538 uri-

506 1573 618 1631 tur,
648 1566 729 1619 veI
764 1568 857 1638 qui
884 1569 1172 1639 pugnando
1205 1579 1261 1626 et
1291 1570 1546 1626 luctando
1574 1571 1752 1628 caleﬁt
1782 1581 1943 1644 atque
1978 1573 2084 1629 las-

505 1665 679 1712 satur.
704 1658 772 1712 Et
798 1658 989 1715 beatus
1025 1660 1312 1732 Apostolus
1349 1661 1562 1718 fortiter
1597 1663 1870 1736 pugnabat
1897 1674 2083 1720 contra

503 1748 874 1819 philosophos,
904 1759 1089 1807 contra
1121 1751 1354 1822 Iudaeos,
1384 1764 1569 1811 contra
1600 1756 1907 1823 haereticos,
1933 1758 2081 1814 ideo-

2197 554 2526 626 prazdiorum
2552 556 2637 613 vel
2669 556 3063 630 mancipiorum
3109 570 3348 628 ratione,
3389 562 3627 619 Romam
3665 582 3779 621 eou-

2200 644 2476 713 currehat,
2510 647 2601 703 ubi
2631 656 2751 703 erat
2783 648 3095 720 imperator,
3120 660 3176 706 et
3213 647 3431 721 j'udices
3473 671 3777 711 causarum.

2198 738 2379 796 Potuit
2407 757 2537 813 ergo
2566 743 2685 799 ﬁeri
2724 753 2782 799 ut
2816 743 3025 802 Phtehe'
3059 754 3308 803 matrona
3354 750 3425 805 ob
3472 747 3777 821 huiusmodi

2196 845 2417 887 causam
2444 842 2573 890 tunc
2599 833 2877 890 deveniret
2920 834 3181 904 Romam;
3216 848 3556 912 quapropter
3592 857 3777 911 prater-

2196 924 2273 994 pit
2299 924 2497 981 Paulus
2535 927 2903 992 credentibus,
2931 938 2993 983 ut
3023 931 3076 985 ei
3107 931 3159 984 in
3198 931 3610 1004 omniuegotio
3646 933 3777 988 auxi-

2198 1014 2326 1071 lium
2357 1015 2582 1084 ferrent,
2610 1017 2724 1073 sive
2764 1019 2818 1073 in
2860 1021 3115 1083 vestibus,
3146 1022 3259 1076 sive
3291 1021 3346 1075 in
3377 1022 3553 1086 victu.
3589 1022 3675 1077 vel
3696 1024 3777 1097 ali-

2193 1125 2302 1181 quo
2354 1109 2593 1167 subsidio
2642 1111 2945 1183 temporali.
2991 1111 3296 1183 Redditque
3342 1129 3577 1168 causam
3628 1131 3778 1185 quare

2197 1200 2323 1254 talia
2366 1201 2664 1273 prtecipiat.
2714 1201 2923 1257 Etenim
2966 1204 3080 1273 ipsa
3120 1221 3324 1275 quoque
3359 1205 3569 1269 astitit,
3614 1205 3666 1259 id
3706 1216 3777 1261 est

2194 1288 2522 1346 ministravit
2561 1298 2725 1362 atque
2769 1291 3025 1348 auxilium
3056 1294 3283 1364 praebuit
3323 1294 3535 1360 multis,
3569 1304 3625 1350 et
3667 1298 3774 1350 mihi

2192 1380 2313 1452 ipsi.

2265 1468 2505 1528 Salutate
2547 1471 2789 1528 Priscum
2840 1483 2887 1529 et
2930 1472 3172 1544 Aquilam
3229 1475 3509 1546 adjutores
3564 1481 3773 1533 meosin

2192 1559 2397 1616 Christo
2426 1563 2577 1630 Jesu,
2618 1564 2672 1619 in
2711 1561 3094 1635 pmdicatione
3125 1565 3376 1623 videlicet
3408 1577 3467 1623 et
3498 1568 3641 1623 aliis
3665 1586 3773 1641 ope-

2191 1653 2363 1719 ribus,
2397 1656 2487 1725 qui
2522 1672 2617 1725 pro
2666 1656 2844 1709 anima
2888 1674 3026 1720 mea,
3068 1657 3119 1713 id
3155 1666 3239 1713 est
3276 1675 3375 1729 pro
3411 1659 3530 1714 vita
3578 1676 3700 1716 mea
3728 1670 3775 1715 ut

2193 1742 2341 1797 illam
2391 1756 2698 1812 servarent,
2740 1764 2864 1800 suas
2911 1748 3133 1802 cervices
3174 1761 3619 1821 supposuerunt,
3660 1753 3775 1824 peri-

502 1852 609 1907 que
636 1839 979 1896 desiderabat
1007 1843 1074 1897 ad
1100 1852 1310 1915 tempus
1348 1853 1459 1899 tam
1500 1861 1725 1917 corpore
1764 1863 1924 1919 quam
1970 1849 2068 1918 spi-

2190 1833 2372 1891 culose
2397 1844 2749 1907 opponentes.
2788 1837 2971 1893 Prisca
3017 1838 3131 1909 ipsa
3158 1850 3244 1896 est
3275 1857 3397 1911 quae
3443 1852 3503 1898 et
3538 1843 3773 1900 Priscilla

503 1930 610 1983 ritu
643 1920 1003 2001 requiescere.
1051 1933 1207 1990 Unde
1238 1935 1352 2006 ipse
1394 1938 1525 1993 dicit
1562 1940 1795 2010 quodam
1835 1940 1989 1997 loco:
2022 1942 2080 1997 Si

498 2019 569 2072 ad
599 2020 788 2076 bestias
825 2026 1051 2095 pugnavi
1074 2024 1267 2095 Ephesi
1291 2027 1342 2099 (I
1369 2026 1491 2084 Cor.
1522 2029 1631 2101 xv).
1661 2030 1868 2087 Bestius
1894 2033 2078 2103 appel-

497 2108 577 2164 lat
599 2111 949 2183 philosophos
977 2125 1032 2171 et
1075 2117 1377 2175 hzereticos.
1411 2119 1537 2175 Ideo
1573 2131 1754 2177 autem
1794 2126 2079 2190 exorabat,

2184 1927 2565 1999 appellaturin
2609 1930 2835 1986 Actibus
2880 1932 3273 2003 apostolorum,
3311 1944 3367 1990 et
3415 1946 3550 1991 erat
3606 1935 3773 1992 Judau

2183 2034 2402 2091 genere,
2438 2035 2574 2076 uxor
2620 2021 2827 2091 Aquilae
2877 2022 3071 2090 Judzei,
3106 2024 3198 2096 qui
3232 2025 3476 2095 quodam
3509 2036 3770 2099 tempore.

2182 2112 2306 2165 dum
2332 2108 2500 2167 Iudaei
2521 2112 2718 2169 vellent
2742 2114 3059 2186 Apostolum
3089 2116 3396 2174 interﬁcere
3413 2119 3572 2189 apud
3598 2119 3771 2175 Corin-

496 2212 561 2257 ut
581 2203 808 2263 Romani
836 2208 950 2264 suis
972 2210 1309 2267 orationibus
1331 2213 1379 2268 ei
1405 2213 1754 2270 subvenirent
1778 2216 1907 2287 quia
1931 2217 2068 2273 time

2182 2201 2353 2268 thum,
2386 2202 2473 2257 isti
2505 2218 2564 2258 se
2593 2203 2644 2257 in
2683 2204 2860 2259 medio
2894 2216 3265 2276 opposuerunt
3301 2217 3358 2263 et
3390 2208 3772 2265 liberaveram

498 2291 596 2348 bat
631 2298 1033 2366 comprehendi,
1082 2300 1208 2356 dum
1246 2301 1457 2357 veniret
1499 2303 1923 2378 Hierosolymam
1946 2348 1962 2374 ,
2008 2307 2079 2363 ab

497 2385 803 2444 inﬁdelibus
820 2387 1039 2456 Iudaeis,
1064 2399 1119 2447 et
1148 2394 1350 2449 retrudi
1379 2395 1432 2450 iu
1458 2410 1751 2463 carcerem,
1776 2398 1861 2455 vel
1881 2400 2076 2466 occidi,

493 2489 550 2532 et
575 2493 683 2532 non
709 2488 892 2551 posset
912 2497 1085 2553 neque
1114 2486 1317 2540 sanctis
1344 2487 1559 2543 deferre
1593 2505 1818 2546 munera
1847 2499 1903 2547 et
1927 2492 2077 2547 obla-

494 2562 694 2641 tionem
751 2585 926 2635 suam,
970 2587 1149 2644 neque
1187 2578 1530 2645 postmodum
1579 2579 1768 2634 venire
1821 2579 2073 2649 Romam,

489 2660 635 2717 sicut
678 2662 733 2717 in
778 2664 1050 2720 desiderio
1097 2665 1348 2723 habebat.
1380 2667 1517 2725 Hinc
1562 2670 1834 2726 decutitur
1861 2674 2076 2744 pontiﬁ-

492 2767 615 2807 cum
645 2755 897 2825 superbia
927 2766 983 2812 et
1008 2757 1353 2826 prmlatorum
1383 2768 1544 2831 atque
1568 2762 1870 2833 principum
1900 2772 1954 2819 et
1981 2779 2075 2835 po-

489 2845 717 2899 tentium
748 2847 911 2919 hujus
941 2848 1144 2916 saeculi,
1174 2838 1269 2919 qui
1300 2851 1662 2925 dedignantur
1688 2870 1918 2911 exorare
1943 2860 2070 2912 sub-

484 2935 657 3005 jectos
690 2932 862 3004 suos,
910 2949 1175 3009 quatenus
1206 2956 1306 3011 pro
1339 2943 1421 2998 eis
1454 2959 1646 3016 preces
1693 2945 2074 3017 orationesque

491 3027 740 3085 fundant.
773 3030 830 3086 Si
861 3033 1006 3087 enim
1047 3034 1135 3090 ille
1172 3035 1266 3106 qui
1311 3044 1367 3091 et
1414 3037 1688 3107 apostolus
1734 3046 1790 3093 et
1828 3038 2069 3110 pontifex

489 3131 608 3177 erat
634 3114 874 3179 omnium
903 3126 1162 3197 gentium,
1187 3129 1444 3201 omnique
1465 3130 1635 3201 gratia
1665 3130 1865 3202 Spiritu
1896 3132 2069 3188 sancti

489 3214 747 3286 repletus,
778 3232 884 3272 non
915 3226 999 3274 est
1026 3217 1346 3291 dedignatus
1391 3221 1651 3276 auxilium
1701 3220 2064 3291 subjectorum

486 3310 759 3383 expetere;
789 3308 844 3364 in
879 3309 1238 3377 orationibus,
1259 3320 1463 3382 quanto
1486 3314 1656 3385 magis
1684 3314 1774 3369 isti
1801 3315 1894 3385 qui
1920 3316 2065 3386 pleni

485 3408 616 3455 sunt
641 3400 960 3471 rapacitate,
987 3402 1262 3471 superbia,
1285 3403 1541 3474 omnique
1568 3404 1780 3461 nefario
1805 3413 1927 3461 actu
1957 3422 2063 3463 non

483 3490 686 3546 debent
713 3491 1025 3563 dedignari?
1052 3492 1239 3565 Itaque
1283 3493 1577 3561 imitandus
1599 3503 1686 3552 est
1707 3497 1961 3554 omnibus
1989 3499 2065 3554 vi-

484 3582 658 3655 ribus.
1010 3570 1017 3579 ’

553 3672 696 3747 Deus
727 3684 903 3730 autem
940 3677 1087 3746 pacis
1124 3676 1192 3749 sit
1225 3695 1343 3733 cum
1383 3679 1623 3735 omnibus
1662 3680 1820 3736 vobis.
1873 3682 2057 3737 Amen.

482 3764 627 3823 Deus
652 3766 815 3837 pacis
843 3767 1161 3841 intelligitur
1187 3778 1372 3827 sancta
1408 3771 1664 3839 Trinitas,
1695 3772 1850 3843 cujus
1891 3775 2057 3831 mise-

482 3857 717 3915 ricordia
743 3862 1150 3919 reconciliatum
1171 3873 1255 3920 est
1280 3878 1452 3937 genus
1479 3865 1799 3933 humanum,
1821 3877 1878 3923 et
1905 3869 2059 3939 cujus

479 3953 640 4019 dnuo,
677 3969 780 4027 pax
818 3963 871 4011 et
910 3957 1198 4014 concordia
1227 3958 1386 4014 datur
1431 3959 1644 4015 cunctis
1689 3958 1959 4017 ﬁdelibus.
1992 3962 2060 4016 Et

477 4046 609 4102 satis
647 4047 873 4118 pulchre
923 4048 979 4103 in
1036 4063 1169 4121 pace
1222 4048 1434 4116 ﬁnivit,
1483 4050 1691 4107 duobus
1737 4053 1950 4123 populis
2001 4055 2055 4125 in

476 4136 823 4196 concordiam
872 4141 1152 4205 revocatis,
1189 4142 1484 4198 ostendens
1522 4142 1648 4213 quia
1694 4157 1800 4197 non
1852 4144 1954 4198 nisi
2002 4143 2055 4200 in

474 4230 719 4300 paciﬁcis
758 4230 899 4285 Deus
925 4232 1072 4308 pacis
1104 4229 1216 4304 (qui
1255 4246 1442 4302 pacem
1478 4232 1721 4305 prtestat)
1748 4235 1923 4306 possit
1953 4235 2053 4309 ha-

473 4321 670 4376 hilare.

1064 4452 1291 4510 CAPUT
1331 4453 1466 4508 XVI.

545 4583 861 4640 Commendo
901 4596 1074 4642 autem
1114 4588 1253 4645 vobis
1278 4587 1501 4645 Phteben
1521 4607 1752 4648 sororem
1796 4605 2047 4660 nostram,
2074 4559 2129 4620 Β

472 4693 579 4733 non
612 4692 799 4745 carne,
825 4680 919 4734 sed
952 4695 1290 4736 communem
1324 4682 1377 4737 in
1410 4681 1534 4749 ﬁde,
1556 4700 1672 4755 qua:
1698 4693 1772 4738 est
1804 4684 1857 4738 in
1902 4686 2054 4739 mini-

470 4770 627 4824 sterio
648 4767 917 4839 Ecclesia,
945 4786 1062 4843 qua:
1084 4781 1159 4827 est
1194 4772 1246 4826 in
1274 4769 1543 4838 Cenchris,
1571 4783 1626 4828 ut
1648 4791 1762 4828 eam
1786 4775 2046 4845 suscipia-

470 4862 537 4915 tis
574 4862 627 4915 in
670 4859 893 4917 Domino
922 4863 1078 4935 digne
1102 4866 1320 4933 sanctis,
1349 4866 1450 4924 hoc
1478 4864 1584 4935 est,
1621 4870 1759 4927 sicut
1796 4875 2048 4931 convenit

468 4954 690 5019 salictis,
718 4952 850 5021 sive,
882 4965 941 5011 ut
961 4956 1177 5025 quidam
1204 4957 1421 5013 codices
1444 4958 1669 5027 habent,
1697 4962 1859 5034 digne
1888 4965 2043 5034 satis,

466 5043 519 5097 id
542 5054 623 5100 est
652 5044 863 5103 abunde
892 5055 949 5104 et
968 5047 1231 5114 humane;
1263 5058 1312 5104 et
1333 5050 1593 5105 assistatis
1612 5051 1677 5119 ei,
1701 5053 1752 5107 id
1774 5062 1857 5110 est
1885 5056 2040 5111 auxi-

464 5133 691 5200 liamini,
715 5146 771 5192 et
796 5137 1094 5193 subsidium
1124 5138 1381 5210 prasbete,
1400 5140 1453 5194 in
1479 5157 1787 5213 quocunque
1817 5146 2037 5215 negotio,

462 5227 576 5283 sive
597 5244 783 5297 causa,
806 5231 1086 5303 indiguerit
1114 5233 1288 5298 vestri,
1317 5232 1523 5289 auxilii.
1554 5232 1813 5291 Cenchrae
1855 5246 2042 5307 portus

459 5330 545 5379 est
583 5322 862 5389 Corinthi,
894 5323 984 5380 ubi
1028 5333 1147 5379 erat
1183 5324 1419 5381 Ecclesia
1466 5326 1725 5391 ﬁdelium,
1753 5326 1839 5381 cui
1890 5329 2041 5383 minis

457 5418 666 5473 strahat
691 5415 895 5474 Phuabe
929 5417 1265 5474 nobilissima
1303 5428 1549 5474 matrona
1572 5418 1771 5475 victum
1799 5427 1854 5475 et
1880 5421 2039 5476 vesti-

458 5518 697 5565 mentum
722 5550 737 5575 ,
779 5517 963 5581 utpote
1012 5509 1323 5566 ﬁdelissima
1366 5510 1420 5564 in
1471 5506 1574 5565 ﬁde
1613 5508 1837 5565 Christi.
1897 5508 2038 5580 Ergo

2178 2304 2323 2344 eum.
2356 2289 2509 2347 Unde
2538 2300 2593 2348 et
2628 2294 2809 2349 subdit
2836 2308 2851 2348 :
2887 2294 3077 2366 quibus
3114 2313 3217 2351 non
3248 2297 3392 2353 solus
3423 2316 3527 2370 ego
3588 2300 3770 2357 Paulus

2178 2386 2372 2454 gratias
2420 2402 2539 2457 ago,
2580 2401 2679 2455 pro
2722 2387 2823 2444 hoc
2863 2386 3030 2455 iacto,
3073 2390 3166 2444 sed
3192 2400 3241 2445 et
3284 2401 3498 2447 cuncta:
3524 2392 3769 2448 Ecclesia

2175 2476 2425 2546 gentium,
2453 2476 2651 2547 quibus
2679 2493 2811 2549 ergo
2854 2497 3113 2552 przesum,
3152 2482 3278 2553 quia
3300 2498 3399 2553 per
3432 2500 3627 2539 meam
3656 2502 3768 2556 pre

2175 2566 2506 2623 dicationem
2548 2570 2616 2624 ad
2655 2568 2818 2626 ﬁdem
2853 2581 3137 2628 venerunt.
3174 2572 3279 2629 Iste
3303 2584 3387 2630 est
3416 2590 3562 2647 ergo
3590 2577 3767 2647 Aquila

2174 2667 2230 2714 et
2274 2659 2521 2715 Priscilla
2559 2677 2695 2716 uxor
2746 2662 2861 2732 ejus
2898 2663 3038 2736 apud
3069 2681 3206 2736 quos
3258 2666 3522 2721 manebat
3578 2668 3766 2723 Paulus

2175 2752 2421 2809 Corinthi
2454 2757 2682 2826 positus,
2725 2758 2850 2827 quia
2894 2756 3134 2828 ejusdem
3165 2760 3301 2815 artis
3341 2759 3523 2817 labori
3556 2762 3766 2819 insiste-

2173 2845 2325 2910 bant,
2373 2847 2458 2901 cui
2490 2856 2544 2902 et
2599 2846 2797 2905 Paulus
2821 2857 3105 2905 structura:
3148 2851 3396 2907 videlicet
3441 2854 3765 2911 tabernacu-

2174 2936 2369 3003 lorum,
2404 2953 2524 3009 quze
2551 2948 2607 2994 et
2642 2941 3035 2997 scenol'aetoria
3063 2958 3151 2998 ars
3175 2942 3507 3015 appellatur.
3544 2945 3769 3003 Sutotes

2172 3029 2371 3084 ctenim
2390 3039 2570 3096 erant,
2602 3040 2656 3086 et
2684 3032 2911 3089 suebant
2936 3049 3002 3089 ex
3028 3035 3257 3105 pellibus
3288 3038 3403 3094 sive
3427 3037 3764 3095 linteamini-

2173 3120 2283 3174 bus
2330 3121 2691 3179 tabernacula
2720 3134 2775 3179 et
2816 3128 3135 3198 papiliones,
3182 3129 3235 3184 in
3277 3129 3479 3200 quibus
3521 3133 3764 3188 maxime

2173 3208 2429 3267 Saraceni
2476 3213 2759 3283 habitant,
2807 3218 3217 3292 vendebautque
3265 3237 3329 3277 ea
3387 3238 3516 3293 quas
3571 3240 3761 3296 opera-

2168 3302 2388 3370 hantur,
2422 3304 2654 3375 indeque
2687 3308 2958 3363 vivebant.
2990 3310 3066 3366 De
3101 3311 3185 3367 his
3208 3327 3339 3384 ergo
3368 3312 3445 3368 ita
3471 3313 3688 3388 legitur
3714 3319 3760 3371 in

2168 3394 2392 3451 Actibus
2432 3398 2842 3467 apostolorum:
2881 3400 3003 3457 Post
3053 3404 3166 3459 lucc
3196 3415 3377 3461 autem
3418 3408 3763 3466 descendens

2166 3485 2366 3541 Paulus
2395 3488 2458 3542 ab
2495 3488 2731 3557 Athenis,
2774 3493 2907 3547 venit
2953 3490 3262 3549 Corinthum
3306 3495 3449 3567 (Act.
3487 3500 3681 3566 ιιι-ιιι),
3711 3512 3761 3554 et

2167 3580 2385 3636 invento
2413 3582 2483 3637 ibi
2515 3583 2747 3653 quodam
2790 3582 2996 3651 Iudaeo,
3031 3588 3254 3643 nomine
3284 3589 3501 3661 Aquila,
3524 3590 3761 3649 Pontice

2164 3686 2379 3741 genere,
2437 3674 2527 3743 qui
2579 3688 2751 3745 nuper
2798 3687 3017 3731 venerat
3068 3677 3136 3733 ab
3181 3679 3352 3744 Italia,
3398 3691 3457 3734 et
3506 3680 3755 3740 Priscilla

2163 3780 2330 3821 uxore
2365 3764 2503 3836 ejus,
2532 3781 2597 3822 eo
2624 3766 2766 3837 quod
2794 3770 3135 3839 praecepisset
3164 3769 3418 3827 Claudius
3454 3773 3759 3844 imperator

2162 3857 2441 3914 discedere
2467 3872 2655 3914 omnes
2676 3857 2888 3915 Judteos
2914 3860 2981 3915 ab
3009 3861 3143 3917 urbe
3170 3860 3363 3927 Roma,
3387 3880 3461 3919 eo
3482 3868 3640 3939 quod
3672 3885 3751 3923 se—

2160 3950 2339 4006 ditiosi
2387 3961 2602 4016 essent,
2661 3951 2893 4009 adhtesit
2934 3955 3050 4020 eis,
3094 3964 3149 4011 et
3180 3957 3304 4027 quia
3343 3956 3592 4027 ejusdem
3624 3966 3755 4018 artis

2158 4051 2335 4106 erant,
2385 4043 2676 4098 manebant
2727 4043 2780 4099 in
2821 4062 3009 4112 unum,
3046 4059 3103 4102 et
3146 4049 3518 4119 operabanlur
3564 4055 3747 4109 simul.

2160 4134 2328 4188 Erant
2365 4134 2509 4189 enim
2555 4136 2793 4193 artiﬁces
2836 4140 3334 4207 tabernaculorum,
3374 4154 3434 4199 ut
3485 4146 3747 4213 diximus,

2159 4225 2211 4279 id
2241 4234 2326 4281 est
2366 4235 2578 4282 sutores
2618 4240 3002 4298 componentes
3033 4232 3378 4289 tabernacula
3410 4251 3480 4292 ex
3512 4239 3749 4309 pellibus

2156 4333 2248 4371 seu
2278 4316 2504 4372 cortinis
2543 4316 2743 4374 linteis.
2774 4318 2879 4375 Sed
2918 4324 3145 4392 qumstio
3169 4325 3259 4381 hic
3289 4327 3486 4383 oritur.
3518 4330 3666 4387 Cum
3697 4336 3745 4388 iu

2156 4409 2378 4466 Actibus
2426 4410 2788 4483 apostolorum
2836 4415 3048 4472 dicatur
3089 4418 3231 4474 sicut
3280 4419 3447 4477 Paulo
3483 4430 3745 4496 superius

2154 4510 2430 4556 ostensum
2461 4510 2564 4570 est,
2604 4505 2747 4574 quod
2777 4509 2915 4576 apud
2945 4508 3267 4567 Corinthum
3301 4515 3462 4571 simul
3495 4506 3741 4591 hospita-

2156 4591 2350 4645 bantur
2379 4589 2597 4659 Paulus,
2642 4591 2833 4665 Aquila
2880 4608 2935 4652 et
2962 4597 3171 4667 Prisca,
3199 4618 3367 4679 quare
3394 4606 3448 4660 in
3482 4589 3741 4679 hac—Epi-

2154 4684 2287 4739 stola
2338 4701 2366 4739 a
2415 4684 2678 4742 Corintho
2728 4686 2809 4743 eis
2851 4690 3016 4745 verba
3067 4676 3385 4748 salutatoria
3433 4676 3737 4763 scribebat,

2151 4773 2303 4844 quasi
2358 4775 2542 4831 Romze
2592 4776 2911 4848 degentibus
2940 4779 2965 4831 ?
3015 4781 3145 4847 Quae
3178 4780 3250 4835 ita
3298 4781 3550 4849 solvitur,
3595 4790 3737 4858 quod

2150 4867 2318 4936 pulsis
2372 4866 2572 4923 Judaeis
2632 4884 2696 4923 ex
2761 4870 2895 4925 urbe
2945 4886 3040 4942 per
3093 4860 3421 4944 praeceptum
3478 4877 3733 4941 Claudii,

2146 4959 2465 5017 Corinthum
2528 4962 2614 5017 isti
2672 4963 2778 5017 duo
2826 4966 3116 5031 venerint,
3166 4984 3464 5039 rursusque
3519 4974 3733 5028 reddita

2145 5053 2393 5109 libertate
2444 5053 2699 5110 redeundi
2746 5055 2798 5110 in
2850 5068 3025 5113 morte
3071 5058 3322 5125 Caesaris,
3368 5066 3580 5118 reversi
3614 5080 3733 5120 sum

2145 5144 2396 5210 nontam,
2441 5144 2531 5199 ubi
2582 5161 2676 5200 eos
2721 5146 3008 5216 Apostolus
3065 5166 3209 5204 nunc
3251 5151 3475 5206 salutat.
3528 5153 3731 5210 llomm

2144 5236 2304 5293 etiam
2349 5237 2674 5293 domesticos
2737 5247 2791 5292 et
2835 5239 3151 5295 vernaculos
3196 5242 3433 5308 salutat.,
3490 5260 3636 5315 quos
3682 5259 3730 5301 et

2143 5326 2436 5383 Ecclesiam
2478 5328 2731 5399 appellat,
2784 5330 2972 5385 dicens
3014 5348 3025 5384 :
3059 5329 3124 5385 Et
3168 5332 3512 5388 domesticam
3547 5353 3730 5390 eorum

2140 5418 2431 5486 ecclesiam,
2464 5420 2721 5476 subaudis
2751 5420 2943 5477 saluto.

2208 5509 2449 5566 Salutate
2464 5511 2801 5582 Eplm’netum
2816 5510 3061 5568 dilectum
3077 5516 3203 5569 mihi
3214 5519 3329 5588 {qui
3340 5527 3413 5571 est
3423 5520 3727 5587 primitivis

457 5608 585 5656 tunc
632 5602 917 5672 temporis,
958 5599 1175 5672 quando
1225 5588 1514 5670 Apostolus
1563 5600 1721 5656 istam
1763 5600 2035 5656 scribebat
2137 5598 2387 5655 Ecclesia:
2413 5598 2569 5655 Asiae.
2602 5599 2698 5655 Hic
2723 5598 3047 5671 Ephmnetus
3072 5604 3286 5658 videtur
3312 5606 3523 5675 primus
3545 5610 3723 5663 credi-

456 5689 770 5763 Epistolam,
799 5688 1027 5745 Romani
1053 5691 1302 5745 omnibus
1329 5690 1576 5769 geulihus
1608 5691 2032 5761 imperabant,et
2134 5689 2277 5747 disse
2297 5704 2363 5745 ex
2394 5688 2541 5756 Asia,
2568 5691 2709 5746 unde
2731 5699 2785 5745 et
2810 5691 3143 5762 primitivum
3176 5694 3317 5748 Asi;c
3346 5695 3495 5750 illum
3520 5708 3683 5753 vocat
3710 5742 3713 5745 .

453 5785 495 5839 si
524 5785 648 5843 .ttuis
675 5784 933 5841 nobilium
966 5785 1289 5853 pt‘.et'ipttattt
1324 5782 1549 5840 habebat
1583 5801 1799 5838 numam
1824 5801 1885 5837 ev
1927 5783 2025 5838 alio

2133 5784 2242 5839 sive
2276 5785 2397 5855 quia
2449 5786 2653 5856 primus
2697 5776 2935 5839 omnium
2973 5786 3218 5851 credidit,
3252 5803 3345 5842 seu
3388 5790 3551 5844 etiam
3598 5796 3723 5861 quia
