3936 6456
162 434 285 494 :505

885 425 1245 487 EXPOSITIO
1280 425 1346 481 IN
1382 426 1533 482 EPP.
1575 424 1632 482 s.
1676 423 1903 481 psmn.
1939 454 2010 465 —
2038 423 2111 481 ιιι
2140 423 2366 495 mss.
2401 424 2496 482 an
2534 404 2702 485 non.

3341 428 3446 491 506

174 564 387 621 magnae
432 543 711 617 dignitatis
751 551 929 613 atquae
981 543 1276 599 nobilitatis
1332 548 1473 599 erat.
1540 542 1749 597 Idcirco
1779 541 1825 601 Α
1855 543 1982 594 num
2029 538 2425 611 missarumque
2473 542 2894 600 celebrationem
2918 584 2935 611 ,
2982 550 3112 616 post
3160 547 3443 607 orationes

171 650 360 699 autem
386 639 711 694 mentionem
748 636 902 691 istius
935 636 1082 702 fecit,
1113 645 1173 690 ut
1201 636 1512 691 ostenderet
1547 633 1756 690 nobiles

172 732 341 788 etiam
372 728 443 784 ad
474 726 636 783 ﬁdem
665 727 870 792 venire,
895 741 962 782 ac
993 741 1090 797 per
1122 724 1228 781 hoc
1258 724 1515 781 invitaret
1551 725 1758 796 primos

176 824 546 883 Romanorum
573 820 647 875 ad
678 818 857 875 ﬁdem.

249 910 491 969 Salutate
508 908 767 981 )lariam,
780 927 897 981 qme
918 908 1138 964 ntultum
1154 908 1408 963 laboravit
1428 909 1484 963 in
1504 907 1754 975 Domino,

171 1004 411 1059 cilicium
471 979 677 1057 scilicet
733 979 1132 1071 pricdicatiouis
1191 997 1408 1054 feminis
1463 998 1547 1053 sui
1594 1012 1756 1054 sexus

172 1092 535 1165 impendenda
575 1106 673 1162 per
712 1092 918 1146 domos.
948 1090 1083 1146 Nam
1115 1090 1170 1144 in
1210 1090 1437 1146 ecclesia
1469 1106 1577 1146 non
1605 1090 1758 1145 doce-

173 1186 315 1243 bant
341 1183 615 1246 mulieres.
657 1183 750 1238 sed
785 1183 886 1237 viri
913 1201 926 1237 :
958 1184 1083 1254 quia
1121 1184 1235 1254 ipse
1260 1183 1548 1253 Apostolus
1580 1182 1760 1254 prohi-

172 1279 373 1332 buerat
403 1274 528 1341 hoc,
581 1274 768 1330 dicens
812 1292 826 1327 :

173 1365 229 1436 (1
262 1365 386 1422 Cor.
414 1364 549 1438 slv).

250 1456 495 1514 Salutate
532 1457 890 1512 Andronicum
927 1467 975 1512 et
1001 1457 1245 1525 Iuniam,
1275 1465 1521 1530 cognatos
1556 1465 1605 1512 et
1633 1472 1758 1512 con—

174 1554 405 1621 captivos
436 1566 596 1617 meos,
643 1552 733 1622 qui
771 1560 891 1605 sunt
938 1550 1137 1605 nobiles
1176 1551 1229 1605 in
1269 1548 1541 1620 apostolis,
1575 1549 1667 1619 qui
1708 1555 1757 1602 et

176 1651 300 1698 ante
328 1658 408 1697 me
429 1641 642 1713 fuerunt
670 1642 725 1695 in
752 1640 981 1698 Christo.
1009 1643 1195 1698 Potest
1238 1643 1350 1698 lieri
1383 1650 1441 1695 ut
1460 1642 1756 1697 secundum

176 1750 398 1792 carnem
428 1734 521 1791 isti
549 1736 765 1805 cognati
793 1734 1001 1791 fuerint
1021 1735 1289 1807 Apostoli,
1310 1733 1591 1806 Judazique
1607 1735 1757 1791 simie

175 1827 304 1882 liter
329 1826 646 1893 existentes,
673 1836 731 1882 et
750 1836 877 1883 sunt
900 1828 1115 1885 exsules
1148 1826 1325 1884 ell‘ecti
1360 1828 1591 1899 propriae
1612 1828 1756 1884 sedis

875 1273 1125 1329 Mulieres
1176 1274 1234 1328 in
1275 1273 1506 1329 ecclesiis
1549 1280 1757 1327 taceant

1857 628 2044 687 osculo
2070 629 2379 686 dilectionis
2415 634 2716 704 suscipiant
2740 648 2799 691 se
2819 635 3073 693 invicem.

1925 721 2068 794 Rogo
2122 731 2318 788 autem,
2353 740 2463 789 vos,
2517 727 2730 794 fratres,
2788 739 2844 783 at
2893 731 3171 788 observetis
3210 752 3298 790 eos
3344 737 3437 809 qui

1856 814 2208 870 dissensiones
2243 813 2468 887 faciunt,
2511 815 2562 870 id
2608 826 2713 881 est,
2761 819 3027 877 declinate
3078 824 3148 879 ab
3196 825 3303 883 illis
3347 827 3442 898 qui

1857 905 2157 962 discordias
2178 915 2233 963 et
2263 907 2412 962 rixas
2439 917 2659 963 movent
2694 909 2839 964 inter
2858 926 2973 967 vos.
2990 912 3190 970 Contra
3213 917 3441 986 pseudo-

1814 1052 1820 1057 ,
1857 996 2235 1067 apostolos.et
2280 995 2513 1054 Judacos'
2537 1012 2643 1053 non
2684 1007 2831 1056 recte
2875 1002 3161 1061 credentes
3203 1006 3444 1081 loquitur

1857 1090 1984 1146 ista.

1930 1180 2468 1253 Hujuscemodienim
2497 1200 2512 1236 :
2540 1183 2796 1239 subaudis
2819 1182 3085 1253 homines,
3116 1186 3209 1256 qui
3235 1188 3447 1245 dissené

1857 1275 2039 1331 siones
2074 1284 2337 1348 generant
2376 1276 2519 1332 inter
2556 1291 2656 1332 vos
2691 1276 3049 1333 discurrendo
3079 1279 3146 1335 de
3182 1280 3345 1338 domo
3379 1283 3436 1338 in

1857 1364 2096 1433 domum,
2121 1365 2405 1422 adulantes
2435 1352 2490 1421 et
2524 1366 2809 1423 laudantes
2840 1369 3125 1437 quosdam,
3160 1369 3284 1427 aliis
3310 1386 3441 1428 vero

1858 1452 2226 1521 detrahentes,
2262 1464 2318 1511 et
2346 1456 2685 1511 concitantes
2715 1472 2880 1511 unum
2909 1458 3170 1514 adversus
3203 1460 3435 1517 alterum

1858 1561 1955 1616 per
1981 1546 2365 1613 detractiones,
2413 1562 2518 1603 non
2546 1547 2772 1603 serviunt
2808 1546 3038 1614 Christo,
3071 1549 3161 1604 sed
3192 1567 3288 1606 suo
3314 1567 3437 1607 ven-

1859 1637 1972 1691 tri:
2001 1637 2128 1708 quia
2167 1636 2289 1693 ideo
2323 1637 2612 1693 adulantur
2644 1639 2784 1704 aliis,
2829 1647 2885 1695 et
2921 1640 3270 1699 detrahentes
3318 1644 3441 1700 aliis

1859 1736 2004 1794 sunt,
2046 1736 2108 1783 ut
2158 1729 2368 1799 possint
2416 1745 2575 1786 suum
2625 1740 2869 1787 ventrem
2915 1732 3138 1802 implere
3185 1752 3199 1788 :
3251 1746 3301 1790 et
3347 1753 3441 1807 per

1858 1819 2037 1875 dulces
2076 1836 2337 1876 sermones
2375 1830 2424 1876 et
2463 1821 2845 1879 benedictiones
2883 1824 3140 1880 seducunt
3172 1827 3333 1882 corda
3356 1829 3441 1883 in-

175 1916 251 1973 οι)
281 1915 510 1986 gratiam
540 1914 687 1982 fidei,
727 1916 870 1995 sicut
897 1926 951 1973 et
985 1916 1185 1973 Paulus
1216 1918 1434 1988 quando
1469 1918 1758 1989 appellavit
1786 1917 1831 1978 Β
1859 1911 2175 1987 nocentium.
2224 1911 2305 1967 Ad
2351 1911 2487 1979 hoc,
2541 1913 2739 1983 inquit,
2783 1914 3104 1984 przedicant,
3152 1926 3207 1974 et
3255 1919 3442 1977 dulces

178 2004 841 2063 Caesarem.Crediderunt
857 2020 1040 2067 autem
1060 2019 1186 2063 ante
1211 2008 1362 2063 illum
1384 2008 1436 2062 in
1458 2008 1756 2076 Christum,

183 2106 243 2151 et
282 2096 483 2153 nobiles
508 2097 679 2157 habiti
719 2108 847 2155 sunt
870 2099 923 2154 in
956 2099 1235 2169 apostolis,
1264 2100 1318 2155 id
1344 2108 1431 2154 est
1452 2102 1593 2170 apud
1628 2115 1756 2172 apo-

180 2190 352 2247 stolas
392 2190 699 2259 duodecim,
741 2192 807 2249 de
844 2194 1042 2263 quibus
1071 2203 1127 2251 et
1149 2194 1281 2250 illud
1314 2193 1614 2268 intelligere
1633 2212 1758 2267 pos;

178 2300 387 2348 sumus,
439 2284 583 2355 quod
626 2283 878 2342 fortassis
919 2301 982 2342 ex
1014 2285 1122 2342 illis
1160 2287 1501 2359 septuaginta
1550 2289 1757 2346 duobus

177 2375 441 2447 apostolis
461 2373 662 2432 fuerint
685 2384 740 2432 et
765 2378 869 2449 ipsi
891 2378 1120 2435 nobiles.

249 2465 491 2522 Salutate
532 2483 619 2522 eos
667 2467 758 2539 qui
810 2477 931 2525 sunt
979 2485 1046 2523 ea:
1092 2468 1373 2524 Aristoboli
1421 2471 1596 2526 domo.
1650 2469 1757 2527 lste

170 2559 516 2617 Aristobolus
551 2568 904 2632 congregator
950 2561 1270 2633 intelligitur
1313 2561 1479 2618 fuisse
1522 2562 1756 2618 fratrqu

171 2654 235 2709 in
260 2653 479 2711 Christo
507 2654 865 2721 credentium,
903 2653 1058 2725 cujus
1098 2654 1299 2711 factum
1326 2656 1407 2711 sic
1447 2657 1661 2727 probat,
1698 2664 1758 2711 ut

170 2744 296 2813 eius
317 2744 609 2815 discipulos
636 2744 1080 2801 sua‘salutatione
1105 2747 1297 2816 dignos
1325 2748 1506 2803 ducat.

210 2833 489 2895 .Salutate
525 2836 790 2908 Appellem
829 2836 1047 2908 probum
1089 2838 1145 2891 in
1188 2837 1414 2895 Christo.
1462 2838 1613 2895 Licet
1636 2841 1756 2910 qui-

169 2928 306 2985 dam
352 2927 662 2991 faciantex
692 2929 795 2986 hoc
829 2932 939 2986 duo
982 2932 1198 2987 nomina
1238 2930 1480 3002 propria,
1515 2933 1757 2989 dicentes

168 3018 252 3073 ita
281 3036 294 3071 :
328 3016 834 3091 SalutateApellem'
859 3029 914 3078 et
933 3021 1170 3079 Probum
1195 3039 1209 3089 ;
1237 3039 1343 3079 non
1374 3034 1458 3078 est
1487 3022 1638 3088 illud,
1662 3025 1756 3080 sed

170 3124 346 3165 unum
382 3125 577 3166 nomen
605 3121 693 3168 est
716 3112 993 3185 proprium
1012 3129 1134 3171 cum
1163 3111 1450 3183 adjectivo.
1487 3113 1755 3181 Salutate,

167 3203 376 3274 inquit,
405 3204 686 3276 Appellem
722 3209 972 3277 probum,
1005 3208 1059 3263 id
1105 3218 1188 3264 est
1231 3208 1518 3278 probatum
1541 3209 1595 3262 in
1627 3207 1754 3275 ﬁde,

1861 2018 2141 2061 sermones
2179 2006 2598 2064 adulationis’et
2626 2009 3018 2068 benedictionis
3050 2013 3354 2082 proferunt,
3381 2022 3439 2070 ut

1858 2097 2025 2152 corda
2056 2096 2380 2168 simplicium
2408 2097 2635 2155 fratrum
2661 2099 2923 2158 seducere
2948 2104 3177 2173 possint,
3199 2112 3256 2161 et
3282 2107 3439 2162 inno-

1860 2189 2096 2244 centiam
2121 2204 2308 2245 eorum
2338 2189 2552 2246 auferre
2583 2191 2819 2247 valeant.

1905 2278 2123 2336 'Vestra
2164 2282 2302 2337 enim
2344 2283 2669 2352 obedientia,
2708 2302 2815 2356 qua
2847 2287 3109 2344 obedistis
3147 2289 3443 2362 Evangelia

1859 2373 2137 2430 venientes
2184 2374 2252 2430 ad
2301 2373 2497 2441 fidem,
2544 2376 2601 2430 in
2644 2392 2849 2432 omnem
2885 2378 3058 2433 locum
3098 2389 3291 2436 vestrae
3339 2397 3443 2452 po-.

1860 2467 2071 2523 testatis
2126 2466 2396 2538 divulgata
2445 2478 2556 2535 est;
2600 2469 2705 2526 hoc
2750 2478 2833 2527 est
2891 2471 3034 2542 quod
3073 2473 3128 2527 in
3173 2474 3441 2546 principio

1858 2556 2017 2626 huius
2064 2557 2316 2628 Epistola:
2358 2559 2496 2615 dixit
2543 2578 2557 2611 :
2598 2559 2813 2618 Gratias
2861 2580 2960 2636 ago
3000 2564 3111 2620 Deo
3145 2583 3279 2631 meo,
3316 2568 3441 2639 quia

1857 2648 1989 2718 ﬁdes
2015 2658 2183 2705 vestra
2212 2650 2560 2705 annuntiatur
2587 2652 2641 2706 in
2679 2653 3137 2710 universamundo
3165 2655 3343 2727 (llam.
3376 2659 3438 2727 ι).

1858 2740 2076 2798 Gaudeo
2118 2743 2282 2813 igitur
2332 2744 2388 2797 in
2414 2743 2572 2809 vobis,
2622 2759 2657 2799 ο
2689 2743 2942 2810 Romani,
2979 2746 3105 2816 quia
3133 2747 3443 2804 credidistis

1858 2834 2064 2890 sicutet
2079 2849 2199 2905 ego.
2216 2832 2322 2889 Sed
2335 2833 2448 2890 volo
2464 2852 2549 2913 vos
2562 2837 2819 2906 sapientes
2841 2854 2951 2893 esse
2964 2839 3019 2892 in
3034 2838 3187 2905 bona,
3206 2848 3261 2894 ut
3277 2841 3439 2910 quid-

1859 2925 1988 2996 quid
2028 2925 2217 2994 sapitis
2268 2934 2325 2980 et
2370 2926 2703 2998 intelligitis,
2754 2936 2928 2984 totum
2966 2945 3130 3000 opere
3173 2933 3441 2989 studcatis

1860 3017 2115 3087 implere;
2146 3016 2406 3088 simplices
2432 3027 2611 3074 autem
2637 3021 2694 3073 in
2734 3019 2897 3086 malo,
2931 3029 2992 3076 ut
3019 3022 3148 3079 vitia
3173 3031 3230 3078 et
3253 3026 3438 3080 omnia

1859 3123 1979 3179 qua:
2022 3108 2163 3164 mala
2208 3116 2333 3163 sunt
2373 3108 2552 3164 vitetis
2593 3117 2649 3164 et
2690 3112 3070 3167 contemnetis.
3113 3111 3306 3169 Simile
3353 3124 3434 3170 est

1860 3208 1964 3263 hoc
1995 3203 2072 3261 illi
2109 3205 2276 3270 dicto,
2309 3205 2453 3275 quod
2492 3205 2560 3260 ad
2595 3204 2906 3261 Corinthios
2942 3208 3155 3273 scribit,
3199 3209 3388 3264 dicens
3421 3228 3433 3263 :

168 3304 235 3353 et
261 3294 416 3352 laude
444 3297 661 3368 dignum
695 3315 708 3352 :
739 3299 965 3369 probum
988 3300 1189 3356 etenim
1217 3300 1445 3356 dicimus
1464 3300 1751 3372 probatum
1781 3290 1826 3353 C
1860 3299 2069 3356 Malitia
2094 3298 2301 3370 parvuli
2347 3306 2548 3364 estote;
2576 3313 2736 3353 sensu
2773 3306 2977 3365 autem,
3004 3298 3229 3370 perfecti
3259 3288 3436 3355 estote

167 3401 237 3446 et
263 3390 602 3448 laudabilem.

254 3481 494 3538 Salutate
531 3500 619 3539 eos
645 3485 735 3555 qui
763 3492 882 3539 sunt
911 3502 976 3540 ea:
1005 3483 1251 3541 Narcissi
1273 3486 1448 3542 domo.
1477 3486 1583 3543 lste
1615 3486 1753 3542 Nar-

166 3577 373 3642 cissus,
404 3584 464 3631 nt
488 3577 542 3632 in
563 3576 684 3632 aliis
703 3576 981 3634 codicibus
1007 3576 1299 3643 invenitur,
1328 3579 1617 3651 presbyter
1637 3586 1757 3635 erat

173 3675 311 3721 tunc
342 3666 598 3736 temporis

252 3754 494 3812 Salutate
541 3755 735 3827 Rufum
781 3756 1001 3815 electum
1047 3759 1103 3814 in
1141 3758 1395 3825 Domino,
1429 3762 1482 3816 id
1514 3770 1598 3817 est
1631 3762 1756 3833 pro;

170 3857 386 3904 motum
412 3848 480 3903 ad
515 3847 897 3914 sacerdotium,
927 3858 975 3902 ct
1000 3858 1218 3904 matrem
1245 3848 1361 3919 ejus
1383 3858 1540 3922 atque
1560 3868 1754 3918 meam,

171 3955 277 4011 per
303 3939 645 4009 adoptionem
673 3939 899 4025 amoris.
924 3931 1048 3994 lltrc
1070 3939 1263 3994 mulier
1282 3955 1476 4012 magna
1498 3940 1759 4011 religione

171 4030 420 4103 pollebat
448 4048 462 4083 :
488 4044 615 4098 qua:
653 4028 794 4100 apud
823 4028 1138 4099 Apostalum
1168 4030 1273 4085 hoc
1313 4031 1513 4087 donum
1542 4046 1759 4102 prome-

181 4128 386 4186 ruerat,
433 4129 493 4175 ut
535 4127 710 4175 mater
736 4120 894 4191 apud
936 4120 1087 4176 illum
1117 4130 1426 4176 vocaretur.
1470 4121 1587 4178 Non
1613 4122 1760 4178 enim

177 4213 480 4284 putandum
522 4220 626 4278 est,
671 4211 727 4267 in
765 4211 886 4268 istis
926 4212 1344 4269 salutationibus
1372 4214 1608 4269 inaniter
1641 4213 1759 4271 fieri

176 4320 281 4378 per
300 4304 539 4376 singulos
563 4318 807 4376 quosque
845 4304 1020 4360 laudis
1045 4314 1101 4361 et
1130 4304 1475 4361 salutationis
1500 4304 1763 4362 differen-

178 4400 334 4455 tiam.
358 4398 461 4467 Qui
491 4398 636 4454 enim
658 4399 762 4455 scit
786 4397 913 4469 quia
936 4395 1188 4453 Christus
1225 4396 1463 4469 loquitur
1492 4398 1547 4453 in
1566 4397 1757 4466 Paulo,

177 4502 363 4550 certus
387 4501 472 4549 est
489 4492 633 4562 quod
656 4492 757 4563 pro
775 4492 900 4547 vita:
924 4493 1142 4557 merito,
1167 4492 1306 4548 alius
1324 4493 1539 4563 quidem
1559 4493 1760 4564 probus

176 4583 382 4639 dicitur
421 4582 490 4637 ab
524 4597 613 4645 eo,
650 4582 789 4637 alius
828 4582 1205 4647 charissimus,
1241 4582 1379 4638 alius
1421 4582 1673 4639 labamus
1703 4583 1756 4637 in

180 4676 434 4740 Domino,
466 4674 603 4731 alius
640 4673 864 4739 electus,
905 4682 966 4727 ut
1004 4673 1091 4727 hic
1133 4672 1309 4729 Rufus
1349 4674 1438 4746 (de
1473 4689 1583 4745 quo
1615 4691 1757 4731 nunc

176 4780 362 4824 sermo
402 4768 506 4838 est)
549 4764 753 4821 electus
796 4766 848 4820 in
894 4765 1124 4820 Domino
1164 4765 1452 4829 salutatur,
1485 4774 1541 4821 et
1583 4760 1759 4821 mater

182 4861 328 4915 illius
368 4868 542 4914 mater
578 4854 819 4928 ApoStoli
866 4856 1101 4922 dicitur,
1133 4872 1317 4927 causa
1354 4873 1578 4914 summa:
1621 4857 1757 4915 di!e-‘-

178 4950 401 5007 ctibnis.

258 5042 497 5097 Salutate
521 5042 738 5096 invicem
767 5042 824 5095 in
850 5038 1032 5095 osculo
1066 5050 1268 5106 sancto,
1303 5039 1356 5094 id
1387 5047 1473 5094 est
1499 5055 1552 5094 ιιι
1575 5040 1759 5095 osculo

184 5146 294 5191 uim
341 5136 489 5200 ficto,
524 5135 608 5190 vel
649 5135 896 5199 subdolo,
938 5134 1084 5204 quali
1122 5133 1323 5188 osculo‘
1343 5133 1566 5188 tradidit
1592 5132 1760 5189 Judas

185 5229 560 5292 Salvatorem;
630 5226 716 5282 vel
772 5225 916 5297 quali
986 5223 1303 5281 osculantur
1363 5223 1556 5281 incesti
1624 5225 1760 5282 alios

185 5337 350 5377 causa
403 5319 783 5385 immunditite,
808 5318 953 5388 quod
992 5315 1237 5372 osculum
1279 5332 1386 5371 non
1429 5324 1638 5371 castum
1667 5332 1760 5372 vo-

186 5424 363 5478 catur,
405 5414 499 5469 scd
550 5411 934 5477 columbinum,
981 5420 1038 5466 et
1078 5419 1161 5466 est
1185 5425 1395 5473 sensus
1433 5426 1445 5463 :
1483 5397 1600 5464 iam
1631 5405 1757 5481 quia

184 5520 289 5578 ego
319 5520 423 5559 non
442 5519 559 5561 sum
586 5518 842 5575 praesens,
868 5510 926 5557 ut
946 5518 1042 5559 vos
1062 5501 1261 5572 possim
1291 5515 1481 5556 omnes
1502 5499 1757 5567 osculari,

187 5598 511 5657 osculamini
560 5613 655 5652 vos
702 5597 958 5662 invicem,
1002 5595 1107 5653 mei
1159 5594 1363 5651 amoris
1408 5608 1590 5658 causa,
1632 5606 1758 5651 cum

189 5691 509 5763 acceperitis
562 5692 702 5746 hanc
743 5689 1045 5759 epistolam.
1093 5689 1170 5743 Ex
1225 5690 1326 5745 hoc
1372 5688 1489 5743 loco
1530 5687 1757 5758 aliisque

176 5786 476 5851 similibus,
503 5800 621 5843 mos
648 5783 878 5851 traditus
902 5790 990 5838 est
1032 5782 1303 5851 Ecclesiae,
1348 5791 1407 5837 ut
1435 5782 1755 5839 convenien-

177 5886 274 5949 tes
305 5878 486 5935 fideles
532 5877 583 5933 in
633 5876 860 5935 ecclesia
890 5874 962 5931 ad
999 5874 1321 5929 audiendum
1362 5874 1583 5929 veritum
1612 5873 1750 5929 divi—

1859 3391 1913 3462 (I
1943 3391 2067 3447 Cor.
2109 3390 2255 3463 xxv);
2289 3406 2351 3448 ac
2378 3390 2423 3446 si
2461 3391 2675 3447 diceret
2706 3390 2829 3456 aliis
2854 3391 3034 3447 verbis
3066 3409 3079 3445 :
3107 3390 3315 3448 Bonum
3351 3408 3438 3467 sag

1858 3483 1972 3555 pite
2026 3480 2299 3550 faciendo,
2339 3481 2540 3537 malum
2585 3481 2837 3552 ignorate
2887 3479 3129 3547 vitando,
3168 3489 3224 3538 et
3266 3482 3341 3537 ita
3386 3482 3441 3537 in

1856 3575 2011 3631 vobis
2041 3573 2350 3644 implebitur
2371 3573 2514 3644 quod
2541 3573 2793 3630 subditur
2819 3591 2832 3628 :
2913 3611 2924 3625 .
3274 3580 3277 3583 '

1927 3665 2069 3720 Deus
2106 3675 2280 3721 autem
2326 3665 2490 3737 pacis,
2547 3665 2674 3735 quia
2713 3671 2915 3735 pacem'
2957 3668 3208 3723 amat'et
3247 3662 3438 3737 paceni

1858 3756 2049 3813 tribuit
2092 3756 2227 3820 suis,
2279 3765 2511 3810 conterat
2557 3754 2816 3810 Satanam
2856 3756 2952 3809 sub
3006 3755 3225 3826 pedibus
3252 3756 3440 3811 vestris

1856 3849 2115 3906 velociter.
2175 3846 2408 3903 Satanas
2460 3847 2514 3901 in
2566 3846 2745 3919 lingua
2797 3856 2983 3902 nostra
3046 3848 3441 3919 interpretatur

1859 3938 2222 4004 adversarius,
2253 3946 2308 3994 et
2334 3945 2514 4009 potest
2547 3937 2600 3992 in
2640 3940 2744 3994 hoc
2770 3938 2889 3993 loco
2910 3938 3223 4008 significare
3251 3938 3458 3995 diabo-'

1858 4033 1966 4089 lum
1983 4041 2037 4087 et
2058 4032 2346 4109 Neronem,
2371 4032 2461 4101 qui
2477 4031 2802 4087 Christianis
2835 4024 3438 4087 adversabantur.‘POs-‘

1859 4139 2047 4181 sumus
2076 4123 2240 4178 etiam
2287 4131 2365 4177 et‘
2386 4122 2567 4177 omnia
2600 4122 2826 4177 adversa
2856 4138 2953 4192 per
2988 4109 3107 4176 hoc
3135 4129 3332 4176 nomen
3359 4122 3441 4176 in:

1862 4215 2100 4285 telligere
2127 4229 2248 4285 qua:
2283 4213 2477 4269 animae
2510 4212 2751 4269 tendenti
2781 4213 2851 4268 ad
2882 4212 3051 4269 Deum
3094 4202 3444 4279 resis'tun't'et

1860 4309 2251 4374 adversantur,
2316 4322 2439 4378 quae
2502 4315 2696 4363 exorat
2754 4304 3046 4377 Aposwlus
3109 4305 3316 4362 conteri
3382 4314 3440 4361 et

1860 4399 2053 4471 subjici
2081 4399 2334 4471 potestati
2364 4398 2602 4454 illorum.
2628 4398 2772 4453 Deus
2800 4397 2971 4468 pacis,
2997 4398 3085 4452 cui
3108 4411 3212 4467 pax
3237 4392 3439 4466 placet;

1861 4499 2107 4548 conterat
2148 4491 2252 4547 hoc
2291 4490 2435 4561 quod
2474 4490 2814 4547 contrarium
2848 4498 2934 4545 est
2957 4489 3096 4559 paci,
3137 4490 3197 4544 et'
3224 4482 3437 4545 disserit:

1860 4583 2041 4640 siones
2065 4591 2342 4654 operatur.
2374 4583 2527 4649 Quod
2566 4591 2748 4638 autem
2775 4580 2925 4645 dicit,
2955 4582 3056 4636 sub
3076 4581 3321 4659 pedibus,
3348 4581 3437 4638 vel

1860 4674 2178 4744 simpliciter
2203 4673 2578 4744 accipiendum
2603 4679 2687 4729 est
2717 4673 2817 4728 sub
2842 4680 3134 4749 potestate,
3168 4671 3251 4727 vel
3272 4673 3437 4727 etiam

1861 4768 1917 4824 in
1943 4768 2095 4824 brevi
2128 4776 2368 4838 tempore
2394 4776 2449 4822 et
2477 4765 2752 4822 velociter.
3090 4768 3091 4773 ‘
3125 4774 3128 4778 ‘
3170 4838 3173 4839 ν
3294 4776 3299 4781 ·
3428 4768 3439 4845 ί

1934 4858 2144 4916 Salutat
2176 4877 2262 4915 vos
2298 4858 2599 4913 Timotheus
2645 4855 3135 4927 adjutormeus'in
3178 4855 3439 4937 pnedicaf

1862 4956 2025 5018 tione,
2058 4963 2105 5007 et
2129 4951 2347 5017 Lucius,
2373 4960 2421 5005 et
2451 4950 2644 5017 Iason,
2665 4958 2717 5005 et
2753 4949 3048 5020 Sosipater,
3080 4949 3289 5018 cognati
3314 4946 3438 5001 mei.

1862 5044 2204 5100 Timotheum
2236 5042 2537 5111 adjutorcm
2576 5058 2731 5097 suum
2772 5041 2922 5106 dicit,
2956 5050 3256 5109 omnesque
3280 5037 3441 5093 simul

1862 5144 2122 5208 c'ognatos
2157 5135 2414 5207 appellat.
2461 5134 2529 5188 Et
2565 5134 2782 5205 quidem
2822 5131 2891 5187 de
2925 5129 3219 5186 Timotheo
3247 5124 3444 5198 plenis-

1862 5229 1997 5283 sime
2028 5226 2202 5282 fcrtur
2234 5227 2285 5281 in
2322 5226 2546 5282 Actibus
2588 5225 2957 5296 apostolorum
2989 5219 3266 5295 (Actva)
3295 5219 3440 5290 quod

1860 5319 2025 5376 fuerit
2061 5335 2129 5375 ex
2153 5319 2384 5382 Derben,
2411 5318 2552 5373 ﬁlius
2587 5316 2832 5372 mulieris
2866 5315 3041 5371 viduae
3062 5311 3258 5377 fidelis,
3282 5319 3440 5381 patre

1861 5410 2068 5483 gentili.
2095 5410 2212 5481 lpse
2248 5425 2463 5481 quoque
2483 5408 2772 5480 Apostolus
2792 5407 2943 5471 dicit,
2979 5404 3440 5483 quod‘propterca

1862 5477 2134 5574 rogaverit
2162 5477 2285 5557 eum
2329 5477 2553 5556 manere
2594 5498 2810 5569 Ephesi,
2852 5504 2911 5551 ut
2938 5477 3282 5551 denuntiaret
3317 5484 3438 5563 qui-

1858 5596 2084 5657 busdam
2112 5611 2181 5652 ne
2210 5595 2369 5669 aliter
2401 5595 2687 5663 docerent,
2719 5606 2893 5661 neque
2917 5588 3259 5658 attcndcrent
3285 5584 3439 5641 faba-'-

1822 5688 1925 5747 .lio‘
1955 5697 2011 5749 et
2051 5687 2380 5760 genealogiis
2434 5685 2677 5742 infinitis.
2723 5680 2948 5753 Lucium
2992 5689 3172 5736 autem
3219 5678 3447 5760 quidam

1860 5780 2034 5851 ipsum
2062 5758 2350 5849 perhibent
2371 5777 2573 5833 Lucam
2599 5792 2721 5831 esse
2752 5774 2844 5845 qui
2872 5771 3220 5857 Evangelium
3248 5758 3438 5826 Actus‘

1860 5870 2373 5942 queapostolorum
2433 5858 2667 5939 scripsit.
2717 5867 2909 5922 Beatus
2959 5864 3102 5919 enim
3151 5860 3440 5933 Apostolus
