3936 6476
473 401 580 458 507

939 388 1294 451 HAYMONIS
1328 385 1812 459 HALBERSTAT.
1855 386 2073 444 EPISC.
2117 385 2270 443 OPP.
2311 385 2492 444 PARS
2527 387 2570 442 Ι.
2611 418 2670 429 -
2719 387 3074 446 COMMENT.
3115 390 3282 448 BIBL.

3671 396 3772 454 ξω

475 530 586 574 non
612 518 768 570 curat
791 510 859 567 de
881 507 1304 581 proprietatibus
1345 505 1652 573 nominum,
1683 521 1786 578 pro
1820 505 1885 562 eo
1921 503 2065 574 quod
2093 507 2144 566 Α
2169 501 2308 559 Ecce
2334 503 2597 570 Trinitas,
2651 506 2745 561 sed
2781 507 2995 564 nonnisi
3031 522 3062 563 a
3105 507 3292 579 paucis
3335 506 3770 582 intelligebatur.

476 609 688 668 soleant
729 604 947 661 nomina
990 601 1261 656 interdum
1291 600 1459 656 etiam
1502 599 1801 656 secundum
1828 598 2064 668 patriam

476 699 917 761 declinationem,
961 692 1236 748 interdum
1264 692 1430 747 etiam
1476 691 1773 747 secundum
1819 688 2069 744 Graecam

477 793 886 858 Romanamque
935 783 1188 855 proferri.
1235 783 1400 839 lason
1433 783 1549 854 ipse
1595 791 1679 838 est
1709 782 1865 852 cujus
1917 796 2072 836 men-

476 885 677 940 tionem
715 880 852 934 liber
900 876 1132 932 Actuum
1181 875 1547 944 apostolorum
1586 873 1739 929 facit.
1789 872 2071 944 Sosipater

475 975 593 1046 ipse
618 955 726 1026 fuit.
748 970 892 1028 illius
915 967 1110 1039 Pyrrhi
1146 967 1470 1022 Beraaensis.

553 1062 766 1118 Salutat
814 1077 901 1115 vos
951 1057 1112 1113 Caius
1141 1098 1156 1122 ,
1205 1058 1388 1128 hospes
1422 1073 1587 1112 meus.
1637 1058 1742 1112 Iste
1790 1064 1873 1111 est
1909 1055 2071 1112 Caius

475 1153 854 1224 concaptivus,
892 1151 984 1220 qui
1034 1149 1342 1219 baptizatus
1383 1158 1467 1204 est
1509 1150 1577 1204 ab
1609 1148 1885 1220 Apostolo,
1931 1149 2073 1205 sicut

476 1245 610 1302 dicit
658 1245 712 1298 in
749 1241 991 1313 Epistula
1033 1241 1103 1296 ad
1147 1239 1498 1296 Corinthios:
1544 1237 1758 1294 Gratias
1806 1257 1906 1312 ago
1959 1239 2069 1294 Deo

475 1350 589 1390 meo
641 1333 780 1406 quod
821 1333 1074 1386 neminem
1110 1341 1332 1386 vestrum
1364 1331 1642 1401 baptizari,
1678 1332 1780 1386 nisi
1828 1331 2070 1404 Crispum

476 1438 526 1484 et
557 1426 746 1484 Caium
787 1425 840 1500 (Ι
870 1426 994 1482 Cor.
1028 1428 1090 1497 ι).

547 1518 741 1576 Saluto
773 1535 858 1574 vos
887 1534 978 1589 ego
1009 1517 1234 1583 Tertius,
1261 1518 1349 1588 qui
1399 1518 1582 1588 scripsi
1628 1517 1902 1589 epistolam
1930 1519 2070 1575 hanc

475 1612 532 1668 ia
557 1611 804 1666 Domino.
846 1610 1079 1674 Tertius,
1112 1611 1392 1681 pr0prium
1433 1625 1629 1665 nomen
1666 1619 1751 1666 est
1779 1612 2065 1681 scriptoris

483 1703 779 1770 credentis,
818 1703 908 1774 qui
938 1701 1195 1772 Apostolo
1225 1703 1464 1757 dictante
1513 1703 1654 1759 hanc
1697 1704 1914 1773 scripsit
1947 1705 2067 1775 epi-

479 1797 699 1861 stolam,
726 1797 812 1852 cui
845 1797 1115 1852 concessit
1147 1796 1438 1866 Apostolus
1479 1813 1578 1853 suo
1613 1799 1834 1853 nomine
1856 1798 2068 1869 plebem

2175 594 2314 661 Quid
2345 595 2474 651 dicit
2520 595 2804 653 Christus?
2847 597 2980 653 Cum
3009 599 3201 654 uenerit
3243 597 3576 666 Paracletus,
3618 617 3774 672 qua

2175 703 2269 757 ego
2297 689 2504 742 mittam
2531 689 2675 744 vobis
2707 706 2740 742 α
2767 691 2929 745 Patre
2970 704 3091 745 meo
3123 690 3307 762 (Joan.
3347 691 3474 762 xv);
3509 701 3570 748 ct
3595 693 3732 748 alibi
3759 714 3772 749 :

2170 773 2447 846 Baptizate
2488 793 2665 832 omnes
2702 790 2876 850 gentes
2917 781 2973 834 in
3017 781 3225 834 nomine
3274 779 3478 848 Patris,
3529 793 3580 836 et
3623 781 3774 848 Filii,

2171 876 2218 920 et
2275 865 2508 937 Spiritus
2557 871 2726 924 sancti
2775 869 3009 940 (Matth.
3059 871 3292 943 xxvm).
3347 871 3426 927 De
3484 874 3776 929 nativitate

2172 974 2385 1029 quoque
2417 960 2560 1016 illius
2599 961 2735 1017 dixit
2760 962 2925 1018 Isaias
2952 964 3212 1034 propheta
3244 983 3258 1019 :
3286 964 3424 1019 Ecce
3456 963 3627 1036 Virgo
3658 984 3774 1020 con-

2171 1053 2324 1122 cipiet
2365 1063 2414 1108 et
2452 1056 2621 1124 pariet
2657 1055 2828 1124 ﬁlium
2871 1055 3007 1123 (Isa.
3049 1056 3171 1128 vlt).
3204 1055 3376 1112 Natus
3406 1066 3495 1112 est
3522 1057 3773 1114 Christus

2172 1145 2239 1201 de
2284 1145 2528 1218 Virgine,
2575 1147 2832 1218 patefecit
2867 1149 3188 1220 mysterium
3230 1151 3574 1221 pmpheticze
3629 1150 3772 1205 Sari.

2170 1245 2361 1308 plura}.
2386 1237 2462 1292 De
2486 1238 2758 1308 sepultura
2774 1239 2939 1295 etiam
2956 1239 3097 1295 illius
3123 1239 3414 1296 dicitidem
3445 1242 3728 1311 Propheta
3757 1261 3768 1294 :

2172 1328 2292 1382 Erit
2338 1329 2635 1400 sepulcrum
2681 1330 2795 1399 ejus
2841 1330 3129 1402 gloriosum
3169 1331 3306 1404 (Isa.
3359 1333 3458 1400 ιι).
3517 1331 3770 1403 Sepultus

2172 1431 2258 1478 est
2285 1422 2554 1489 Christus,
2595 1423 2928 1494 patefactum
2963 1434 3050 1480 est
3095 1424 3228 1480 illud
3272 1426 3607 1496 mysterium
3635 1428 3770 1496 quod

2173 1516 2396 1572 latebat.
2449 1517 2588 1585 Quid
2641 1518 2835 1589 plura?
2881 1518 3124 1590 Surgens
3172 1535 3205 1573 a
3253 1521 3516 1586 mortuis,
3561 1522 3770 1591 aperuit

2173 1607 2450 1677 discipulis
2504 1623 2724 1663 sensum
2767 1618 2827 1663 ut
2862 1609 3229 1681 intelligerent
3265 1609 3618 1682 Scripturas.
3677 1612 3770 1667 Illis

2173 1700 2464 1757 intellectis
2505 1711 2561 1756 et
2595 1703 2846 1774 cognitis,
2884 1703 3258 1776 cognoverunt
3302 1702 3644 1776 mysterium
3668 1705 3769 1774 jam

2173 1804 2295 1848 esse
2323 1793 2648 1862 completum
2677 1802 2734 1850 et
2758 1795 3129 1862 manifestum,
3155 1799 3300 1868 quod
3336 1808 3511 1854 antea
3555 1799 3768 1855 latebat.

478 1888 780 1947 Romanam
805 1888 1064 1955 salutare,
1087 1895 1144 1943 et
1168 1896 1393 1944 vocatur
1429 1888 1644 1946 Tertius
1681 1891 1924 1955 nomine,
1957 1907 2065 1947 non
2094 1887 2142 1948 B
2169 1883 2638 1941 concordantibus
2684 1887 2830 1942 enim
2887 1897 2943 1944 et
2986 1890 3297 1962 adimpletis
3345 1891 3404 1946 in
3444 1891 3683 1948 Christo
3713 1894 3767 1948 de

481 1995 552 2036 nu
559 1993 730 2036 mero.

553 2070 762 2127 Salutat
808 2087 898 2127 vos
942 2072 1203 2138 Erastus,
1251 2075 1492 2129 arcarius
1537 2075 1783 2131 civitatis.
1838 2076 2067 2133 Erastus

482 2163 726 2219 arcarius
774 2173 894 2219 erat
935 2164 1173 2220 civitatis
1213 2163 1648 2232 Corinthiorum,
1699 2166 1754 2222 id
1804 2176 1889 2223 est
1917 2169 2067 2238 prin-

482 2268 611 2324 ceps
657 2252 745 2308 vel
798 2253 1144 2325 dispensator
1170 2256 1262 2325 qui
1306 2261 1538 2327 praeerat
1588 2273 1728 2313 arcte
1773 2259 1861 2313 ubi
1902 2275 2069 2330 pone-

481 2346 683 2401 bantur
746 2360 942 2402 census
990 2347 1134 2418 regis
1187 2349 1513 2404 tributorum
1594 2358 1650 2404 et
1697 2350 2063 2422 vectigalium.

483 2437 637 2505 Quod
673 2447 852 2493 autem
898 2438 1146 2494 addidit:
1182 2448 1230 2494 et
1269 2440 1524 2510 Quartus,
1556 2442 1742 2512 frater,
1790 2445 2067 2516 proprium

480 2539 566 2585 est
589 2544 783 2584 nomen
813 2530 954 2586 sicut
974 2539 1030 2586 et
1060 2530 1296 2588 Tertius.

553 2617 742 2672 Gratia
791 2619 1006 2674 Domini
1046 2623 1210 2675 nostri
1257 2623 1385 2677 Jesu
1429 2621 1624 2679 Christi
1669 2642 1788 2680 cum
1829 2628 2068 2682 omnibus

479 2710 646 2767 vobis.
672 2713 857 2766 Amen.
902 2711 1090 2768 Gratia
1118 2714 1316 2772 dicitur
1355 2718 1524 2787 gratis
1563 2718 1728 2784 data;
1762 2728 1818 2776 et
1847 2721 2067 2776 nomine

485 2803 675 2874 gratia:
737 2804 996 2860 debemus
1047 2805 1347 2878 intelligere
1405 2809 1666 2880 quidquid
1721 2813 1846 2867 boni
1901 2815 2069 2884 gratis

483 2895 759 2965 accipiunt
791 2895 946 2951 electi
991 2911 1022 2950 a
1056 2898 1187 2962 Deo,
1238 2899 1398 2954 [idem
1429 2901 1699 2968 videlicet,
1739 2918 1912 2974 spem,
1941 2904 2071 2960 cha-

484 2985 725 3052 ritatem,
751 2987 1236 3059 remissionemque
1257 3001 1623 3061 peccatorum.

557 3074 627 3129 Ei
653 3086 827 3131 autem
855 3077 1030 3133 honor
1067 3079 1122 3133 in
1155 3081 1351 3135 saecula
1379 3082 1719 3148 saeculorum,
1757 3085 1847 3156 qui
1888 3093 2069 3157 potens

489 3177 565 3224 est
591 3169 906 3238 confirmare
967 3171 1020 3226 in
1069 3171 1176 3227 ﬁde
1229 3174 1466 3244 perfecta
1501 3185 1557 3231 et
1611 3177 1666 3231 in
1714 3179 1862 3233 omni
1903 3178 2065 3245 bono,

2169 1974 2555 2044 conceptione,
2613 1975 2929 2043 nativitate,
2985 1989 3184 2044 morte,
3228 1988 3395 2050 atque
3445 1981 3767 2036 ascensione

2169 2066 2468 2137 mysteriis,
2507 2075 2565 2122 et
2606 2070 2821 2139 caeteris
2867 2071 3201 2142 propheticis
3228 2073 3762 2138 annuntiationibus,

2171 2156 2317 2211 nulla
2345 2167 2590 2214 remanet
2623 2160 2735 2230 jam
2765 2161 3030 2218 dubitatio
3056 2163 3186 2234 quin
3214 2177 3314 2234 per
3340 2165 3661 2234 prophetas
3684 2182 3767 2236 ps-

2175 2248 2429 2306 tefactum
2478 2252 2551 2306 sit
2579 2254 2922 2324 mysterium,
2973 2270 3003 2309 a
3058 2255 3268 2310 mulis
3321 2264 3378 2310 et
3432 2258 3767 2326 temporibus

2172 2341 2393 2396 aeternis
2420 2343 2715 2398 occultum.
2757 2343 3060 2399 Secundum
3087 2357 3412 2417 praeceptum
3439 2353 3641 2402 (sterni
3663 2349 3764 2412 Dei,

2169 2433 2296 2502 quia
2348 2435 2606 2504 praecepit
2640 2435 2810 2491 Filius
2855 2436 2950 2491 Dei
2999 2438 3092 2507 qui
3125 2438 3284 2493 unius
3321 2439 3665 2494 substantia:
3695 2452 3766 2496 est

2169 2539 2292 2578 cum
2336 2523 2498 2581 Patre
2547 2533 2602 2582 et
2641 2525 2844 2598 Spiritu
2895 2537 3106 2594 sancto,
3155 2529 3341 2584 dicens
3386 2543 3402 2582 :
3450 2529 3670 2585 Euntes
3717 2533 3762 2586 ia

2175 2616 2475 2672 mundum:
2508 2617 2802 2688 przedicate
2836 2617 3189 2690 Evangelium
3218 2619 3364 2674 omni
3398 2629 3766 2686 creatum,et

2167 2706 2442 2777 baptizate
2469 2724 2661 2764 omnes
2703 2717 2890 2781 gentes
2932 2710 2988 2764 in
3041 2710 3259 2765 nomine
3289 2709 3497 2775 Patris,
3539 2721 3602 2766 et
3638 2711 3765 2778 ﬁlﬁ,

2169 2809 2225 2856 et
2271 2801 2506 2870 Spiritus
2547 2797 2753 2867 sancti;
2795 2801 2865 2855 ad
2909 2801 3253 2857 obeditionem
3287 2803 3418 2872 fidei
3439 2804 3498 2856 in
3533 2805 3765 2860 omnibus

2168 2893 2423 2962 gentibus,
2463 2893 2518 2948 id
2559 2901 2666 2959 est,
2700 2902 2760 2948 ut
2811 2909 3002 2950 omnes
3039 2903 3228 2967 gentes
3261 2896 3529 2952 obediant
3571 2897 3765 2952 ﬁdeiet

2170 2983 2458 3055 Evangelio
2483 2985 2619 3055 ejus.
2649 2986 2800 3054 Quod
2828 3002 2959 3058 ergo
2997 2989 3172 3044 dixit:
3200 2988 3262 3042 Et
3284 2989 3468 3044 honor
3502 2999 3568 3046 et
3603 2990 3760 3062 gloria

2171 3076 2224 3131 in
2256 3076 2468 3143 secula,
2510 3077 2858 3134 manifestare
2883 3079 3069 3146 voluit,
3096 3079 3435 3152 subjungens
3469 3100 3482 3135 :

2244 3168 2359 3225 Soli
2405 3172 2630 3241 sapienti
2679 3171 2789 3226 Deo
2824 3172 3042 3244 cognito
3081 3190 3176 3244 per
3221 3174 3408 3229 Jesum
3469 3174 3762 3240 Christum,

477 3258 638 3329 juxta
679 3258 1024 3333 Evangelium
1060 3280 1254 3330 meum,
1297 3266 1552 3322 videlicet
1589 3277 1648 3322 ut
1686 3269 1766 3324 sic
1793 3270 1914 3324 sitis
1938 3286 2064 3326 con-
2094 3248 2138 3311 θ
2171 3258 2223 3314 id
2249 3270 2332 3315 εει
2361 3259 2532 3326 Patri.
2564 3269 2621 3316 ει
2667 3261 2828 3328 Filio,
2873 3273 2931 3318 θι
2973 3263 3198 3334 δΡίτίιυί
3228 3273 3446 3330 saneto:
3478 3266 3581 3336 qui
3617 3268 3764 3321 “ni”

482 3349 684 3406 ﬁrmati
733 3352 874 3406 sicut
926 3363 1111 3409 monet
1159 3355 1510 3428 Evangelium
1541 3359 1686 3429 quod
1722 3363 1978 3430 praedico,
2011 3373 2070 3419 ut

487 3442 556 3498 de
610 3459 676 3498 eo
723 3445 860 3498 nihil
907 3446 1062 3501 vobis
1107 3447 1266 3502 desit.
1293 3449 1447 3515 Quod
1491 3461 1673 3507 autem
1727 3453 1906 3510 subdit
1954 3468 1972 3510 :
2017 3467 2068 3512 et

485 3538 919 3608 praedicationem
945 3538 1076 3595 Jssu
1108 3541 1324 3609 Christi,
1352 3543 1527 3613 ipsum
1558 3548 1803 3617 estquod
1828 3549 2071 3620 Evange-

486 3625 656 3691 littm,
713 3628 839 3697 quia
891 3629 1142 3688 Christus
1192 3633 1320 3688 illud
1374 3637 1727 3705 praedicavit,
1784 3642 2070 3697 secundum

489 3718 858 3775 reuelationem
892 3725 1122 3794 mysterii
1145 3729 1462 3797 temporibus
1493 3733 1702 3785 internis
1719 3734 1886 3797 taciti,
1907 3734 1958 3789 id
1986 3743 2070 3790 est

489 3809 815 3867 absconditi.
859 3812 1086 3870 Eterna
1139 3823 1406 3888 tempora,
1447 3820 1686 3892 intelligo
1737 3823 1935 3879 smcula
1968 3825 2070 3880 im-

485 3915 674 3957 mensa
701 3917 822 3972 qua:
855 3918 1250 3975 praecesserunt
1282 3913 1470 3968 mundi
1493 3915 1801 3981 exordium,
1847 3932 1878 3971 a
1917 3915 2069 3987 cujus

485 3991 711 4049 exordio
754 3995 974 4052 homine
1017 4008 1204 4055 creato
1249 4003 1425 4072 potuit
1471 4003 1702 4060 revelari
1750 4009 2069 4080 mysterium

484 4095 690 4142 sancta:
731 4087 1036 4158 Trinitatis,
1078 4100 1136 4148 et
1183 4093 1504 4166 mysterium
1550 4096 1844 4154 Dominicae
1890 4100 2070 4155 incar-

483 4179 746 4242 nationis,
776 4183 1047 4249 passionis
1094 4193 1150 4238 et
1189 4194 1384 4240 caetera
1418 4187 1576 4250 talia;
1615 4189 1708 4244 sed
1750 4189 1926 4245 noluit
1957 4200 2067 4246 tam

485 4269 799 4326 venerabile
824 4275 1142 4343 mysterium
1182 4278 1526 4347 omnipotens
1559 4280 1722 4336 Pater
1752 4283 1854 4338 nisi
1881 4285 2068 4352 paucis

486 4355 852 4421 innotescere,
887 4363 1185 4429 praesertim
1207 4379 1330 4418 cum
1361 4366 1543 4434 homo,
1570 4371 1814 4438 neglecto
1849 4373 1981 4440 Deo,
2009 4388 2069 4429 se

487 4455 660 4503 totum
687 4450 900 4506 diabolo
928 4456 1274 4510 concesserit.
1305 4457 1473 4528 Igitur
1500 4478 1528 4515 a
1561 4464 1893 4534 temporibus
1914 4475 2069 4522 arter-

485 4538 572 4594 nis
603 4555 725 4612 qua:
758 4553 1139 4610 processerunt
1185 4550 1515 4607 creationem
1549 4556 1757 4621 mundi,
1795 4564 1870 4622 et,
1903 4565 1963 4610 ut
1990 4558 2066 4612 ita

2169 3350 2484 3405 substantiae
2517 3363 2658 3415 sunt,
2695 3362 2751 3407 et
2778 3353 2870 3424 qui
2915 3354 2969 3408 in
3006 3355 3274 3427 Trinitate
3303 3371 3451 3411 unus
3487 3368 3583 3412 est
3613 3358 3762 3412 Deus.

2168 3440 2292 3496 Ideo
2335 3450 2515 3497 autem
2552 3443 2691 3497 dixit
2725 3445 2941 3515 cognito
2973 3460 3068 3516 per
3094 3445 3280 3502 Jesum
3303 3448 3623 3515 Christum,
3649 3451 3766 3520 quia

2167 3547 2266 3602 per
2288 3531 2438 3586 illum
2469 3520 2554 3588 est
2582 3534 2828 3605 cognitus
2854 3543 2912 3590 et
2943 3535 3322 3594 manifestatus
3349 3537 3503 3593 Deus
3525 3537 3703 3594 Pater
3721 3549 3768 3595 et

2171 3621 2406 3692 Spiritus
2457 3633 2714 3692 sanctus,
2765 3628 3083 3698 mysterium
3141 3630 3393 3686 videlicet
3453 3631 3766 3689 Trinitatis.

2171 3714 2398 3785 Sapiens
2428 3727 2609 3773 autem
2658 3719 2797 3774 Deus
2840 3735 2948 3775 non
2982 3735 3050 3776 ex
3085 3722 3352 3778 accidenti
3382 3723 3473 3778 vel
3493 3725 3767 3781 accidenti

2169 3805 2328 3869 dono,
2365 3807 2505 3863 sicut
2535 3807 2813 3875 Salomon,
2841 3819 2934 3866 aut
2956 3811 3152 3882 aliquis
3185 3813 3493 3881 hominum,
3537 3817 3650 3871 sed
3691 3831 3767 3871 es-

2169 3898 2474 3954 sentialiter
2518 3901 2716 3956 dicitur
2768 3905 2983 3972 sapiens
3027 3915 3082 3960 et
3116 3914 3220 3970 cst,
3265 3907 3391 3977 quia
3427 3908 3582 3963 nihil
3610 3918 3699 3964 est
3724 3909 3768 3964 ei

2168 3988 2317 4044 aliud
2364 4004 2485 4046 esse
2536 4008 2700 4062 quam
2753 3996 3053 4065 sapientem
3119 4011 3273 4064 esse;
3315 4014 3419 4054 nec
3456 4001 3768 4070 sapientem

2169 4093 2289 4135 esse
2343 4097 2505 4151 quam
2557 4097 2696 4139 esse.
2749 4084 2898 4141 Finis
2949 4087 3108 4158 hujus
3155 4088 3406 4159 Epistulae
3457 4090 3515 4144 in
3571 4091 3764 4147 Greco

2168 4172 2406 4240 apertior
2443 4172 2692 4240 habetur,
2738 4175 2794 4229 in
2824 4191 2932 4246 quo
2980 4178 3184 4249 scripto
3210 4189 3294 4235 est
3325 4179 3599 4250 Epistola.
3637 4182 3769 4237 Nam

2169 4261 2312 4331 quod
2343 4262 2474 4317 dicit
2522 4282 2534 4318 :
2581 4265 2632 4319 ei
2663 4266 2836 4322 honor
2873 4277 2929 4322 et
2956 4269 3149 4340 gloria,
3185 4280 3243 4326 et
3281 4281 3471 4342 postea
3505 4273 3764 4329 addidit:

2170 4353 2277 4418 cui,
2317 4368 2441 4407 cum
2491 4354 2761 4412 sulliceret
2801 4359 2944 4428 quod
2983 4361 3324 4431 praemissum
3366 4363 3618 4418 habebat
3660 4383 3676 4418 :
3722 4367 3764 4418 ei

2169 4444 2358 4515 gloria,
2404 4446 2660 4504 inusitato
2693 4459 2891 4507 nostrae
2925 4452 3214 4510 locutionis
3247 4469 3446 4526 genere
3485 4470 3631 4512 usus
3657 4466 3763 4520 est;

2169 4545 2224 4592 et
2251 4538 2395 4608 quod
2423 4539 2560 4594 dixit
2587 4559 2601 4596 :
2630 4542 2685 4596 in
2725 4545 2920 4598 swcula
2968 4544 3300 4610 saeculorum,
3347 4561 3562 4601 morem
3601 4563 3767 4603 sacra

622 4599 640 4612 _
761 4599 775 4610 _
1126 4599 1133 4600 ,
1196 4599 1515 4607 _--ﬁ____--...
1550 4599 1757 4621 ..........,
1796 4599 1870 4622 ν,
1905 4599 1963 4610 ...
1990 4599 2066 4612 ...-

487 4627 752 4697 dicamus,
783 4646 850 4687 ex
880 4648 988 4704 quo
1017 4637 1248 4695 mundus
1280 4643 1442 4712 cmpit
1465 4658 1605 4710 esse,
1630 4647 1854 4701 tacitum
1879 4649 2064 4703 occul-

2173 4599 2466 4699 Scriptura:
2510 4633 2700 4700 tenuit,
2741 4642 2797 4689 et
2839 4635 3259 4690 immensitatem
3306 4642 3626 4704 temporum
3675 4652 3764 4708 per

488 4729 709 4788 tumque
769 4723 867 4778 fuit
925 4728 1242 4797 mysterium
1288 4741 1489 4788 sanctae
1537 4735 1857 4802 Trinitatis,
1925 4738 2062 4809 quod

487 4827 646 4876 nunc,
697 4812 749 4867 in
804 4813 1036 4870 adventu
1081 4818 1303 4888 Christi,
1339 4825 1658 4894 patefactum
1695 4835 1790 4892 est,
1831 4826 1900 4882 ab
1948 4828 2063 4900 ipso

485 4901 732 4970 Chrisito,
775 4922 868 4977 per
915 4905 1214 4980 Scripturas
1270 4916 1664 4986 prophetarum,
1715 4919 1807 4988 qui
1857 4919 1924 4974 de
1970 4921 2063 4977 illo

486 4996 745 5066 mysterio
795 4997 1087 5068 aliquando
1155 5007 1356 5074 apertis
1386 5046 1402 5074 ,
1463 5007 1752 5078 aliquando
1817 5012 2063 5070 obscuris

484 5089 945 5159 prophetaverunt
991 5097 1336 5154 sermonibus
1366 5139 1380 5164 ,
1429 5101 1575 5156 verbi
1634 5104 1807 5173 gratia
1857 5122 1870 5158 :
1919 5104 2065 5160 Dixit

480 5179 699 5250 Moyses
737 5181 890 5256 (Cen.
931 5186 970 5257 ι)
1004 5205 1016 5240 :
1061 5187 1129 5243 In
1176 5191 1432 5261 principio
1468 5195 1658 5249 creavit
1698 5195 1837 5251 Deus
1878 5198 2063 5252 cretum

484 5281 532 5326 et
586 5283 800 5342 terram,
847 5289 894 5332 et
942 5278 1170 5350 Spiritus
1227 5281 1322 5336 Dei
1374 5283 1636 5353 ferebatur
1684 5304 1841 5358 super
1876 5305 2060 5359 aquas.

2171 4719 2274 4775 hoc
2313 4720 2481 4776 voluit
2521 4722 2824 4793 designare,
2891 4733 2948 4779 et
3000 4725 3108 4781 tale
3143 4732 3229 4781 est
3268 4725 3382 4780 acsi
3417 4726 3643 4782 diceret
3675 4747 3689 4782 :
3719 4729 3767 4781 in

2168 4810 2351 4864 omnia
2393 4809 2572 4866 futura
2608 4813 2824 4879 saecula,
2870 4815 3044 4870 honor
3078 4824 3136 4870 et
3168 4815 3340 4887 gloria
3383 4815 3458 4870 sit
3504 4819 3768 4887 omnipo—

2168 4901 2305 4956 tenti
2343 4901 2474 4956 Deo.
2513 4902 2678 4956 Amen
2713 4913 2892 4958 autem
2922 4905 3124 4960 idcirco
3172 4906 3452 4976 supposuit
3483 4906 3669 4976 (quod
3692 4918 3771 4963 est

2161 4979 2531 5064 juramentu’m
2569 4996 2652 5049 vel
2680 4995 2961 5052 allirmatio
2993 4998 3046 5052 in
3069 4998 3251 5070 lingua
3277 4998 3526 5064 llebrma,
3563 4999 3768 5056 Latine

2171 5094 2350 5140 autem
2397 5095 2557 5142 sonat
2601 5087 2834 5159 verum),
2884 5095 2947 5143 ut
3003 5089 3354 5146 conﬁrmaret
3394 5093 3587 5145 omnia
3642 5107 3766 5147 vera

2169 5192 2307 5244 esse,
2350 5192 2470 5248 quae
2513 5194 2612 5249 per
2652 5189 2822 5234 totum
2865 5181 3272 5250 textum'hujus
3306 5181 3555 5251 cpistola:
3591 5184 3674 5238 ah
3707 5197 3769 5238 eo

2168 5267 2370 5337 scripta
2404 5277 2550 5323 sunt.

494 5414 3770 5460 Μ

1229 5553 1337 5633 ΙΝ
1415 5555 1994 5637 EPISTOLAM
2053 5561 2067 5638 1

2171 5563 2284 5639 AD
2339 5563 3003 5644 CORINTHIOS.

1024 5751 1530 5811 ARGUMENTUM.

563 5836 838 5910 Praecepto
869 5839 1078 5898 Domini
1116 5844 1413 5902 Salvatoris
1450 5848 1754 5904 admonitus
1777 5848 2066 5921 Apostolus

2176 5759 2394 5828 Paulus,
2428 5763 2573 5826 venit
2599 5762 2941 5831 Corinthum,
2974 5779 3093 5834 quae
3111 5773 3196 5821 est
3223 5767 3542 5837 metmpolis
3567 5768 3770 5824 civitas

2175 5851 2409 5918 Achaire,
2469 5853 2761 5922 provinci-.c
2818 5855 3171 5918 GraecorUm.
3225 5854 3315 5910 ubi
3369 5868 3612 5913 moratus
3679 5871 3768 5914 εει
