3936 6446
198 447 302 504 809
881 444 1240 503 EXPOSITIO
1273 444 1338 501 IN
1378 445 1526 501 EPP.
1572 443 1630 500 S.
1670 443 1893 500 PAL’LI.
1932 474 1997 484 --
2034 443 2099 498 ib
2137 444 2353 499 EPIST.
2393 444 2412 499 l
2447 444 2537 498 AD
2573 443 2726 502 COR.
3339 449 3443 506 510

193 574 340 614 anno
380 557 592 629 integro
628 565 685 612 et
725 556 1002 614 mensibus
1040 573 1167 626 sex;
1223 559 1406 629 ibique
1455 567 1766 613 constanter
1795 560 1843 620 Α
1871 571 1989 610 cum
2029 557 2300 621 omnibus,
2342 556 2599 614 subaudis
2656 557 3042 622 sacerdotibus,
3087 559 3176 629 qui
3204 570 3444 614 invocant

194 647 510 721 pradicavit
543 647 914 721 Evangelium,
947 658 1154 706 tantum
1183 658 1242 704 ut
1259 665 1400 721 pene
1425 663 1612 704 omnes
1627 648 1767 718 ejus-

193 740 319 796 dem
359 739 598 796 civitatis
633 739 967 796 habitatores
1003 742 1068 796 ad
1109 740 1268 796 ﬁdem
1305 740 1506 796 Christi
1539 754 1765 794 conver-

193 839 358 886 teret.
411 829 518 886 Sed
557 840 840 902 postquam
895 833 1011 903 ipse
1058 832 1307 888 discessit
1349 832 1418 887 ab
1469 833 1567 896 eis,
1615 831 1767 886 multi

191 921 407 978 illorum
439 922 644 979 seducti
699 932 823 978 sunt
871 940 900 978 a
936 923 1135 980 Iudznis
1185 932 1239 979 et
1285 924 1766 995 pseudoapostolis.

191 1011 351 1080 Quod
393 1014 618 1070 audiens
648 1015 956 1086 Apostolus,
1008 1015 1226 1085 scripsit
1265 1016 1345 1070 eis
1385 1016 1522 1071 banc
1551 1015 1764 1085 Episto-

191 1105 305 1163 larn
331 1107 401 1164 ab
425 1108 658 1179 Epheso,
680 1117 736 1164 et
778 1110 924 1164 misit
947 1124 1044 1180 per
1069 1107 1435 1175 Timotheum,
1466 1109 1650 1164 volens
1675 1123 1768 1164 eos

192 1198 264 1252 ad
287 1196 446 1252 ﬁdem
469 1197 668 1254 Christi
695 1215 972 1266 revocare,
1003 1202 1126 1271 quia
1155 1201 1224 1256 ad
1255 1209 1463 1272 tempus
1493 1200 1560 1255 ab
1585 1215 1647 1256 ca
1679 1215 1767 1256 re-

195 1298 498 1356 cesserant,
527 1299 581 1347 et
612 1291 846 1363 reliquos
873 1293 1218 1350 conﬁrmare.

704 1441 928 1500 CAPUT
982 1443 1270 1501 PRIMUM.

265 1553 471 1610 Paulus
498 1565 713 1612 vocatus
745 1558 1010 1629 apostolus
1031 1559 1161 1614 Iesu
1183 1559 1378 1614 Christi
1412 1572 1510 1630 per
1529 1558 1772 1614 voluntao

193 1654 304 1702 tem
349 1645 468 1715 Dei,
516 1648 834 1705 subauditur
880 1650 1075 1707 Patris.
1125 1651 1201 1707 De
1241 1652 1456 1707 nomine
1491 1650 1676 1717 Pauli,
1716 1651 1769 1706 in

191 1735 438 1808 Epistola
477 1739 546 1795 ad
577 1739 870 1808 Romanos,
896 1751 1056 1812 prout
1095 1743 1286 1799 melius
1310 1757 1636 1814 cognoscere
1669 1756 1768 1814 po-

193 1831 413 1896 tuimus,
445 1835 767 1892 auctoritate
800 1837 1080 1892 doctorum
1122 1837 1302 1893 dicere
1343 1838 1675 1903 studuimus,
1712 1846 1769 1892 et

1869 662 2058 700 nomen
2112 646 2340 713 Domini,
2397 648 2482 702 vel
2521 664 2642 702 cum
2687 647 2935 704 omnibus
2985 645 3183 704 Iudaeis
3221 647 3446 704 creden-

1869 738 2034 804 tibus,
2067 753 2189 792 cum
2218 738 2298 792 eis
2325 737 2712 804 habitantibus,
2738 741 2793 794 in
2821 741 2960 794 omni
2997 739 3109 794 loco
3143 739 3370 809 ipsorum
3395 748 3444 793 et

1869 839 2086 895 nostro,
2135 829 2392 884 subaudis
2435 829 2660 883 salutem
2706 838 2972 899 optamus.
3031 829 3087 884 ln
3131 829 3276 885 omni
3325 828 3444 883 loco

1871 921 2128 990 ipsorum,
2159 920 2212 973 id
2238 929 2322 974 est
2350 920 2653 988 ubicunque
2683 919 2754 973 illi
2787 920 3005 985 fuerint,
3038 921 3128 990 qui
3155 921 3293 990 apud
3325 919 3444 976 illos

1870 1019 1995 1067 sunt
2030 1019 2084 1065 et
2116 1009 2253 1080 apud
2282 1024 2401 1074 nos,
2435 1009 2658 1063 salutem
2685 1016 2930 1077 optamus
2963 1024 3081 1062 cum
3105 1009 3202 1064 eis.

1941 1103 2125 1158 Gratia
2155 1103 2295 1158 vobis
2325 1102 2419 1168 sit,
2451 1103 2503 1158 id
2534 1111 2618 1158 est
2643 1102 2794 1165 ﬁdes,
2821 1103 3069 1158 remissio
3100 1112 3440 1173 peccatorum

1869 1204 1917 1249 et
1949 1211 2073 1265 pan,
2107 1208 2212 1264 qua
2242 1193 2654 1250 reconciliamur
2690 1194 2798 1248 Deo
2833 1193 2976 1248 Patri
3013 1209 3110 1263 per
3140 1195 3442 1262 passionem

1868 1285 2106 1351 Christi,
2134 1302 2166 1339 a
2194 1285 2304 1340 Deo
2340 1282 2550 1350 Patre,‘
2568 1293 2615 1338 et
2644 1283 2868 1338 Domino
2893 1283 3023 1338 Iesu
3051 1283 3278 1338 Christo.
3317 1284 3442 1354 Spi-

1869 1379 2007 1433 ritus
2036 1367 2220 1431 Sancti
2249 1391 2476 1447 persona
2508 1377 2562 1430 in
2593 1377 2749 1432 donis
2787 1375 2899 1432 suis
2932 1376 3215 1446 accipitur,
3255 1376 3308 1430 in
3354 1390 3441 1429 re—

1871 1469 2125 1523 missione
2150 1468 2399 1524 videlicet
2419 1476 2763 1539 peccatorum
2789 1476 2842 1522 et
2864 1482 3013 1538 pace,
3035 1467 3158 1538 quia
3187 1466 3445 1521 Dominus

1871 1561 2146 1631 discipulis
2187 1563 2453 1631 promisit,
2496 1562 2746 1633 inquiens
2776 1580 2790 1617 :
2825 1561 2929 1616 Vos
2954 1572 3127 1617 autem
3151 1561 3443 1631 baptizabi-

1869 1653 1998 1705 mini
2020 1653 2075 1705 in
2093 1650 2290 1722 Spiritu
2316 1662 2494 1707 sancto
2517 1652 2667 1723 (Luc.
2693 1653 2799 1724 ιιι).
2825 1651 3034 1707 Gratias
3057 1669 3154 1724 ago
3175 1651 3284 1706 Deo
3309 1667 3440 1718 meo,

1871 1745 1925 1801 id
1962 1753 2046 1800 est
2083 1745 2286 1816 gratias
2324 1746 2409 1802 vel
2451 1745 2636 1802 laudes
2673 1745 2849 1801 refero
2886 1747 2994 1802 Deo
3052 1763 3200 1812 meo,
3243 1762 3445 1817 semper

1869 1834 2146 1906 pro.vobis.
2171 1834 2307 1890 Cum
2339 1835 2474 1890 dixit
2501 1835 2818 1906 Apostolus:
2851 1835 3066 1892 Gratias
3092 1852 3192 1906 ago
3218 1836 3357 1900 Deo,
3388 1835 3442 1890 id

191 1923 463 1993 quomodo
494 1924 610 1995 ipse
635 1935 855 1983 vocatus
895 1927 965 1983 sit
1008 1927 1300 1998 apostolus.
1343 1928 1401 1982 In
1441 1929 1544 1984 hoc
1587 1937 1764 1983 autem
1795 1919 1840 1978 Β
1866 1937 1952 1982 est
1977 1927 2182 1992 laudes,
2232 1941 2338 1982 non
2379 1928 2496 1982 sine
2525 1941 2684 1982 causa
2730 1927 2933 1983 addidit
2968 1943 3106 1982 meo.
3137 1927 3270 1983 Cum
3297 1927 3440 1982 enim

193 2013 338 2082 quod
363 2013 522 2072 dicit:
548 2024 772 2073 vocatus
799 2017 1070 2087 apostolus
1091 2017 1215 2073 Iesu
1230 2017 1428 2074 Christi
1456 2033 1552 2088 per
1576 2017 1769 2074 volunu.

196 2112 362 2159 tatem
403 2105 493 2161 Dei
535 2104 750 2173 Patris,
795 2109 1032 2164 ostendit
1074 2124 1235 2164 unam
1276 2109 1604 2164 voluntatem
1648 2123 1767 2165 esse

191 2194 370 2252 Patris
398 2205 452 2252 et
484 2198 625 2254 Filii.
675 2199 830 2256 Sicut
866 2203 1009 2258 enim
1040 2203 1198 2258 unius
1235 2204 1579 2270 substantiae,
1607 2203 1768 2258 unius

188 2285 490 2354 maiestatis
523 2297 684 2360 atque
721 2292 976 2362 potentizc
1014 2301 1139 2348 sunt
1173 2291 1332 2346 Pater
1371 2301 1426 2347 et
1465 2293 1650 2356 Filius,
1692 2292 1765 2346 ita

185 2378 349 2434 unius
377 2379 668 2438 voluntatis
699 2384 973 2451 existunt,
1016 2393 1072 2440 et
1116 2386 1206 2454 qui
1239 2395 1502 2442 vocantur
1536 2402 1566 2440 a
1606 2384 1766 2452 Filio,

189 2478 454 2525 vocantur
480 2487 509 2526 a
537 2471 717 2530 Patre.
761 2474 913 2530 Sicut
955 2475 1152 2531 Paulus
1190 2493 1288 2547 per
1321 2477 1514 2532 Filium
1541 2485 1768 2532 vocatus

179 2568 295 2626 est,
326 2562 400 2616 ita
429 2578 460 2618 a
492 2564 601 2620 Deo
630 2565 791 2620 Patre
815 2567 1106 2638 apostolus,
1129 2569 1185 2623 id
1216 2576 1299 2623 est
1325 2569 1520 2624 missus
1543 2578 1598 2623 et
1625 2568 1769 2640 lega-

181 2659 296 2716 tus,
319 2652 444 2721 quia
471 2653 739 2726 legatione
751 2657 1027 2730 Evangelii
1066 2657 1280 2713 functus
1302 2668 1403 2714 est.
1421 2658 1625 2726 Quibus
1647 2673 1768 2712 ver-

181 2740 277 2797 bis
302 2744 537 2812 percutit
583 2748 1079 2817 pseudoapostolos,
1103 2764 1311 2805 necnon
1337 2757 1390 2805 et
1417 2749 1650 2815 Iudaeos,
1674 2750 1766 2819 qui

182 2832 447 2889 dicebant
488 2834 638 2891 illum
667 2851 773 2892 non
798 2853 919 2893 esse
955 2853 986 2893 a
1015 2838 1125 2894 Deo
1145 2847 1394 2895 vocatum
1430 2839 1765 2910 Apostolum.

175 2921 263 2976 Et
310 2921 607 2992 Sostltenes,
659 2926 826 2996 frater
870 2929 924 2982 in
975 2927 1110 2992 ﬁde,
1154 2937 1210 2984 et
1259 2930 1314 2983 in
1365 2929 1765 3000 prtedicatione,

177 3027 296 3068 non
328 3022 506 3071 tamen
534 3017 824 3087 apostolus.
869 3017 1047 3086 Quare
1075 3018 1455 3089 interponebat
1481 3019 1771 3089 Apostolus

177 3106 407 3162 nomina
465 3107 846 3180 discipulorum
911 3125 1130 3166 suorum
1190 3110 1243 3165 in
1305 3110 1419 3166 suis
1463 3110 1768 3181 Epistolis?

174 3199 272 3257 Ob
302 3201 436 3258 duas
459 3216 653 3258 causas
679 3221 692 3256 :
720 3204 834 3260 sive
868 3212 927 3259 ut
960 3204 1181 3276 majoris
1206 3203 1540 3260 auctoritatis
1565 3213 1762 3271 essent,

1865 2018 2106 2074 omnium
2135 2024 2507 2074 creaturarum
2528 2033 2670 2073 unus
2693 2017 2761 2072 sit
2781 2032 2878 2088 per
2900 2025 3144 2072 naturam
3174 2028 3334 2087 atque
3348 2031 3443 2087 po-

1867 2109 2110 2174 tentiam,
2139 2123 2204 2165 eo
2227 2109 2369 2181 quod
2396 2109 2468 2165 sit
2489 2107 2714 2182 Creatgr
2739 2109 2976 2164 omnium
3001 2108 3230 2171 illorum,
3260 2119 3440 2164 tamen

1845 2200 2082 2270 proprie
2111 2200 2308 2255 dicitur
2331 2201 2472 2256 Deus
2494 2213 2632 2265 esse,
2656 2198 2746 2269 qui
2772 2198 2966 2254 merito
2992 2197 3112 2254 ﬁdei
3145 2208 3199 2254 et
3221 2197 3442 2267 iustitia:

1866 2289 1982 2357 ejus
2009 2288 2244 2344 cultores
2271 2304 2390 2345 esse
2419 2291 2734 2360 probantur,
2773 2289 2912 2344 sicut
2946 2287 3088 2344 beati
3131 2289 3279 2344 Pauli
3313 2289 3443 2345 alio-

1850 2394 2093 2449 rumque
2117 2381 2498 2450 apostolorum.
2538 2381 2704 2446 Hinc,
2736 2379 2932 2435 dicitur
2965 2397 2978 2434 :
3012 2380 3125 2450 Ego
3159 2397 3273 2435 sum
3305 2381 3442 2435 Deus

1865 2470 2151 2537 Abraham,
2180 2471 2320 2526 Deus
2347 2471 2528 2537 Isaac,
2551 2481 2598 2527 et
2628 2472 2769 2526 Deus
2792 2470 2954 2526 Iacob
2983 2471 3178 2544 (Exod.
3203 2473 3312 2544 ut),
3345 2487 3443 2542 per

1865 2561 2095 2632 gratiam
2121 2571 2176 2617 et
2200 2563 2324 2618 vitte
2353 2564 2628 2618 meritum.
2653 2564 2720 2618 Et
2738 2579 2906 2633 quare
2934 2565 3132 2620 dicitur
3155 2581 3214 2620 se
3243 2567 3442 2637 gratius

1863 2667 2025 2725 agere
2050 2655 2160 2710 Deo
2181 2669 2396 2725 semper
2420 2670 2518 2725 pro
2543 2655 2715 2710 salute
2746 2655 2979 2722 illorum,
3009 2671 3130 2711 cum
3162 2671 3319 2711 nemo
3347 2657 3442 2710 bo-

1864 2747 2070 2801 minum
2107 2760 2320 2817 semper
2361 2748 2530 2818 possit
2572 2747 2807 2803 intentus
2835 2761 2954 2803 esse
2989 2747 3319 2803 orationibus
3348 2755 3442 2802 aut

1865 2839 2158 2909 gratiarum
2181 2840 2499 2894 actionibus.
2524 2837 2656 2894 Nam
2681 2839 2819 2895 sicut
2848 2841 2900 2894 in
2922 2840 3200 2910 scripturis
3222 2838 3440 2895 Patrum

1865 2925 2112 2997 legimus,
2141 2927 2429 2996 Apostolus
2456 2927 2524 2982 ab
2550 2929 2682 2983 hora
2710 2929 2881 2999 prima
2911 2942 3080 2998 usque
3110 2929 3176 2984 ad
3199 2930 3440 2999 quintam

1866 3019 2016 3088 operi
2038 3033 2290 3073 manuum
2307 3019 2616 3085 insistebat;
2637 3021 2703 3074 ab
2724 3021 2856 3074 hora
2870 3030 3048 3075 autem
3066 3022 3250 3090 quinta
3274 3037 3442 3090 usque

1861 3111 1935 3166 ad
1963 3109 2226 3175 decimam
2266 3111 2635 3181 pnedicationi
2679 3128 2896 3182 operam
2929 3113 3121 3179 dabat;
3154 3124 3272 3182 post
3301 3115 3443 3168 deci-

1868 3218 2010 3258 mam
2044 3218 2174 3257 vero
2205 3202 2420 3267 iterum,
2464 3203 2789 3273 procurabat
2817 3200 3110 3273 pauperum
3140 3204 3444 3274 peregrino-

175 3293 479 3349 secundum
516 3295 660 3366 quod
688 3295 944 3352 Dominus
978 3297 1152 3352 dixit:
1194 3295 1261 3350 In
1299 3313 1388 3351 ore
1424 3297 1648 3350 duorum
1688 3295 1766 3351 vel
1793 3277 1837 3338 ί)
1870 3308 2096 3363 rumque
2119 3287 2763 3363 lfospitalitatem,suique
2783 3293 3438 3362 corporisnecessitatem;

176 3386 346 3439 trium
385 3388 588 3441 testium
621 3389 777 3443 stabit
813 3407 963 3444 omne
996 3390 1200 3444 verbum
1233 3389 1450 3459 (Matth.
1483 3391 1658 3462 xvm),
1698 3406 1765 3447 ne

177 3474 385 3552 aliquis
426 3478 661 3545 diceret,
687 3481 811 3550 quia
841 3482 997 3536 unius
1023 3481 1305 3536 mendacio
1337 3481 1435 3536 ista
1464 3483 1765 3553 excogitata

179 3577 346 3632 sunt;
403 3568 517 3624 sive
558 3581 616 3625 ut
650 3571 945 3642 compleret
971 3572 1114 3642 quod
1154 3573 1268 3642 ipse
1305 3571 1553 3639 docebat,
1583 3574 1766 3630 dicens

181 3662 246 3716 in
293 3663 525 3731 quodam
574 3662 693 3720 loco
737 3682 749 3718 :
802 3663 864 3719 Si
909 3666 994 3719 cui
1042 3665 1321 3720 revelatum
1367 3666 1522 3736 fuerit
1568 3665 1767 3738 aliquid

175 3753 409 3818 sedenti,
427 3754 750 3825 priortaceat
766 3753 815 3825 (Ι
833 3753 956 3809 Cor.
982 3755 1113 3826 xlv).
1132 3754 1266 3810 Nam
1296 3756 1511 3825 quando
1532 3757 1770 3812 dictabat

183 3845 479 3916 Epistolas,
507 3847 753 3918 discipuli
796 3846 914 3916 ejus
939 3850 1164 3904 aderant
1196 3851 1249 3906 in
1275 3854 1580 3921 praesentia,
1629 3862 1683 3908 et
1722 3854 1768 3908 si

181 3934 332 3990 forte
361 3935 520 3991 alicui
565 3935 778 3990 illorum
825 3936 984 3992 aliter
1023 3947 1116 3992 aut
1161 3939 1264 3994 alia
1313 3941 1548 3996 revelata
1590 3952 1769 3997 essent

188 4041 292 4096 per
317 4025 575 4095 Spiritum
611 4039 858 4083 sanctum
906 4045 1066 4099 quam
1092 4031 1203 4100 ipse
1228 4033 1460 4097 dicebat,
1479 4035 1601 4103 quia
1631 4035 1770 4088 idem

195 4115 434 4183 Spiritus
463 4127 681 4173 sanctus
719 4127 842 4173 erat
887 4120 941 4173 in
977 4121 1278 4191 discipulis,
1309 4123 1480 4191 quiet
1517 4125 1570 4178 in
1598 4125 1770 4194 magi-

191 4213 328 4271 stro,
356 4206 499 4262 sicut
541 4207 610 4262 ab
658 4208 748 4263 illo
777 4209 1090 4276 dicebatur,
1128 4211 1201 4264 ita
1241 4214 1475 4281 ponebat
1525 4214 1577 4267 in
1623 4213 1741 4269 ordi

189 4313 352 4362 nem,
397 4313 504 4354 non
549 4299 795 4355 invidens
841 4301 1012 4355 bonus
1059 4302 1316 4372 magister
1356 4302 1671 4374 discipulis;
1719 4312 1775 4361 et

187 4393 415 4459 insuper
457 4406 651 4448 nomen
693 4392 837 4447 illius
879 4393 932 4447 in
966 4393 1187 4448 exordio
1229 4409 1350 4450 cum
1393 4410 1490 4450 suo
1516 4397 1770 4467 ponebat,

188 4484 317 4554 quia
339 4485 630 4554 quamdam
655 4495 858 4556 partem
883 4485 954 4540 ibi
980 4486 1229 4542 habebat.

1867 3401 1965 3457 per
2001 3395 2211 3441 noctem
2256 3401 2386 3440 vero
2448 3385 2679 3441 orationi
2737 3384 3092 3442 intentissime
3137 3382 3440 3438 insudabat.

1865 3480 2034 3550 Igitur
2055 3487 2275 3550 propter
2294 3479 2514 3534 nimiam
2541 3479 2910 3535 assiduitatem
2927 3519 2940 3542 ,
2961 3493 3067 3549 qua
3090 3492 3188 3547 per
3209 3476 3445 3548 singulos

1865 3575 1984 3630 dies
2014 3582 2069 3629 et
2096 3582 2279 3629 noctes
2305 3573 2415 3628 Deo
2440 3573 2644 3644 gratias
2673 3571 2961 3636 referebat,
2991 3579 3101 3625 tam
3130 3585 3230 3640 pro
3250 3567 3444 3625 Corin-

1862 3665 1997 3720 thiis
2043 3680 2206 3734 quam
2245 3679 2344 3735 pro
2381 3665 2632 3721 omnibus
2667 3679 2804 3734 quos
2841 3662 3056 3719 Christo
3097 3663 3443 3732 acquisierat,

1868 3757 2002 3812 dixit
2023 3771 2083 3811 se
2101 3756 2304 3827 gratias
2326 3756 2435 3811 Deo
2458 3770 2672 3826 semper
2693 3755 2895 3810 referre
2913 3767 3012 3824 pro
3033 3753 3138 3809 illis
3162 3770 3176 3808 :
3199 3755 3253 3807 in
3275 3753 3447 3824 gratia

1871 3849 1989 3914 Dei,
2017 3849 2243 3904 subaudi
2289 3848 2486 3912 Patris,
2518 3849 2570 3903 id
2607 3857 2690 3904 est
2717 3864 2814 3918 pro
2846 3847 3164 3902 remissione
3195 3853 3446 3916 peccato-

1868 3955 2012 4001 rum,
2035 3955 2152 4009 qua:
2177 3939 2304 3992 data
2332 3948 2405 3993 est
2433 3939 2593 4003 vobis,
2625 3938 2849 3994 subaudi
2879 3937 3045 4008 gratis
3071 3952 3099 3991 a
3130 3938 3236 3990 Deo
3266 3937 3446 4002 Patre,

1868 4029 1926 4083 in
1953 4027 2161 4083 Christo
2183 4027 2332 4092 Iesu,
2364 4028 2466 4082 hoc
2499 4036 2582 4082 cst
2626 4043 2720 4096 per
2751 4027 2908 4080 ﬁdem
2939 4025 3137 4080 Christi
3168 4023 3314 4078 Iesu.
3343 4025 3450 4081 Illis

1871 4119 2013 4174 enim
2041 4118 2408 4172 tantummodo
2431 4118 2657 4188 largitur
2683 4119 2824 4172 Deus
2840 4117 3004 4171 Pater
3025 4116 3249 4184 gratiam
3273 4129 3445 4179 suam,

1872 4209 1926 4264 id
1957 4216 2039 4264 est
2067 4207 2434 4263 remissionem
2463 4216 2828 4277 peccatorum,
2857 4219 2994 4275 quos
3023 4203 3269 4259 videlicet
3296 4217 3450 4258 vera-

1872 4299 2009 4356 citer
2029 4299 2305 4370 cognoscit
2327 4299 2548 4354 credere
2580 4299 2634 4354 in
2669 4297 2863 4352 Filium
2895 4311 3082 4360 suum;
3111 4296 3283 4366 gratia
3313 4295 3448 4350 dici-

1875 4400 1963 4446 tur
1989 4390 2158 4462 gratis
2183 4388 2325 4445 data.
2369 4391 2436 4445 Et
2479 4406 2585 4445 non
2617 4390 2886 4445 immerito
2915 4387 3162 4444 remissio
3197 4395 3450 4455 peccato-

1875 4497 1992 4536 rum
2022 4491 2079 4536 et
2115 4481 2248 4538 ﬁdes
2272 4483 2446 4554 gratia
2485 4482 2581 4537 Dei
2625 4481 2990 4552 appellantur,
3038 4480 3162 4549 quia
3192 4477 3451 4549 quidquid

266 4575 516 4631 Ecclesia:
559 4577 697 4643 Dei,
738 4595 854 4647 qua:
896 4588 972 4633 est
1019 4577 1274 4634 Corinthi.
1319 4579 1662 4638 Generaliter
1707 4584 1772 4638 ad
1804 4643 1838 4647 _
1874 4573 2138 4630 donorum
2180 4575 2441 4629 habemus
2485 4573 2577 4629 Dei
2619 4574 2790 4644 gratia
2818 4581 2906 4628 est
2957 4571 3254 4642 :quoniam
3284 4569 3451 4642 gratis

188 4683 405 4724 omnem
420 4643 813 4733 Ecclesiampid
829 4677 912 4726 est
933 4669 1324 4727 multitudinem
1346 4674 1771 4742 Corinthiorum,
1804 4643 1851 4702 ί)
1877 4669 2032 4724 nobis
2063 4669 2316 4724 tribuitur
2352 4667 2510 4722 nullis
2534 4643 2958 4737 praecedentibus
2986 4664 3212 4719 meritis

193 4763 407 4827 scribit,
429 4763 555 4832 quia
583 4764 838 4818 carebant
867 4764 940 4819 illi
969 4766 1144 4820 adhuc
1172 4767 1423 4837 episcopo
1449 4769 1534 4821 cui
1568 4769 1776 4838 specia-

189 4856 320 4912 liter
339 4857 618 4914 scriberet.
648 4856 1000 4927 Sanctiﬁcatis
1023 4859 1076 4912 in
1098 4859 1304 4915 Christo
1322 4859 1471 4926 Iesu,
1500 4861 1550 4916 id
1573 4871 1654 4918 est
1676 4877 1772 4932 per

193 4951 354 5006 ﬁdem
393 4949 592 5005 Christi
621 4949 768 5013 Iesu,
803 4966 900 5022 per
923 4952 1227 5022 passionem
1261 4951 1408 5021 ejus,
1446 4968 1543 5024 per
1575 4969 1769 5025 aquam

191 5039 552 5108 baptismatis.
580 5039 788 5095 Vocatis
812 5042 1026 5095 sanctis.
1048 5041 1161 5097 Non
1190 5043 1308 5099 ideo
1327 5046 1504 5099 vocati
1528 5045 1771 5102 suntCu-

195 5131 386 5185 rinthii
414 5131 480 5184 ad
501 5131 771 5188 Christum
805 5148 903 5202 per
929 5132 1152 5187 Paulum
1185 5135 1329 5206 quod
1376 5138 1547 5190 sancti
1571 5147 1774 5204 essent,

193 5222 295 5277 sed
350 5232 411 5278 ut
461 5223 930 5280 sanctiﬁcarentur
978 5236 1272 5298 sancteque
1325 5229 1582 5284 viverent.
1643 5229 1775 5286 Cum

197 5317 435 5372 omnibus
485 5318 576 5389 qui
637 5318 876 5373 invocant
934 5336 1121 5375 nomen
1166 5319 1376 5375 Domini
1435 5323 1599 5376 nostri
1647 5324 1776 5378 Iesu

197 5406 412 5463 Christi.
445 5409 793 5466 Saccrdotum
835 5418 919 5466 est
954 5411 1206 5468 invocare
1230 5412 1514 5468 Dominum
1554 5428 1650 5483 pro
1687 5430 1775 5468 sa-

198 5503 315 5558 lute
339 5502 541 5574 populi,
563 5512 623 5558 ut
644 5504 710 5560 de
734 5503 866 5575 ipsis
887 5505 1083 5561 dicitur
1108 5505 1160 5560 in
1183 5505 1362 5561 Veteri
1390 5505 1734 5561 Testamento
1760 5523 1774 5560 :

200 5591 314 5650 Vos
342 5595 664 5652 invocabitis
709 5611 896 5650 nomen
931 5612 1100 5651 meum
1123 5636 1137 5661 ,
1166 5607 1213 5651 et
1242 5613 1335 5666 ego
1371 5595 1672 5651 benedicam
1705 5597 1778 5651 eis

201 5685 392 5755 (Num.
419 5686 514 5755 vr).
541 5685 606 5740 Et
635 5685 689 5740 in
713 5685 924 5741 Psalmo
949 5703 961 5739 :
997 5685 1202 5757 Moyses
1227 5697 1275 5740 et
1305 5687 1481 5741 Aaron
1521 5687 1573 5739 in
1607 5703 1781 5742 sacer-

200 5775 408 5841 dotibus
447 5775 588 5844 ejus;
632 5773 844 5830 Samuel
883 5774 1017 5828 inter
1061 5792 1147 5830 eos
1185 5776 1276 5830 aui
1318 5776 1558 5830 invocant
1595 5792 1780 5829 nomen

203 5869 318 5940 ejus
347 5865 516 5937 (Psal.
544 5866 822 5936 nxxvtn).
867 5864 975 5918 Hoc
1005 5865 1285 5936 dupliciter
1308 5873 1483 5936 potest
1509 5864 1730 5933 intelligi
1765 5884 1776 5918 :
1849 5848 2004 5918 'rum
2044 5875 2256 5931 quoque
2299 5873 2505 5949 necnon
2533 5863 2587 5913 et
2617 5853 2898 5926 passionis,
2940 5847 3472 5916 resurrectioniuw.»

1949 4758 2100 4824 Quod
2137 4759 2192 4812 in
2223 4757 2460 4812 omnibus
2489 4757 2671 4811 divites
2709 4757 2836 4827 facti
2868 4755 2988 4810 estis
3021 4754 3076 4809 in
3105 4753 3215 4817 illo,
3242 4754 3343 4809 hoc
3369 4760 3454 4808 est

1875 4853 1930 4906 in
1954 4850 2185 4906 Christo.
2229 4850 2285 4904 ln
2319 4850 2515 4920 quibus
2543 4851 2703 4905 rebus
2724 4848 2796 4903 illi
2821 4855 2978 4903 erant
3003 4846 3196 4900 divites
3220 4843 3452 4925 elfecti?

1876 4943 1932 4999 in
1967 4942 2104 5007 ﬁde,
2151 4942 2206 4996 in
2249 4941 2528 5005 doctrina,
2578 4942 2632 4995 in
2677 4941 2990 4995 diversitate
3034 4937 3354 5008 linguarum,
3399 4933 3455 4989 in

1875 5031 2112 5087 eiiicacia
2146 5032 2550 5087 miraculorum.
2602 5031 2722 5087 Ista:
2769 5039 2895 5086 sunt
2938 5029 3138 5085 divitiae
3181 5025 3459 5098 spiritales

1878 5123 2072 5192 quibus
2101 5124 2340 5178 ditantur
2366 5123 2542 5177 electi.
2577 5121 2644 5175 In
2679 5123 2820 5176 omni
2857 5121 3030 5184 verba,
3070 5120 3124 5174 id
3165 5127 3250 5173 est
3279 5118 3332 5171 in
3363 5117 3458 5172 do-

1877 5217 2051 5272 ctrina
2073 5215 2203 5270 Novi
2229 5216 2593 5280 'I‘estamenti;
2621 5225 2668 5270 et
2695 5217 2748 5270 in
2780 5217 2920 5270 omni
2942 5214 3181 5278 scientia,
3205 5210 3465 5267 subaudis

1883 5309 2093 5365 Veteris
2129 5317 2184 5363 et
2212 5308 2344 5363 Novi
2373 5307 2704 5364 Testamenti
2725 5347 2739 5372 ,
2767 5307 2881 5370 vel,
2913 5314 2972 5359 ut
3005 5305 3077 5358 ita
3108 5303 3374 5367 dicamus,
3401 5302 3456 5355 iu

1878 5402 2025 5457 omni
2045 5400 2306 5472 sapientia
2324 5411 2380 5454 et
2403 5399 2645 5466 scientia,
2664 5399 2778 5455 sive
2800 5399 2854 5454 in
2879 5397 3150 5453 intellectu
3173 5392 3386 5452 Veteris
3403 5401 3458 5449 et

1881 5491 2013 5548 Novi
2044 5491 2395 5547 Testamenti.

1953 5583 2103 5638 Sicut
2127 5584 2474 5639 testimonium
2495 5582 2692 5637 Christi
2724 5579 3088 5649 conﬁrmatum
3110 5587 3185 5632 est
3215 5577 3270 5630 in
3292 5573 3454 5629 vobis.

1882 5676 2273 5732 Testimonium
2313 5675 2514 5731 Christi
2557 5674 2790 5745 appellat
2832 5669 3218 5741 Erangelium.
3261 5667 3312 5721 in
3351 5682 3468 5736 quo

1882 5777 2174 5826 narrantur
2214 5767 2520 5824 testimonia
2562 5764 2859 5820 nativitatis
2901 5761 3133 5826 Christi,
3173 5757 3461 5814 miraculo.

3652 5787 3682 5860 ’ἵ
