3936 6494
477 416 576 471 ὗΗ

963 407 1319 465 HA‘t'MOIx'IS
1355 406 1845 468 HALBERSTAT.
1887 402 2102 460 EPISC.
2146 401 2296 458 OPP.
2341 402 2518 459 PARS
2561 405 2602 460 l.
2633 434 2698 443 —
2727 403 3080 462 COMMENT.
3123 406 3292 462 BIBL.

3667 408 3771 464 5i!

481 531 620 602 ejus,
648 537 702 585 et
735 526 1066 584 ascensionis
1104 525 1171 580 ad
1199 525 1384 590 caelos,
1431 533 1486 580 et
1530 525 1794 579 adventus
1824 522 1965 577 illius
1999 519 2068 575 ad
2095 529 2144 586 Α
2174 519 2279 586 Qui
2325 530 2373 575 et
2437 521 2766 590 conﬁrmabit
2821 541 2941 590 vos,
2999 526 3052 581 id
3098 535 3183 582 est
3213 526 3515 581 .roborabtt
3563 526 3625 580 in
3671 542 3774 581 sua

476 619 758 691 judicium.
791 615 920 683 Quae
952 613 1260 668 testimonia
1293 613 1542 669 Christus
1591 623 1715 669 ante
1760 614 2066 685 passionem

482 728 634 767 suam
671 708 935 780 prmdixit,
987 714 1042 762 et
1072 707 1249 762 omnia
1292 707 1345 760 in
1376 715 1551 762 morte
1581 722 1678 761 sua
1706 705 2062 782 conﬁrmavit.

484 805 771 859 Videamus
801 817 969 856 unum
994 802 1358 856 testimonium
1394 818 1459 857 ex
1491 801 1696 868 multis,
1725 810 1777 857 et
1811 801 2064 868 conside-

481 908 664 948 remus
693 891 961 961 quomodo
998 891 1126 944 illud
1179 892 1446 960 praedixit,
1476 901 1531 946 et
1567 893 1836 962 quomodo
1864 892 2064 946 conﬁr-

482 983 646 1036 mavit
670 998 684 1048 ;
716 981 871 1052 longe
900 991 1024 1035 ante
1051 981 1355 1050 passionem
1385 997 1557 1046 suam,
1585 982 1720 1036 dixit
1745 982 2018 1052 discipulis
2049 1001 2061 1036 :

482 1073 620 1128 Ecce
665 1075 996 1128 ascendimus
1028 1072 1450 1142 Hierosolymam
1485 1084 1532 1126 et
1567 1074 2068 1128 consuntmabuntur

481 1164 660 1218 omnia
686 1180 802 1234 qua:
825 1163 1020 1234 scripta
1045 1173 1166 1217 sunt
1195 1180 1286 1233 per
1317 1165 1592 1233 proyhetas
1631 1165 1696 1218 de
1724 1162 1865 1218 Filio
1903 1165 2067 1219 homi-

477 1256 595 1319 nis,
646 1263 788 1320 etc.,
838 1269 1008 1322 usque
1065 1253 1189 1306 dum
1241 1254 1356 1318 ait,
1405 1262 1452 1307 et
1497 1253 1581 1307 die
1623 1255 1778 1308 tertia
1836 1263 2065 1324 resurget

479 1344 634 1403 :Luc.
665 1343 842 1416 xvm).
877 1345 968 1400 Sic
989 1345 1192 1410 omnia,
1222 1345 1310 1400 illo
1339 1346 1586 1400 veniente
1611 1345 2060 1416 Hierosolymam,

476 1436 742 1507 completa
773 1438 1070 1506 sunt,quia
1099 1438 1330 1493 traditus
1351 1447 1434 1492 est
1461 1438 1732 1509 gentibus,
1760 1438 1931 1494 Pilato
1959 1439 2067 1495 sci-

478 1525 629 1592 licet,
655 1535 709 1582 et
749 1527 1008 1583 militibus
1047 1525 1162 1596 ejus
1209 1527 1398 1582 illusus
1441 1536 1554 1592 est,
1595 1528 1842 1594 occisus,
1880 1537 1934 1583 et
1980 1529 2066 1584 die

481 1617 642 1673 tertia
673 1618 986 1673 resurrexit.
1025 1619 1178 1673 Unde
1216 1619 1346 1674 dicit
1383 1619 1702 1689 Apostolus:
1732 1619 1883 1675 Sicut
1913 1622 2066 1676 testi—

480 1710 718 1764 monium
741 1710 960 1775 Christi,
994 1711 1045 1765 id
1075 1720 1156 1766 est
1179 1711 1552 1782 Evangelium,
1576 1713 1952 1768 conﬁrmatum
1982 1720 2067 1768 est

480 1802 534 1855 iu
563 1802 730 1865 vobis,
763 1804 863 1857 hoc
895 1812 993 1869 est,
1025 1805 1289 1859 creditum
1316 1812 1398 1861 est
1429 1822 1459 1860 a
1489 1806 1658 1870 vobis,
1688 1815 1742 1861 et
1770 1807 2063 1862 conﬁrma-

2167 609 2272 666 ﬁde
2294 619 2348 665 et
2369 611 2422 666 in
2447 612 2603 668 bonis
2624 615 2900 685 cperibus,
2927 631 3089 686 usque
3115 617 3172 670 in
3192 616 3371 684 ﬁnem,
3401 616 3458 670 id
3479 623 3570 670 est
3595 631 3774 686 usqe

2166 700 2233 755 ad
2262 701 2400 756 diem
2431 703 2624 758 mortis
2653 712 2868 769 vestrae,
2909 704 2994 759 vel
3036 721 3208 774 usque
3248 707 3314 760 ad
3357 707 3504 763 diem
3549 706 3770 775 judicii,

2165 790 2275 842 sine
2297 792 2532 845 crimine.
2562 791 2677 847 Non
2699 793 2830 848 dicit
2852 794 2970 850 sine
2989 804 3232 864 peccato,
3249 797 3342 852 sed
3365 797 3489 851 sine
3509 797 3770 863 crimine,

2166 881 2218 935 id
2247 890 2330 936 est
2361 883 2478 937 sine
2525 883 2738 954 capitali
2782 894 3024 955 peccato,
3051 888 3194 956 quod
3236 903 3268 942 a
3300 903 3472 960 regno
3500 889 3770 944 celos-tm

2165 981 2403 1040 separat.
2435 972 2570 1026 Nam
2608 973 2784 1029 nullus
2814 977 2976 1032 homo
3003 987 3088 1033 εει
3119 992 3282 1049 super
3308 988 3520 1034 terram
3546 981 3654 1050 qui
3688 981 3768 1036 fa-

2165 1061 2273 1116 ciat
2301 1063 2498 1118 bonum
2529 1072 2584 1119 et
2612 1080 2716 1120 non
2747 1078 2952 1136 peccet,
2980 1079 3075 1124 aut
3103 1070 3157 1125 in
3179 1071 3372 1135 verbo,
3395 1081 3504 1126 aut
3532 1073 3588 1126 in
3619 1077 3772 1142 cogi-

2167 1153 2391 1209 tatione.
2429 1154 2580 1211 Unde
2637 1166 2693 1212 et
2735 1156 2972 1216 Joannes
3011 1161 3087 1216 ait
3123 1180 3137 1217 :
3181 1163 3242 1218 Si
3292 1165 3622 1219 ditarit-tus.
3647 1167 3770 1234 quia

2164 1256 2431 1314 peccatum
2456 1265 2558 1302 non
2590 1249 2857 1314 habemus,
2884 1253 3118 1324 nosipsos
3141 1256 3468 1322 seducimus,
3496 1268 3548 1311 et
3579 1261 3769 1313 veritas

2164 1340 2219 1393 in
2247 1341 2392 1395 nobis
2422 1359 2525 1396 non
2565 1354 2638 1398 est
2667 1343 2719 1417 (I
2743 1344 2905 1400 Joan.
2936 1347 2997 1417 ι).
3030 1348 3184 1416 Quod
3211 1359 3394 1405 autem
3423 1352 3601 1406 dicit:
3635 1367 3765 1406 con-

2165 1430 2401 1486 ﬁrmabit
2444 1449 2542 1488 vos
2590 1449 2762 1504 usque
2794 1437 2846 1490 in
2887 1436 3072 1504 ﬁnem,
3100 1441 3203 1495 hoc
3251 1441 3536 1512 exposuit,
3567 1442 3769 1496 subne-

2165 1530 2358 1577 ctens:
2393 1521 2458 1576 In
2502 1524 2588 1578 die
2630 1525 2882 1582 adventus
2923 1527 3136 1584 Domini
3181 1532 3345 1585 nostri
3377 1530 3518 1585 Iesu
3550 1530 3767 1598 Christi,

2165 1611 2379 1681 quando
2435 1613 2550 1683 ipse
2602 1617 2782 1670 veniet
2836 1618 3058 1674 reddere
3109 1620 3404 1690 unicuique
3464 1623 3767 1677 secundm:

2165 1720 2329 1775 Opera
2374 1721 2493 1761 sua.
2543 1707 2676 1763 Duae
2716 1716 3057 1780 autem.sunt
3105 1714 3424 1768 vocationes
3463 1730 3482 1769 :
3533 1730 3648 1768 una
3691 1726 3768 1770 est

2166 1811 2286 1865 qua:
2316 1795 2374 1850 ﬁt
2400 1797 2626 1868 singulis
2657 1799 2986 1865 hominibus,
3013 1802 3236 1869 quando.
3267 1805 3336 1858 ab
3381 1804 3491 1858 hac
3527 1805 3644 1858 vita
3681 1821 3768 1876 per

479 1902 589 1946 tum
634 1893 686 1946 in
727 1893 924 1948 vestris
962 1895 1234 1961 cordibus,
1279 1894 1404 1965 quia
1445 1896 1624 1950 omnia
1665 1896 1888 1951 creditis
1935 1912 2054 1951 vera

2167 1893 2397 1942 mortem
2423 1888 2666 1958 corporis
2696 1897 2980 1945 transeunt
3011 1893 3190 1948 vocati
3223 1909 3255 1947 a
3282 1894 3526 1963 Domino
3551 1913 3568 1949 :
3598 1897 3764 1952 altera

474 1996 594 2036 esse
622 1997 740 2050 qua:
772 1983 844 2037 ibi
874 1983 1244 2038 continentur.
1285 1984 1369 2038 lla
1412 1995 1465 2038 ut
1503 1985 1632 2040 nihil
1673 1986 1813 2041 vobis
1841 1987 1972 2043 desit
2006 1989 2061 2041 in

474 2074 583 2128 ulla
615 2078 814 2146 gratia,
843 2077 895 2131 id
927 2086 1011 2132 est
1044 2079 1294 2170 neque.in
1329 2078 1451 2144 fide,
1489 2094 1662 2148 neque
1700 2080 1752 2133 in
1793 2080 2058 2144 doctrina,

475 2182 652 2237 neque
681 2169 739 2222 in
761 2169 1071 2224 diversitate
1099 2169 1426 2240 linguarum,
1455 2187 1628 2240 neque
1657 2171 1708 2224 in
1739 2171 1938 2226 virtute
1962 2171 2061 2226 mi-

477 2259 808 2313 raculorum.
837 2258 1070 2325 Quaestio
1099 2262 1270 2314 oritur
1299 2260 1351 2314 in
1380 2261 1483 2315 hoc
1522 2261 1639 2316 loco
1666 2278 1680 2315 :
1713 2261 1757 2315 si
1793 2261 2058 2315 Corinthii

475 2349 668 2406 divites
693 2360 850 2406 erant
881 2351 1005 2407 facti
1035 2353 1088 2406 in
1112 2353 1256 2406 omni
1284 2353 1450 2408 verbo
1479 2362 1532 2407 et
1560 2354 1612 2407 in
1639 2353 1784 2407 omni
1812 2353 2057 2419 scientia,

473 2450 530 2496 et
560 2443 604 2497 si
647 2451 791 2497 tanta
832 2445 1003 2515 gratia
1044 2454 1198 2499 erant
1243 2445 1465 2516 repleti,
1497 2455 1557 2500 ut
1585 2446 1718 2500 nihil
1746 2447 1826 2500 eis
1851 2447 2062 2503 deesset

472 2534 689 2607 gratiae,
718 2536 855 2590 sicut
885 2535 936 2590 in
971 2537 1320 2606 sequentibus
1349 2537 1562 2600 dicitur,
1589 2552 1758 2607 quare
1787 2537 2060 2608 apostolus

479 2626 532 2680 in
585 2626 1036 2696 subsequentibus
1083 2624 1246 2694 hujus
1289 2627 1530 2697 epistolae
1570 2628 1706 2684 locis
1750 2629 1896 2684 dicat
1941 2630 2059 2686 illos

473 2720 840 2775 contentiosos
865 2735 1007 2785 esse,
1033 2729 1089 2775 et
1118 2721 1347 2790 insuper
1377 2721 1555 2786 addat,
1584 2721 1650 2775 ad
1680 2722 2057 2777 verecundiam

472 2817 712 2862 vestram
758 2809 926 2864 dico?
973 2808 1102 2876 Quae
1155 2809 1257 2864 hoc
1291 2808 1449 2864 modo
1495 2809 1771 2865 solvitur:
1810 2809 1960 2866 Sicut
2006 2813 2057 2866 in

475 2901 726 2956 omnibus
763 2900 1007 2955 ecclesiis
1043 2903 1148 2957 duo
1177 2910 1301 2957 sunt
1327 2917 1524 2972 genera
1549 2903 1846 2968 hominum,
1885 2904 2056 2959 bono-

471 3007 592 3046 rum
623 2991 830 3047 scilicet
872 3000 928 3047 et
968 2993 1255 3058 malorum,
1303 2994 1374 3048 ita
1410 2993 1546 3064 apud
1591 2993 1901 3050 Corinthios
1933 3003 2060 3050 tunc

473 3085 733 3155 temporis
763 3093 935 3140 erant.
964 3084 1205 3140 Primum
1243 3101 1392 3157 ergo,
1425 3086 1714 3156 Apostolus
1755 3103 1786 3140 a
1813 3087 2058 3142 laudibus

472 3180 639 3250 etrapit
663 3190 718 3236 et
749 3181 1043 3252 gratiarum
1066 3183 1296 3246 actione,
1323 3182 1602 3251 alloquens
1626 3198 1720 3238 eos
1747 3183 1840 3253 qui
1869 3183 1923 3238 in
1954 3182 2058 3238 fide

2164 1976 2269 2030 erit
2293 1978 2632 2048 generalisin
2661 1979 2748 2034 die
2770 1980 2984 2049 judicii,
3008 1983 3224 2050 quando
3251 1999 3466 2047 omnes,
3507 1993 3624 2053 tam
3647 1987 3765 2041 boui

2163 2083 2323 2138 quam
2353 2068 2500 2134 mali,
2539 2070 2604 2124 ad
2628 2069 2890 2141 judicium
2919 2074 3288 2139 vocabuntur;
3307 2084 3366 2130 et
3389 2092 3542 2145 quos
3583 2078 3638 2132 in
3673 2079 3765 2132 ista

2161 2161 2334 2231 prima
2386 2162 2667 2217 vocatione
2714 2163 2983 2218 invenerit
3029 2163 3171 2220 Deus
3219 2167 3580 2236 omnipotens
3633 2171 3762 2224 bene

2162 2251 2490 2318 laborantes,
2528 2252 2649 2308 illos
2691 2254 2877 2325 utique
2908 2257 2963 2311 in
3005 2259 3240 2330 secunda
3286 2273 3396 2313 non
3435 2260 3669 2316 vocabit
3703 2265 3766 2317 ad

2163 2344 2264 2399 hoc
2294 2354 2352 2399 ut
2377 2347 2594 2400 damnet
2619 2362 2741 2401 cum
2777 2349 3044 2418 reprobis,
3068 2351 3158 2419 qui
3183 2335 3435 2406 audituri
3454 2363 3596 2408 sunt
3621 2371 3639 2407 :
3669 2355 3761 2421 Ite,

2163 2437 2460 2504 maledicti,
2488 2440 2543 2493 in
2573 2440 2746 2511 ignem
2775 2450 3050 2504 wternum.
3084 2443 3176 2498 sed
3205 2445 3387 2514 potius
3413 2455 3480 2499 ut
3510 2461 3762 2503 remune-

2163 2537 2246 2584 ret
2291 2531 2656 2598 cumelectis,
2688 2532 2884 2602 quibus
2921 2533 3164 2589 dicturus
3192 2542 3275 2590 est
3312 2554 3325 2589 :
3372 2533 3591 2604 Venite,
3626 2539 3762 2592 bae-

2161 2620 2288 2674 dicti
2323 2621 2501 2674 Patris
2541 2621 2663 2686 mei,
2690 2623 2934 2692 percipite
2973 2641 3188 2693 regnum
3227 2625 3374 2680 vobis
3407 2639 3670 2695 paratum
3703 2631 3758 2681 ab

2148 2711 2360 2781 origine
2381 2709 2563 2765 mundi
2591 2709 2804 2782 (Matth.
2832 2713 2981 2784 xxv).
3017 2713 3076 2768 In
3108 2715 3359 2770 omnibus
3402 2716 3564 2771 enim
3609 2733 3759 2772 verax

2161 2802 2461 2870 apparebit,
2491 2802 2627 2868 sicut
2655 2804 3414 2872 sequentiamanifestahunt.

2234 2888 2432 2945 Fidelis
2455 2891 2619 2958 Dens,
2656 2909 2746 2962 per
2785 2910 2936 2963 quem
2977 2895 3147 2949 vocati
3190 2897 3313 2951 estis
3354 2897 3417 2950 in
3459 2901 3758 2954 societate-

2145 2977 2290 3044 ,Filfi
2318 2982 2430 3050 ejus
2468 2982 2597 3036 Jesu
2637 2983 2852 3038 Christi.
2903 2985 3100 3049 Fidelis
3141 2986 3305 3043 Pater
3342 2989 3597 3054 dicitur,
3648 2995 3758 3061 quia

2159 3084 2324 3124 verax
2354 3080 2439 3126 εει
2467 3081 2521 3126 ει
2548 3073 2843 3142 completor
2876 3075 2958 3130 sui
3002 3078 3287 3132 sermonis.
3316 3077 3597 3135 Promisit
3628 3083 3758 3135 enim

2159 3159 2392 3216 Abraha:
2417 3162 2667 3217 daturum
2704 3180 2762 3219 se
2792 3165 2863 3219 illi
2897 3175 3096 3222 terram
3138 3170 3613 3240 peregrinationis
3639 3167 3758 3235 ειη,

468 3269 732 3340 bonisque
773 3272 1036 3342 operibus
1069 3272 1294 3342 perfecti
1341 3282 1517 3338 erant,
1557 3252 1893 3328 abundantes
1917 3273 2052 3327 divi-
2083 3263 2127 3326 C
2159 3261 2214 3306 ει
2248 3252 2389 3322 ηυοίί
2431 3253 2485 3307 in
2523 3255 2728 3309 semine
2772 3254 2889 3324 eius
2928 3256 3308 3314 benedicend‘”
3344 3271 3544 3316 essem
3581 3278 3760 3317 ⁰¹¹¹¹²¹⁵

471 3361 562 3416 tiis
591 3361 948 3432 spiritalibus,
975 3371 1034 3416 ut
1080 3364 1180 3433 ipsi
1227 3379 1443 3433 semper
1481 3364 1536 3418 in
1585 3365 1778 3419 melius
1823 3365 2050 3435 profice-

469 3464 622 3520 rent,
658 3455 843 3524 sicque
886 3457 1227 3524 postmodum
1266 3455 1481 3513 fortiter
1524 3457 1692 3526 coepit
1729 3457 2053 3528 redarguere

469 3544 588 3599 illos
615 3545 706 3614 qui
748 3546 800 3599 in
831 3545 935 3600 ﬁde
978 3547 1269 3612 errabant,
1307 3547 1778 3616 dissensionesque
1819 3549 2054 3604 semina-

471 3636 622 3700 bant,
661 3650 809 3692 more
832 3637 1144 3707 peritissimi
1183 3639 1374 3693 medici
1403 3653 1589 3709 agens,
1625 3640 1718 3708 qui
1751 3640 1942 3713 vulnus
1970 3657 2058 3696 se-

471 3727 704 3781 candum
720 3727 926 3794 videns,
943 3731 1038 3784 sed
1057 3746 1259 3801 aegrum
1283 3729 1528 3786 timidum
1551 3745 1674 3787 esse
1695 3731 2052 3802 conspiciers,

468 3817 561 3871 diu
602 3817 782 3887 palpat
809 3834 938 3873 sana
989 3821 1254 3888 membra,
1279 3822 1565 3893 subitoque
1601 3825 1872 3895 perculit:
1908 3841 2056 3882 more

467 3911 632 3966 etiam
676 3913 886 3979 arietis,
911 3914 1002 3983 qui
1050 3916 1283 3984 primum
1312 3917 1598 3973 humiliato
1631 3919 1808 3989 capite
1835 3920 2052 3986 incedit,

465 4004 558 4058 sed
586 4006 925 4075 postmodum
949 4005 1164 4061 fortiter
1191 4007 1332 4062 ferit.
1366 4008 1607 4065 Primum
1641 4011 1784 4065 enim
1817 4012 2056 4068 laudavit

463 4097 651 4162 bonos,
678 4105 734 4152 et
765 4098 958 4153 deinde
981 4100 1249 4168 percussit
1278 4101 1466 4156 malos.
1495 4101 1825 4158 Verecunda:
1854 4105 2055 4159 etenim

465 4196 698 4252 mentes,
730 4189 832 4243 nisi
865 4188 1066 4244 fuerint
1092 4192 1359 4260 palpando
1394 4195 1756 4263 reprehcnsm,
1786 4196 1857 4250 ita
1890 4206 1953 4252 ut
1987 4213 2054 4253 cx

465 4276 586 4332 aliis
632 4277 794 4332 rebus
832 4279 1051 4333 audiant
1078 4281 1220 4348 quod
1257 4282 1310 4334 in
1339 4283 1765 4339 consolationem
1815 4295 2047 4353 sumant,

462 4379 560 4434 per
585 4365 1008 4434 increpationem
1035 4369 1225 4422 duram
1257 4370 1504 4437 protinus
1525 4373 1592 4427 ad
1619 4375 2050 4445 desperationem

467 4457 685 4512 cadunt.
734 4457 1169 4529 Exspectantibus
1215 4461 1576 4518 reuelationem
1617 4466 1826 4522 Domini
1886 4472 2050 4524 nostri

462 4547 594 4601 Jesu
635 4546 848 4603 Christi.
899 4549 1180 4608 Revelatio
1221 4554 1587 4613 manifestatio
1633 4568 1751 4625 est,
1802 4561 2048 4632 Christus

2157 3353 2369 3414 gentes,
2405 3344 2456 3398 id
2488 3355 2571 3400 est
2615 3347 2668 3401 in
2697 3347 2944 3415 Christo,
2994 3351 3394 3421 complevitque
3439 3355 3586 3410 illud
3633 3358 3758 3411 siem

2157 3437 2315 3491 modo
2339 3437 2633 3494 cernimus.
2663 3438 2918 3496 Promisit
2945 3443 3098 3498 nobis
3123 3459 3219 3516 per
3247 3444 3448 3500 Filium
3487 3465 3657 3504 suum
3683 3465 3758 3504 re-

2157 3544 2317 3599 gnum
2351 3529 2648 3597 caelorum;
2681 3546 2848 3587 verax
2895 3535 3177 3604 apparebit
3207 3537 3396 3606 utique
3432 3540 3572 3609 quia
3623 3542 3762 3596 dabit

2155 3626 2286 3681 illud
2317 3627 2503 3693 nobis,
2534 3629 2578 3683 si
2607 3631 3067 3699 permanserimus
3097 3632 3152 3686 in
3191 3632 3296 3688 ﬁde
3324 3636 3468 3705 ejus.
3507 3636 3758 3694 Societa-

2154 3726 2265 3786 _tem
2290 3719 2398 3784 hic,
2442 3722 2738 3776 secundum
2768 3722 3134 3789 Ambrosium,
3160 3723 3576 3784 fraternitatem
3607 3732 3760 3788 debe-

2159 3823 2279 3864 mus
2309 3811 2575 3881 accipere.
2613 3811 2844 3878 Fidelis,
2884 3813 3093 3884 inquit,
3125 3816 3267 3870 Deus
3298 3817 3464 3874 Pater
3501 3828 3566 3874 et
3603 3837 3759 3876 verax

2156 3909 2259 3966 est,
2289 3905 2380 3972 qui
2410 3904 2558 3959 dabit
2583 3906 2763 3960 omnia
2789 3905 2931 3962 bona
2960 3908 3150 3977 patria:
3173 3908 3439 3976 cadestis,
3465 3927 3578 3982 per
3606 3929 3759 3983 quem

2157 3994 2326 4048 Deum
2366 3996 2581 4052 Patrem
2626 3998 2804 4053 vocati
2835 4001 2966 4056 estis
3003 4000 3059 4054 in
3091 4001 3440 4067 societatem,
3485 4005 3544 4059 id
3593 4017 3684 4061 est
3713 4008 3760 4061 in

2158 4086 2550 4143 fraternitatem
2573 4090 2695 4144 Filii
2725 4089 2842 4159 ejus
2862 4090 2990 4148 Jesu
3015 4093 3236 4161 Christi,
3265 4104 3327 4150 ut
3351 4097 3529 4153 simus
3563 4099 3760 4155 fratres

2153 4177 2280 4234 Jesu
2311 4180 2510 4236 Christi
2540 4190 2594 4236 et
2631 4182 2726 4236 ﬁlii
2756 4183 2903 4252 ejus,
2936 4201 3042 4240 non
3073 4200 3171 4256 per
3193 4197 3446 4243 naturam
3467 4231 3483 4256 ,
3530 4193 3641 4246 sed
3673 4207 3760 4261 per

2155 4275 2515 4345 ad0ptionem.
2554 4278 2657 4331 Per
2682 4279 2877 4333 Filium
2915 4295 3068 4335 suum
3099 4282 3307 4337 vocavit
3349 4298 3453 4338 nos
3490 4288 3567 4338 ad
3605 4286 3759 4342 ﬁdem

2155 4383 2330 4433 suam,
2365 4377 2423 4422 ut
2452 4370 2522 4424 sit
2569 4371 2683 4441 ipse
2712 4372 2866 4428 nobis
2904 4373 3086 4440 Pater,
3130 4384 3185 4430 et
3213 4378 3384 4432 simus
3415 4394 3517 4434 nos
3558 4378 3761 4435 fratris

2156 4458 2270 4513 Filii
2300 4459 2436 4529 ejus.
2467 4461 2784 4533 Quicunque
2811 4465 2955 4519 enim
2984 4466 3036 4520 in
3064 4467 3232 4522 Deum
3254 4471 3526 4526 veraciter
3556 4475 3756 4534 credit,

2151 4549 2377 4620 ejusque
2406 4551 2664 4608 voluntati
2694 4555 3054 4624 obtemperat,
3087 4558 3203 4627 ipse
3231 4551 3416 4628 utique
3442 4559 3631 4617 frater
3657 4565 3756 4620 Do—

463 4652 596 4708 crgo
620 4639 779 4694 modo
805 4641 1146 4699 absconditus
1173 4653 1258 4700 εει
1284 4648 1700 4716 quodammodo,
1731 4624 1788 4706 ει
1816 4669 1919 4707 non
1950 4627 2045 4723 ἀρ-
2074 4624 2128 4684 Ι)
2158 4641 2289 4695 ιιιίηἰ
2317 4644 2488 4697 nostri
2511 4642 2638 4699 Jesu
2668 4643 2870 4702 Christi
2900 4659 3014 4715 est,
3056 4667 3160 4706 non
3201 4666 3297 4722 per
3327 4662 3627 4720 naturam.
3669 4658 3757 4713 sed

461 4741 638 4800 paret,
669 4732 793 4801 quia
826 4750 929 4790 non
962 4736 1171 4792 videtur
1199 4754 1230 4794 a
1270 4740 1426 4796 nobis
1457 4743 1558 4797 nisi
1601 4752 1798 4799 mente.
1827 4746 2042 4801 Videbi-

463 4830 553 4878 tur
593 4832 772 4879 autem
819 4825 872 4880 in
926 4827 1012 4882 die
1055 4829 1265 4898 judicii,
1296 4833 1512 4902 quando
1568 4849 1626 4888 se
1677 4834 2045 4893 manifestabit

461 4913 713 4970 omnibus
745 4916 1052 4973 hominibus
1076 4928 1181 4974 tam
1211 4922 1397 4977 electis
1423 4939 1584 4993 quam
1612 4926 1876 4995 reprohis,
1905 4928 2046 4984 sicut

459 5005 591 5060 dicit
620 5005 922 5076 Scriptura,
943 5009 1052 5064 imo
1075 5009 1339 5080 Propheta
1368 5029 1464 5082 per
1493 5013 1860 5085 Scripturam:
1886 5016 2045 5073 Vide-

458 5097 538 5151 bit
582 5099 760 5154 omuis
801 5115 930 5156 caro
972 5103 1208 5157 salutare
1252 5104 1376 5170 Dei,
1413 5115 1469 5160 et
1506 5115 1632 5163 tunc
1671 5109 1821 5165 dabit
1862 5111 2045 5168 electis

459 5187 686 5257 gloriam
713 5205 874 5258 quam
902 5192 980 5247 eis
1019 5193 1297 5262 promisit,
1329 5203 1385 5249 et
1409 5196 1570 5250 vitam
1603 5198 1722 5252 sine
1759 5200 1862 5254 line
1889 5215 2042 5254 mau-

461 5291 676 5344 suram;
743 5280 882 5334 unde
935 5281 1224 5350 Apostolus
1288 5284 1421 5340 alias
1477 5303 1490 5337 :
1546 5286 1774 5355 Mortui,
1835 5289 2040 5359 inqttit,

458 5369 578 5420 estis
647 5381 856 5438 peccato
918 5382 965 5426 et
1030 5374 1134 5427 vita
1199 5385 1368 5430 vestra
1420 5377 1727 5434 abscondita
1775 5391 1861 5435 est
1925 5399 2040 5438 cum

460 5454 668 5511 Christo
720 5461 773 5513 in
830 5460 958 5516 Deo.
1019 5461 1150 5516 Cum
1207 5474 1384 5520 autem
1450 5467 1688 5524 Christus
1742 5474 2043 5542 apparuerit

459 5546 562 5598 rita
619 5558 784 5603 vestra
813 5590 827 5614 ,
881 5562 1003 5605 tunc
1059 5564 1106 5607 et
1165 5571 1251 5608 vos
1306 5557 1621 5626 apparebitis
1673 5575 1791 5614 cum
1841 5563 1951 5632 ipso
1992 5564 2045 5618 in

459 5633 626 5702 gloria
669 5636 821 5707 (Col.
870 5642 992 5708 ιιι),
1047 5645 1173 5713 quia
1217 5647 1370 5700 eritis
1426 5649 1567 5703 sicut
1615 5651 1789 5722 angeli
1849 5655 1944 5709 Dei
1989 5655 2042 5710 in

461 5725 598 5781 c0310
629 5768 644 5794 ,
703 5738 758 5784 et
810 5735 952 5802 quod
1008 5735 1180 5806 majus
1234 5748 1318 5793 est
1368 5757 1378 5790 :
1443 5738 1650 5796 Similes
1701 5745 1748 5798 ri
1805 5747 1996 5801 erimus
2027 5789 2040 5813 ,

455 5819 700 5889 quoniam
743 5823 1024 5880 ridebimus
1067 5845 1182 5882 cum
1234 5832 1387 5884 sicuti
1438 5843 1512 5888 est
1551 5835 1650 5902 (ll
1703 5837 1860 5892 λοίγι’.
1919 5841 2037 5911 ιιι).

2154 4746 2253 4800 per
2277 4734 2503 4802 gratiam
2526 4735 2850 4804 adoptionis,
2880 4739 3019 4796 sicut
3044 4741 3156 4812 ipse
3175 4743 3305 4798 dicit
3327 4745 3380 4800 in
3407 4745 3754 4818 Evangelia:

2153 4822 2468 4896 Quicunque
2491 4823 2681 4883 fecerit
2709 4829 3026 4886 voluntatem
3053 4831 3229 4890 Patris
3256 4839 3374 4903 mei,
3397 4841 3492 4908 qui
3521 4841 3586 4894 in
3615 4841 3755 4894 catis

2151 4925 2250 4983 est,
2277 4917 2384 4988 ipse
2415 4935 2557 4973 meus
2581 4919 2766 4990 frater,
2797 4938 2968 4989 soror,
2994 4935 3040 4980 et
3074 4937 3238 4980 mater
3260 4937 3335 4982 est
3362 4928 3592 4999 (Matth.
3622 4936 3751 5002 vn);

2151 5016 2207 5062 et
2247 5010 2312 5063 ad
2359 5010 2613 5067 mulieres
2659 5025 2780 5082 post
2831 5021 3281 5074 resurrectionem
3319 5038 3332 5075 :
3374 5021 3486 5088 Ite,
3535 5024 3752 5096 inquit,

2155 5102 2388 5154 nuntiate
2413 5101 2662 5169 fratribus
2689 5106 2814 5180 meis
2837 5106 3051 5178 (Matth.
3075 5111 3290 5180 xxvm).

2224 5209 2450 5266 Obsecro
2469 5222 2643 5268 autent
2665 5231 2773 5280 vos,
2798 5217 3010 5285 fratres,
3032 5235 3124 5288 per
3140 5236 3324 5276 nomen
3339 5222 3556 5278 Domini
3581 5229 3753 5280 nostri

2149 5300 2277 5356 Iesu
2311 5301 2524 5370 Christi,
2553 5316 2608 5359 ut
2632 5307 2858 5377 idipsum
2892 5311 3080 5365 dicatis
3111 5329 3300 5375 omnes,
3325 5324 3374 5368 et
3405 5332 3511 5369 non
3539 5318 3661 5371 sint
3699 5320 3751 5372 in

2150 5392 2288 5445 vobis
2317 5393 2620 5449 schismata.
2655 5395 2923 5454 Hactenus
2947 5400 3186 5456 laudavit
3207 5402 3324 5459 illos
3351 5406 3441 5474 qui
3479 5421 3748 5476 perman-

2149 5493 2335 5539 serunt
2356 5487 2620 5541 veraciter
2647 5490 2698 5543 in
2725 5489 2849 5554 ﬁde,
2872 5492 3066 5547 amodo
3087 5509 3216 5549 vero
3237 5511 3303 5551 ex
3331 5497 3434 5551 hnc
3460 5498 3584 5553 loco
3612 5501 3748 5556 inci-

2147 5573 2225 5641 pit
2255 5574 2581 5646 redarguere
2621 5578 2766 5643 illos,
2795 5582 2885 5650 qui
2934 5583 3229 5640 divisiones
3263 5587 3403 5656 (qum
3441 5589 3744 5646 schismata

2146 5663 2334 5719 Graece
2357 5667 2712 5739 appellantur)
2759 5671 3128 5739 seminabant,
3171 5675 3412 5732 dicentes
3451 5693 3511 5732 se
3554 5683 3745 5750 potius

2149 5757 2284 5812 ﬁlios
2331 5759 2605 5816 hominum
2653 5779 2682 5817 a
2727 5765 2921 5833 quibus
2970 5766 3422 5837 baptizabantur,
3460 5772 3608 5826 sicut
3651 5789 3744 5829 se-

2148 5847 2364 5914 queuth
2412 5851 2787 5918 manifestam,
2838 5870 3000 5923 quam
3048 5857 3186 5913 filios
3236 5857 3346 5913 Dei.
3393 5864 3741 5933 Quapropter
