3936 6444
89 394 201 449 515

779 374 1142 435 EXPOSITIO
1178 370 1243 428 IN
1281 369 1427 425 EPP.
1471 363 1530 421 S.
1573 360 1798 417 PAULI.
1837 387 1906 398 —-
1944 355 2008 410 IN
2047 354 2262 410 EPIST.
2300 353 2320 408 l
2360 351 2452 406 AD
2489 349 2645 407 COR.

3262 350 3366 400 5M

89 506 230 560 dicit
250 503 330 558 eis
352 496 639 570 Apostolus
669 514 680 549 :
717 493 955 550 Obsecro
978 504 1092 554 vos,
1124 486 1342 548 fratres,
1369 495 1468 551 per
1488 491 1683 533 nomen
1712 483 1756 540 Α
1950 468 2178 570 esu-sed
2205 481 2480 564 suspensa
2498 462 2922 570 voce-Christus
2948 463 3189 570 quodam.
3209 464 3370 567 mde

91 593 314 649 Domini
341 569 661 651 salvatoris,
683 600 780 655 per
800 582 943 652 quod
971 579 1160 635 salvati
1187 575 1340 638 estis,
1369 580 1429 627 ut
1458 569 1688 640 idipsum

93 685 297 742 dicatis
345 696 567 743 omnes,
619 676 878 732 subaudis
919 670 1063 742 quod
1119 684 1218 740 ego
1263 665 1375 722 dixi
1423 661 1690 733 superius,

93 779 232 850 quia
265 775 359 830 ﬁiii
393 774 485 828 Dei
515 771 676 836 estis,
718 783 825 823 non
865 766 1108 820 dicentes
1143 775 1243 816 vos
1285 757 1424 813 ﬁlios
1465 755 1693 826 alicujus

95 870 362 933 hominis,
391 867 485 922 sed
514 865 626 920 Dei.
660 861 790 918 Sitis
815 867 987 913 autem
1014 855 1229 926 perfecti
1259 853 1312 906 in
1339 850 1516 905 eodeni
1539 865 1695 903 sensu

95 972 151 1018 et
178 963 232 1015 in
257 958 437 1014 eadem
467 955 706 1018 scientia,
731 950 872 1022 quod
896 964 1062 1004 unum
1095 953 1208 1012 est;
1243 944 1296 1000 id
1321 951 1403 999 est
1427 944 1478 998 in
1505 942 1693 998 eodem

101 1051 385 1107 intellectu
416 1054 661 1110 manete,
699 1057 862 1114 quem
902 1054 989 1094 me
1023 1037 1308 1108 accepistis
1333 1044 1386 1091 et
1417 1034 1578 1088 dicite
1604 1048 1698 1088 vos

100 1144 250 1199 ﬁlios
289 1156 408 1198 esse
447 1139 566 1204 Dei,
609 1138 751 1193 sicut
771 1132 1033 1190 dicebatis
1058 1130 1272 1203 quando
1292 1144 1323 1184 a
1344 1127 1498 1183 vobis
1520 1127 1695 1182 disce-

101 1242 302 1296 debam
339 1237 522 1293 corde.

185 1331 575 1402 Signi/iratum,
608 1326 661 1381 id
691 1331 773 1380 est
804 1322 1032 1378 relatum
1060 1331 1135 1376 est
1174 1320 1312 1373 enim
1350 1317 1475 1372 mihi
1517 1317 1581 1370 de
1611 1333 1701 1370 ro-

105 1426 208 1490 bis,
239 1426 427 1494 fratres
453 1421 585 1484 mei,
613 1419 676 1472 ab
704 1419 784 1471 Itis
817 1417 906 1486 qui
939 1423 1058 1469 sunt
1092 1412 1310 1477 Chloes,
1337 1413 1461 1482 quia
1491 1422 1702 1464 conten-

107 1519 279 1571 tiones
325 1523 446 1569 sunt
491 1515 626 1566 inter
668 1527 774 1566 vos.
811 1508 1007 1563 Chloes
1043 1507 1193 1562 locus
1234 1513 1348 1569 est,
1385 1514 1440 1559 et
1481 1503 1584 1558 tale
1623 1509 1705 1558 est

109 1607 225 1662 acsi
268 1606 471 1661 diceret
515 1621 528 1658 :
571 1602 637 1658 ab
674 1601 761 1656 bis
819 1598 910 1670 qui
950 1605 1076 1653 sunt
1110 1596 1441 1660 Antiochiae,
1481 1604 1572 1650 aut
1610 1593 1707 1648 ali-

112 1697 246 1768 quid
274 1695 400 1750 tale.

191 1787 304 1859 Ego
333 1785 541 1858 quidem
571 1799 685 1837 sum
719 1779 910 1848 Pauli,
943 1779 1198 1837 subaudis
1233 1779 1394 1844 ﬁlius,
1428 1777 1510 1833 vel
1536 1775 1710 1846 bapti-

115 1889 292 1937 smate
321 1877 644 1948 baptizatus.
663 1874 817 1945 Apud
844 1873 1154 1929 Corinthios
1175 1875 1510 1926 emerserant
1532 1867 1706 1922 luere-

118 1971 218 2030 tici
246 1979 367 2043 post
401 1971 697 2025 discessum
729 1963 1007 2036 Apostoli;
1043 1958 1277 2019 maxime
1305 1960 1359 2016 hi
1388 1961 1477 2030 qui
1507 1976 1572 2014 ex
1603 1958 1712 2014 cir-

118 2052 453 2121 cumcisione
481 2069 638 2115 erant
664 2057 831 2113 Judaei
877 2056 1194 2119 credentes,
1231 2054 1320 2124 qui
1361 2065 1714 2123 quoscunque

127 2155 477 2226 baptizabant
504 2167 630 2207 suos
651 2166 771 2207 esse
794 2151 1044 2205 dicebant
1071 2148 1234 2210 ﬁlios,
1260 2147 1596 2217 baptizantes
1621 2160 1716 2200 eos

127 2249 187 2302 in
219 2246 428 2301 nomine
463 2259 591 2307 suo,
621 2252 670 2298 et
705 2243 778 2296 illi
805 2242 894 2311 qui
929 2242 995 2295 ab
1023 2241 1102 2295 eis
1133 2239 1545 2310 baptizabantur
1580 2253 1714 2309 gau-

123 2340 327 2394 debant
363 2353 489 2392 suos
537 2335 794 2405 appellari
845 2335 979 2387 lilios
1026 2349 1144 2386 esse
1192 2332 1403 2386 illorum
1452 2347 1480 2384 a
1522 2331 1718 2401 quibus

125 2431 385 2503 baptizati
421 2428 674 2491 fuerant;
717 2427 1000 2482 credentes
1040 2440 1206 2490 vero,
1244 2425 1332 2494 qui
1363 2433 1522 2480 erant
1559 2423 1717 2477 ﬁdem

125 2532 185 2579 et
225 2521 521 2576 doctrinam
552 2517 790 2589 Apostoli
838 2527 1112 2583 tenentes,
1141 2515 1430 2571 dicebant:
1465 2513 1576 2586 Ego
1601 2529 1720 2568 sum

126 2612 362 2678 Christi,
406 2610 547 2681 quod
602 2611 787 2679 utique
835 2609 972 2663 bene
1021 2608 1304 2670 dicebant,
1351 2607 1474 2676 quia
1518 2606 1596 2660 sic
1636 2613 1722 2659 est

127 2704 438 2760 dicendum.
494 2701 757 2756 Similiter
809 2699 1006 2754 factum
1041 2708 1122 2754 est
1173 2699 1405 2768 quodam
1461 2707 1720 2767 tempore,

126 2795 352 2867 quando
373 2799 796 2849 exsurrexerunt
820 2790 1058 2845 Donatus
1089 2786 1143 2844 et
1178 2787 1528 2854 Novatianus,
1555 2789 1725 2842 haere-

130 2888 249 2953 tici,
268 2886 357 2956 qui
378 2898 730 2955 quoscunque
745 2891 997 2954 poterant
1018 2883 1084 2935 ab
1107 2881 1342 2936 Ecclesia
1365 2881 1723 2950 expellebant,

128 2983 442 3049 iterumque
466 2976 894 3048 rebaptizabant,
911 2984 965 3030 et
988 2975 1238 3030 dicebant
1261 2989 1387 3028 suos
1408 2987 1526 3028 esse
1549 2972 1686 3026 ﬁlios
1710 2965 1734 3026 ε’

129 3081 191 3127 et
236 3071 310 3126 illi
357 3071 660 3143 gaudebant
708 3083 765 3124 se
814 3068 1070 3139 appellari
1113 3067 1423 3122 Donatistas
1460 3075 1514 3120 ct
1551 3065 1727 3120 Nova-

1791 559 1989 615 dicitur
2040 557 2246 612 divisus
2288 571 2448 624 esse,
2477 556 2699 627 ~quando
2728 556 2986 611 honorem
3030 562 3086 609 et
3139 555 3368 626 gloriam

1791 650 1934 720 ejus,
1961 664 2122 720 quam
2150 649 2250 703 sibi
2273 647 2490 718 proprie
2519 649 2633 717 ipse
2677 647 2920 712 retinnit,
2952 647 3192 702 hazretici
3229 647 3371 703 inter

1793 757 1852 797 se
1889 740 2168 812 patiuntur
2212 737 2512 792 dividentes
2543 737 2659 807 ejus
2705 737 3054 807 baptismum.
3104 736 3373 794 Similiter

1795 831 2036 888 bzeretiei
2065 827 2378 884 dividebant
2412 827 2688 882 Christum
2714 868 2730 894 ,
2762 830 2976 897 quando
3019 829 3183 900 aliqui
3221 831 3372 886 dice-

1795 927 1926 980 bant
1953 925 2102 980 illum
2144 936 2334 976 verum
2363 935 2562 990 corpus
2592 936 2698 974 non
2736 921 3012 989 habuisse,
3037 924 3176 978 sicut
3201 923 3374 980 Mani-

1796 1014 1932 1069 cbrei
1963 1032 1976 1066 :
2009 1013 2226 1083 quidam
2267 1026 2374 1065 non
2408 1011 2661 1065 habuisse
2694 1009 2961 1077 animam,
3008 1021 3065 1066 ut
3097 1013 3374 1084 Apollina-

1799 1106 1965 1170 ristxe,
2011 1103 2230 1174 quidam
2279 1100 2542 1155 minorem
2583 1098 2766 1165 Patre,
2800 1107 2859 1154 ut
2902 1101 3084 1156 Arius.
3123 1103 3378 1176 Nunquid

1797 1193 2005 1249 Paulus
2025 1210 2119 1264 pro
2148 1191 2287 1247 vobis
2312 1190 2596 1259 cruciﬁxus
2624 1191 2740 1244 est?
2763 1191 3018 1245 subaudis
3046 1207 3176 1258 non,
3207 1203 3262 1248 et
3298 1205 3382 1251 est

1801 1301 1994 1342 sensus
2022 1304 2035 1340 :
2071 1286 2123 1339 in
2147 1285 2287 1338 illius
2310 1283 2526 1338 nomine
2546 1281 2754 1337 debetis
2777 1282 3062 1352 baptizari,
3086 1292 3140 1336 et
3165 1284 3216 1336 in
3239 1283 3382 1339 illius

1801 1377 2128 1448 baptismate
2157 1374 2364 1429 debetis
2387 1373 2607 1428 credere
2628 1387 2724 1427 vos
2742 1387 2901 1440 posse
2923 1371 3142 1437 salvari,
3166 1373 3257 1441 qui
3287 1389 3386 1443 pro

1803 1469 1959 1525 vobis
2010 1468 2300 1524 cruciﬁxus
2330 1475 2429 1522 est.
2461 1467 2565 1520 Aut
2597 1467 2650 1520 in
2698 1465 2902 1520 nomine
2939 1465 3099 1520 Pauli
3135 1465 3388 1536 baptizati

1806 1560 1972 1615 estis?
2001 1559 2100 1614 Hic
2147 1557 2299 1628 ponit
2341 1571 2401 1612 se
2446 1556 2733 1625 Apostolus
2770 1571 2870 1625 pro
2896 1557 3148 1611 omnibus
3184 1556 3304 1620 illis,
3333 1557 3386 1611 in

1807 1651 1961 1721 cujus
1983 1651 2200 1706 nomine
2224 1665 2283 1705 se
2313 1649 2564 1704 dicebant
2590 1662 2710 1703 esse
2753 1649 3074 1719 baptizatos,
3101 1649 3328 1720 ideoque
3358 1667 3388 1706 a

1810 1759 1868 1800 se
1895 1745 2079 1815 coepit,
2130 1757 2198 1798 ne
2251 1741 2390 1798 forte
2432 1742 2676 1797 dicerent
2717 1741 2806 1820 illi.
2849 1743 3128 1799 haeretici:
3181 1743 3390 1799 Idcirco

1739 1843 1784 1902 Β
1814 1837 2012 1892 Paulus
2041 1835 2166 1890 talia
2189 1836 2439 1906 prohibet
2479 1851 2547 1890 ne
2575 1835 2767 1904 aliquis
2791 1837 2935 1892 dicat
2966 1853 3025 1892 se
3059 1844 3245 1894 nostro
3298 1840 3392 1894 ba-

1810 1929 2065 2002 ptismate
2086 1929 2440 1998 baptizatum,
2457 1937 2510 1982 et
2534 1936 2777 1982 nostrum
2803 1928 2968 1983 ﬁlium
2992 1944 3134 1995 esse,
3152 1930 3264 2002 ipse
3289 1933 3394 1988 sibi

1814 2023 2058 2080 vendicet
2085 2037 2301 2077 omnem
2325 2021 2606 2076 honorem.

1883 2113 2095 2169 Gratias
2120 2129 2216 2184 ago
2243 2112 2351 2166 Deo
2372 2128 2505 2177 meo,
2529 2113 2678 2181 quod
2699 2113 2952 2168 neminem
2982 2123 3203 2169 vestrum
3233 2115 3400 2184 bapti-

1815 2209 1953 2272 savi,
2002 2207 2101 2260 nisi
2131 2205 2374 2275 Crispum
2417 2214 2466 2258 et
2496 2203 2700 2269 Caium,
2750 2206 2841 2276 qui
2881 2204 3098 2261 fuerunt
3146 2209 3400 2278 primitias

1815 2297 2050 2352 Achaiae.
2073 2294 2372 2365 Baptizavit
2397 2294 2612 2363 quidem
2629 2293 2825 2349 Paulus
2851 2305 3106 2366 tanquam
3129 2299 3397 2367 minister,

1817 2403 1924 2441 non
1953 2396 2206 2455 tanquam
2239 2386 2354 2455 ipsa
2375 2392 2651 2454 potestas;
2691 2393 2744 2438 et
2779 2385 2981 2442 idcirco
3023 2389 3136 2458 ipse
3162 2390 3400 2460 gratula-

1818 2479 1979 2531 batur
2002 2476 2144 2546 quod
2174 2475 2436 2545 plurimos
2482 2473 2694 2529 illorum
2739 2492 2846 2531 non
2895 2478 3266 2548 baptizaverat
3307 2490 3398 2548 ut,

1820 2569 1943 2638 quia
1967 2583 2122 2622 error
2149 2567 2248 2622 sub
2277 2567 2379 2620 hac
2413 2581 2471 2620 re
2495 2578 2734 2636 coeperat
2753 2568 2906 2633 oriri,
2926 2570 2970 2623 si
2997 2570 3109 2640 ipse
3139 2571 3406 2640 plurimos

1823 2662 2167 2731 baptizasset,
2203 2659 2371 2714 multo
2402 2661 2570 2729 magis
2598 2676 2664 2715 ex
2706 2658 2823 2729 ejus
2870 2664 3088 2717 nomine
3115 2675 3407 2736 augeretur

1823 2768 2000 2819 error,
2029 2761 2084 2808 et
2108 2753 2354 2808 dicerent
2379 2769 2390 2805 :
2423 2751 2533 2822 Ego
2555 2767 2672 2806 sum
2698 2753 2869 2807 Pauli.

1845 2873 1848 2878 '
1899 2867 2172 2938 Baptizati
2196 2875 2368 2921 autem
2405 2876 2451 2920 et
2482 2865 2760 2936 Stephano:
2798 2868 3030 2922 deruunt.
3064 2869 3269 2926 Nobilis
3295 2887 3410 2925 Ina-

1829 2968 1985 3013 trona
2024 2956 2297 3024 Stephana
2343 2957 2570 3020 exstitit,
2615 2956 2768 3026 cujus
2805 2956 3066 3012 fantiliam
3120 2959 3414 3030 baptizavit

1829 3047 2135 3119 Apostolus.
2166 3044 2356 3100 Utrum
2383 3062 2512 3099 vero
2541 3047 2711 3116 ipsam
2739 3047 3099 3116 baptizavcrit
3123 3067 3191 3104 an
3216 3052 3267 3104 in
3293 3051 3415 3106 inti-

131 3164 336 3221 ttanos.
361 3138 511 3234 Ergo
538 3138 936 3230 Apostolus,ut
974 3159 1236 3228 comperit
1273 3157 1398 3211 talia
1429 3157 1540 3228 geri
1588 3155 1726 3226 apud
1757 3190 1800 3252 ρ
1835 3142 2052 3199 delilale
2074 3139 2437 3211 permansm'it
2467 3138 2764 3208 ignoratur.

129 3255 472 3320 Corinthios,
504 3253 725 3323 scripsit
751 3253 830 3307 eis
873 3252 971 3306 ista
1000 3267 1120 3322 quae
1147 3251 1400 3306 dicuntur
1429 3249 1538 3313 hic,
1577 3262 1728 3303 erro-

131 3367 260 3408 rem
291 3351 504 3405 illorum
535 3348 857 3412 ostendens,
891 3347 984 3403 sed
1031 3347 1246 3402 nomina
1295 3354 1575 3400 auctorum
1622 3359 1729 3398 non

131 3442 396 3514 prodens.
431 3439 616 3494 Maluit
641 3439 784 3493 enim
813 3441 865 3494 in
897 3453 1049 3492 suam
1077 3447 1130 3492 et
1159 3438 1211 3491 in
1238 3436 1462 3492 aliorum
1498 3435 1730 3490 ﬁdelium

139 3535 424 3590 doctomm
462 3545 750 3602 personam
781 3530 880 3585 ista
910 3527 1234 3591 transferre,
1263 3543 1424 3597 quam
1458 3527 1574 3582 illos
1603 3542 1730 3597 pro-

142 3629 296 3691 dere,
329 3641 394 3680 ne
419 3625 717 3679 deteriores
744 3621 1105 3678 edicerentur.
1138 3621 1195 3676 Si
1232 3622 1376 3675 enim
1410 3621 1481 3674 ita
1510 3629 1653 3674 esset
1678 3628 1737 3674 ut

146 3719 225 3773 illi
256 3717 523 3782 volebant,
551 3725 607 3771 ιιι
634 3729 822 3770 omnes
847 3730 878 3769 a
905 3731 1010 3785 quo
1036 3714 1454 3784 baptizabantur
1477 3712 1617 3766 illius
1645 3727 1736 3766 es-

146 3819 271 3866 sent
289 3810 404 3875 ﬁlii,
431 3809 587 3879 quasi
620 3809 737 3878 ejus
758 3808 1078 3878 baptismate
1103 3806 1382 3875 baptizati,
1404 3814 1533 3875 quot
1559 3812 1738 3860 essent

145 3901 550 3970 baptizatores,
581 3907 659 3952 tot
696 3906 879 3952 essent
917 3896 1270 3966 baptismata,
1302 3911 1422 3951 cum
1459 3911 1625 3949 unum
1671 3895 1742 3948 sit

144 3993 419 4062 baptisma
447 3991 667 4055 Christi,
701 3991 841 4044 sicut
870 4006 1008 4044 unus
1061 3977 1201 4044 Deus
1233 3999 1286 4044 et
1315 4006 1419 4044 una
1452 3989 1604 4044 ﬁdes.
1640 3989 1742 4043 Do-

148 4085 336 4140 minus
376 4083 532 4136 Jesus
573 4081 929 4136 ministerium
969 4081 1186 4152 quidem
1237 4081 1472 4151 tingendi
1517 4096 1744 4150 corpora

152 4173 309 4229 dedit
332 4173 445 4227 suis
476 4171 742 4236 ﬁdelibus,
770 4171 997 4244 gratiam
1023 4179 1200 4225 autem
1231 4172 1560 4240 baptizandi,
1586 4171 1636 4226 id
1665 4179 1748 4226 est

150 4270 436 4333 peceatam
469 4261 774 4316 dimittendi
823 4259 952 4315 nulli
988 4261 1211 4325 tribuit,
1253 4261 1349 4316 sed
1387 4261 1488 4316 sibi
1535 4261 1748 4332 proprie

155 4355 407 4420 retinnit,
442 4355 582 4410 sicut
605 4353 842 4410 Joannes
871 4355 1003 4409 dicit
1042 4356 1107 4410 de
1146 4369 1210 4410 eo
1245 4355 1416 4410 turbis
1453 4355 1633 4426 (Joan.
1658 4356 1698 4427 I)
1733 4375 1746 4410 :

157 4448 285 4518 Ipse
333 4463 422 4500 vos
452 4445 736 4517 baptizabit
774 4447 828 4499 in
861 4443 1062 4516 Spiritu
1091 4457 1292 4513 sancto,
1325 4455 1380 4502 et
1410 4447 1604 4502 iterum
1636 4465 1648 4501 :
1679 4445 1747 4500 Et

1907 3257 2028 3312 Non
2053 3255 2189 3310 enim
2216 3253 2356 3307 misit
2382 3269 2461 3306 me
2494 3251 2732 3307 Christus
2762 3253 3049 3323 baptizare,
3080 3255 3170 3308 sed
3196 3271 3418 3326 evange-

1833 3349 2016 3404 Iizare.
2058 3347 2227 3418 Magis
2261 3345 2464 3400 electus
2491 3354 2574 3400 est
2603 3345 2894 3416 Apostolus
2936 3356 2994 3402 ut
3022 3348 3420 3419 evangelizarct

1834 3459 1996 3515 quam
2023 3443 2325 3514 baptizaret
2359 3458 2371 3493 :
2404 3442 2528 3510 quia
2556 3440 2676 3511 plus
2720 3449 2804 3496 est
2842 3443 3220 3512 evangetizare
3255 3457 3417 3512 quam

1835 3535 2132 3607 baptizare.
2189 3533 2378 3590 Omnis
2421 3532 2567 3587 enim
2617 3533 2711 3604 qui
2761 3533 3096 3604 evangelizat
3143 3542 3320 3604 potest
3367 3543 3424 3590 et

1836 3627 2151 3697 baptizare;
2187 3626 2280 3682 sed
2307 3641 2413 3680 non
2441 3625 2618 3679 omnis
2661 3625 2752 3694 qui
2799 3626 3034 3696 baptizat
3071 3627 3296 3682 idoneus
3341 3636 3425 3683 est

1838 3728 1893 3776 et
1915 3719 2311 3791 evangelizare.
2334 3718 2391 3772 ιιι
2415 3719 2668 3789 episcopo
2695 3719 2937 3773 omnium
2960 3719 3210 3775 ordinum
3250 3721 3424 3792 digni-

1842 3820 1923 3867 tas
1969 3823 2071 3867 est.
2121 3810 2293 3880 Caput
2339 3821 2425 3866 est
2465 3811 2612 3865 enim
2651 3820 2969 3867 ceterorum
3020 3815 3418 3876 membrorum;

1841 3912 1897 3958 et
1940 3901 2227 3971 Apostolus
2256 3901 2348 3969 qui
2390 3901 2632 3970 pontifex
2661 3908 3044 3966 erat,‘omnes
3087 3905 3284 3973 gradus
3335 3920 3425 3962 ec-

1843 3991 2176 4045 clesiasticos
2207 3991 2454 4045 habebat.
2479 3991 2710 4064 Ideoque
2734 4002 2792 4046 et
2817 3994 3091 4062 baptizare
3117 4004 3173 4049 et
3195 4010 3428 4066 evange-

1847 4081 2013 4136 lizare
2058 4088 2290 4151 poterat,
2323 4081 2420 4135 sed
2449 4081 2684 4135 maxime
2719 4083 3095 4151 praedicationi
3122 4084 3428 4152 insistebat,

1847 4171 1986 4225 sicut
2017 4169 2108 4224 alii
2141 4169 2388 4237 apostoli.
2437 4169 2695 4238 Discipuli
2740 4184 2866 4225 vero
2911 4171 3029 4241 ejus
3056 4172 3430 4242 baptizabant,

1848 4262 1989 4316 sicut
2021 4261 2249 4332 legimus
2292 4259 2430 4332 (Act.
2456 4261 2536 4330 ιι),
2579 4262 2720 4329 quod
2769 4260 2931 4316 Petro
2967 4263 3218 4318 veniente
3243 4265 3312 4319 ad
3338 4265 3435 4320 do-

1850 4369 1997 4408 mum
2019 4351 2288 4417 Cornelii,
2314 4360 2600 4423 postquam
2621 4353 2816 4430 cecidit
2843 4353 3079 4424 Spiritus
3104 4366 3325 4412 sanctus
3349 4373 3434 4414 su-

1850 4463 1945 4518 per
1968 4463 2185 4502 omnem
2207 4447 2424 4503 domum
2452 4448 2592 4518 ejus,
2633 4449 2891 4518 praecepit
2915 4463 3009 4504 eos
3040 4448 3234 4504 Petrus
3264 4465 3294 4502 a
3318 4449 3432 4504 suis

159 4555 279 4610 ego,
323 4539 497 4609 inquit
525 4537 780 4604 Joannes,
811 4539 1098 4593 nesciebam
1139 4556 1279 4605 eum,
1322 4539 1375 4594 id
1404 4547 1507 4606 est,
1540 4539 1748 4595 nescie-
1782 4555 1830 4615 ι)
1856 4539 2134 4610 discipulis
2179 4541 2466 4611 baptizari.
2497 4541 2555 4596 in
2598 4542 2897 4612 primordio
2923 4543 3124 4597 etenim
3165 4543 3290 4598 ﬁdei
3321 4558 3438 4598 om-

163 4636 292 4689 bam
323 4632 464 4702 quod
508 4639 827 4704 potestatem
862 4632 1167 4702 baptizandi
1203 4632 1303 4687 sibi
1333 4640 1478 4687 esset
1508 4647 1751 4688 reserva-

167 4735 342 4787 turus,
365 4723 455 4776 sed
495 4723 586 4792 qui
623 4722 764 4776 misit
806 4739 887 4776 me
926 4723 1213 4793 baptizare,
1243 4723 1383 4778 Deus
1419 4722 1580 4778 Pater
1604 4725 1754 4779 vide-

165 4815 326 4880 licet,
371 4813 460 4868 ille
500 4814 628 4868 mihi
671 4814 805 4867 dixit
837 4827 854 4864 :
883 4812 1052 4883 Super
1085 4830 1236 4884 quem
1276 4814 1462 4868 videris
1500 4813 1758 4885 Spiritum

166 4907 587 4972 descendentem,
626 4917 673 4962 et
718 4917 1010 4961 manentem
1054 4923 1210 4976 super
1247 4924 1384 4972 eum,
1420 4907 1503 4960 hic
1547 4918 1622 4962 est
1668 4909 1759 4975 qui

168 5000 403 5069 baptizat
442 5001 497 5052 in
545 4998 746 5069 Spiritu
796 5008 997 5054 sancto.
1042 4992 1309 5053 luta‘ntum
1367 5014 1494 5070 ergo
1540 5000 1762 5055 retinuit

169 5091 277 5148 sibi
302 5091 551 5147 Christus
586 5100 907 5162 potestatem
943 5081 1283 5162 baptizandi,
1314 5100 1371 5144 ut
1404 5093 1544 5146 sicut
1577 5092 1766 5163 dimit-_

171 5191 365 5240 tuntur
392 5184 442 5238 ei
479 5177 656 5237 otnnia
686 5191 929 5254 peccata,
962 5183 1054 5252 qui
1098 5199 1129 5238 a
1160 5193 1347 5238 sancto
1381 5192 1435 5239 et
1478 5183 1765 5238 innocente

170 5275 294 5330 viro
332 5273 554 5344 tingitur
598 5274 652 5327 in
700 5289 860 5344 aqua,
894 5275 968 5329 ita
998 5281 1052 5329 et
1096 5273 1171 5328 illi
1200 5273 1291 5344 qui
1331 5291 1358 5328 a
1391 5283 1676 5346 peccatore
1712 5281 1767 5329 et

173 5364 464 5431 scelerato,
491 5374 698 5420 tantum
748 5367 802 5421 in
847 5367 1066 5422 nomine
1110 5376 1309 5421 sancta:
1337 5366 1618 5423 Trinitatis
1637 5359 1768 5422 illud

176 5459 296 5513 ﬁat.
351 5457 599 5514 Meritum
645 5459 788 5513 enim
836 5460 959 5514 vita
1010 5460 1335 5530 baptizantis
1380 5459 1494 5514 sive
1538 5459 1770 5532 agentis,

105 5560 119 5574 '
177 5565 284 5606 nec
320 5551 539 5620 prodest
575 5567 675 5606 nec
711 5552 867 5607 obest
908 5551 963 5606 in
1005 5551 1106 5606 bac
1145 5561 1298 5623 parte
1343 5550 1416 5606 illi
1451 5551 1543 5624 qui
1591 5551 1770 5622 bapti-

180 5651 361 5697 zatur.
1397 5629 1400 5633 ’
1463 5629 1470 5636 ’

255 5733 466 5789 Divinis
505 5744 582 5788 est
623 5733 884 5800 Christus,
914 5745 1190 5802 subaudis,
1226 5750 1268 5790 ει
1321 5744 1397 5790 tta
1420 5721 1504 5790 est
1541 5740 1602 5788 ut
1631 5731 1773 5788 dici-

185 5827 279 5884 tis.
308 5825 426 5884 Non
461 5825 780 5885 aﬁirmative
809 5843 986 5892 neque
1027 5829 1411 5900 interrogative
1444 5829 1546 5885 hoc
1583 5827 1771 5900 legen-

1860 4647 1955 4686 ncs
1972 4630 2344 4701 baptizabant,
2363 4639 2419 4686 et
2441 4646 2548 4686 non
2571 4631 2745 4686 solum
2776 4632 2899 4697 viri,
2915 4631 3008 4687 sed
3023 4632 3186 4686 etiam
3198 4630 3432 4697 feminze,

1861 4722 1904 4778 si
1927 4722 2142 4792 quando
2173 4722 2470 4777 necessitas
2508 4721 2841 4799 imminebat.
2875 4722 2982 4778 Sed
3010 4738 3078 4779 ne
3103 4731 3307 4778 tantum
3339 4725 3440 4779 mi-

1861 4814 2146 4868 nisterium
2173 4814 2474 4879 vilesceret,
2519 4822 2614 4867 aut
2639 4829 2746 4868 non
2777 4824 2922 4870 recte
2955 4830 2985 4868 a
3017 4815 3442 4884 simplicioribus

1862 4902 2194 4974 impleretur,
2219 4912 2497 4959 crescente
2525 4919 2750 4958 numero
2777 4903 3011 4960 ﬁdeliqu
3037 4920 3135 4974 per
3162 4906 3442 4960 universas

1861 4995 2111 5050 civitates
2151 5004 2204 5050 et
2241 4995 2416 5061 villas,
2451 4995 2728 5050 decretum
2755 5005 2838 5051 est
2876 5012 2904 5049 a
2947 4996 3150 5051 sanctis
3175 4996 3440 5066 patribus,

1865 5096 1923 5142 ut
1955 5088 2191 5158 episcopi
2221 5097 2429 5143 tantum
2475 5099 2530 5142 et
2559 5087 3250 5158 presbyteribaptizarent.
3302 5095 3359 5142 et
3397 5087 3442 5143 si

1864 5181 2162 5236 necessitas
2195 5179 2374 5245 fuerit,
2415 5180 2690 5236 diacones.
2734 5177 2860 5234 Non
2906 5181 2963 5234 in
2991 5180 3247 5250 sapientia
3281 5179 3444 5246 verbi,

1867 5272 2124 5327 subaudis
2145 5272 2292 5326 misit
2318 5286 2406 5328 me
2427 5271 2675 5328 Christus
2703 5272 3095 5340 evangelizare,
3118 5280 3174 5324 ut
3197 5287 3301 5324 non
3328 5285 3449 5324 eva-

1869 5375 2053 5420 cuetur
2077 5381 2210 5419 crux
2236 5363 2452 5431 Christi,
2475 5365 2531 5419 id
2554 5373 2656 5432 est,
2687 5373 2748 5420 ut
2778 5380 2888 5421 non
2913 5363 3246 5434 annihiletur
3267 5363 3451 5434 passio

1871 5459 2116 5516 crucifixi
2139 5457 2362 5514 Christi.
2401 5458 2735 5534 Haereticiet
2753 5458 3057 5531 philosophi
3086 5453 3454 5529 praedicabant

1874 5550 1928 5604 in
1971 5548 2232 5619 sapientia
2255 5547 2429 5615 verbi,
2473 5549 2577 5603 hoc
2605 5557 2691 5605 est
2711 5547 2872 5608 .culto
2900 5556 2956 5604 et
2980 5547 3148 5618 polito
3184 5559 3454 5610 sermone,

1873 5651 1934 5697 ut
1974 5642 2250 5712 placerent
2305 5639 2418 5696 suis
2472 5640 2831 5706 auditoribus,
2867 5647 2923 5696 et
2979 5639 3095 5710 ipsi,
3138 5645 3458 5708 apparerent

1874 5734 2018 5790 docti
2074 5752 2088 5788 :
2137 5733 2220 5788 vel
2263 5733 2426 5789 etiam
2473 5732 2526 5786 in
2581 5732 2844 5801 sapientia
2882 5731 3031 5801 verbi
3071 5729 3456 5800 praedicabant,

1875 5827 2000 5897 quia
2030 5841 2091 5882 ea
2116 5841 2235 5896 qu-.e
2263 5825 2514 5890 mundus,
2553 5823 2607 5878 id
2634 5833 2716 5880 est
2765 5831 3034 5881 amatores
3079 5821 3237 5892 hujus
3277 5819 3462 5876 mundi
