3936 6466
480 330 583 384 515

958 315 1312 376 liAYMONlS
1350 313 1825 370 HALBEBSTAT.
1863 310 2076 366 EPISC.

2184 309 2265 365 Ψ.
2312 307 2490 363 PARS
2524 307 2564 362 Ι.
2602 335 2674 348 —
2708 305 3069 363 COMMENT.
3101 307 3270 362 BIBL.

3648 311 3752 366 516

482 451 536 500 et
575 435 878 511 philosophi
923 434 1172 489 humana:
1202 427 1497 499 sapientiae,
1527 425 1687 481 stulta
1708 433 1919 496 putant,
1944 438 2050 478 non
2079 424 2130 482 Α
2229 418 2371 511 Nam
2409 420 2535 511 quia
2565 435 2666 511 non
2692 421 2926 511 cognouit
2954 420 3201 511 mundus,
3240 419 3293 476 id
3333 430 3421 475 est
3472 430 3756 479 amatores

481 531 849 606 praedicabant
871 527 966 581 illi.
993 523 1152 580 Verbi
1179 522 1353 593 gratia
1381 538 1394 575 :
1418 519 1618 575 Christi
1640 519 1974 574 nativitatem
1994 533 2062 572 ex

485 624 708 696 Virgine
729 661 744 686 ,
771 626 1021 680 mortem,
1050 624 1106 671 et
1138 613 1614 676 resurrectionem,
1643 627 1762 681 qua:
1785 611 1964 668 omnia
1990 609 2064 664 illi

487 714 843 783 denegabant,
867 711 1108 766 dicentes
1136 723 1241 761 non
1272 720 1432 776 posse
1461 704 1662 773 aliquid
1685 703 1849 774 gigni,
1874 703 1974 758 nisi
1999 717 2071 761 ex.

487 803 861 863 commistione
874 800 1098 854 alterius
1120 797 1344 853 seminis
1374 814 1388 850 :
1418 805 1473 850 et
1500 795 1690 860 Deum,
1717 795 1809 863 qui
1845 792 2069 862 spiritus
2102 861 2109 866 _

486 906 590 962 est,
634 909 738 949 non
778 906 899 946 esse
940 891 1215 945 hominem
1259 888 1482 952 factum,
1513 886 1694 954 lneque
1738 883 1932 939 Filium
1973 882 2065 938 Dei

491 988 625 1042 mori
657 984 916 1056 potuisse,
945 981 1041 1036 sed
1067 979 1282 1050 quando
1305 977 1469 1032 voluit
1491 975 1758 1048 apparuit,
1779 983 1834 1030 et
1855 975 2070 1044 quando

486 1078 663 1134 noluit
691 1075 938 1139 recessit,
965 1087 1141 1142 neque
1164 1067 1479 1132 resurrexit,
1522 1067 1649 1138 quia
1680 1081 1786 1121 non
1824 1075 2070 1122 mortuus

488 1176 591 1223 est.
626 1166 733 1222 Ista
773 1165 954 1220 omnia
991 1161 1295 1234 philosOphi
1321 1167 1379 1216 et
1410 1159 1673 1223 haeretici,
1701 1157 1824 1227 quia
1853 1173 1951 1227 per
1971 1157 2071 1212 hu-

493 1272 710 1313 manam
726 1255 1047 1326 sapientiam
1076 1261 1358 1323 penetrare
1386 1263 1492 1304 non
1519 1256 1790 1318 poterant,
1821 1245 2072 1301 dicebant
2105 1254 2109 1261 '

498 1348 838 1404 mendaciqu
877 1360 1019 1410 esse,
1047 1353 1101 1398 et
1129 1340 1496 1396 annihilabant
1520 1337 1825 1408 passionem
1847 1335 2068 1391 Christi.

494 1441 602 1496 Sed
639 1438 930 1510 Apostolus
954 1435 1288 1508 praedicabat
1313 1430 1648 1501 simplicibus
1691 1430 1874 1484 verbis
1915 1427 2074 1484 Chri-

493 1541 636 1590 stum
687 1543 809 1585 esse
848 1536 1034 1583 natum
1077 1527 1143 1582 de
1184 1525 1424 1596 Virgine,
1465 1531 1738 1578 mortuum
1782 1530 1838 1576 et
1886 1534 2072 1576 resur-

497 1622 723 1686 rexisse,
771 1627 831 1674 ut
880 1617 1156 1674 auditores
1184 1614 1304 1686 ejus
1343 1613 1646 1683 intelligere
1694 1621 1916 1682 possent
1951 1625 2072 1681 quae

495 1715 832 1783 loquebatur.
877 1710 1193 1778 Quicunque
1245 1707 1389 1762 enim
1436 1704 1596 1760 tidem
1635 1702 1840 1759 Christi
1887 1701 2070 1757 verbis

2166 508 2351 564 mundi
2389 517 2444 563 et
2487 507 2815 579 philosophi,
2847 525 2940 574 per
2971 510 3284 578 sapientiam
3330 524 3487 564 suam
3520 511 3756 566 munda-

2165 618 2290 658 nam
2314 601 2482 656 Deum
2503 601 2744 664 Patrem,
2776 601 2831 655 in
2855 600 2953 654 Dei
2987 603 3264 672 sapientia,
3298 603 3351 657 id
3380 611 3466 657 est
3495 601 3552 656 in
3575 601 3757 669 Filio,

2165 696 2256 766 qui
2279 704 2364 750 est
2391 695 2653 766 sapientia
2686 693 2775 749 Dei
2798 694 2978 748 Patris
3003 710 3018 760 ;
3041 693 3236 764 placuit
3268 694 3398 758 Deo,
3429 694 3760 750 subauditur

2166 788 2334 853 Patri,
2360 805 2452 858 per
2479 787 2756 841 stultitiam
2799 787 3208 858 prmdicationis,
3240 786 3293 840 id
3323 795 3408 842 est
3436 802 3539 858 per
3563 788 3761 858 praedio

2168 878 2433 935 cationem
2474 878 2772 949 Evangelii,
2810 893 2975 948 quam
3005 877 3081 932 illi
3131 877 3418 933 stultitiam
3473 875 3762 943 dicebant,

2169 969 2334 1025 salvos
2358 969 2530 1038 facere
2558 969 2844 1024 credentes.
2882 968 3086 1024 Sensus
3131 969 3440 1040 hujusmodi
3464 979 3598 1024 est:
3634 971 3760 1039 quia

2168 1061 2440 1131 sapientes
2468 1060 2624 1115 istius
2649 1060 2849 1124 sreculi,
2879 1059 3216 1116 conﬁdentes
3261 1061 3314 1116 in
3350 1077 3449 1117 sua
3490 1063 3760 1132 sapientia

2169 1154 2426 1216 humana,
2464 1152 2751 1208 noluerunt
2775 1152 2996 1208 credere
3025 1154 3077 1208 in
3107 1153 3406 1219 Christum,
3436 1155 3538 1225 qui
3569 1165 3659 1210 est
3687 1172 3746 1209 sa

2170 1245 2374 1316 pientia
2413 1245 2541 1310 Dei,
2585 1259 2760 1315 neque
2801 1246 2854 1300 in
2895 1245 2985 1300 illo
3032 1245 3195 1300 etiam
3225 1246 3526 1302 noluerunt
3565 1261 3762 1317 cogno-

2172 1353 2325 1394 scere
2351 1339 2520 1393 Deum
2551 1338 2792 1403 Patrem,
2820 1339 2903 1393 vel
2934 1339 3058 1409 quia
3073 1339 3360 1394 noluerunt
3374 1340 3610 1394 credere
3637 1354 3763 1393 vera

2171 1444 2291 1484 esse
2329 1445 2448 1499 qua:
2492 1430 2544 1484 in
2573 1430 2837 1501 sapientia
2869 1429 2960 1484 Dei
2992 1439 3148 1484 erant
3175 1470 3190 1496 ,
3240 1429 3292 1485 id
3320 1439 3407 1486 est
3434 1431 3760 1502 Evangelia,

2169 1523 2416 1594 permisit
2437 1537 2531 1577 eos
2568 1523 2710 1577 Deus
2735 1523 2915 1594 perire
2943 1522 2996 1577 in
3015 1538 3110 1578 sua
3135 1523 3551 1588 incredulitate,
3573 1534 3631 1578 et
3651 1524 3762 1594 pla-

2171 1613 2283 1670 cuit
2310 1613 2356 1668 ei
2384 1630 2484 1683 per
2516 1613 2664 1668 illam
2698 1613 3140 1683 praedicationem
3168 1629 3330 1683 quam
3374 1613 3452 1668 illi
3498 1615 3764 1684 putabant

2173 1719 2294 1760 esse
2330 1703 2630 1770 stultitiam,
2681 1703 2858 1760 salvos
2887 1703 3066 1759 facere
3113 1703 3233 1760 illos
3272 1704 3366 1775 qui
3397 1705 3634 1760 credere
3677 1719 3766 1760 vo-

495 1775 606 1860 vnlt
627 1775 919 1869 exornare,
941 1818 1048 1858 non
1077 1775 1169 1857 Dei
1210 1799 1458 1871 gloriam,
1487 1797 1581 1854 sed
1609 1795 1884 1868 pr0priam
1914 1809 2064 1865 quaa-
2099 1775 2142 1835 Β
2169 1795 2404 1851 luerunt.

495 1895 584 1949 rit.

572 1983 798 2039 Verbum
827 1999 965 2036 enim
1000 1982 1170 2036 crucis
1221 1961 1551 2050 pereuntibus
1589 1976 1798 2049 quidem
1851 1977 2074 2030 stultitia

496 2086 606 2141 est;
633 2076 713 2129 his
741 2083 915 2128 autem
934 2074 1023 2143 qui
1060 2070 1192 2126 salvi
1218 2070 1375 2148 Eunt,
1401 2069 1456 2123 id
1483 2077 1556 2123 est
1588 2067 1756 2130 nobis,
1785 2068 1947 2120 uirtus
1980 2065 2074 2120 Dei

495 2176 591 2221 est.
625 2165 764 2232 Quid
793 2173 877 2219 est
905 2163 1048 2234 quod
1092 2162 1222 2217 dicit
1266 2161 1491 2215 verbum
1532 2158 1750 2215 crucis?
1780 2157 1923 2212 Crux
1954 2172 2075 2227 quae

499 2259 799 2314 inanimata
826 2266 879 2312 et
905 2254 1230 2312 insensibilis
1257 2267 1343 2308 res
1371 2259 1474 2316 est,
1501 2250 1771 2320 quomodo
1798 2257 1976 2320 potest
1997 2249 2075 2303 lo-

499 2351 591 2421 qui
635 2349 859 2404 verbum
891 2347 1024 2401 Dei?
1057 2344 1286 2400 Verbum
1317 2341 1494 2399 cruris
1523 2341 1678 2404 dixit,
1709 2340 1761 2396 id
1788 2350 1872 2396 est
1903 2340 2077 2396 Evan-

501 2439 700 2511 gelium
734 2448 790 2493 et
834 2436 1272 2508 praedicationem
1305 2432 1550 2489 cruciﬁxi
1599 2433 1800 2488 Christi
1833 2451 1846 2485 :
1878 2432 1932 2486 in
1961 2430 2078 2486 inli-

498 2531 719 2589 delitate
761 2545 996 2599 namque
1040 2525 1383 2584 manentibus
1411 2532 1466 2581 et
1516 2540 1620 2579 non
1654 2524 2078 2594 intelligentibus

498 2627 753 2680 virtutem
785 2623 877 2678 Dei
904 2631 956 2676 et
1000 2620 1340 2690 sapientiam,
1373 2617 1600 2674 stultitia
1639 2625 1720 2672 est
1751 2615 1944 2671 Filium
1987 2615 2079 2671 Dei

501 2717 680 2772 dicere
705 2713 1050 2776 cruciﬁxum;
1081 2710 1426 2766 credentibus
1451 2723 1580 2763 vero
1606 2715 1661 2762 et
1687 2707 1844 2762 ﬁdem
1871 2706 2078 2762 haben-

505 2806 647 2862 tibus
665 2805 808 2875 quod
853 2819 950 2873 per
992 2801 1297 2871 passionem
1326 2807 1452 2854 sunt
1477 2797 1760 2868 redempti,
1791 2797 1961 2851 virtus
1984 2796 2079 2852 Dei

503 2904 586 2952 est
610 2897 724 2965 ipsa
763 2894 974 2964 passio,
999 2892 1128 2962 quia
1160 2906 1258 2962 per
1277 2889 1422 2945 illam
1445 2897 1721 2944 merentur
1744 2887 1960 2944 salvari.

576 2984 837 3056 Scriptum
874 2993 946 3038 est
973 2985 1131 3047 enim,
1176 2981 1230 3034 iu
1254 2979 1391 3035 Isaia
1423 2977 1560 3051 (Isa.
1588 2979 1738 3047 xxix)
1783 2991 1800 3030 :
1856 2973 2080 3030 Perdam

503 3079 822 3150 sapientiam
843 3076 1177 3145 sapientium,
1206 3083 1252 3127 et
1277 3071 1607 3144 prudentiam
1626 3069 1960 3140 prudentium
2003 3085 2084 3122 re-

504 3129 932 3242 putauimus
965 3129 1289 3235 sapientiam
1314 3178 1476 3232 quam
1509 3129 1791 3232 ipse-Deus
1816 3159 1934 3223 dat,
1961 3173 2082 3230 per-
2109 3129 2154 3192 Ο

505 3261 587 3315 dit
611 3259 726 3314 sive
753 3258 1020 3327 reprobat,
1047 3255 1141 3310 sed
1172 3256 1462 3309 humanam
1494 3267 1656 3320 quam
1709 3250 1809 3322 ipsi
1839 3249 2086 3304 homines

508 3352 610 3408 sibi
638 3349 986 3404 adinveniunt
1016 3348 1126 3401 Deo
1153 3345 1516 3416 permittente,
1563 3342 1898 3397 dialecticam
1935 3342 2086 3398 vide-

508 3443 651 3506 licet,
700 3452 1030 3508 cazterasque
1064 3446 1210 3492 artes
1255 3450 1351 3505 per
1403 3450 1538 3504 quas
1567 3442 1784 3504 sperant
1814 3434 2086 3504 sapientes

509 3548 650 3598 esse,
676 3531 818 3586 illam
865 3531 934 3585 ad
962 3530 1188 3585 nihilum
1217 3529 1457 3593 deducit,
1487 3536 1542 3582 et
1583 3527 1802 3582 stultam
1829 3541 1950 3582 esse
1972 3543 2088 3582 ma-

509 3624 750 3679 nil'estat.

585 3713 683 3768 Ubi
731 3711 980 3785 sapiens?
1029 3711 1115 3765 ubi
1165 3711 1512 3766 scriba?Hoc
1548 3711 1615 3765 ad
1655 3709 1960 3766 Iudaeorum
1997 3726 2079 3766 sa-

525 3804 984 3877 pientes,scribas
1011 3802 1261 3858 videlicet
1289 3812 1343 3858 et
1362 3801 1686 3866 Pharisaeos,
1714 3801 1968 3872 pertinet,
2000 3801 2088 3855 ubi

509 3899 786 3972 inquisitor
809 3897 893 3953 vel
924 3895 1258 3966 conquisitor
1284 3895 1440 3965 hujus
1470 3894 1698 3950 swculi?
1727 3894 1840 3949 Hoc
1871 3895 1937 3948 ad
1963 3893 2086 3963 phi-

510 3988 762 4059 losophos
790 3989 1022 4059 pertinet
1049 3987 1311 4058 gentium,
1339 3986 1432 4056 qui
1467 3985 1533 4040 de
1559 3987 1823 4056 sapientia
1861 3985 2086 4056 conqui-

512 4080 703 4138 rebant
723 4088 777 4135 et
797 4080 862 4136 de
884 4079 1096 4135 caeteris
1123 4077 1349 4134 occultis
1380 4085 1435 4130 et
1482 4077 1676 4131 abditis
1724 4076 1902 4140 rebus,
1939 4084 1994 4130 ct
2022 4075 2088 4130 de

511 4171 722 4228 naturis
739 4179 1134 4235 creaturarum,
1170 4178 1226 4223 et
1273 4183 1508 4223 maxume
1537 4169 1607 4222 ad
1641 4168 1958 4240 astrologos,
1995 4167 2087 4238 qui

511 4282 673 4322 cursu
697 4275 752 4320 et
776 4266 1146 4320 moderatione
1171 4261 1455 4317 duodecim
1475 4261 1774 4331 signorum,
1800 4263 1928 4317 solis
1955 4277 2091 4332 quo-

512 4373 620 4428 que
647 4367 704 4412 et
724 4356 888 4420 lunae,
906 4364 962 4410 et
982 4353 1218 4424 quinque
1237 4352 1598 4421 planetarum,
1634 4353 1885 4408 dixerunt
1908 4353 2087 4409 omnia

2241 1886 2498 1952 Quoniam
2535 1896 2583 1942 et
2609 1884 2789 1941 λιιάωὶ
2832 1886 2984 1956 signa
3009 1894 3210 1956 petunt,
3241 1885 3295 1940 in
3322 1885 3432 1941 hoc
3465 1886 3621 1957 quod
3653 1901 3766 1940 cre-

2172 1979 2302 2033 dunt
2333 1978 2442 2033 Deo
2489 1978 2670 2033 omnia
2714 1978 2989 2048 possibilia
3044 1992 3185 2044 esse,
3241 1988 3502 2050 quaerunt
3555 1994 3767 2050 semper

2173 2073 2324 2143 signa
2355 2071 2621 2142 quomodo
2651 2072 2780 2126 illud
2823 2071 3023 2127 factum
3055 2073 3146 2138 sit,
3175 2072 3240 2126 de
3282 2087 3394 2142 quo
3437 2087 3633 2127 sermo
3667 2074 3767 2144 agi-

2175 2171 2280 2217 tur.
2315 2161 2405 2217 Sic
2428 2162 2554 2217 fecit
2578 2162 2875 2226 Abraham,
2906 2163 3122 2232 quando
3145 2162 3281 2218 dixit
3307 2163 3375 2217 ad
3407 2162 3592 2218 Deum
3616 2162 3764 2233 (Gel.

2174 2253 2264 2324 xv)
2295 2272 2308 2308 :
2336 2252 2392 2307 In
2429 2269 2536 2324 quo
2565 2253 2703 2308 scire
2725 2264 2914 2323 potero
2947 2253 3089 2324 quod
3119 2254 3346 2309 daturus
3373 2269 3439 2309 es
3468 2254 3616 2310 mihi
3663 2264 3765 2309 ter-

2176 2361 2289 2399 ram
2333 2345 2473 2400 hanc
2503 2344 2558 2398 in
2587 2346 3005 2415 possessionem,
3051 2345 3131 2400 sic
3165 2345 3387 2401 Gedeon
3429 2354 3490 2400 et
3532 2347 3632 2402 alii
3661 2346 3766 2417 pln-

2176 2435 2320 2490 rimi.
2349 2431 2418 2489 Et
2446 2435 2618 2491 Graeci
2647 2437 2976 2507 sapientiam,
3002 2437 3256 2492 subaudis
3280 2437 3618 2502 humanam,
3640 2456 3769 2509 qu.»

2177 2538 2314 2590 runt,
2359 2526 2410 2580 id
2459 2537 2542 2582 est
2590 2527 3007 2598 philosophiam.
3057 2526 3192 2595 Quia
3239 2537 3454 2598 septem
3518 2527 3767 2582 liberales

2177 2627 2321 2672 artes
2367 2619 2506 2688 apud
2535 2617 2652 2674 illos
2682 2618 2953 2689 praecipue
2983 2620 3292 2687 viguerunt,
3321 2617 3446 2674 ideo
3477 2635 3590 2690 pro
3615 2619 3768 2674 nihilo

2179 2707 2382 2763 ducunt
2410 2708 2705 2780 simplicem
2731 2708 3033 2764 doctrinam
3062 2708 3322 2764 tidelium.

2253 2797 2364 2852 Nos
2394 2808 2570 2852 autem
2596 2800 2944 2856 nrmdicamus
2971 2798 3235 2877 Christum
3271 2802 3606 2872 cruci/ium
3640 2819 3658 2856 :
3680 2803 3768 2857 Ju-

2181 2888 2308 2943 da’is
2342 2888 2548 2960 quidem
2579 2887 2912 2954 scandalum,
2943 2889 2995 2944 id
3037 2896 3119 2944 est
3156 2891 3328 2946 rixam
3356 2903 3417 2946 et
3473 2895 3770 2948 contentio-

2182 2986 2324 3042 nem,
2351 2980 2586 3050 gentibus
2612 2989 2786 3034 autem
2835 2979 3134 3034 stultitiam.
3160 2980 3442 3051 Apostolis
3479 2985 3772 3052 praedican-

2185 3071 2330 3126 tibus
2356 3071 2614 3142 mysteria
2659 3070 3014 3126 humanitatis
3040 3072 3160 3128 Filii
3193 3075 3309 3139 Dei,
3339 3075 3622 3132 viddieet
3655 3093 3774 3147 qn-

2186 3162 2345 3218 modo
2373 3172 2530 3217 natus
2555 3171 2637 3218 est
2663 3179 2731 3218 ex
2759 3163 3271 3236 Virgine,quomodo
3303 3168 3588 3224 miracula
3618 3170 3776 3225 mlh

2185 3251 2330 3319 fecit,
2373 3254 2640 3324 quomodo
2683 3254 2850 3310 Judmi
2880 3254 3152 3319 Christum
3194 3259 3606 3316 crucilixerunt
3636 3262 3772 3317 inno-

2185 3353 2420 3408 centem,
2450 3353 2505 3398 et
2534 3344 2803 3414 quomodo
2840 3345 2952 3414 ipse
2977 3362 3265 3418 resurgens
3293 3350 3557 3405 ascendit
3587 3353 3656 3406 ad
3677 3367 3777 3408 co»

2185 3436 2286 3502 los,
2317 3436 2822 3491 scandalizabantur
2844 3436 3034 3503 ludari,
3068 3437 3121 3493 id
3166 3446 3272 3504 est,
3303 3440 3650 3498 rixabantur
3671 3443 3777 3498 sive

2186 3528 2598 3596 contendebant,
2644 3530 2885 3584 dicentes
2920 3529 3066 3584 nullo
3121 3532 3279 3586 modo
3324 3547 3454 3588 esse
3497 3549 3694 3590 verum
3726 3542 3778 3588 ut

2186 3622 2337 3692 virgo
2361 3629 2600 3693 pareret,
2630 3629 2692 3676 ut
2719 3622 2818 3692 ipsi
2848 3621 2940 3677 Dei
2982 3621 3176 3678 Filium
3207 3625 3650 3694 interfecissent,
3692 3629 3781 3684 id

2189 3728 2441 3783 magnum
2472 3712 2760 3782 quemdam
2784 3727 2814 3765 a
2845 3713 2997 3784 cujus
3026 3713 3308 3786 discipulis
3331 3717 3534 3772 dicunt
3565 3721 3780 3774 intenta

2187 3819 2307 3859 esse
2345 3804 2453 3870 illa,
2495 3819 2614 3874 qua:
2644 3804 2696 3857 in
2727 3803 3014 3876 Evangelio
3043 3805 3108 3860 de
3149 3804 3264 3874 ejus
3290 3810 3710 3866 resurrectione
3731 3820 3781 3864 et

2189 3895 2504 3950 ascensione
2556 3893 2884 3960 referuntur,
2925 3911 3043 3965 qua:
3087 3897 3271 3951 omnia
3319 3899 3607 3972 denegant
3662 3915 3782 3955 vera

2190 3999 2328 4040 esse.
2370 3983 2566 4040 Dicunt
2596 3985 2736 4040 inter
2777 3994 2971 4041 caetera
3022 4004 3033 4040 :
3083 3985 3352 4054 Christus,
3388 4004 3562 4060 quem
3607 3993 3783 4046 dicitis

2189 4091 2284 4131 vos
2328 4076 2439 4147 jam
2467 4081 2676 4132 venisse
2708 4092 2805 4147 per
2833 4063 3388 4150 Virginem,'nondum
3441 4084 3626 4150 venit,
3661 4086 3783 4154 quia

2189 4167 2346 4223 nobis
2371 4170 2670 4239 promissus
2699 4178 2781 4225 cst
2813 4189 2824 4224 :
2854 4186 2954 4226 nec
2999 4179 3254 4228 nascetur
3279 4188 3347 4230 ex
3388 4175 3665 4246 Virgine,
3695 4179 3785 4234 sed

2191 4259 2360 4315 David
2387 4269 2650 4332 resurget,
2676 4271 2731 4316 et
2755 4263 2869 4332 ipse
2893 4264 2998 4319 erit
3023 4273 3208 4320 noster
3228 4265 3479 4324 Messias.
3511 4267 3785 4326 Similiter

2190 4349 2520 4421 philosophis
2541 4353 2780 4423 gentium
2803 4354 3026 4409 stultum
3049 4355 3224 4410 visum
3248 4365 3334 4412 est
3369 4367 3432 4413 ut
3459 4359 3648 4419 Filius
3669 4364 3786 4428 Dei.

513 4462 634 4518 quae
663 4447 718 4501 in
766 4445 926 4499 terris
965 4451 1196 4514 aguntur
1219 4441 1541 4507 consistere,
1568 4453 1623 4497 et
1650 4441 1819 4498 Deum
1860 4458 1966 4497 non
1991 4458 2089 4497 cu-
2114 4470 2166 4528 Ι)
2192 4443 2283 4512 qui
2320 4454 2406 4498 est
2453 4453 2642 4498 auctor
2662 4446 2804 4512 vitae,
2851 4462 2949 4517 pro
2983 4447 3294 4507 hominibus
3321 4463 3648 4510 moreretur
3680 4474 3695 4509 :
3736 4468 3788 4511 et

517 4551 640 4592 rare
675 4537 742 4592 de
763 4535 849 4591 his
874 4549 994 4604 quae
1019 4533 1072 4586 in
1105 4533 1264 4588 terris
1283 4541 1537 4603 aguntur,
1568 4547 1740 4604 neque
1767 4534 1832 4589 de
1860 4533 2091 4588 homini-

515 4631 636 4698 bus,
655 4644 829 4699 neque
853 4631 920 4685 de
946 4628 1327 4684 animantibus.
1358 4627 1434 4682 De
1459 4628 1545 4683 his
1569 4642 1698 4698 ergo
1719 4626 1850 4681 dicit
1869 4626 2093 4696 Aposto-

516 4723 600 4779 lus
635 4741 648 4778 :
676 4722 778 4778 Ubi
802 4731 926 4777 sunt
963 4721 1123 4777 modo
1149 4722 1421 4792 sapientes
1441 4729 1498 4777 et
1535 4720 1727 4776 scriba:
1748 4718 2091 4774 Iudaeorum?

515 4823 573 4872 et
608 4815 700 4870 ubi
730 4823 856 4869 sunt
882 4813 1181 4884 philosophi
1213 4813 1451 4884 gentium
1487 4823 1540 4867 et
1563 4811 1859 4882 astrologi?
1897 4810 1955 4865 In
1984 4811 2088 4865 Ec-

516 4905 680 4962 clesia
736 4905 939 4960 nullum
991 4903 1191 4960 habent
1239 4905 1436 4959 locum.
1473 4901 1663 4957 Nonne
1709 4901 1922 4957 stultam
1971 4903 2091 4971 fecit

516 4996 658 5052 Deus
680 4997 991 5065 sapientiam
1017 4995 1177 5066 hujus
1209 4994 1390 5048 mundi
1416 4995 1441 5049 ?
1479 4993 1532 5049 id
1564 5002 1648 5049 est
1674 5011 1686 5047 :
1720 4995 1956 5064 nunquid
1984 5009 2091 5050 non

515 5087 662 5152 fecit,
690 5086 746 5142 id
771 5094 858 5142 est
885 5086 1274 5143 demonstravit
1304 5085 1446 5140 Deus
1481 5084 1698 5139 stultam
1727 5099 1848 5141 esse
1876 5085 2092 5156 sapien-

519 5179 648 5234 tiam
678 5187 983 5234 amatorum
1029 5175 1216 5234 mundi
1240 5185 1294 5232 et
1323 5176 1716 5246 philosophiam
1744 5217 1760 5244 ,
1792 5178 1916 5232 dum
1944 5193 2090 5233 com-

516 5269 685 5339 plevit
721 5285 884 5341 opere
905 5269 1047 5340 quod
1073 5269 1150 5324 illi
1179 5268 1554 5339 denegabant?
1588 5267 1783 5338 Utique
1821 5267 1894 5322 illi
1927 5283 2089 5337 nega-

517 5357 652 5414 bant
687 5375 844 5431 posse
865 5360 1067 5432 aliquid
1093 5360 1259 5433 gigni,
1290 5361 1394 5415 nisi
1428 5360 1801 5415 commistione
1825 5361 1990 5415 maris
2033 5368 2089 5415 et

521 5449 753 5508 feminae.
778 5452 916 5509 Deus
943 5462 1124 5508 autem
1150 5453 1491 5523 omnipotens
1511 5453 1748 5507 ostendit
1768 5453 2086 5524 sapientiam

523 5542 734 5600 illorum
763 5562 872 5603 non
900 5561 1022 5603 esse
1040 5561 1243 5611 veram,
1270 5545 1396 5601 dum
1411 5545 1606 5600 Filium
1632 5561 1786 5603 suum
1809 5547 2090 5603 constituit
2117 5598 2125 5606 ,

520 5635 671 5692 nasci
701 5651 769 5693 ex
792 5638 1020 5709 virgine,
1049 5638 1129 5693 sic
1170 5637 1334 5692 etiam
1364 5637 1710 5692 resuscitavit
1732 5654 1858 5696 cum
1885 5655 1914 5695 a
1948 5656 2091 5697 mor-

521 5723 652 5790 tuis,
694 5724 820 5784 licet
856 5727 933 5783 illi
964 5736 1222 5798 negarent
1265 5727 1736 5783 resurrectionem.

2194 4534 2322 4589 dum
2368 4549 2431 4589 ea
2465 4534 2754 4590 audiebant
2791 4537 3070 4607 prredicari
3099 4537 3165 4594 de
3194 4539 3436 4606 Christo,
3478 4559 3615 4616 qua
3652 4547 3790 4600 ratio

2197 4623 2464 4677 mundana
2494 4631 2551 4679 et
2586 4624 3026 4696 philosophorum
3047 4628 3309 4698 sapientia
3341 4643 3648 4700 penetrare
3683 4651 3792 4691 non

2195 4723 2438 4784 poterat,
2491 4717 2770 4772 constricti
2819 4719 3101 4775 stultitiam
3151 4737 3274 4779 esse
3322 4724 3457 4781 illud
3500 4727 3791 4785 dicebant.

2196 4804 2299 4874 Ipsi
2323 4805 2466 4860 enim
2497 4805 2749 4862 dicebant
2782 4809 3042 4880 virginem
3089 4828 3193 4868 non
3223 4830 3380 4886 posse
3423 4818 3547 4873 sine
3577 4821 3795 4876 semine

2197 4898 2299 4953 viri
2321 4914 2533 4969 parere,
2557 4910 2612 4956 et
2637 4903 3086 4959 resurrectionem
3113 4906 3399 4976 negabant.
3427 4908 3582 4980 Ipsis
3612 4923 3796 4968 antas

2195 4987 2399 5044 Juda'is
2419 4993 2636 5059 vocatis,
2666 4993 2921 5049 subaudis
2949 4996 3016 5049 ad
3037 4995 3196 5052 ﬁdem
3219 4998 3442 5066 Christi,
3472 5009 3522 5054 et
3556 5000 3797 5071 Grecis,

2195 5080 2250 5136 id
2301 5091 2381 5138 est
2414 5083 2703 5153 gentilibus
2733 5085 2982 5141 similiter
3002 5089 3398 5158 praedestinantis
3418 5092 3492 5147 ad
3531 5094 3721 5151 vitam
3745 5105 3803 5151 et

2194 5177 2419 5232 credere
2464 5177 2787 5245 volentibus,
2824 5178 3091 5236 Christum
3143 5181 3241 5237 Dei
3291 5183 3535 5241 uirtutem
3590 5199 3650 5245 et
3698 5189 3798 5244 Dei

2195 5259 2530 5340 sapientiam,
2561 5271 2818 5328 subaudis
2843 5274 3201 5344 pmdicamus
3224 5291 3366 5332 esse.
3387 5275 3656 5336 Christus
3685 5283 3804 5338 vir-

2190 5367 2277 5415 tus
2302 5361 2397 5416 Dei
2419 5368 2504 5416 est
2539 5360 2739 5429 Patris,
2767 5363 2892 5434 quia
2920 5378 3018 5435 per
3047 5364 3195 5420 illum
3238 5365 3380 5423 Deus
3400 5367 3573 5426 Pater
3595 5373 3798 5427 omnia

2191 5452 2338 5521 fecit,
2363 5453 2477 5525 ipse
2503 5464 2585 5510 est
2605 5455 2768 5510 etiam
2795 5457 3061 5526 sapientia
3080 5456 3216 5528 ejus,
3249 5476 3370 5531 qua
3396 5462 3531 5518 dicit
3551 5479 3666 5534 per
3699 5466 3802 5523 Sa-

2190 5544 2458 5601 l‘omonem
2501 5563 2514 5600 :
2565 5545 2678 5618 Ego
2736 5548 3002 5620 sapientia
3053 5565 3118 5604 ea:
3170 5567 3258 5605 ore
3303 5551 3563 5608 Altissinn’
3611 5557 3807 5626 ρι’ωᾶ

2191 5638 2532 5708 primogenita
2588 5639 2757 5724 (Eccl.
2805 5642 2989 5714 xxiv);
3041 5653 3098 5698 et
3137 5644 3204 5700 de
3247 5660 3355 5716 qua
3389 5645 3694 5704 Psalmista
3732 5651 3807 5704 ad

2197 5729 2362 5812 Deum
2405 5730 2618 5787 Patrem
2663 5753 2674 5788 :
2710 5732 2919 5802 Omnia,
2977 5736 3166 5809 inquit,
3215 5737 3268 5790 in
3315 5739 3575 5811 sapientia
3609 5740 3808 5812 fecisti
