3936 6440
166 356 272 412 517

862 351 1226 410 EXPOSITIO
1260 349 1325 406 IN
1367 349 1512 404 EPP.
1559 345 1622 404 S.
1663 344 1888 402 PAUJ.
1932 375 2001 385 —-
2036 344 2100 398 IN
2143 345 2358 400 EPIST.
2402 343 2440 400 l.
2487 343 2576 400 AD
2616 341 2770 400 COR.

3343 345 3447 403 διδ

169 471 347 546 (Psal.
377 474 516 546 CIII),
549 471 597 527 ld
623 480 706 526 est
746 485 844 541 per
892 470 1109 525 Filium.
1134 469 1251 540 Ipse
1279 467 1422 522 enim
1455 475 1600 521 recte
1627 464 1757 519 dici-
1785 473 1829 532 Α
1861 462 2086 535 elegerit
2115 463 2329 518 infirma
2360 462 2546 518 mundi
2582 471 2636 516 et
2670 475 2774 516 non
2822 459 3004 525 fortia,
3043 460 3354 518 manifestat
3379 479 3444 519 ex

169 579 263 620 tur
285 564 560 634 Sapientia
587 572 641 618 et
667 560 904 617 Verbum
932 561 1128 623 Patris,
1156 560 1281 629 quia
1311 572 1407 628 per
1438 557 1585 612 illum
1613 555 1754 610 Deus

166 659 335 715 Pater
383 656 731 726 semetipsum
784 653 1151 708 manifestavit
1207 650 1552 713 hominibus;
1604 646 1752 702 verbi

167 750 343 822 gratia
369 766 383 803 :
412 748 550 803 sicut
577 747 737 800 homo
759 759 858 814 per
884 744 1106 798 verbum
1146 756 1303 797 suum
1335 737 1646 792 manifestat
1670 753 1757 792 vo-

165 841 434 913 luntatem
461 853 634 893 suam.
678 836 830 892 Unde
863 836 978 906 ipse
998 834 1166 888 Filius
1188 832 1318 887 dicit
1342 831 1394 885 in
1413 827 1708 898 Evangelio
1738 845 1752 882 :

169 929 356 997 Pater,
415 927 745 998 manifestavi
791 942 974 981 nomen
1031 935 1175 978 tuum
1227 921 1522 977 hominibus
1569 918 1752 991 (Joan.

165 1021 308 1087 xvii)

246 1153 382 1219 Quia
415 1151 553 1222 quod
577 1150 792 1205 stultum
828 1160 902 1203 est
927 1148 1046 1212 Dei,
1071 1147 1123 1202 id
1155 1155 1239 1201 est
1270 1145 1412 1215 quod
1444 1143 1665 1199 stultum
1689 1142 1754 1198 ab

168 1244 484 1300 hominibus
525 1253 776 1314 putatur,
799 1241 1085 1312 sapientius
1114 1249 1186 1293 est
1215 1237 1545 1302 hominibus;
1570 1234 1622 1289 id
1650 1244 1752 1300 est,

168 1337 462 1392 humanam
516 1335 834 1405 sapientiam
883 1330 1237 1395 transcendit,
1292 1339 1346 1384 et
1393 1340 1479 1385 est
1519 1341 1752 1382 sensus:
1813 1377 1818 1380 .

169 1426 324 1494 Quod
351 1425 597 1481 homines
635 1424 855 1480 stultum
887 1431 1078 1494 putant
1097 1436 1245 1487 esse,
1267 1430 1326 1474 ut
1351 1420 1493 1474 Deus
1516 1417 1758 1488 omnipo-

169 1527 292 1572 tens
333 1516 497 1572 Pater
536 1517 730 1572 Filium
767 1531 925 1570 suum
974 1516 1040 1569 ad
1081 1514 1381 1585 passiones,
1427 1511 1496 1566 ad
1523 1519 1752 1566 mortem

170 1607 552 1678 perferendam
601 1607 840 1662 mitteret
870 1607 922 1660 in
953 1605 1234 1670 mundum,
1279 1617 1494 1659 omnem
1542 1602 1755 1671 sapien-

172 1698 302 1753 tiam
351 1698 779 1768 philosophicam
822 1697 1183 1760 transcendit;
1215 1706 1269 1750 et
1308 1693 1434 1764 quia
1481 1692 1752 1762 penetrari

171 1793 244 1850 ab
272 1793 402 1864 ipsis
439 1808 543 1848 non
575 1801 768 1862 potest,
807 1791 1026 1846 stultum
1067 1790 1254 1843 dicunt
1289 1801 1430 1850 esse,
1472 1795 1526 1840 et
1563 1786 1751 1840 nolunt

171 1885 414 1947 credere,
447 1899 552 1938 non
581 1884 705 1954 quia
748 1897 875 1938 vere
901 1881 1122 1936 stultum
1171 1887 1272 1942 est,
1311 1878 1405 1932 sed
1445 1877 1752 1947 sapientius

171 1975 320 2030 omni
348 1974 609 2044 sapientia
639 1973 908 2028 mundana
936 1988 950 2036 ;
979 1980 1025 2025 et
1055 1970 1192 2041 quod
1214 1969 1479 2037 inﬁrmum
1529 1977 1603 2022 est
1629 1966 1750 2034 Det,

175 2067 368 2136 {artius
392 2075 462 2119 est
487 2064 803 2129 hominibus,
840 2063 892 2118 id
907 2069 991 2117 est
1015 2060 1155 2130 quod
1185 2059 1258 2113 illi
1281 2066 1469 2130 putant
1491 2066 1544 2112 et
1565 2057 1752 2113 dicunt

87 2172 94 2177 ·
178 2155 443 2210 inﬁrmum
481 2169 622 2221 esse,
652 2156 793 2225 quod
817 2153 983 2208 Filius
1026 2152 1119 2208 Dei
1150 2151 1413 2221 potuisset
1449 2149 1608 2214 mori,
1643 2147 1752 2205 for-

173 2247 282 2300 tius
307 2254 388 2300 est
432 2246 684 2300 omnibus
722 2245 1050 2309 hominibus,
1088 2254 1144 2298 et
1169 2242 1409 2297 omnium
1431 2240 1752 2297 fortitudine

169 2337 466 2406 gigantum.
497 2335 814 2403 Quomodo?
857 2336 982 2405 quia
1030 2341 1258 2389 mortem
1299 2347 1459 2402 quam
1509 2333 1754 2403 gigantes

169 2426 404 2480 evadere
438 2441 544 2480 non
580 2432 887 2495 potuerunt,
941 2425 1242 2480 inlirmatas
1271 2422 1514 2479 crucifixi
1547 2423 1751 2479 Christi

167 2516 465 2588 superavit.
495 2517 860 2584 Quamobrem
908 2515 1181 2570 infirmum
1232 2514 1351 2580 Dei,
1381 2515 1522 2585 quod
1564 2513 1637 2568 illi
1671 2513 1751 2568 di-

167 2617 304 2662 cunt
326 2623 444 2664 esse
471 2607 765 2673 infirmum,
799 2623 905 2661 non
929 2615 1016 2661 est
1045 2605 1344 2671 infirmum,
1373 2605 1496 2675 quia
1529 2603 1754 2658 infirmi-

170 2709 258 2754 tas
280 2697 476 2753 Christi
511 2714 702 2769 magna
742 2699 969 2753 victoria
1008 2706 1110 2753 est.
1144 2696 1430 2768 Superavit
1453 2697 1596 2751 enim
1639 2697 1753 2749 dia-

165 2789 380 2854 bolum,
403 2789 676 2859 superavit
713 2799 963 2842 mortem.

269 2921 463 2987 Videte,
484 2922 536 2976 id
563 2930 648 2977 est
667 2922 1030 2987 considerate,
1047 2929 1102 2976 et
1124 2920 1178 2976 in
1194 2920 1346 2976 vobis
1361 2920 1492 2991 ipsis
1506 2919 1750 2989 probate,

161 3013 309 3066 enim
334 3014 649 3067 vocationem
663 3012 1178 3076 vestram,subaudis
1189 3027 1295 3081 qua
1329 3011 1505 3066 vocati
1531 3011 1661 3065 estis
1684 3009 1752 3065 ad

166 3104 334 3157 fidem
347 3102 572 3169 Christi,
584 3105 705 3173 quia
720 3120 820 3158 non
837 3103 988 3157 multi
1001 3103 1280 3175 sapientes,
1296 3101 1550 3158 subaudis
1573 3118 1603 3156 a
1618 3101 1750 3166 Deo,

1857 560 2025 622 parte,
2064 551 2190 605 dum
2214 551 2392 606 subdit
2425 569 2438 605 :

1930 641 1995 696 Ut
2025 659 2128 696 non
2156 642 2412 713 glorietur
2463 642 2632 696 omnis
2675 659 2822 708 caro,
2861 641 2912 696 id
2943 650 3028 698 est
3054 642 3230 697 omnis
3257 643 3442 711 homo,

1858 734 1911 789 in
1934 746 2210 805 conspectu
2237 737 2372 805 ejus.
2405 734 2690 806 Sapientes
2721 745 2776 790 et
2815 743 3062 805 potentes
3088 751 3192 790 non
3217 745 3446 807 possunt

1857 826 2098 899 gloriari,
2135 828 2262 896 quia
2304 844 2409 882 non
2463 836 2587 881 sunt
2615 830 2684 882 ab
2727 843 2792 882 eo
2821 829 3003 883 vocati
3038 841 3261 900 propter
3288 845 3441 886 suam

1857 917 2176 986 sapientiam
2207 925 2296 971 aut
2318 915 2535 972 divitias
2564 936 2574 970 :
2604 933 2703 972 nec
2735 918 2938 972 habent
2966 919 3282 989 sapientiam
3305 920 3442 984 divi-

1857 1023 1982 1062 nam
2014 1016 2070 1062 et
2097 1007 2314 1062 divitias
2331 1008 2661 1077 spirituales.
2690 1008 2928 1079 Apclstoli
2964 1024 3068 1063 non
3092 1019 3318 1079 possunt
3339 1011 3446 1082 glo-

1857 1097 2013 1164 riari,
2035 1099 2160 1168 quia
2185 1098 2354 1168 gratis
2373 1099 2633 1172 quidquid
2658 1100 2878 1163 habent,
2903 1099 3020 1154 sine
3043 1101 3156 1156 suis
3180 1102 3388 1157 meritis
3412 1116 3445 1159 a

1857 1185 1968 1240 Deo
2015 1195 2409 1258 perceperunt;
2443 1197 2497 1242 et
2529 1204 2633 1242 non
2679 1197 2905 1258 possunt
2957 1188 3177 1259 gloriari
3225 1201 3447 1264 propter

1857 1279 2179 1349 sapientiam
2212 1294 2363 1333 suam
2391 1288 2447 1334 et
2469 1279 2687 1333 divitias
2722 1294 2779 1334 se
2815 1295 2935 1334 esse
2959 1279 3185 1336 electos.

1926 1369 2013 1424 Ea:
2041 1371 2151 1440 ipso
2185 1380 2359 1424 autent
2399 1387 2486 1425 vos
2535 1371 2657 1424 estis
2680 1370 2734 1422 in
2771 1369 2976 1425 Christo
3019 1370 3168 1426 Jesu.
3200 1372 3278 1426 Ex
3302 1373 3444 1444 ipso,

1856 1463 1909 1517 id
1938 1470 2021 1517 est
2063 1463 2172 1517 Deo
2200 1462 2386 1528 Patre,
2440 1463 2592 1528 estis,
2621 1462 2747 1533 quia
2793 1464 2861 1517 ab
2907 1464 3024 1534 ipso
3063 1465 3233 1520 creati
3265 1466 3440 1522 estis:

1855 1552 1941 1607 vel
1985 1568 2053 1607 ex
2099 1553 2216 1624 ipso
2250 1555 2380 1609 estis
2427 1553 2480 1608 in
2531 1553 2765 1616 Christo,
2799 1553 2849 1608 id
2888 1563 2992 1620 est,
3042 1570 3106 1610 ex
3146 1555 3257 1610 Deo
3283 1556 3443 1612 Patre

1855 1643 2056 1698 factum
2083 1654 2166 1700 est
2202 1656 2262 1699 ut
2289 1646 2341 1700 in
2366 1646 2641 1701 Christum
2668 1647 2986 1712 crederetis,
3010 1657 3066 1704 et
3083 1647 3222 1702 firmi
3249 1648 3368 1704 sitis
3390 1649 3442 1704 in

1855 1734 1958 1789 fide
1985 1733 2186 1790 Christi
2225 1735 2373 1791 Jesu.
2404 1736 2746 1806 Propositum
2774 1737 2918 1792 enim
2943 1746 2998 1793 et
3031 1738 3313 1809 dispositio
3346 1739 3442 1796 Dei

1784 1831 1828 1890 Β
1859 1824 2036 1880 Patris
2057 1825 2180 1892 fuit,
2207 1835 2266 1900 ut
2290 1842 2388 1897 per
2423 1827 2699 1883 Christum
2731 1830 3017 1885 veritatem
3046 1840 3102 1886 et
3132 1832 3444 1888 misericor-

1853 1916 1998 1972 diam
2025 1918 2141 1989 ejus
2169 1905 2636 1990 cognosceremus.
2667 1919 2793 1986 Qui,
2827 1923 3082 1978 subaudis
3100 1922 3258 1980 Jesus
3288 1923 3445 1980 Chri-

1851 2017 1990 2066 stus.
2013 2010 2186 2080 factus
2216 2020 2292 2065 est
2316 2011 2460 2066 nobis
2490 2013 2748 2082 sapientia
2773 2031 2804 2066 a
2831 2013 2942 2068 Deo
2971 2013 3150 2070 Patre.
3194 2015 3312 2071 Non
3350 2017 3444 2072 de-

1850 2101 2042 2158 bemus
2085 2103 2364 2173 pueriliter
2414 2103 2713 2173 intelligere
2758 2104 2953 2160 Filium
3005 2107 3099 2162 Dei
3142 2110 3440 2166 secundum

1852 2190 2340 2271 divinitatem_esse
2369 2192 2595 2259 factum,
2626 2195 2719 2250 sed
2751 2195 2990 2266 genitum
3037 2213 3067 2252 a
3114 2198 3225 2253 Deo
3278 2198 3444 2256 Patre

1853 2293 1976 2338 ante
2015 2285 2194 2338 omnia
2234 2284 2451 2350 secula,
2511 2284 2637 2339 licet
2689 2287 2983 2341 secundum
3033 2288 3440 2344 'humanttatem

1851 2373 2027 2430 factus
2075 2375 2148 2431 sit
2191 2377 2247 2430 in
2289 2385 2445 2431 utero
2501 2376 2747 2448 virginali
2775 2393 2937 2448 opere
2969 2378 3200 2448 Spiritus
3235 2381 3440 2445 sancti;

1853 2467 1946 2522 sed
1976 2468 2049 2522 ita
2079 2477 2156 2523 est
2202 2467 2608 2539 intelligendum
2639 2486 2653 2522 :
2697 2469 2893 2526 Factus
2920 2479 3003 2527 est
3036 2472 3192 2528 nobis
3223 2476 3441 2542 sapien-

1853 2559 1947 2625 tia,
1977 2559 2028 2613 id
2055 2569 2156 2625 est,
2187 2560 2362 2616 factus
2384 2570 2467 2615 est
2500 2569 2558 2614 ut
2584 2563 2740 2617 nobis
2773 2571 2917 2618 esset
2949 2565 3235 2633 sapientia,
3260 2574 3314 2620 et
3341 2581 3441 2621 nos

1853 2650 2060 2707 faceret
2105 2653 2399 2723 sapientes.
2444 2653 2573 2709 Tale
2619 2655 2748 2724 quid
2793 2655 2846 2710 in
2893 2655 3110 2710 Psalmo
3163 2657 3439 2712 habetur:

1855 2741 2054 2798 Factus
2103 2755 2176 2799 est
2205 2745 2333 2800 milii
2362 2744 2619 2800 Dominus
2656 2747 2710 2800 in
2736 2747 2992 2818 refugium
3025 2746 3198 2818 (Psal.
3226 2748 3438 2822 xcxm),

1856 2837 1997 2904 quod
2023 2835 2158 2890 nihil
2183 2845 2265 2891 est
2295 2835 2436 2890 aliud
2481 2837 2609 2903 nisi,
2649 2837 2826 2893 factus
2855 2847 2957 2905 est,
2988 2847 3050 2893 ut
3076 2839 3128 2893 in
3170 2838 3262 2894 illo
3298 2838 3443 2897 refu-

1855 2925 2004 2996 gium
2035 2925 2374 2980 haberemus.
2415 2926 2483 2980 Et
2515 2927 2569 2980 in
2608 2929 2940 2997 propheticis
2982 2928 3134 2986 libris
3170 2929 3438 2987 :Factum

1854 3025 1937 3070 est
1953 3015 2187 3070 Verbum
2215 3014 2428 3070 Domini
2453 3017 2520 3071 ad
2547 3004 2662 3071 Joel
2678 3027 2732 3072 et
2754 3019 2820 3072 ad
2843 3018 3000 3085 Osee,
3033 3021 3086 3074 id
3105 3029 3210 3086 est,
3235 3021 3439 3078 factum

1856 3116 1941 3162 est
1969 3115 2030 3162 ut
2065 3107 2380 3177 loqueretur
2411 3107 2647 3163 Verbum
2681 3109 2891 3164 Domini
2920 3111 2988 3165 ad
3011 3110 3126 3165 Joel
3159 3111 3440 3169 :Verbunt

165 3197 346 3251 vocati
361 3205 484 3251 sunt
505 3197 572 3252 ad
599 3195 756 3251 fidem
775 3196 1193 3266 praedicandam,
1220 3205 1274 3250 et
1297 3193 1663 3265 Evangelium,
1699 3203 1756 3250 et
1782 3190 1826 3252 C
1859 3202 2060 3256 etenim
2085 3200 2295 3256 Domini
2320 3216 2425 3255 non
2455 3209 2754 3266 estactum,
2783 3201 2874 3257 sed
2897 3203 3157 3272 genitum.
3181 3203 3438 3262 Dicamus

162 3299 366 3344 cratera
398 3304 568 3358 usque
605 3288 671 3343 ad
707 3289 758 3344 id
789 3289 930 3358 quod
975 3288 1220 3358 sequitur
1257 3303 1271 3340 :
1307 3284 1411 3342 Sed
1447 3302 1563 3356 qua:
1592 3282 1754 3338 stulta

161 3392 290 3436 sunt
320 3382 522 3446 mundi,
545 3379 697 3452 elegit
727 3380 870 3434 Deus
899 3391 953 3435 ut
976 3381 1263 3452 confundat
1292 3381 1572 3451 sapientes,
1597 3379 1648 3433 id
1673 3387 1757 3434 est

160 3475 492 3546 piscatores,
515 3483 571 3529 et
592 3488 879 3545 pauperes,
911 3482 1072 3546 atque
1102 3475 1320 3538 idiotas,
1345 3488 1482 3543 quos
1508 3480 1756 3544 potentes

160 3563 330 3632 hujus
358 3564 538 3620 saeculi
569 3575 623 3621 et
652 3565 958 3636 phiIOSOplti
985 3564 1178 3620 stultos
1209 3563 1558 3636 deputabant,
1581 3571 1635 3617 et
1658 3576 1754 3633 pro

162 3655 340 3712 nihilo
391 3658 662 3712 ducebant
692 3672 706 3711 :
735 3668 783 3711 et
817 3658 1028 3726 inﬁrma
1076 3657 1258 3711 mundi
1307 3656 1457 3727 elegit
1504 3656 1669 3722 Deus,
1696 3665 1753 3709 ut

159 3749 459 3819 confundat
477 3750 634 3819 fortia
651 3764 669 3803 :
686 3751 738 3805 id
759 3758 842 3804 est
868 3750 1234 3808 utmendaces
1253 3749 1531 3814 ostendat,
1559 3758 1614 3804 et
1637 3764 1755 3804 eru-

160 3847 395 3904 beseere
425 3844 586 3900 faciat
615 3846 962 3915 philosophos
995 3855 1048 3900 et
1075 3855 1323 3916 potentes
1352 3843 1512 3914 hujus
1544 3845 1751 3901 saeculi.

159 3939 460 4008 Apostolos
489 3938 723 4008 appellat
762 3938 978 3991 infirma
1011 3938 1220 4002 mundi,
1241 3937 1324 3991 vel
1349 3938 1474 4007 quia
1500 3937 1648 3992 stulti
1677 3937 1756 3991 vi-

166 4029 440 4084 debantur
483 4028 817 4097 sapientibus
847 4021 1004 4098 hujus
1051 4027 1255 4091 satculi,
1281 4036 1336 4082 et
1366 4025 1562 4081 infirmi
1593 4043 1755 4082 sensu

167 4128 338 4189 atque
407 4119 679 4175 intellectu
745 4120 1052 4184 mundano;
1111 4119 1195 4174 vel
1259 4128 1479 4191 propter
1528 4119 1758 4174 inﬁrmi-

169 4219 341 4268 tatem
377 4211 498 4267 Filii
541 4213 634 4268 Dei
689 4226 849 4283 quem
898 4211 1280 4283 praadicabant.
1311 4212 1603 4267 Videamus
1625 4227 1757 4281 quo-

168 4305 335 4360 modo
361 4319 458 4374 per
487 4305 591 4360 ista
621 4305 836 4360 infirma
886 4305 1070 4359 mundi
1099 4305 1416 4359 ostendebat
1442 4305 1752 4370 mendaces,

167 4406 444 4467 potentes,
473 4406 528 4452 et
557 4397 725 4451 fortes
753 4395 913 4466 hujus
943 4396 1216 4462 saaculi,et
1241 4395 1510 4466 quomodo
1525 4394 1757 4452 faciebat

167 4506 266 4546 eos
310 4492 668 4560 erubescere;
721 4490 1140 4560 praedicantibus
1185 4489 1444 4560 apostolis
1497 4489 1754 4561 mysteria

169 4582 528 4638 humanitatis
555 4581 674 4636 Filii
705 4580 820 4648 Dei,
849 4582 974 4636 dum
1003 4597 1032 4636 a
1060 4581 1396 4652 philosOpltis
1415 4583 1755 4638 contradice-
1785 4562 1835 4623 Ῐ)

169 4682 362 4729 rentur
386 4674 566 4727 omnia
593 4674 747 4743 quasi
795 4672 1094 4738 mendacia,
1117 4673 1507 4744 praecipiebant
1527 4674 1755 4743 apostoli

169 4763 358 4818 afferri
399 4773 638 4818 mortuos
665 4763 824 4829 duos,
852 4764 966 4818 sive
1009 4764 1269 4834 quinque,
1316 4764 1398 4819 vel
1428 4765 1595 4819 etiam
1641 4780 1756 4820 am-

169 4857 348 4928 plius;
385 4866 442 4914 et
469 4858 592 4912 dum
623 4872 716 4912 eos
743 4872 837 4926 per
866 4857 1260 4913 invocationem
1301 4857 1422 4912 Filii
1451 4857 1542 4912 Dei
1579 4858 1756 4913 cruci-

170 4949 269 5004 fixi
307 4949 663 5012 suscitabant,
712 4949 1044 5018 apparebant
1075 4947 1378 5018 philosophi
1414 4957 1469 5003 et
1507 4957 1758 5018 potentes

171 5041 360 5097 mundi
387 5041 694 5104 mendaces,
721 5049 777 5094 et
802 5039 874 5093 illi
901 5054 1142 5095 veraces.
1169 5039 1237 5093 Et
1270 5039 1518 5110 ignobilia
1548 5039 1752 5102 mundi,

170 5133 230 5187 id
252 5141 356 5196 est,
387 5146 509 5202 qute
531 5131 647 5186 sine
672 5130 888 5185 nomine
917 5130 1192 5200 dignitatis
1227 5140 1402 5194 erant,
1449 5140 1496 5182 el
1529 5139 1756 5182 contem-

168 5222 400 5294 ptibilia,
423 5222 476 5278 id
499 5230 583 5277 est
610 5220 979 5290 despicabilia,
1014 5219 1163 5290 elegit
1188 5219 1347 5286 Deus,
1376 5219 1647 5288 apostolos
1673 5220 1754 5274 vi-

169 5312 388 5378 delicet,
435 5313 525 5383 qui
566 5312 841 5383 despectui
888 5310 1247 5377 habebantur,
1293 5320 1342 5364 et
1391 5327 1451 5364 ea
1485 5327 1603 5381 qua:
1652 5327 1753 5365 non

168 5417 316 5471 sunt,
347 5406 602 5460 subaudis
628 5405 792 5474 elegit
833 5407 1050 5461 eosdem
1082 5405 1292 5460 scilicet
1344 5404 1615 5474 apostolos
1659 5406 1748 5475 qui

171 5498 374 5557 nullius
411 5498 688 5569 dignitatis
717 5498 800 5552 vel
843 5497 1094 5554 utilitatis
1124 5513 1154 5552 a
1185 5497 1521 5568 philosophis
1572 5509 1627 5552 et
1660 5514 1754 5569 po-

170 5592 411 5648 sentibus
463 5590 620 5660 hujus
660 5590 842 5647 saeculi
877 5591 1199 5648 videbantur
1247 5605 1387 5655 esse,
1443 5597 1498 5642 ut
1529 5606 1589 5644 ea
1637 5606 1754 5661 qua:

167 5698 294 5743 sant
321 5687 626 5748 destrueret,
656 5686 710 5741 id
750 5695 834 5741 est
861 5695 919 5740 ut
941 5685 1157 5741 illorum
1180 5685 1500 5758 sapientiam
1527 5698 1754 5738 evacua-

169 5788 276 5846 ret,
302 5780 390 5848 qui
423 5778 563 5847 apud
607 5792 666 5833 se
716 5776 918 5846 aliquid
967 5776 1287 5842 videbantur
1311 5791 1451 5832 esse.
1479 5775 1544 5829 Et
1579 5789 1749 5845 quare

1855 3304 1910 3350 et
1937 3293 2097 3348 aliter
2121 3310 2134 3346 :
2159 3292 2360 3348 Factus
2385 3301 2470 3348 est
2499 3293 2654 3348 nobis
2679 3295 2942 3364 sapientia
2973 3309 3002 3348 a
3033 3295 3142 3350 Deo
3167 3294 3348 3362 Patre,
3381 3297 3436 3352 id

1854 3395 1956 3451 est,
1990 3385 2078 3442 ille
2099 3386 2188 3456 qui
2215 3395 2299 3441 est
2321 3386 2534 3457 genitus
2556 3394 2680 3439 ante
2701 3386 2879 3440 omnia
2914 3385 3129 3453 sarcula,
3159 3386 3334 3443 factus
3356 3398 3443 3444 est

1855 3479 2038 3545 homo,
2071 3487 2131 3534 ut
2157 3493 2258 3534 nos
2284 3477 2484 3534 faceret
2517 3477 2810 3547 sapientes.
2864 3476 3038 3533 Simili
3077 3481 3237 3534 modo
3263 3478 3440 3537 factus

1853 3578 1938 3625 est
1967 3569 2141 3625 nobis.
2173 3568 2242 3622 Et
2262 3568 2498 3639 justitia,
2530 3568 2656 3637 quia
2687 3583 2785 3624 nos
2807 3568 3090 3639 justiticat,
3124 3578 3174 3624 et
3208 3571 3440 3639 sanctiﬁ-

1854 3664 2012 3729 catio,
2050 3662 2173 3734 quia
2209 3671 2425 3717 sanctos
2476 3676 2575 3716 nos
2608 3659 2759 3726 facit,
2799 3669 2855 3715 et
2882 3661 3187 3717 sanctificat
3221 3676 3319 3716 nos
3344 3675 3442 3731 per

1854 3753 2202 3825 baptismum,
2231 3764 2278 3808 et
2307 3754 2611 3824 redemptio,
2639 3753 2895 3824 quoniam
2923 3755 3184 3826 sanguine
3215 3768 3313 3809 suo
3343 3769 3442 3810 nos

1855 3849 2105 3904 redemit.
2137 3849 2201 3902 Et
2228 3848 2330 3902 hoc
2365 3848 2566 3916 quare?

1931 3940 1997 3995 Ut
2021 3941 2459 4011 quemadmodum
2488 3941 2738 4010 scriptum
2771 3949 2882 4007 est,
2922 3939 3178 3995 subaudis
3205 3939 3255 3994 in
3281 3938 3438 3998 Iere-

1857 4032 1987 4095 mia,
2021 4031 2126 4097 Qui
2146 4030 2406 4100 gloriatur
2429 4070 2444 4094 ,
2468 4031 2523 4084 in
2552 4029 2776 4084 Domino
2803 4029 3073 4101 glorietur.
3099 4029 3157 4084 In
3189 4031 3438 4098 Domino,

1857 4131 1910 4178 et
1937 4139 2042 4178 non
2074 4123 2127 4177 in
2153 4137 2209 4177 se
2235 4121 2516 4191 gloriatur,
2541 4122 2632 4190 qui
2668 4121 2866 4176 bonum
2898 4136 3061 4177 omne
3106 4125 3249 4192 quod
3278 4123 3444 4178 habet

1858 4230 1887 4268 a
1929 4216 2038 4269 Deo
2085 4213 2358 4284 peperisse
2405 4211 2608 4267 fatetur
2646 4212 2763 4267 sine
2809 4227 2906 4268 suo
2942 4213 3136 4270 merito
3159 4255 3174 4280 ,
3212 4213 3443 4286 ideoque

1859 4321 1966 4361 non
1997 4306 2192 4376 quaerit
2218 4304 2442 4375 gloriam
2475 4305 2748 4375 propriam
2775 4313 2829 4361 et
2855 4304 3088 4367 laudem.
3115 4314 3210 4362 sed
3239 4306 3383 4362 illius
3406 4321 3439 4362 a

1859 4413 1965 4468 quo
1988 4397 2249 4469 quidquid
2280 4397 2442 4452 habet
2473 4399 2705 4468 accepit.

2489 4555 2722 4612 CAPUT
2751 4555 2814 4610 ll.

1929 4672 1996 4727 Et
2022 4690 2135 4742 ego,
2161 4687 2278 4726 cum
2323 4671 2571 4725 venissem
2599 4671 2666 4723 ad
2704 4685 2810 4735 vos,
2835 4668 3047 4738 fratres,
3094 4669 3209 4724 veni
3249 4684 3353 4724 non
3386 4669 3440 4725 in

1857 4765 2175 4820 sublimitate
2191 4764 2467 4826 sermonis,
2486 4761 2539 4817 id
2553 4769 2637 4816 est
2651 4761 2702 4814 in
2721 4759 2967 4814 facundia
2985 4759 3325 4831 eloquentiae,
3348 4772 3439 4816 aut

1858 4859 2128 4929 sapientia:
2152 4857 2458 4920 mundanae,
2496 4855 2620 4926 quia
2653 4853 2788 4910 nihil
2823 4855 2975 4908 vobis
3008 4869 3105 4924 per
3142 4855 3438 4909 humanam

1859 4947 2180 5018 sapientiam
2223 4945 2389 5016 polito
2443 4959 2696 4999 sermone
2743 4941 3029 5014 praedicavi
3064 4961 3077 4997 :
3107 4942 3440 4997 Annuntians

1860 5039 2002 5093 vobis
2041 5037 2391 5092 testimonium
2436 5034 2650 5090 Cluisti.
2703 5034 3092 5090 Testimonium
3123 5032 3323 5088 Christi
3355 5040 3441 5087 est

1858 5128 2231 5200 Evangelium,
2278 5127 2402 5198 quia
2435 5127 2508 5182 ibi
2544 5137 2670 5183 sunt
2709 5126 3018 5182 testimonia
3051 5124 3440 5180 incarnationis

1856 5221 1994 5291 ejus,
2025 5221 2315 5294 passionis,
2365 5222 2576 5288 mortis,
2619 5219 3036 5276 resurrectionis
3079 5218 3439 5274 ascensionis-

1857 5329 1963 5386 que
1990 5315 2058 5370 ad
2081 5312 2270 5379 caelos,
2298 5322 2354 5368 et
2377 5313 2640 5368 adventus
2669 5311 2734 5366 ad
2755 5311 3039 5383 judicium.

1932 5409 2054 5463 Non
2085 5409 2221 5462 enim
2242 5407 2478 5478 judicavi
2519 5423 2600 5460 me
2637 5407 2769 5460 scire
2809 5404 3011 5472 aliquid
3043 5403 3179 5458 inter
3199 5416 3309 5466 vos,
3336 5401 3437 5455 nisi

1857 5498 2040 5553 Iesum
2091 5496 2391 5562 Christum,
2438 5506 2485 5551 et
2528 5497 2664 5550 hunc
2714 5495 3044 5564 cruciﬁxum.
3104 5491 3258 5559 Quod
3302 5491 3438 5546 nihil

1857 5591 2002 5646 aliud
2049 5599 2132 5646 est
2177 5605 2338 5660 quam
2373 5607 2385 5642 :
2418 5587 2560 5642 Nihil
2587 5588 2740 5643 vobis
2793 5585 2938 5641 aliud
2981 5583 3292 5656 praedicavi,
3332 5583 3436 5638 nisi

1857 5680 2038 5738 Jesum
2078 5681 2354 5738 Christum
2386 5679 2726 5736 cruciﬁxum.
2768 5675 3004 5746 Quaestio
3034 5675 3208 5731 oritur
3252 5673 3304 5728 in
3337 5673 3438 5729 huc

1859 5772 1993 5830 loco.
2030 5771 2164 5828 Cum
2208 5775 2260 5829 in
2303 5769 2754 5844 subsequentibus
2793 5769 2938 5826 dicat
2977 5786 2988 5822 :
3021 5765 3242 5822 Tradidi
3292 5765 3437 5819 enim
