3936 6484
219 440 315 496 521

891 437 1252 496 EXPOSITIO
1288 438 1354 493 IN
1396 438 1541 493 EPP.
1586 435 1643 492 S.
1685 435 1770 491 PA

1882 436 1910 490 Ι.
1952 467 2019 476 ——
2058 436 2122 491 IN
2162 435 2377 491 ιῬιδτ.
2416 435 2435 490 l
2473 434 2560 489 AD
2597 432 2752 490 C011.

3356 439 3462 490 5!!

219 536 617 609 excusationem
651 562 758 604 non
788 549 986 604 habent
1018 550 1086 605 de
1115 560 1338 620 peccato
1369 565 1486 604 suo.
1521 548 1587 603 Et
1608 563 1791 617 quam—
1814 557 1863 614 Α
1891 562 2063 619 pauca
2097 548 2240 602 dicta
2276 548 2430 603 nobis
2481 547 2744 603 subiciant
2785 547 3091 605 tenentibus
3130 546 3457 615 ﬁrmissime,

217 644 301 698 vis
341 642 509 697 Deum
537 655 659 695 esse
693 641 993 709 nescirent,
1021 649 1224 707 tamen,
1265 640 1392 710 quia
1426 655 1538 694 rem
1574 639 1793 709 impiam

220 731 491 787 faciebant
534 738 590 784 et
617 728 893 798 injustam,
926 730 1270 786 innocentem
1312 730 1653 797 damnantes,
1688 743 1795 783 non

217 830 374 878 erant
400 821 591 887 nescii,
620 822 844 889 ideoque
873 806 948 877 rei
980 829 1252 878 tenentur.
1287 821 1408 876 Alio
1429 821 1619 875 modo:
1649 823 1795 891 prin-

217 914 365 983 cipes
404 910 564 981 bnjns
604 912 783 966 saeculi
812 926 1097 983 possumus
1133 910 1435 980 intelligere
1478 926 1667 966 aereas
1700 926 1795 982 po-

219 1011 466 1067 testates,
499 1002 772 1056 daemones
798 1000 1053 1056 videlicet
1078 1017 1176 1073 per
1199 1001 1345 1056 hunc
1373 1016 1551 1055 aerem
1582 1000 1794 1055 discur—

160 1100 167 1109 '
217 1099 416 1157 rentes,
443 1091 509 1147 de
535 1089 732 1161 quibus
761 1090 876 1160 ipse
905 1091 1035 1146 dicit
1058 1093 1112 1146 in
1137 1091 1376 1160 Epistola
1405 1092 1472 1146 ad
1494 1090 1752 1161 Ephesios
1776 1109 1789 1144 :

218 1182 342 1238 Non
377 1194 456 1240 est
490 1185 634 1238 nobis
664 1184 963 1239 colluctatio
989 1187 1236 1240 adversus
1271 1203 1480 1240 carnem
1510 1196 1555 1239 et
1586 1187 1793 1256 sangui-

214 1295 355 1343 nem,
391 1277 484 1331 sed
519 1278 765 1333 adversus
808 1278 1066 1349 principes
1092 1288 1140 1332 et
1162 1264 1439 1346 potestates
1466 1278 1791 1333 tenebrarum

212 1371 423 1433 barum,
438 1380 617 1423 contra
641 1369 899 1439 spiritalia
924 1371 1165 1440 nequitia:
1184 1372 1241 1426 in
1267 1369 1552 1435 caelestibus
1575 1370 1788 1441 (Epiros.

212 1468 289 1523 rt)
319 1478 333 1513 :
368 1460 435 1514 de
471 1475 702 1529 quorum
749 1461 989 1530 principe
1038 1461 1295 1517 Dominus
1339 1461 1415 1515 ait
1459 1460 1652 1532 (Joan.
1692 1476 1788 1524 xu,

211 1553 324 1625 xw)
368 1571 381 1607 :
437 1550 592 1609 Nunc
639 1553 1077 1624 princepsiltujus
1118 1554 1301 1609 mundi
1338 1553 1576 1610 eiicietur
1613 1552 1789 1622 foras;

209 1656 293 1709 et,
350 1643 498 1700 Venit
532 1645 768 1715 princeps
800 1646 982 1698 mundi
1011 1644 1199 1715 hujus,
1234 1645 1288 1699 in
1318 1661 1397 1702 me
1424 1643 1555 1701 nihil
1577 1644 1786 1698 invenit.

208 1732 466 1798 Quamvis
494 1736 637 1789 enim
674 1733 885 1790 Marcus
913 1734 1239 1806 evangelista
1267 1735 1411 1789 dicat
1436 1734 1501 1790 de
1533 1733 1790 1789 daemoni-

1895 637 2021 707 quia
2064 638 2108 692 si
2137 637 2406 692 daemones
2444 635 2719 692 Christum
2758 651 2879 717 esse
2905 637 3098 692 Filium
3134 638 3227 694 Dei
3265 655 3459 714 cogno-

1892 728 2117 790 vissent,
2141 728 2232 799 qui
2265 726 2523 782 Dominus
2543 727 2727 797 gloriae
2747 738 2830 784 est
2853 728 3151 799 maiestatis
3175 747 3271 802 per
3298 748 3459 806 quem
3560 750 3563 753 ν

1894 815 2038 899 Deus
2078 814 2239 870 Pater
2273 815 2623 884 gloriﬁcatur,
2653 832 2990 889 nequaquam
3033 821 3099 877 ad
3142 822 3461 900 cruciﬁgen:

1893 908 2020 962 dum
2047 924 2167 962 eum
2195 907 2406 962 .lndazos
2448 923 2513 961 ac
2551 906 2745 967 milites
2781 907 3147 970 Romanorum
3169 914 3459 986 compelle:

1891 1004 2032 1051 rent.
2074 996 2176 1066 Ipsi
2212 997 2352 1051 enim
2414 997 2559 1051 illum
2599 998 2986 1056 crucilixerunt
3020 1004 3110 1072 qui
3147 1004 3216 1058 ad
3250 1006 3462 1063 crucitl-

1891 1089 2122 1160 gendum
2168 1096 2475 1153 suaserunt,
2522 1100 2576 1143 et
2619 1089 2717 1161 ipsi
2759 1092 3027 1164 principes
3064 1092 3370 1150 Iudaeorum
3404 1106 3461 1151 et

1891 1178 2090 1233 milites
2137 1178 2476 1249 nequaquam
2535 1180 2747 1235 illorum
2793 1183 3135 1238 suasionibus
3179 1184 3461 1243 obedirent

1891 1271 1956 1322 ad
1981 1269 2081 1325 hoc
2114 1280 2168 1325 ut
2198 1269 2596 1343 Ct'uciligerent,
2634 1264 2676 1329 si
2706 1272 2898 1330 Filium
2931 1274 3021 1333 Dei
3047 1262 3164 1330 esse
3195 1275 3459 1337 veraciter

1891 1347 2193 1416 crederent.

1961 1449 2083 1514 Sed,
2111 1453 2242 1506 sicut
2266 1454 2516 1523 scriptum
2546 1465 2619 1509 est
2647 1451 2698 1511 in
2726 1454 2859 1511 Isaia
2892 1473 2907 1514 :
2942 1450 3094 1524 Quod
3130 1459 3311 1516 oculus
3337 1474 3458 1518 cor-

1890 1540 2036 1611 poris
2066 1561 2169 1597 non
2195 1545 2342 1610 vidit,
2372 1548 2496 1615 quia
2544 1562 2650 1603 non
2696 1559 2781 1605 est
2824 1565 3017 1621 corpus
3045 1567 3220 1624 neque
3267 1552 3455 1623 color;

1889 1648 1979 1686 nec
2000 1636 2144 1688 auris
2173 1638 2415 1705 corporis
2462 1641 2680 1705 audivit,
2722 1639 2841 1711 quia
2867 1655 2971 1696 non
3010 1651 3095 1697 est
3135 1659 3335 1713 sonus;
3365 1663 3458 1702 nec

1887 1723 1941 1776 in
1968 1740 2058 1777 cor
2106 1724 2328 1781 homm’s
2357 1728 2587 1784 humana
2618 1731 2875 1801 sapientis
2899 1734 3150 1802 ascendit,
3191 1736 3317 1806 quia
3339 1752 3456 1802 cor,

208 1827 315 1880 bus
343 1824 533 1894 (Marc.
561 1825 600 1895 ι)
626 1843 642 1881 :
669 1824 946 1898 Sciebant],
980 1826 1180 1895 inquit,
1212 1825 1360 1879 illum
1387 1842 1495 1880 esse
1523 1823 1787 1880 Christum
1886 1813 1940 1869 id
1990 1822 2073 1870 est
2116 1815 2418 1874 intellectus
2461 1819 2714 1887 hominis,
2755 1822 2881 1878 illuc
2926 1825 3085 1881 debet
3124 1828 3454 1895 ascendere;

209 1926 267 1969 et
291 1915 409 1984 ipsa
445 1915 726 1979 daemonia,
767 1916 1021 1971 subaudis
1059 1915 1285 1971 dicunt:
1326 1916 1527 1970 scimus
1561 1915 1688 1985 quia
1725 1924 1780 1969 tu
1813 1901 1857 1960 Β
1883 1920 1999 1972 (ἵκω
2025 1910 2335 1977 ρηνραναυὶι
2367 1909 2500 1964 Deus
2521 1911 2601 1966 his
2620 1912 2711 1982 qui
2735 1912 2958 1984 diligunt
2982 1932 3123 1982 cum,
3150 1916 3204 1974 id
3231 1926 3339 1986 est,
3363 1921 3456 1990 qui

208 2019 269 2059 es
296 2004 467 2060 Filius
504 2004 634 2072 Dei;
663 2015 842 2061 tamen
870 2022 977 2061 non
1000 2006 1263 2062 veraciter
1290 2014 1538 2077 poterant
1566 2006 1785 2061 credere

204 2093 357 2150 illum
392 2110 513 2150 esse
549 2094 743 2151 Filium
788 2095 916 2160 Dei,
964 2096 1207 2152 videntes
1248 2096 1397 2150 illum
1433 2097 1629 2151 iterum
1663 2106 1784 2167 post

203 2184 349 2240 facta
378 2185 639 2241 miracula
667 2186 898 2251 esurire,
923 2186 1096 2250 sitire,
1123 2186 1361 2258 fatigari.
1389 2187 1646 2244 Sciebant
1664 2188 1784 2258 qui-

204 2274 332 2330 dem
368 2274 518 2330 illum
563 2289 683 2330 esse
718 2277 1045 2345 promissuu.
1079 2276 1131 2330 in
1175 2276 1307 2346 lege,
1348 2276 1442 2332 sed
1473 2276 1784 2331 nesciebant

204 2365 350 2434 quod
372 2374 716 2435 potestatem,
746 2381 907 2435 quam
928 2366 981 2420 in
1008 2366 1111 2422 hoc
1141 2366 1339 2421 mundo
1382 2366 1653 2431 tenebant,
1683 2381 1781 2435 per

202 2454 357 2509 illum
385 2464 569 2511 essent
604 2456 858 2510 amissuri
885 2464 939 2509 et
964 2456 1105 2525 quod
1147 2464 1309 2510 tantae
1344 2456 1596 2529 potentias
1636 2465 1780 2511 esset

198 2545 439 2600 futurus.
467 2545 810 2617 Quapropter
834 2545 1108 2617 subiungit
1142 2545 1430 2616 Apostolus
1452 2546 1520 2601 de
1552 2554 1779 2616 utroque

200 2638 400 2693 ordine
429 2638 752 2708 principum.

271 2728 341 2784 Si
378 2730 513 2783 enim
560 2730 945 2800 cognovissent,
1000 2730 1258 2786 subaudis
1304 2731 1574 2802 principes
1616 2728 1776 2801 hujus

146 2840 151 2843 ’
198 2818 428 2884 saeculi,
474 2817 622 2874 illum
677 2835 796 2875 esse
834 2821 1024 2875 Filium
1059 2822 1177 2886 Dei,
1208 2839 1472 2893 nunquam
1497 2821 1777 2877 Dominum

193 2907 385 2974 gloriae
425 2909 823 2977 cruci/ixissent.
875 2910 1134 2965 Dominus
1189 2910 1370 2982 gloria:
1403 2909 1634 2967 Verbum
1681 2910 1776 2968 Dei

196 2996 383 3052 Patris
409 3007 515 3064 est,
553 3015 651 3068 per
692 3000 832 3069 quod
870 3000 1204 3070 gloriﬁcatur
1244 3000 1382 3055 Deus
1422 3001 1599 3064 Pater,
1649 3002 1776 3071 quia

191 3104 294 3158 per
326 3090 457 3145 illud
501 3092 679 3145 omnia
724 3091 867 3146 fecit.
920 3090 1027 3147 Sed
1073 3092 1417 3162 quaerendum
1453 3102 1532 3149 est
1569 3093 1775 3149 studio-

190 3178 435 3243 sissime,
482 3178 525 3234 si
572 3179 740 3249 gloria
770 3180 862 3235 Dei
898 3179 1073 3236 Patris
1115 3180 1348 3236 Verbum
1376 3180 1493 3251 ejus
1517 3192 1602 3238 est
1630 3201 1642 3237 :
1668 3199 1776 3253 quo

1884 2010 2003 2049 eum
2032 2012 2137 2051 non
2168 1997 2442 2055 oil‘endunt
2465 2003 2648 2067 corde,
2678 2005 2861 2069 verbo,
2891 2014 2946 2061 et
2965 2020 3149 2077 opere.

1954 2086 2118 2141 Nobis
2149 2098 2343 2155 autem,
2380 2093 2636 2162 apostolis
2664 2103 2717 2150 et
2750 2098 3108 2167 credentibus
3151 2101 3206 2155 in
3255 2116 3337 2169 se,
3369 2119 3453 2158 τυ

1880 2176 2064 2235 uelauit
2121 2179 2260 2235 Deus
2312 2199 2405 2253 per
2450 2182 2703 2255 Spiritum
2744 2203 2919 2259 suum,
2956 2186 3009 2244 id
3058 2198 3139 2247 est
3191 2191 3453 2264 Spiritum

1881 2279 2147 2357 sanctum,
2205 2274 2346 2341 quod
2402 2289 2508 2333 non
2561 2276 2822 2357 revelav'it
2868 2280 3221 2350 dmmonibus,
3279 2301 3454 2357 neque

1880 2356 2209 2430 philosophis
2236 2362 2464 2417 humana
2510 2354 2859 2436 sapientibus.
2894 2368 3124 2440 Spiritus
3161 2374 3298 2430 enim
3322 2354 3451 2437 san-

1877 2461 1995 2506 ctus
2018 2453 2109 2522 qui
2137 2463 2220 2508 est
2248 2453 2300 2507 in
2343 2456 2496 2525 nobis
2524 2459 2709 2531 omnia
2732 2469 3020 2527 scrutatur,
3054 2462 3107 2517 id
3130 2472 3243 2530 est,
3271 2467 3448 2523 omnia

1877 2549 2087 2594 secreta
2135 2542 2439 2614 investigat,
2468 2555 2524 2599 et
2568 2562 2679 2619 non
2725 2547 2895 2617 solum
2948 2560 3156 2607 secreta
3183 2555 3450 2623 cordium,

1877 2630 1971 2687 sed
1996 2631 2151 2686 etiam
2197 2634 2483 2704 profunda,
2511 2639 2766 2710 subaudis
2796 2643 3048 2726 mysteria
3076 2643 3193 2711 Dei,
3220 2658 3275 2705 et
3309 2663 3451 2719 pne:

1878 2721 2160 2778 scientiam
2184 2723 2345 2793 illius,
2374 2727 2498 2797 quia
2524 2728 2681 2785 unius
2708 2721 3026 2795 substantiai
3040 2743 3124 2792 est
3142 2751 3262 2794 cum
3290 2739 3451 2797 Patre

1877 2805 1948 2868 et'
1962 2812 2116 2871 Filio.
2275 2839 2281 2845 ·
3434 2884 3443 2891 _

1947 2903 2077 2970 Quis
2097 2905 2231 2961 enim
2253 2908 2346 2963 scit
2369 2906 2633 2967 hominum
2655 2931 2770 2987 qua:
2792 2926 2910 2972 sunt
2940 2912 2989 2972 in
3022 2919 3182 2976 corde
3202 2922 3445 2987 hominis,

1876 2994 1977 3049 nisi
2013 2997 2226 3064 spiritus
2264 2999 2513 3067 hominis,
2539 3006 2628 3074 qui
2660 3007 2714 3059 in
2742 3007 2853 3076 ipso
2884 3019 2959 3063 est
2982 3010 3008 3063 2
3044 3012 3299 3068 subaudis
3325 3014 3449 3073 nul.

1876 3082 1977 3138 lus.
2001 3084 2094 3140 Est
2118 3101 2340 3143 sensus:
2371 3090 2510 3145 sicut
2527 3108 2647 3163 quae
2671 3094 2723 3149 in
2760 3097 2975 3153 homine
2996 3108 3120 3155 sunt
3143 3116 3301 3157 nemo
3321 3105 3446 3168 scit,

1878 3175 1982 3231 nisi
2012 3177 2234 3247 spiritus
2269 3179 2522 3247 hominis,
2551 3185 2639 3252 qui
2666 3185 2717 3239 in
2747 3185 2863 3256 ipso
2890 3196 2992 3254 est,
3016 3190 3093 3243 ita
3127 3200 3175 3244 et
3213 3208 3329 3262 qua:
3353 3194 3448 3248 Dei

189 3268 364 3323 modo
400 3268 514 3338 ipse
552 3248 809 3326 Dominus
846 3271 1026 3342 gloria:
1065 3272 1154 3340 qui
1196 3248 1418 3341 spiritus
1458 3283 1563 3339 est,
1601 3248 1776 3344 potuit
1802 3248 1847 3311 (ἶ
1877 3276 1998 3320 διιπι
2037 3284 2185 3323 nemo
2222 3273 2478 3342 cognovit,
2529 3248 2629 3329 nisi
2674 3248 2901 3347 Spiritus
2938 3248 3055 3345 Dei,
3095 3290 3151 3337 et
3178 3248 3262 3339 edi
3307 3285 3445 3341 iactu
3516 3288 3527 3297 ‘

188 3359 484 3431 crucifigi?
509 3359 755 3416 Christus
793 3363 959 3418 Filius
1001 3363 1092 3417 Dei
1124 3379 1190 3418 ex
1221 3364 1427 3418 duabus
1455 3365 1772 3422 substantiis

188 3451 472 3516 consistit,
506 3453 685 3507 divina
715 3454 924 3510 scilicet
949 3464 1002 3509 et
1048 3456 1279 3509 humana
1315 3456 1367 3509 in
1404 3455 1607 3511 unitate
1644 3471 1770 3526 per-

186 3558 371 3599 sanae.
421 3543 682 3599 Divinitas
726 3561 851 3617 ergo
892 3544 1052 3600 Verbi
1098 3561 1216 3615 quae
1250 3546 1428 3616 genita
1465 3554 1546 3601 est
1592 3561 1623 3601 a
1662 3547 1771 3601 Deo

186 3633 369 3690 Patre
412 3644 536 3691 ante
575 3636 755 3691 omnia
801 3637 1014 3703 s:ecula,
1058 3653 1088 3692 a
1130 3646 1368 3710 tempore
1404 3639 1772 3708 conceptionis

181 3725 343 3780 illius
378 3718 611 3782 hominis
640 3742 797 3797 quem
828 3728 1120 3799 assumpsit
1146 3729 1199 3782 in
1227 3737 1383 3783 utero
1411 3728 1683 3799 virginali,
1717 3731 1767 3785 in

179 3816 390 3870 eodem
418 3815 636 3871 homine
673 3802 985 3887 plenissime
1030 3817 1261 3882 mansit,
1300 3827 1355 3872 et
1382 3818 1569 3873 eadem
1601 3819 1767 3887 gloria

174 3917 234 3964 et
280 3914 566 3977 potestas,
596 3923 715 3976 qua:
745 3917 863 3962 erat
903 3908 956 3962 in
987 3906 1184 3973 Verbo,
1230 3909 1392 3977 ccepit
1427 3908 1673 3964 habitare
1717 3910 1768 3964 in

169 4001 453 4063 homine,
483 4007 540 4053 et
571 3998 743 4053 factus
780 4006 865 4053 est
900 4000 1015 4069 ipse
1056 4000 1217 4054 homo
1247 4000 1414 4070 gloria
1450 3999 1546 4055 Dei
1570 3999 1767 4065 Patris,

176 4095 349 4148 sicut
388 4092 437 4144 ei
478 4090 621 4145 Deus
650 4090 811 4145 Pater
842 4091 972 4147 dicit
998 4107 1013 4146 :
1044 4092 1311 4163 Exsurge,
1353 4092 1519 4163 gloria
1556 4110 1669 4146 mea
1704 4092 1770 4149 de

170 4181 457 4252 sepulcro
483 4177 656 4250 (Psal.
691 4181 819 4250 ινι).
846 4181 916 4234 Ει
942 4196 1043 4235 ιιοη
1070 4180 1243 4235 solum
1274 4181 1441 4249 gloria
1472 4182 1563 4236 Dei
1597 4181 1771 4238 Patris

162 4285 264 4331 est
319 4274 438 4341 ipse
480 4272 673 4336 homo,
706 4275 800 4328 sed
837 4273 998 4327 etiam
1044 4272 1183 4327 Deus
1226 4282 1324 4328 est.
1372 4274 1429 4328 Si
1468 4274 1609 4330 enim
1637 4266 1768 4328 Ver-

163 4370 317 4423 bum
344 4374 474 4418 caro
499 4362 698 4431 factum
719 4373 823 4429 est,
843 4365 894 4419 id
920 4373 1021 4428 est,
1055 4365 1097 4418 si
1124 4365 1265 4420 Deus
1285 4366 1445 4420 homo
1471 4365 1643 4421 factus
1663 4375 1768 4432 est,

166 4458 385 4525 utique
427 4463 483 4509 et
526 4455 686 4509 homo
717 4454 856 4510 Deus
892 4455 1067 4510 factus
1102 4464 1204 4512 est.
1245 4456 1311 4510 Et
1340 4466 1517 4513 tamen
1549 4459 1652 4514 hoc
1688 4469 1770 4514 est

160 4546 606 4618 diligentissime
628 4548 1033 4612 attendendum,
1057 4548 1184 4619 quia
1206 4548 1331 4603 licet
1349 4547 1515 4604 Judaei
1539 4560 1593 4604 et
1622 4550 1769 4619 prin-

164 4639 344 4709 cipes
390 4637 548 4707 hujus
576 4637 759 4691 saeculi
787 4639 953 4692 Deum
980 4652 1456 4710 persequerentur,
1500 4649 1677 4694 tamen
1709 4642 1761 4695 in

166 4730 371 4786 forma
396 4729 534 4782 servi
579 4729 872 4783 crucifixus
911 4739 996 4784 est
1026 4731 1161 4799 ipse,
1201 4732 1322 4799 quia
1352 4740 1470 4784 erat
1503 4730 1765 4787 Dominus

166 4819 404 4891 gloriae,
447 4826 503 4872 et
536 4817 804 4873 Divinitas
843 4818 1189 4888 impassibilis
1218 4822 1435 4873 mansit.
1482 4821 1767 4877 Videamus

164 4930 241 4971 ex
277 4913 396 4968 hoc
423 4911 657 4982 aliquam
690 4911 1115 4968 similitudinem.
1154 4911 1425 4967 Rutilante
1453 4912 1585 4979 sole,
1619 4923 1674 4967 et
1699 4930 1764 4968 ex

162 5006 338 5061 clara
376 5002 622 5072 lampade
660 5002 917 5057 fundente
956 5002 1156 5066 lumen,
1198 5001 1383 5057 radius
1417 5011 1471 5056 et
1514 5003 1766 5073 splendor

161 5096 302 5165 ejus
354 5093 587 5149 illustrat
632 5104 687 5149 et
724 5093 997 5165 perfundit
1038 5092 1317 5159 arborem;
1356 5093 1481 5148 dum
1505 5109 1634 5164 ergo
1673 5096 1761 5149 ad-

158 5194 315 5244 eunt
342 5185 599 5240 eamdem"
621 5185 869 5239 arborem
900 5185 1146 5239 homines
1171 5199 1293 5239 cum
1323 5184 1600 5239 securibus
1629 5183 1763 5239 inci-

156 5280 447 5342 dendam,
476 5279 714 5348 nunquid
750 5278 1002 5348 erigenda
1022 5289 1075 5332 et
1096 5276 1407 5348 deponendo
1432 5291 1651 5332 secures
1674 5276 1760 5330 in—

150 5372 378 5429 -:idunt
398 5368 577 5423 radios
618 5368 764 5432 solis,
792 5369 921 5423 licet
948 5369 1195 5423 arborem
1222 5365 1496 5422 incidant?
1537 5364 1631 5422 Sic
1655 5364 1763 5419 uti.

146 5480 281 5536 que
308 5462 462 5517 sicut
488 5450 832 5532 impassibilis
866 5468 1046 5515 manet
1073 5460 1259 5515 radius
1284 5459 1433 5525 solis,
1470 5458 1598 5515 licet
1618 5473 1759 5515 sem-

148 5571 268 5629 per
300 5552 585 5617 videatur,
616 5550 740 5606 ferit
768 5551 986 5621 insuper
1012 5550 1259 5606 arborem
1290 5565 1451 5620 quam
1479 5549 1710 5604 illustrat
1739 5566 1753 5580 ·

147 5648 239 5702 ita
279 5641 441 5698 illius
474 5640 758 5705 divinitas,
799 5655 920 5710 quas
944 5640 1125 5694 omnia
1156 5639 1361 5710 implet,
1409 5639 1754 5709 impassibilis

148 5731 413 5794 mansit,
438 5730 683 5800 quamvis
718 5728 805 5783 ille
830 5742 989 5797 quem
1016 5728 1256 5795 replebat
1280 5728 1333 5782 in
1362 5742 1523 5784 cruce
1547 5727 1753 5798 passio.

144 5839 295 5883 ηοω
335 5820 612 5876 ssﬁ'erret.
658 5817 822 5872 Multa
864 5825 1085 5887 possent
1112 5831 1177 5871 ex
1220 5816 1323 5872 hoc
1345 5818 1473 5882 dici,
1520 5817 1614 5873 sed
1649 5818 1748 5872 ista

586 5911 856 5971 Par-on.
898 5906 1154 5967 CXVII.

1876 3357 2107 3429 Spiritus
2129 3372 2345 3419 sanctus
2378 3365 2616 3422 revelare
2637 3368 2904 3441 dignatur.

1945 3449 2058 3505 Nos
2095 3463 2289 3517 autem,
2333 3457 2561 3525 apostoli
2608 3468 2663 3513 ct
2707 3462 3013 3531 credentes,
3053 3481 3156 3522 non
3202 3467 3445 3540 spiritum

1871 3540 2029 3609 hujus
2058 3542 2238 3597 mundi
2264 3546 2574 3616 accepimus,
2603 3547 2655 3603 id
2678 3558 2762 3617 est
2808 3552 3056 3620 spiritum
3098 3555 3446 3615 divinationis

1871 3638 1925 3685 et
1952 3630 2197 3701 spiritum
2221 3635 2592 3705 pythonicum,
2621 3636 2983 3713 sedSpiritum
3012 3645 3101 3715 qui
3122 3662 3188 3700 ea:
3214 3645 3322 3703 Deo
3343 3660 3442 3717 est,

1871 3722 2028 3778 idest
2066 3725 2322 3794 Spiritum
2359 3739 2627 3796 sanctum,
2668 3742 2714 3785 et
2742 3732 2797 3786 in
2843 3732 3081 3789 doctrina
3113 3735 3342 3808 Spiritus
3367 3740 3446 3811 loc

1869 3817 2098 3885 quimur,
2134 3817 2186 3873 id
2232 3827 2315 3874 est
2348 3820 2577 3890 simplici
2624 3836 2889 3891 sermone.
2935 3835 2991 3880 et
3029 3826 3170 3882 sicut
3210 3827 3445 3901 Spiritus

1870 3914 2087 3960 sanctus
2115 3922 2212 3963 nos
2264 3908 2419 3963 docet
2464 3908 2712 3975 interius,
2754 3927 2874 3966 cum
2914 3913 3295 3975 miraculorum
3334 3920 3443 3975 vir-

1871 4005 2003 4061 tute,
2041 3998 2363 4067 spiritalibus
2412 4000 2545 4054 viris
2592 4001 2681 4071 qui
2731 3986 2954 4073 possunt
2994 4015 3279 4074 penetrare
3323 4024 3444 4081 qua:

1871 4087 2118 4153 dicimus,
2148 4089 2406 4159 spiritalia
2433 4093 2683 4162 mysteria
2711 4105 3088 4161 comparantes.
3130 4097 3282 4165 Quod
3313 4109 3442 4157 tunc

1871 4182 1953 4244 lit,
1990 4179 2205 4249 quando
2244 4182 2615 4253 capacioribus
2652 4182 2829 4237 divina
2869 4185 3280 4245 committuntur
3316 4205 3435 4261 my-

1867 4271 2053 4328 sterio.

1941 4366 2192 4419 Animalts
2230 4376 2400 4421 autem
2440 4369 2592 4422 homo
2650 4387 2749 4424 non
2797 4371 3008 4442 percipit
3059 4390 3121 4429 ea
3155 4392 3273 4447 qua:
3315 4387 3436 4435 sunt

1872 4450 2098 4525 Spiritus
2126 4455 2240 4519 Dei,
2272 4456 2323 4511 id
2343 4465 2442 4519 est,
2466 4459 2590 4528 quid
2615 4461 2798 4530 gratia:
2819 4477 2947 4517 crux
2971 4463 3170 4520 Christi
3195 4468 3425 4527 conferat

1870 4546 2246 4601 credentibus?
2284 4546 2546 4603 Animalis
2588 4550 2749 4605 homo
2778 4551 2993 4617 dicitur,
3042 4555 3132 4625 qui
3174 4556 3423 4628 Spiritun

1874 4638 1965 4691 Dei
1999 4654 2101 4691 non
2162 4638 2342 4700 habet,
2390 4638 2480 4707 qui
2528 4638 2653 4694 licet
2693 4640 2902 4713 ratione
2945 4658 2975 4696 a
3018 4659 3212 4713 pecore
3250 4648 3425 4718 distet,

1871 4739 2048 4783 tamen
2078 4729 2189 4797 ipsa
2217 4731 2423 4783 ratione
2463 4743 2567 4783 non
2608 4730 2743 4783 bene
2789 4731 2977 4796 utitur,
3004 4734 3257 4803 quianon
3280 4746 3428 4808 putat

1870 4816 2068 4887 aliquid
2092 4832 2211 4872 esse
2240 4828 2360 4887 post
2381 4827 2628 4872 mortem.
2658 4818 2751 4873 sed
2799 4821 3092 4879 secundum
3134 4824 3296 4880 ritum
3320 4829 3433 4883 anic

1868 4910 2087 4962 malium
2128 4919 2393 4965 versatur.
2441 4909 2671 4979 Ideoque
2731 4910 2978 4968 animalis
3024 4912 3200 4971 dictus
3238 4924 3324 4972 est
3367 4920 3433 4977 ab

1869 4999 2069 5063 anima,
2096 4999 2330 5053 carnalis
2369 5014 2401 5053 a
2444 5014 2627 5063 carne,
2669 5015 2734 5056 eo
2780 5002 2923 5070 quod
2959 5010 3102 5059 totus
3142 5019 3208 5060 ex
3252 5006 3433 5065 anima

1859 5099 2068 5145 constet
2110 5099 2166 5145 et
2201 5106 2383 5145 carne.
2420 5089 2656 5145 Stultitia
2686 5102 2760 5146 est
2789 5094 2925 5148 enim
2969 5094 3135 5162 illius,
3173 5099 3432 5157 subaudis

1858 5183 2003 5251 quod
2024 5180 2170 5236 audit
2195 5183 2260 5235 de
2290 5182 2559 5252 mysteriis
2581 5182 2672 5238 Dei
2700 5199 2714 5249 ;
2740 5194 2786 5238 et
2818 5200 2920 5238 non
2939 5180 3430 5260 potestintelligere,

1858 5274 1983 5343 quia
2026 5272 2331 5343 spiritaliter
2377 5274 2740 5341 examinentur,
2772 5275 2822 5327 id
2861 5283 2977 5340 cst,
3038 5275 3324 5336 discutitur
3378 5291 3431 5337 et

1862 5364 2204 5432 diiudicatur.
2253 5363 2321 5418 Et
2371 5364 2496 5435 quia
2552 5366 2711 5419 homo
2762 5382 2868 5420 non
2909 5376 3085 5436 potest
3133 5370 3431 5443 intelligere

1866 5456 2010 5527 quod
2046 5456 2210 5519 audit,
2251 5471 2351 5512 nec
2398 5456 2515 5511 vult
2557 5454 2794 5518 credere,
2844 5473 2873 5515 a
2918 5458 3249 5527 spiritalibus
3303 5462 3431 5520 viris

1867 5546 2189 5615 diiudicatur
2236 5555 2291 5601 et
2343 5546 3113 5625 condemnatur...Pbilosophi
3161 5551 3429 5615 mundana

1863 5637 2152 5707 Sapientes.
2183 5646 2237 5691 et
2274 5622 2520 5697 haeretici.
2551 5622 3038 5707 apudt;Corinthios
3074 5624 3352 5712 degentes,
3373 5653 3428 5706 ιιι

1863 5724 2074 5781 facilius
2102 5726 2329 5785 animos,
2351 5714 2682 5803 omnem.
2696 5736 3005 5796 pervertere
3040 5712 3377 5801 possentnet‘,
3397 5751 3426 5795 ι

1858 5813 2199 5871 rectitudinis
2227 5808 2998 5908 stasugdetlceregeseagprava
3043 5818 3425 5893 dogupatajioo

2405 5922 2460 5945 "
2676 5918 2696 5970 ἱ
2911 5913 2985 5970 17
3082 5928 3187 5981 ‘ILL'
3269 5916 3417 5981 uti.

2349 6012 2381 6047 1...
3262 6006 3286 6041 τ).

3242 6056 3249 6101 l
