3936 6494
519 545 635 602 δεῖν

1000 541 1354 598 IIAYMONIS
1395 538 1870 596 llALBERSTAT.
1911 537 2095 596 EPISC

2207 538 2309 595 PP.
2348 536 2526 593 PARS
2561 538 2602 591 ι.
2631 566 2700 578 —-
2738 536 3090 594 COMMENT.
3132 534 3302 590 EIBL.

3662 539 3765 597 524

518 662 678 717 questo
723 666 972 710 sermone
1020 651 1312 721 poliebant.
1362 649 1594 720 Ideoque
1641 649 1781 706 dixit
1806 663 2099 719 parumper
2127 657 2170 715 Α
2199 666 2259 706 se
2306 652 2708 729 comparatione
2765 651 2965 708 Christi
2991 690 3006 714 ,
3074 660 3128 707 et
3192 652 3305 721 ipse
3362 654 3582 723 exponit
3636 657 3768 727 quid

510 741 809 814 superius:
844 738 968 795 Non
987 738 1260 810 loquimur
1285 753 1382 794 nos
1401 740 1454 793 in
1478 739 1643 793 verbis
1660 738 1833 794 doctis
1856 739 2099 792 humana:

522 834 811 904 sapientiae.
853 832 1117 889 Dicebant
1154 833 1299 887 enim
1339 831 1484 887 culto
1530 846 1780 887 sermone
1818 832 1963 902 quod
1999 831 2100 887 hu—

522 940 684 980 mana
712 933 904 979 natura
951 938 1057 979 non
1097 925 1363 995 reciperet
1403 932 1464 978 ut
1504 925 1644 980 Deus
1695 923 2101 993 incomprehen-

522 1013 695 1070 sibilis
716 1023 771 1070 et
799 1016 1147 1086 incorporeus
1190 1016 1350 1070 homo
1373 1016 1490 1069 fieri
1528 1022 1732 1085 posset,
1771 1023 1951 1070 etnec
1979 1028 2099 1070 esse

522 1106 780 1163 credibile
811 1116 870 1161 ut
895 1107 1042 1177 virgo
1091 1106 1361 1160 hominem
1398 1105 1514 1160 sine
1552 1103 1691 1159 virili
1736 1104 1943 1159 semine
1973 1119 2100 1159 con-

521 1201 748 1270 ciperet,
776 1207 868 1254 aut
887 1206 1006 1269 post
1030 1207 1244 1270 partum
1267 1198 1414 1268 virgo
1442 1211 1560 1251 esse
1581 1203 1781 1267 posset,
1814 1211 1914 1251 nec
1938 1208 2099 1265 posse

524 1280 643 1349 ﬂeri
667 1300 729 1347 ut
764 1291 928 1347 homo
953 1300 1089 1361 .post
1128 1297 1357 1344 mortem
1391 1288 1455 1343 de
1484 1287 1707 1358 pulvere
1737 1294 1895 1341 terrte
1921 1301 2099 1341 resur-

523 1392 632 1455 gat,
686 1392 743 1439 et
780 1383 883 1437 alia
924 1381 1347 1437 luculentissima
1405 1393 1655 1435 sermone
1702 1377 2096 1447 proferebant:

520 1482 658 1530 etut
691 1474 798 1529 hoc
835 1473 1090 1528 credatur
1118 1470 1337 1526 stultum
1377 1484 1495 1525 esse
1521 1470 1788 1533 dicebant,
1828 1468 1948 1524 ideo
1973 1468 2100 1537 quia

525 1566 630 1637 ipsi
680 1580 777 1637 per
819 1565 1108 1620 humanam
1160 1560 1481 1633 sapientiam
1526 1567 1813 1631 penetrare
1865 1574 1971 1613 non
2009 1572 2100 1612 va-

522 1656 722 1713 lebant.

593 1745 857 1818 Spiritalis
896 1753 1067 1798 autem
1094 1743 1176 1797 vir
1213 1741 1473 1812 dijudicat
1499 1741 1695 1806 omnia,
1719 1738 1774 1795 id
1794 1748 1877 1795 est
1899 1738 2101 1795 discer-

520 1836 601 1892 nit
625 1843 680 1891 et
705 1835 897 1904 prohat
948 1834 1127 1888 omnia
1170 1847 1291 1901 qua:
1336 1830 1503 1896 audit,
1550 1829 1715 1895 videt,
1760 1838 1815 1885 et
1845 1829 2097 1900 cogitat:

518 1926 647 1997 quid
669 1926 743 1982 sit
768 1938 955 1981 verum
980 1933 1035 1979 et
1064 1922 1280 1988 falsum,
1320 1922 1447 1992 quid
1477 1920 1549 1976 sit
1568 1920 1770 1975 bonum
1795 1926 1850 1974 et
1878 1920 2096 1987 malum,

2198 741 2309 796 sint
2338 759 2352 795 :

2270 830 2515 898 Ministri,
2548 831 2739 902 inquit,
2768 848 2884 904 ejus
2921 833 3007 887 cui
3035 832 3366 889 credidistis:
3407 834 3633 907 ideoque
3661 853 3768 894 non

2197 936 2481 992 possumus
2494 922 2765 979 dimittere
2776 931 2995 994 peccata
3017 924 3072 978 in
3085 923 3431 994 baptismate,
3453 932 3595 997 quod
3616 928 3769 984 ειπε-

2197 1019 2313 1067 stus
2345 1014 2562 1083 proprie
2603 1014 2706 1069 sibi
2753 1015 2993 1070 retinuit.
3033 1014 3126 1069 ille
3158 1016 3429 1071 ministrat
3482 1018 3574 1087 qui
3620 1031 3768 1075 recte

2199 1102 2476 1173 prtedicat,
2513 1111 2561 1157 et
2584 1104 2862 1175 unicuique
2887 1105 3021 1159 sicut
3042 1106 3296 1160 convenit
3326 1106 3619 1177 ministrat,
3634 1110 3769 1165 sicut
3806 1103 3817 1115 ”

2198 1193 2456 1248 Dominus
2480 1195 2842 1249 ministerium
2867 1196 3028 1250 dedit.
3496 1250 3511 1251 κ

2268 1286 2381 1357 Ego
2404 1286 2653 1357 plant‘avi,
2686 1287 3026 1357 praedicando
3064 1289 3219 1345 vobis
3243 1289 3423 1356 ﬁdem,
3473 1291 3658 1362 Apollo
3698 1295 3772 1349 ri-

2198 1380 2354 1447 gavit,
2386 1378 2439 1432 id
2465 1386 2551 1432 est
2582 1378 2877 1448 baptizavit
2909 1386 2974 1434 et
3003 1379 3164 1434 tinxit
3201 1395 3461 1451 corpora:
3510 1383 3602 1437 sed
3626 1383 3769 1439 Deus

2196 1467 2587 1533 incrementum,
2618 1469 2671 1522 id
2699 1476 2782 1523 est
2827 1481 3196 1539 augmentum,
3239 1472 3381 1525 dedit
3407 1473 3536 1528 mihi
3570 1477 3770 1544 praedi-

2197 1556 2364 1621 centi,
2412 1565 2467 1611 et
2507 1556 2698 1626 Apollo
2752 1558 2969 1629 riganti,
3005 1559 3132 1629 quia
3180 1574 3282 1631 ego
3323 1559 3484 1617 fidem
3529 1566 3770 1620 exterius

2196 1648 2506 1717 pnedicavi,
2547 1648 2692 1703 Deus
2736 1648 2972 1704 ﬁrmavit
3012 1663 3132 1704 eam
3177 1650 3232 1704 in
3271 1653 3523 1708 cordibus
3548 1655 3773 1710 audien-

2198 1737 2352 1802 tium,
2399 1731 2454 1793 et
2502 1738 2878 1809 multiplicavit
2936 1755 3221 1795 numerum
3268 1742 3607 1798 credentium
3650 1764 3664 1798 :
3724 1757 3774 1800 et

2192 1826 2386 1897 Apollo
2434 1827 2595 1884 tinxit
2641 1844 2889 1899 corpora,
2944 1831 3040 1886 sed
3090 1831 3232 1887 Deus
3282 1843 3504 1902 peccata
3546 1835 3771 1891 dimisit.

2196 1919 2340 1974 Deus
2367 1919 2549 1974 omnia
2570 1934 2637 1975 ex
2664 1935 2725 1976 se
2753 1930 2811 1977 et
2832 1936 2862 1976 a
2887 1923 3159 1990 sebabet,
3183 1939 3283 1980 nos
3311 1934 3493 1979 autem
3516 1934 3574 1981 et
3590 1941 3661 1981 ex
3687 1929 3773 1983 itis

516 2024 574 2070 et
611 2014 890 2087 cognoscit
940 2028 1068 2069 vera
1120 2026 1239 2067 esse
1286 2025 1406 2081 qua:
1454 2009 1830 2079 praedicamus,
1857 2008 1943 2064 vel
1978 2009 2089 2064 dis-
2123 2007 2169 2068 Β
2195 2017 2251 2064 et
2275 2009 2474 2066 abillo.

508 2105 695 2162 cernit
735 2102 918 2159 omnia
955 2116 1156 2173 genera
1193 2098 1471 2153 hominum
1497 2097 1834 2153 carnalium:
1868 2098 1975 2166 ipse
1995 2100 2094 2150 nu-

508 2201 621 2251 tem
648 2212 681 2249 a
707 2190 910 2249 neruine
935 2191 1230 2262 judicalur,
1264 2189 1320 2243 id
1350 2194 1457 2255 est,
1483 2201 1659 2257 neque
1693 2200 1724 2240 a
1766 2184 2096 2256 spiritalibus

520 2289 652 2343 viris
672 2288 755 2342 sui
781 2284 1070 2350 similibus,
1096 2292 1271 2350 neque
1300 2296 1329 2336 a
1363 2281 1473 2336 Deo
1493 2279 1779 2336 damnatur
1805 2277 1887 2332 vel
1915 2291 2094 2348 repre-

517 2373 740 2441 he'nditu
748 2394 794 2433 r.

594 2469 725 2537 Quis
762 2468 903 2523 enim
944 2474 1177 2537 cognovit
1220 2478 1431 2519 sensum
1467 2460 1680 2517 Domini
1703 2461 1727 2514 .9
1750 2467 1844 2514 aut
1875 2459 1991 2529 quis
2013 2458 2097 2512 in-

517 2561 707 2620 struxit
738 2575 855 2614 eum
877 2557 970 2612 ?id
997 2564 1100 2622 est,
1129 2556 1248 2625 quis
1286 2553 1566 2608 hominum
1588 2558 1769 2620 potest
1794 2548 2095 2618 intelligere

516 2659 575 2710 et
601 2658 889 2721 penetrare
918 2646 1251 2701 intellectum
1283 2652 1339 2698 et
1386 2640 1705 2712 sapientiam
1732 2638 1943 2694 Domini
1988 2650 2095 2707 quo

518 2742 699 2799 omnia
726 2737 895 2795 fecit?
933 2737 1072 2807 quis,
1127 2733 1384 2790 subaudis
1421 2733 1602 2796 homo,
1637 2731 1888 2795 instruat,
1920 2735 1974 2781 et
2003 2727 2094 2781 do-

516 2842 667 2899 ceat,
697 2832 813 2887 sive
859 2829 1099 2898 corrigat
1138 2827 1312 2897 ipsum
1360 2825 1667 2889 Dominum,
1695 2831 1749 2876 et
1777 2823 1952 2877 dicat:
1984 2819 2097 2876 Hoc

517 2934 574 2983 et
594 2923 723 2980 illud
750 2937 853 2977 non
882 2922 1018 2977 bene
1040 2919 1236 2984 fecisti,
1266 2919 1341 2973 ita
1364 2917 1525 2973 debes
1549 2917 1824 2985 corrigere
1850 2912 2012 2977 istud,
2043 2920 2098 2966 et

520 3017 594 3072 ita
633 3013 918 3071 meliorum
946 3011 1117 3067 illud?
1137 3010 1394 3067 subaudis
1422 3008 1615 3063 nullus.
1646 3009 1868 3077 Insuper
1890 3005 2095 3074 magni-

520 3107 702 3162 licabit
746 3113 802 3160 et
846 3102 1087 3157 laudabit
1138 3112 1353 3156 sensum
1398 3108 1454 3154 et
1503 3098 1829 3152 intellectum
1882 3093 2095 3150 Domini

505 3208 683 3267 .atque
722 3194 1040 3264 potentiam,
1086 3192 1128 3246 si
1160 3188 1473 3260 cognoverit
1501 3189 1568 3242 ab
1617 3187 1709 3241 illo
1749 3184 1929 3239 omnia
1976 3198 2097 3263 esse

519 3289 682 3352 facta,
712 3287 899 3340 dicens
926 3298 1046 3338 eum
1087 3283 1362 3351 sapienter
1390 3285 1583 3334 cuncta
1610 3277 1818 3332 fecisse.
1853 3276 1964 3329 Nos
1995 3292 2093 3328 nu—

2266 2099 2455 2172 Itaque
2491 2117 2651 2172 neque
2690 2102 2779 2174 qui
2805 2101 3030 2173 plantat,
3064 2102 3121 2157 id
3165 2110 3250 2158 est
3290 2104 3571 2174 praedicat,
3617 2123 3773 2177 neque

2196 2191 2286 2261 qui
2320 2192 2477 2262 rigat,
2506 2190 2561 2247 id
2609 2200 2695 2247 est
2729 2191 2991 2263 baptizat,
3030 2202 3109 2247 est
3135 2193 3333 2265 aliquid
3371 2198 3772 2266 comparatione

2196 2282 2330 2338 Dei:
2361 2282 2488 2352 quia
2512 2296 2618 2337 non
2647 2291 2823 2353 potest
2851 2283 3010 2339 fidem
3067 2283 3367 2351 infundere,
3425 2300 3609 2356 neque
3656 2302 3772 2359 pec-

2195 2379 2316 2426 cata
2349 2371 2641 2437 dimittere,
2674 2372 2719 2427 si
2752 2373 2891 2429 Deus
2916 2373 3175 2428 auxilium
3200 2390 3308 2429 non
3329 2375 3558 2430 dederit.

2264 2460 2370 2527 Qui
2398 2469 2573 2514 autem
2597 2459 2799 2530 plantat
2823 2470 2873 2516 et
2915 2462 3005 2533 qui
3048 2463 3203 2533 rigat,
3252 2479 3415 2518 unum
3435 2474 3583 2532 sunt,
3617 2466 3674 2521 id
3696 2476 3773 2521 est

2194 2551 2354 2607 unius
2394 2550 2490 2604 Dei
2543 2550 2775 2605 ministri
2812 2560 2868 2607 et
2908 2553 3052 2607 servi
3090 2561 3217 2607 sunt
3262 2562 3319 2609 et
3352 2554 3517 2610 unius
3543 2564 3769 2618 natur-.2,

2195 2643 2321 2714 quia
2349 2642 2508 2697 homo
2535 2642 2636 2697 iste
2662 2648 2717 2696 et
2755 2643 2916 2697 homo
2944 2642 3032 2697 ille
3061 2643 3112 2697 in
3142 2642 3389 2713 personis
3409 2645 3638 2713 quidem
3674 2645 3773 2699 duo

2195 2739 2346 2796 sunt,
2381 2729 2474 2785 sed
2518 2730 2575 2785 in
2623 2739 2814 2784 natura
2860 2739 2915 2787 et
2943 2728 3120 2785 cilicio
3166 2747 3352 2786 unum.
3404 2731 3773 2805 Unusquisque

2194 2832 2368 2876 autem
2387 2820 2652 2892 propriam
2675 2822 2959 2875 mercedem
2980 2823 3192 2892 accipiet
3217 2823 3505 2878 secundum
3546 2825 3771 2880 laborem

2193 2927 2367 2978 suum,
2382 2912 2438 2966 id
2464 2919 2570 2979 est,
2607 2912 2699 2981 qui
2723 2906 3274 2983 prtedicatmajorem,
3325 2924 3380 2970 et
3405 2917 3497 2985 qui
3544 2917 3775 2987 baptint

2195 3002 2480 3058 minorem.
2511 3002 2772 3057 Similiter
2797 3003 3111 3074 intelligitur
3139 3004 3206 3060 de
3240 3005 3495 3061 omnibus
3538 3008 3771 3062 homini-

2193 3095 2318 3160 bus,
2343 3095 2468 3163 quia
2496 3095 2869 3165 unusquisque
2893 3096 3185 3151 secundum
3222 3097 3542 3167 qualitatem
3573 3098 3775 3155 laboris

2194 3184 2422 3254 accipiet
2437 3184 2791 3253 quantitatem
2812 3185 3069 3240 muneris.

2266 3276 2364 3330 Dei
2392 3277 2531 3330 enim
2578 3291 2758 3330 sumus
2800 3276 3089 3346 adjutores.
3132 3276 3188 3331 ln
3233 3275 3423 3333 Graeco
3457 3278 3777 3335 meliusm-

508 3391 623 3436 .tem
635 3394 842 3434 sensum
865 3375 1057 3431 Christi
1088 3375 1356 3439 habemus,
1382 3371 1434 3426 id
1458 3380 1563 3436 est,
1586 3369 1914 3424 intellectum
1938 3367 2099 3422 Chri-
2126 3377 2169 3438 ρ
2200 3368 2357 3423 betur
2383 3384 2396 3419 :
2423 3367 2519 3422 Dei
2546 3368 2725 3437 operis
2761 3368 3050 3439 participes
3078 3384 3280 3423 sumus.
3332 3369 3479 3425 Deus
3521 3381 3776 3441 operatur

522 3471 595 3524 sti
638 3469 917 3533 habemus,
944 3474 999 3520 et
1022 3465 1285 3519 sentimus
1310 3477 1438 3516 vera
1467 3462 1532 3516 de
1570 3461 1659 3515 illo
1697 3473 1793 3529 per
1833 3457 2092 3529 Spiritum

520 3553 1101 3618 sanctumilluminati,
1152 3552 1245 3623 qui
1294 3551 1472 3607 omnia
1520 3550 1668 3604 novit
1694 3562 1817 3603 cum
1859 3547 2018 3601 Patre
2041 3556 2094 3601 et

524 3651 703 3715 Filio;
754 3659 809 3704 et
851 3656 935 3705 est
974 3660 1203 3702 sensus:
1237 3645 1356 3701 ideo
1382 3644 1506 3713 quia
1541 3657 1699 3698 nemo
1732 3648 1907 3713 potest
1934 3654 2092 3710 pene-

522 3750 669 3796 trare
695 3738 1023 3795 intellectum
1070 3746 1125 3793 et
1159 3736 1474 3807 sapientiam
1522 3733 1640 3798 Dei,
1689 3732 1793 3786 nisi
1835 3731 1953 3801 ipso
2001 3730 2095 3783 do-

529 3838 712 3897 trante,
758 3826 960 3884 idcirco
997 3843 1153 3882 nemo
1189 3825 1351 3881 debet
1386 3823 1630 3879 dubitare
1662 3821 1789 3892 quin
1836 3821 1938 3876 ista
1969 3835 2094 3873 vera

522 3922 633 3977 sint
662 3935 781 3993 quae
819 3920 1046 3976 dicimus
1072 3918 1138 3973 de
1166 3916 1445 3971 nativitate
1483 3922 1538 3969 et
1564 3911 1896 3969 humanitate
1940 3909 2095 3966 Chri-

521 4016 616 4081 sti,
644 4013 767 4085 quia
790 4027 890 4069 nos
916 4010 1178 4083 Spiritum
1198 4017 1442 4065 sanctum
1468 4006 1744 4061 habemus.

1136 4158 1364 4216 CAPUT
1394 4156 1478 4212 Ill.

591 4275 660 4330 Et
701 4291 815 4345 ego,
844 4273 1054 4343 fratres,
1099 4287 1201 4326 non
1227 4270 1370 4341 potui
1415 4267 1552 4322 uobis
1604 4266 1742 4338 loqui
1769 4267 1917 4337 quasi
1946 4265 2099 4335 spiri-

522 4366 747 4428 talibus,
807 4361 1060 4416 tarditate
1087 4372 1278 4413 sensus
1325 4354 1532 4421 vestri,
1562 4370 1681 4409 non
1731 4355 1839 4408 mei
1878 4368 2098 4424 praepe-

526 4456 689 4510 ditus.

584 4542 847 4599 Nondum
887 4542 1023 4596 enim
1069 4538 1335 4610 poteratis,
1373 4535 1628 4591 subaudis
1662 4532 1979 4606 mysterium
2012 4532 2097 4587 Di-

526 4634 770 4690 vinitatis
803 4631 1006 4687 Christi
1032 4643 1244 4698 capere.
1271 4627 1348 4682 Ne
1377 4627 1449 4682 illi
1477 4627 1717 4682 dicerent
1741 4643 1754 4678 :
1784 4624 1940 4679 modo
1970 4639 2093 4695 pos-

2197 3456 2358 3511 tidem
2402 3457 2458 3511 in
2506 3457 2909 3526 praedicatione,
2938 3468 2996 3513 et
3030 3458 3188 3514 solvit
3237 3469 3463 3529 peccata
3511 3461 3569 3516 in
3610 3463 3779 3533 bapti-

2195 3560 2388 3616 smate,
2416 3548 2570 3618 cujus
2594 3551 2774 3621 operis
2801 3551 3092 3623 participes
3117 3561 3172 3607 et
3222 3552 3504 3623 adjutores
3540 3556 3777 3625 suntqui

2193 3639 2516 3709 praedicant,
2543 3648 2600 3695 et
2640 3641 3086 3712 baptizandorum
3110 3657 3340 3712 corpora
3371 3654 3653 3715 mergunt.
3686 3646 3781 3700 Dei

2195 3729 2517 3801 agricultura
2545 3730 2688 3784 estis.
2734 3731 2879 3802 Ager
2921 3740 3004 3787 est
3028 3731 3117 3786 hic
3141 3732 3395 3798 mundus,
3422 3733 3481 3788 id
3528 3744 3617 3789 est
3666 3735 3780 3804 ejus

2195 3819 2545 3884 habitatores,
2579 3834 2809 3889 quorum
2830 3820 3002 3876 corda
3028 3820 3228 3875 excolit
3250 3835 3349 3890 per
3391 3823 3783 3892 praedicatores

2194 3925 2343 3967 suos.
2374 3909 2511 3966 Nam
2547 3911 2689 3967 sicut
2715 3927 2846 3983 ager
2891 3925 3109 3967 vomere
3133 3921 3190 3966 et
3239 3913 3421 3985 ligone
3450 3916 3729 3972 excolitur
3750 3930 3780 3969 a

2196 3999 2418 4065 cultore,
2449 4000 2523 4054 ita
2552 4014 2769 4054 vomere
2812 4000 3213 4069 praedicationis
3257 4002 3591 4059 excoluntur
3616 4005 3780 4060 corda

2198 4092 2529 4157 auditorum,
2554 4099 2616 4145 ut
2636 4100 2932 4147 sementum
2980 4091 3100 4147 fidei
3127 4102 3180 4147 et
3207 4093 3621 4162 praedicationis
3648 4096 3783 4151 reci~

2197 4185 2363 4255 piant,
2412 4193 2467 4238 et
2515 4184 2745 4238 fructum
2796 4185 3059 4240 honorum
3103 4200 3327 4254 operum
3384 4187 3645 4244 reddant.
3691 4189 3783 4244 Dei

2198 4275 2474 4344 azdiﬁcatio
2512 4276 2655 4340 estis,
2698 4276 2823 4345 quia
2865 4276 2976 4346 ipse
3014 4292 3110 4333 vos
3150 4278 3205 4332 in
3249 4293 3348 4332 sua
3393 4278 3504 4335 ﬁde
3554 4296 3662 4352 per
3692 4298 3783 4337 no-

2197 4376 2365 4420 stram
2405 4367 2843 4435 praedicationem
2892 4367 3147 4435 aediﬁcat,
3193 4377 3253 4422 ut
3301 4368 3483 4439 ipsum
3520 4372 3578 4426 in
3618 4374 3786 4428 corde

2194 4456 2495 4513 retineatis.

2270 4545 2570 4601 Secundum
2626 4548 2849 4617 gratiam
2874 4547 2992 4613 Dei,
3037 4549 3091 4604 id
3121 4558 3203 4605 est
3233 4551 3537 4606 secundum
3560 4554 3788 4623 sapien-

2200 4635 2354 4702 tiam,
2378 4653 2496 4707 qua:
2521 4636 2646 4691 data
2690 4648 2763 4692 est
2793 4639 2923 4692 mihi
2950 4654 3062 4709 pra:
3113 4642 3366 4696 omnibus
3391 4644 3688 4712 apostolis.
3723 4643 3788 4697 [τι

525 4738 737 4790 sumus:
770 4723 1003 4780 subdidit
1030 4739 1043 4775 ³
1092 4721 1202 4775 Nec
1251 4737 1385 4774 ηειηε
1410 4720 1618 4790 quidem
1644 4717 1853 4787 Ροίεδείδ
1876 4730 1894 4768 ·’
1927 4716 1980 4771 ill
2008 4716 2093 4770 fu‘
2121 4718 2173 4778 D
2195 4727 2403 4797 sapiens
2444 4728 2757 4783 architectus
2788 4728 3185 4798 fundamentum
3221 4732 3392 4801 posui.
3424 4732 3789 4790 Architectus

526 4828 705 4871 turum
738 4825 918 4869 tamen
955 4811 1064 4867 Deo
1106 4813 1339 4867 donante
1380 4810 1645 4880 poteritis.
1691 4807 1921 4878 Ideoque
1965 4808 2091 4878 quia

523 4922 629 4963 non
655 4904 915 4978 poteratis
932 4916 1144 4973 capere,
1176 4902 1356 4957 addo:
1390 4900 1497 4954 Lac
1543 4899 1683 4953 vobis
1721 4910 1899 4970 potum
1950 4898 2093 4965 dedi,

523 5015 629 5054 non
668 5013 857 5061 escam,
889 4996 942 5049 id
963 5002 1064 5059 est,
1099 4993 1392 5063 simplicem
1419 4992 1715 5047 doctrinam
1743 4990 1809 5044 de
1844 4991 2094 5044 humani-

522 5099 634 5144 tate
654 5086 876 5150 Christi,
903 5100 1007 5140 non
1036 5084 1263 5138 solidum
1291 5084 1468 5138 cibum
1496 5083 1561 5136 de
1597 5080 1872 5135 divinitate
1895 5079 2095 5134 Christi

519 5188 574 5232 ct
607 5180 865 5250 mysterio
886 5175 1182 5229 Trinitatis.

595 5266 727 5322 Cum
758 5268 894 5321 enim
916 5267 982 5321 sit
1004 5267 1137 5319 inter
1173 5281 1261 5319 ros
1292 5263 1432 5315 zelus
1453 5272 1499 5314 et
1537 5262 1813 5324 contentio,
1842 5261 2009 5328 zelus,
2037 5264 2089 5319 id

519 5364 608 5413 est
641 5357 842 5411 invidia
862 5364 918 5411 et
934 5355 1208 5411 contentio
1245 5354 1311 5407 de
1347 5352 1508 5404 variis
1528 5351 1956 5419 baptismatibus.

594 5449 724 5507 Cum
758 5451 884 5506 dicit
914 5463 1091 5505 unus:
1128 5445 1239 5517 Ego
1280 5447 1487 5517 quidem
1540 5462 1655 5500 sum
1694 5444 1851 5501 Pauli
1891 5450 2090 5518 baptis-

522 5551 668 5601 mate
692 5545 1012 5615 baptizatus,
1046 5546 1102 5596 et
1132 5539 1262 5607 ejus
1309 5538 1449 5592 (ilius
1488 5553 1642 5605 sum;
1691 5539 1826 5594 alius
1865 5551 2038 5595 autem
2068 5555 2086 5594 :

523 5632 638 5705 Ego
665 5634 849 5705 Apollo
872 5649 891 5697 ;
919 5645 1090 5685 nonne
1110 5628 1341 5683 homines
1369 5628 1517 5681 estis?
1542 5628 1593 5683 id
1626 5638 1745 5685 est:
1773 5645 1951 5686 nonne
1972 5645 2092 5686 car-

522 5725 719 5780 naliter
762 5722 996 5792 sapitis?
1027 5720 1292 5779 Fidelium
1337 5719 1697 5790 apostolorum
1736 5722 1949 5777 nomina
1991 5737 2091 5793 pro

523 5816 781 5870 falsorum
818 5814 968 5884 ponit
991 5814 1061 5869 ob
1088 5826 1309 5869 causam
1356 5825 1517 5882 supra
1545 5820 1917 5867 memoratam.
1951 5813 2090 5880 Quid

522 5916 595 5958 est
636 5905 864 5958 Anollo?
903 5905 1029 5962 quid
1072 5920 1190 5959 vero
1239 5902 1490 5958 Paulus?
1523 5904 1777 5962 subaudis
1822 5905 1953 5959 nihil
1996 5920 2093 5977 per

2192 4816 2388 4873 dicitur
2414 4816 2663 4886 princeps
2684 4817 2738 4871 in
2777 4825 3050 4873 structura
3078 4819 3303 4886 domus;
3344 4821 3569 4890 sapiens
3599 4825 3791 4878 archi-

2197 4914 2371 4962 tectus
2393 4915 2493 4973 est,
2524 4908 2613 4976 qui
2645 4906 2760 4975 ejus
2785 4924 2815 4963 a
2838 4924 2943 4978 quo
2972 4910 3268 4966 instructus
3307 4920 3413 4977 at,
3438 4912 3788 4971 voluntates

2198 5008 2253 5052 et
2272 4998 2648 5053 auctoritatem
2695 5000 2956 5066 imitatur,
2999 5003 3138 5056 sicut
3187 5001 3316 5057 fecit
3342 5003 3542 5060 Paulus
3570 5006 3791 5063 Christi

2198 5091 2495 5147 doctrinam
2523 5093 2803 5159 imitando,
2851 5110 2959 5149 non
2989 5096 3095 5150 alia
3130 5097 3429 5166 praedicans
3466 5112 3646 5167 quam
3670 5113 3795 5169 qu:

2199 5182 2266 5238 ab
2288 5183 2403 5252 ipso
2427 5185 2776 5254 percipiebat,
2802 5195 2858 5240 et
2876 5186 2927 5240 in
2949 5196 3128 5242 mente
3156 5188 3398 5255 videbat;
3425 5189 3529 5253 vel,
3554 5191 3796 5261 sapiens

2196 5272 2527 5327 architectus
2542 5281 2627 5327 est
2650 5274 2740 5342 qui
2776 5289 2934 5344 super
2956 5290 3179 5330 arenam
3219 5275 3645 5333 fundamentum
3684 5296 3793 5335 non

2196 5368 2343 5438 ponit
2374 5383 2550 5433 suum,
2577 5381 2644 5423 ne
2672 5368 2742 5423 sit
2770 5369 3067 5435 inﬁrmum,
3111 5386 3179 5425 ne
3220 5386 3383 5440 super
3404 5386 3652 5427 vacuam
3686 5384 3797 5429 tero

2198 5472 2314 5512 ram
2340 5476 2352 5510 :
2381 5457 2629 5512 similiter
2652 5457 2868 5524 Paulus,
2887 5468 2947 5513 ut
2974 5460 3189 5529 sapiens
3203 5461 3556 5527 architectus,
3576 5462 3796 5518 funda-

2196 5554 2436 5602 mentum
2467 5548 2665 5617 posuit,
2712 5548 2838 5618 quia
2883 5548 3178 5605 Corinthiis
3216 5551 3327 5620 ipse
3365 5550 3614 5621 primum
3651 5567 3801 5623 pra-

2194 5635 2409 5691 dicavit.
2444 5634 2631 5693 Nullus
2652 5638 2796 5693 enim
2825 5646 2950 5694 ante
2997 5639 3172 5709 ipsum
3202 5638 3623 5695 fundamentum
3662 5644 3795 5698 ﬁdei

2194 5727 2250 5782 in
2279 5727 2385 5782 illis
2420 5727 2695 5783 locaverat
2742 5747 2756 5781 :
2809 5728 2945 5784 alius
2998 5740 3194 5796 autem,
3246 5732 3420 5785 bonus
3468 5739 3563 5785 aut
3610 5735 3804 5789 malus

2193 5818 2487 5874 aedificator
2523 5818 2606 5873 vel
2651 5829 2926 5890 operator,
2960 5822 3149 5887 uideat,
3182 5830 3235 5878 et
3290 5823 3616 5878 consideres
3664 5828 3801 5894 quid

2194 5910 2572 5980 supertcdiﬁcet
2606 5951 2621 5977 ,
2666 5919 2727 5966 ut
2775 5912 3068 5969 secundum
3119 5913 3427 5970 ﬁrmitatem
3482 5914 3619 5970 ﬁdei
3680 5918 3807 5973 sive
