3936 6440
214 441 324 497 52';

887 447 1254 506 EXPOSITIO
1287 448 1356 504 ΙΝ
1398 450 1545 506 EPP.
1585 449 1644 504 S.
1680 448 1906 504 PAULI.
1942 479 2014 490 —
2046 448 2112 503 ΙΝ
2149 449 2364 506 EPIST.
2404 451 2423 505 Ι
2463 452 2552 506 AD
2589 452 2746 509 COR.

3348 453 3450 508 δὲ.ξῖ

216 553 548 611 fundamenti
574 555 869 625 procedant
895 561 1148 627 parietes,
1175 561 1230 617 id
1258 571 1342 616 est
1397 563 1538 618 bona
1593 577 1778 633 opera.
1809 562 2108 632 Alignum,
2143 565 2415 633 stipulam,
2461 565 2600 621 levia
2642 575 2881 637 peccata,
2936 569 3075 624 sicut
3117 579 3202 625 est
3251 573 3456 632 otiosus

283 642 710 699 Fundamentum
732 648 868 702 enim
895 647 1042 702 aliud
1069 667 1216 704 nemo
1240 661 1404 721 potest
1427 669 1634 722 ponere,
1655 669 1794 722 ρνω-
1893 669 2095 721 sermo,
2124 655 2266 710 risus
2290 655 2626 723 inhonestus,
2651 668 2708 714 et
2749 668 2942 719 caetera
2972 661 3115 716 talia.
3155 662 3258 719 Per
3287 666 3459 736 plum-

211 747 289 792 ter
323 737 378 791 id
405 737 545 808 quod
599 740 826 814 positum
873 751 971 807 est,
1017 744 1155 814 quod
1200 753 1274 797 est
1327 743 1566 799 Christus
1612 745 1786 800 Iesus.

222 829 653 886 Fundamentum
699 833 933 902 appellat
987 835 1042 888 in
1088 835 1191 890 hoc
1240 835 1356 890 loco
1394 837 1551 892 ﬁdem
1585 836 1788 893 Christi

209 917 362 984 Jesu,
386 934 506 988 qua:
532 921 672 975 bono
710 920 1058 978 fundamento
1085 933 1464 993 comparatur;
1493 928 1618 996 quia
1649 928 1790 982 sicut

131 1067 143 1080 ,
213 1011 266 1065 in
297 1010 456 1064 domo
498 1010 732 1082 primum
779 1011 1182 1068 fundamentum
1232 1016 1471 1084 ponitur,
1500 1032 1564 1071 ac
1594 1017 1790 1072 deinde

210 1101 448 1172 parietes
467 1101 747 1171 eriguntur
770 1143 786 1169 ,
817 1104 893 1158 ita
930 1105 1163 1175 primum
1199 1103 1334 1160 ﬁdes
1363 1105 1675 1160 collocanda
1706 1115 1790 1162 est

212 1189 266 1243 in
297 1190 547 1244 cordibus
575 1192 900 1257 auditorum,
925 1208 986 1246 ac
1026 1193 1217 1248 deinde
1241 1195 1378 1248 bona
1400 1209 1561 1263 opera
1592 1195 1788 1249 debent

213 1279 485 1348 surgendo
508 1293 769 1348 apparere
795 1298 808 1334 :
832 1289 886 1335 et
913 1281 1049 1335 sicut
1074 1281 1264 1336 domus
1288 1283 1406 1338 sine
1443 1281 1786 1337 fundamento

206 1367 256 1424 si
286 1369 467 1434 fuerit,
499 1369 584 1423 vel
635 1370 681 1424 si
722 1370 1128 1426 fundamentum
1168 1371 1438 1427 inﬁrmum
1485 1380 1539 1427 et
1569 1389 1673 1427 non
1707 1389 1789 1428 so-

209 1458 376 1514 lidum
410 1460 672 1526 habuerit,
701 1477 806 1516 non
849 1470 1025 1532 potest
1062 1464 1378 1526 subsistere,
1432 1472 1492 1517 ut
1533 1480 1639 1518 non
1671 1480 1788 1518 cor-

208 1556 335 1603 ruat
365 1548 589 1618 impulsa
629 1564 660 1603 a
700 1552 878 1605 ventis
905 1560 957 1605 et
1003 1551 1266 1606 imbribus
1301 1570 1314 1607 :
1365 1552 1439 1607 ita
1487 1568 1648 1623 opera
1677 1568 1785 1607 non

204 1647 436 1707 possunt
461 1654 581 1694 esse
603 1640 742 1694 bona
767 1655 942 1710 neque
984 1642 1095 1696 Deo
1131 1649 1352 1712 accepta
1381 1641 1512 1697 sine
1536 1642 1640 1702 ﬁde
1669 1657 1787 1712 per-

205 1728 373 1794 lecta,
403 1730 529 1798 quia
557 1731 674 1786 sine
707 1730 810 1786 ﬁde
838 1732 1170 1800 impossibile
1201 1742 1285 1787 est
1317 1733 1426 1787 Deo
1450 1733 1702 1802 placere;
1733 1741 1788 1788 et

201 1822 350 1876 sicut
375 1821 564 1877 domus
606 1822 822 1876 ﬁrmum
862 1821 1266 1878 fundamentum
1313 1823 1519 1878 habens
1563 1824 1783 1878 immota

203 1919 510 1983 permanet,
565 1913 640 1968 ita
669 1913 974 1982 quicunque
1017 1928 1203 1968 veram
1260 1913 1786 1984 sincerissimamquc
1818 1934 1859 1993 Β
1891 1930 2153 1986 animum
2203 1944 2478 2004 separant,

205 2003 366 2057 ﬁdem
408 2002 679 2065 habuerit,
708 2003 848 2057 inter
873 2003 1094 2057 adversa
1124 2011 1178 2057 et
1197 2017 1457 2072 prospera
1495 2002 1654 2072 hujus
1681 2020 1782 2060 sa:-

203 2094 320 2149 culi
374 2094 605 2150 ﬁrmiter
641 2097 1000 2164 permanebit,
1032 2097 1158 2166 quia
1197 2097 1374 2166 justus
1417 2113 1484 2152 ea:
1521 2098 1626 2166 ﬁde
1663 2098 1782 2152 vivit

201 2184 379 2254 (Rom.
411 2183 472 2257 ι).
517 2184 622 2240 Sed
651 2187 790 2242 sicut
811 2187 1215 2242 fundamentum
1245 2187 1361 2242 sine
1400 2197 1670 2243 structura
1697 2204 1786 2257 pa-

199 2276 404 2329 rietum
427 2277 557 2330 nihil
583 2276 829 2331 ulilitatis
859 2277 1126 2344 habet,ita
1153 2278 1458 2348 quicunque
1481 2277 1638 2332 ﬁdem
1666 2278 1782 2332 sine

199 2368 464 2439 operibus
501 2367 698 2422 habere
738 2368 969 2433 videtur,
1005 2384 1121 2423 non‘
1162 2369 1282 2423 ideo
1327 2368 1601 2439 perfectus
1628 2370 1783 2424 habe-

197 2457 365 2518 bitur,
397 2457 518 2526 quia
548 2456 678 2526 ﬁdes
723 2453 833 2512 sine
875 2459 1114 2526 operibus
1159 2469 1366 2514 mortua
1401 2469 1476 2513 est
1508 2457 1658 2530 (Jac.
1686 2460 1776 2531 ιι).

197 2547 538 2618 Quapropter
566 2549 870 2606 exornanda
899 2557 983 2605 est
1027 2549 1184 2606 bonis
1227 2550 1502 2620 operibus,
1551 2558 1610 2606 ut
1636 2551 1778 2622 quod

195 2639 368 2693 corde
408 2639 702 2706 credimus,
755 2641 1110 2697 conﬁteamur
1153 2657 1271 2708 ore,
1319 2650 1377 2697 et
1417 2644 1558 2699 bona
1614 2658 1774 2714 opera

197 2731 465 2786 sectando
506 2732 817 2787 Studeamus
860 2734 1135 2788 decorare.
1180 2733 1611 2789 Fundamentum
1647 2748 1778 2804 ergo

193 2821 347 2876 aliud
393 2837 550 2877 nemo
602 2824 1040 2893 philosophorum
1073 2864 1088 2890 ,
1151 2839 1308 2880 nemo
1358 2826 1774 2897 pseudoaposto-

190 2912 396 2979 lorum,
429 2931 587 2970 nemo
615 2916 987 2971 luereticorum
1017 2925 1196 2985 potest
1234 2931 1433 2985 ponere
1487 2925 1682 2987 praeter
1721 2918 1773 2971 id

187 3007 344 3076 quod
392 3006 622 3076 positum
669 3015 770 3072 est,
801 3007 940 3076 quod
985 3016 1070 3062 est
1113 3007 1358 3062 Christus
1405 3006 1598 3066 Iesus:
1649 3009 1774 3078 quia

189 3097 365 3150 alium
408 3096 564 3151 deum
610 3111 768 3152 nemo
820 3104 998 3165 potest
1041 3097 1365 3167 praadicare,
1415 3112 1574 3166 quam
1623 3097 1770 3152 illum

189 3200 359 3256 quem
389 3200 486 3241 nos
518 3186 871 3255 prtedicamus
896 3227 911 3252 ,
940 3200 1113 3256 neque
1141 3185 1299 3240 aliam
1323 3185 1480 3241 ﬁdem
1523 3201 1682 3256 quam
1705 3186 1771 3239 il-

1892 745 2017 800 bum
2043 760 2188 811 vero,
2235 754 2290 799 et
2336 746 2561 814 ferrum,
2607 759 2769 819 atque
2819 761 3090 819 stannum,
3119 770 3237 823 qum
3285 761 3458 814 sancti

1891 837 2143 891 doctores
2190 837 2412 900 addunt,
2462 842 2644 909 gravia
2685 849 2738 896 et
2793 842 3179 902 immanissima
3211 861 3458 920 peccata.

1890 940 2009 994 qua:
2036 942 2066 979 a
2095 942 2258 996 regno
2304 929 2560 984 etrlorum
2584 940 2853 999 separant.
2895 933 3058 1003 Igitur
3080 937 3218 993 sicut
3246 957 3458 1005 aurum,

1887 1024 1944 1070 ct
1989 1027 2288 1087 argentum,
2335 1029 2389 1073 et
2432 1020 2633 1090 lapides
2662 1023 2882 1090 pretiosi
2925 1025 3042 1095 igne
3071 1030 3382 1098 probantur,
3411 1044 3465 1088 ct

1889 1114 2068 1162 tamen
2100 1125 2206 1164 non
2233 1119 2644 1176 consumuntur,
2674 1113 2744 1166 ita
2785 1114 2840 1167 in
2889 1115 2976 1169 die
3019 1115 3210 1184 iudicii
3239 1124 3329 1190 qui
3361 1125 3461 1177 ha-

1889 1201 2106 1256 buerint
2133 1204 2268 1258 bona
2299 1221 2461 1276 opera
2502 1215 2556 1260 et
2597 1208 2795 1263 bonam
2840 1212 3294 1281 praedicationem,
3338 1217 3464 1272 licet

1888 1310 1984 1363 per
2009 1295 2182 1373 ignem
2238 1305 2536 1365 transeant,
2587 1308 2762 1356 tamen
2802 1303 2999 1358 nullam
3044 1321 3256 1374 poenam
3290 1324 3464 1378 neque

1891 1384 2134 1439 ltesuram
2163 1388 2542 1444 sustinebunt:
2573 1392 2664 1460 qui
2687 1407 2814 1447 vero
2842 1395 3131 1449 habuerint
3155 1397 3295 1452 levia
3331 1415 3460 1470 pec-

1889 1484 2029 1538 cata,
2063 1479 2390 1531 transeundo
2421 1494 2516 1548 per
2539 1480 2715 1551 ignem
2741 1484 3130 1553 expiabuntur,
3167 1489 3305 1560 quia;
3333 1505 3462 1544 con-

1887 1574 2167 1619 sumentur
2204 1568 2274 1622 ibi
2302 1569 2440 1624 sicut
2463 1570 2642 1626 fenum
2673 1573 2756 1628 vel
2799 1575 3017 1644 stipula,
3061 1577 3174 1632 sive
3221 1587 3279 1633 ut
3319 1579 3460 1650 ligna

1888 1655 2270 1712 comburentur
2309 1660 2374 1714 ab
2409 1660 2558 1732 igne,
2598 1671 2776 1718 tamen
2815 1664 2914 1733 ipsi
2952 1682 3060 1721 non
3109 1671 3464 1726 remanebunt

1889 1746 1940 1800 in
1979 1747 2118 1817 igne,
2149 1749 2242 1804 sed
2265 1751 2501 1806 mandati
2541 1761 2596 1808 et
2622 1755 2833 1824 probati
2855 1759 3144 1814 aseendent
3173 1761 3240 1815 ad
3286 1761 3436 1818 Domi

1888 1855 2036 1893 num.
2066 1841 2134 1894 At
2160 1843 2249 1910 qui
2289 1843 2573 1900 habuerint
2612 1849 2794 1917 gravia
2823 1860 3060 1918 peccata,
3092 1867 3210 1922 quae
3239 1870 3269 1909 a
3295 1871 3461 1928 regno

2521 1945 2575 1990 et
2601 1953 2719 2007 qua:
2767 1940 3050 2009 Apostolus
3075 1957 3462 2003 commemorat

1887 2019 2034 2084 alibi,
2062 2021 2342 2091 inquiens:
2375 2023 2729 2092 Adulter-inn,
2754 2026 3182 2100 fornicationem,
3205 2044 3260 2091 et
3282 2037 3457 2098 homi-

1885 2109 2103 2177 cidium,
2133 2120 2185 2166 et
2224 2121 2414 2168 czetera
2459 2115 2621 2181 talia;
2660 2117 2800 2174 sicut
2839 2119 3040 2175 ferrum
3082 2131 3138 2177 et
3179 2124 3456 2194 plumbum

1885 2200 1997 2256 sive
2030 2211 2285 2258 stannum
2328 2204 2608 2274 liqueﬁunt
2634 2209 2871 2278 quidem,
2921 2212 3016 2266 sed
3060 2219 3166 2268 non
3203 2215 3459 2273 deﬁciunt

1883 2309 1979 2363 per
2005 2293 2199 2365 ignem,
2245 2298 2320 2352 ita
2366 2298 2438 2354 illi
2465 2301 2701 2369 pondere
2727 2311 3067 2372 peccatorum
3096 2310 3322 2377 gravati,
3365 2325 3453 2366 re-

1883 2387 2176 2441 manebunt
2204 2388 2258 2442 in
2288 2388 2430 2460 igne,
2479 2403 2533 2446 et
2578 2394 2921 2450 sustinebunt
2955 2411 3144 2465 ptenas
3174 2414 3280 2454 non
3325 2400 3455 2455 deﬁ-

1880 2475 2102 2532 cientes.
2144 2478 2266 2534 Dies
2291 2482 2427 2535 enim
2453 2482 2660 2538 Domini
2679 2485 2981 2550 declarabit,
3010 2488 3064 2542 id
3092 2497 3194 2556 est,
3217 2489 3330 2547 dies
3358 2491 3418 2560 ju
3436 2524 3450 2536 -

1880 2566 2004 2622 dicii
2030 2577 2086 2623 et
2110 2569 2360 2627 vindicta;
2410 2571 2618 2628 Domini
2654 2576 3019 2634 manifestabit
3065 2583 3244 2636 omnia
3289 2599 3450 2654 opera

1879 2657 2180 2725 hominum,
2203 2663 2330 2730 quia
2357 2662 2411 2717 in
2462 2663 2578 2732 igne
2617 2667 2947 2734 revelabitur,
2981 2669 3034 2725 id
3067 2679 3149 2727 est
3175 2687 3296 2728 cum
3328 2676 3450 2745 igne

1878 2749 2337 2808 demonstrabitur
2381 2755 2496 2824 ipsa
2529 2755 2662 2812 dies.
2717 2759 2958 2815 Tradunt
3000 2762 3267 2827 doctores,
3305 2771 3446 2836 quod

1872 2849 2136 2908 quantum
2185 2845 2415 2914 spatium
2457 2847 2596 2901 aeris
2619 2851 2901 2918 occupavit
2940 2866 3078 2923 aqua
3126 2855 3180 2910 in
3224 2857 3444 2924 diluvio,

1876 2948 1997 3002 qua:
2017 2949 2205 2990 omnes
2234 2947 2443 2992 montes
2467 2940 2816 3006 transcendit,
2841 2949 2896 2996 et
2916 2942 2995 3012 (ut
3022 2943 3322 3017 philosophi
3350 2951 3443 3018 de-

1876 3021 2088 3093 ﬁniunt)
2116 3039 2285 3094 usque
2328 3027 2396 3079 ad
2443 3026 2705 3081 circulum
2752 3027 2890 3084 lunae
2937 3036 3202 3101 pervenit,
3237 3045 3442 3092 tantum

1873 3113 2106 3180 spatium
2133 3115 2417 3184 occupabit
2456 3116 2595 3186 ignis
2618 3117 2671 3171 in
2709 3118 2794 3173 die
2830 3119 3037 3188 judicii.
3067 3122 3123 3178 ln
3173 3140 3282 3194 quo
3321 3144 3438 3196 pro.

1874 3203 2144 3258 babuntur
2163 3204 2320 3260 electi
2365 3204 2505 3261 sicut
2557 3221 2768 3272 aurum,
2799 3217 2853 3264 et
2901 3214 3254 3280 quorumdam
3305 3217 3439 3274 levia

189 3279 306 3334 lam
348 3293 510 3347 quam
539 3280 943 3342 annuntiamus,
978 3285 1033 3330 et
1057 3292 1176 3347 qum
1202 3277 1254 3330 in
1297 3277 1549 3332 cordibus
1577 3278 1770 3332 vestris

1878 3301 2092 3362 peccata
2118 3305 2521 3363 consumentur,
2553 3296 2818 3367 impiisibi
2844 3277 3263 3361 remanentibus.
3303 3308 3442 3368 Dicit

186 3381 302 3437 est,
335 3371 388 3428 id
409 3379 492 3426 est
515 3370 647 3426 ﬁdes
668 3370 864 3425 Christi
895 3369 1059 3426 Jesu:
1089 3371 1227 3425 bene
1257 3377 1437 3425 autem
1467 3369 1596 3425 dicit
1620 3369 1772 3424 Chri-

185 3471 337 3516 stum
391 3459 574 3516 Jesum
628 3459 1033 3516 fundamentum
1077 3475 1232 3526 esse,
1285 3460 1410 3530 quia
1463 3460 1769 3530 quicunque

185 3553 357 3608 ﬁdem
387 3567 503 3621 eius
525 3552 743 3618 habent,
772 3553 824 3606 in
849 3551 1062 3608 illorum
1085 3551 1266 3621 utique
1293 3550 1544 3606 cordibus
1562 3549 1770 3604 habitat

186 3647 332 3715 ipse.
358 3643 586 3713 Ideoque
604 3659 761 3698 nemo
784 3651 960 3714 potest
979 3642 1119 3696 aliud
1141 3641 1546 3697 fundamentum
1570 3657 1768 3710 ponere

183 3736 241 3790 in
271 3735 530 3789 cordibus
558 3734 789 3788 ﬁdelium
837 3749 996 3804 quam
1036 3733 1440 3788 fundamentum
1465 3734 1585 3788 fidei
1608 3733 1766 3788 Chri-

181 3832 304 3886 sti:
337 3830 588 3899 quoniam
638 3830 684 3883 si
733 3829 892 3883 aliam
923 3828 1082 3884 ﬁdem
1131 3828 1357 3897 cmperit
1398 3827 1712 3897 prtedicare,
1736 3841 1766 3880 a

185 3923 447 3979 ﬁdelibus
468 3938 574 3976 non
612 3922 940 3990 recipietur;
971 3929 1025 3975 et
1052 3920 1096 3975 si
1121 3921 1242 3989 quis
1282 3918 1422 3974 illius
1466 3917 1765 3973 doctrinam

178 4024 242 4070 et
268 4027 513 4068 errorem
545 4012 863 4080 susceperit,
888 4011 1000 4081 jam
1047 4027 1152 4066 non
1184 4011 1290 4065 erit
1335 4007 1764 4074 fundamentum,

179 4107 289 4162 sed
313 4103 492 4173 potius
521 4103 809 4157 destructio
839 4106 1046 4157 domus.

266 4193 328 4248 Si
375 4194 491 4263 quis
537 4202 709 4246 autem
758 4191 1139 4261 supertedi/icat
1175 4208 1333 4261 supra
1369 4191 1765 4261 fundamentum

180 4288 312 4348 hoc,
343 4283 393 4336 id
425 4290 506 4337 est
535 4297 694 4350 supra
742 4282 902 4336 ﬁdem
951 4280 1173 4345 Christi,
1205 4296 1412 4345 aurum,
1457 4281 1511 4335 id
1560 4290 1643 4334 est
1672 4280 1768 4334 do-

181 4377 424 4434 ctrinam
458 4383 698 4430 sanctam
747 4382 800 4428 et
844 4383 1048 4430 rectum
1096 4389 1335 4438 sensum,
1375 4384 1663 4444 argentum,
1712 4374 1766 4429 id

179 4476 273 4522 est
306 4466 516 4535 eloquia
541 4464 746 4530 divina,
775 4465 842 4519 de
875 4466 1068 4535 quibus
1117 4465 1245 4519 dicit
1273 4464 1594 4520 Psalmista:
1636 4464 1764 4518 Elo-

181 4557 322 4628 quia
368 4554 597 4618 Domini,
644 4555 848 4626 eloquia
902 4564 1049 4610 casta
1096 4567 1369 4625 argentum
1408 4557 1526 4624 igne
1569 4557 1766 4608 exami-

1868 3383 2014 3438 enim
2035 3385 2227 3440 beatus
2250 3385 2497 3456 Ephrtem
2523 3388 2648 3456 quia
2677 3397 2855 3444 tantus
2882 3397 3057 3448 terror
3089 3391 3304 3451 invadet
3325 3413 3441 3452 om-

1870 3491 1965 3531 nes
1991 3476 2154 3531 indie
2198 3477 2287 3532 illa
2313 3486 2367 3533 et
2395 3478 2567 3534 bonos
2611 3488 2666 3533 et
2717 3479 2907 3547 malos,
2950 3482 3074 3537 dum
3101 3484 3331 3541 viderint
3358 3489 3440 3542 in-

1867 3565 2078 3621 fer-num
2108 3567 2406 3635 ardentem,
2457 3579 2513 3624 et
2560 3569 2840 3625 Dominum
2883 3569 3065 3628 Jesum
3110 3591 3230 3631 cum
3276 3578 3440 3646 maje-

1867 3667 2005 3714 state
2035 3667 2090 3713 et
2115 3658 2283 3729 gloria
2308 3661 2609 3715 venientem
2632 3662 2698 3715 ad
2737 3659 3023 3732 judicium,
3052 3674 3112 3720 ut
3149 3668 3193 3722 si
3221 3668 3438 3726 immor«

1868 3747 2002 3803 tales
2043 3748 2155 3818 jam
2194 3763 2298 3804 non
2349 3759 2532 3806 essent
2575 3750 2771 3816 effecti,
2831 3753 3024 3809 iterum
3074 3767 3434 3815 morerentur.

1867 3839 1984 3906 Quo
2011 3841 2204 3896 timore
2241 3841 2403 3895 etiam
2453 3841 2587 3897 levia
2627 3851 2847 3912 peccata
2898 3855 3207 3905 sanctorum
3243 3868 3440 3921 purga-

1867 3934 2086 3997 buntur,
2117 3934 2258 3988 sicut
2302 3934 2539 3988 dicitur:
2591 3933 2850 3992 Videntcs
2886 3947 3062 3994 autem
3102 3942 3272 4011 angeli
3307 3959 3436 4012 pur-

1867 4022 2154 4092 gabuntur.
2197 4021 2384 4092 Angeli
2431 4023 2518 4078 hic
2550 4025 2888 4094 appellantur
2923 4028 3104 4083 electi.
3149 4029 3215 4084 Et
3258 4035 3440 4085 unius-

1867 4114 2116 4185 cujusque
2163 4131 2290 4184 opus
2343 4116 2495 4186 quale
2540 4117 2626 4181 sit,
2678 4127 2855 4173 utrum
2893 4121 3088 4176 bonum
3120 4139 3186 4177 an
3216 4126 3434 4189 malum,

1866 4207 2000 4277 ignis
2036 4207 2123 4261 ille
2153 4208 2404 4276 probabit.

1942 4299 2004 4355 Si
2045 4299 2198 4369 cujus
2247 4318 2374 4370 opus
2417 4304 2662 4356 manserit
2702 4303 2841 4374 quod
2879 4321 3034 4374 super
3080 4305 3202 4360 ﬁdei
3251 4305 3439 4363 funda-

1867 4399 2105 4446 mentum
2151 4392 2450 4461 trdi/icavit,
2490 4395 2772 4448 mercedem
2815 4405 3029 4452 teternm
3068 4399 3437 4454 retributionis

1865 4483 2102 4552 accipiet.
2142 4481 2218 4536 De
2244 4483 2347 4536 illis
2372 4486 2529 4539 modo
2557 4485 2792 4554 loquitur
2814 4527 2828 4551 ,
2859 4488 2947 4556 qui
2978 4487 3242 4543 aediﬁcant
3276 4506 3440 4560 super

1870 4573 1989 4630 ﬁdei
2016 4573 2417 4648 fundamentum
2443 4577 2580 4631 bona
2610 4593 2795 4647 Opera,
2821 4594 2938 4648 qua:
2969 4581 3318 4652 designantur
3341 4600 3438 4654 per

180 4656 374 4700 natum
405 4644 578 4716 (Psal.
603 4645 700 4714 XI),
731 4656 778 4698 et
818 4646 1014 4741 lapides
1062 4646 1343 4741 pretiosos,
1368 4646 1523 4741 idest
1549 4645 1758 4741 diversa
1787 4644 1838 4702 D
1866 4681 2055 4721 aurum
2090 4674 2150 4720 ,ει
2193 4644 2417 4736 lapides,
2459 4667 2570 4721 sive
2611 4644 2909 4739 sigentuin,
2951 4685 3071 4740 quas
3087 4644 3432 4741 “manebit-nt,

178 4752 389 4808 genera
419 4738 698 4799 virtutum,
741 4737 992 4804 quoniam
1034 4737 1176 4791 sicut
1204 4737 1408 4806 lapides
1453 4736 1576 4790 boni
1622 4730 1763 4790 inso-

184 4830 392 4886 lubiles
421 4838 540 4884 sunt
574 4831 642 4884 ab
670 4829 814 4899 igne,
857 4830 925 4882 ita
964 4837 1018 4882 et
1065 4830 1150 4882 illa
1197 4830 1525 4884 :etemaliter
1549 4846 1761 4900 perma-

181 4932 346 4988 nent,
379 4937 479 4977 nec
507 4931 890 4977 consumentur
918 4923 984 4975 ab
1014 4924 1133 4992 igne
1173 4924 1258 4978 die
1295 4924 1502 4992 judicii.
1555 4923 1608 4980 Si
1647 4926 1762 4994 quis

183 5026 370 5069 autem
414 5013 795 5083 superrrdiﬁcat
846 5012 1008 5081 ligna,
1047 5013 1245 5081 fenum,
1295 5015 1562 5085 stipulam,
1606 5018 1657 5071 id
1683 5026 1765 5072 est

181 5121 422 5179 pravam
474 5106 770 5161 doctrinam
828 5114 881 5160 et
933 5107 1072 5161 mala
1111 5123 1295 5177 opera.
1349 5107 1768 5182 Uniuscujusque

181 5217 325 5269 opus
377 5199 706 5269 manifestum
765 5200 860 5252 erit
922 5199 974 5254 in
1033 5201 1119 5254 die
1165 5200 1373 5269 judicii.
1433 5201 1584 5256 Sicut
1638 5218 1767 5274 ergo

180 5308 294 5364 per
337 5307 525 5345 aurum
559 5305 776 5346 sensum
825 5281 1140 5361 pet'feclum,
1191 5307 1288 5361 per
1329 5301 1606 5363 argentum
1654 5295 1766 5349 elo-

181 5383 322 5454 quia
383 5382 690 5450 ineorrupta
721 5421 736 5446 ,
802 5396 900 5451 per
963 5383 1170 5452 lapides
1219 5383 1484 5452 pretiosos
1543 5383 1632 5453 qui
1698 5384 1765 5438 ab

180 5478 321 5546 igne
382 5489 488 5528 non
557 5473 878 5542 liqueﬁunt,
938 5474 1164 5529 virtutes
1236 5474 1624 5546 intelligimus,
1688 5475 1760 5530 ita

169 5580 296 5637 per
330 5564 490 5635 ligna,
546 5563 746 5629 fenum,
794 5580 858 5619 ac
903 5565 1174 5634 stipulam,
1228 5580 1393 5634 prava
1439 5565 1681 5620 doctrina
1710 5573 1764 5620 et

182 5655 339 5713 mala
369 5656 610 5726 Operatio
645 5655 812 5724 accipi
867 5662 1060 5723 potest.
1105 5654 1310 5709 Aliter:
1336 5669 1433 5725 per
1475 5670 1688 5718 aurum,
1711 5663 1766 5709 et

185 5755 502 5819 argentum,
533 5755 588 5801 et
619 5746 819 5815 lapides
845 5746 1129 5815 pretiosos,
1168 5761 1449 5815 possumus
1471 5745 1766 5816 intelligere

187 5842 341 5896 bona
381 5856 541 5910 opera
571 5841 900 5911 virtutesque
918 5841 1204 5911 prteclaras
1237 5859 1248 5894 :
1291 5856 1386 5911 per
1409 5839 1589 5896 fenum
1619 5855 1763 5907 vero,

1863 4757 1987 4826 quia
2018 4772 2126 4814 non
2155 4765 2538 4813 cmsumentur
2557 4759 2624 4812 ab
2647 4759 2788 4828 igne,
2815 4760 2908 4815 sed
2931 4762 3112 4830 potius
3131 4765 3438 4833 probabun-

1865 4857 1954 4901 tur
1981 4848 2118 4902 sicut
2145 4849 2403 4916 probatur
2426 4864 2637 4904 aurum.

1935 4935 1995 4990 Si
2025 4937 2174 5005 cujus
2210 4954 2337 5005 opus
2362 4938 2546 4992 arserit
2577 4939 2628 4992 in
2662 4939 2786 5008 igne
2815 4940 2905 5009 qui
2936 4940 3072 4996 levia
3097 4952 3318 5013 peccata
3342 4943 3437 4998 ha-

1863 5027 2062 5091 buerit,
2085 5042 2203 5096 quae
2232 5028 2377 5081 velut
2398 5027 2589 5097 stipula
2613 5041 3016 5098 consumentur,
3051 5033 3432 5088 detrimentum

1869 5119 2121 5187 patietur,
2152 5118 2204 5172 id
2237 5126 2316 5173 est
2344 5134 2534 5189 pennas
2559 5122 2844 5177 sustinebit
2869 5124 2996 5180 dum
3021 5126 3288 5194 coeperint
3319 5125 3438 5180 illas

1868 5209 2083 5279 probari
2105 5217 2160 5264 et
2183 5211 2445 5276 consumi,
2481 5211 2607 5268 licet
2629 5213 2742 5282 ipse
2763 5214 3014 5284 perierit,
3043 5215 3183 5270 sicut
3215 5229 3444 5285 sequen-

1869 5298 1944 5352 tia
1983 5297 2352 5364 manifestant,
2400 5299 2521 5370 Ipse
2557 5310 2730 5355 autem
2757 5300 2930 5358 salvus
2972 5303 3108 5368 erit;
3149 5304 3226 5358 sic
3267 5313 3442 5360 tamen

1866 5389 2018 5460 quasi
2046 5405 2137 5459 per
2157 5389 2327 5459 ignem
2345 5430 2359 5455 ,
2389 5390 2644 5446 subaudis
2673 5393 2968 5457 transiens,
2996 5399 3054 5448 et
3080 5393 3149 5448 ab
3172 5393 3294 5464 igne
3315 5409 3442 5464 pur-

1869 5489 2025 5550 gatus
2043 5488 2100 5534 et
2119 5481 2386 5550 expiatus.
2435 5480 2568 5536 Nam
2609 5490 2664 5536 et
2701 5483 2752 5536 in
2787 5481 2890 5536 hac
2927 5483 3036 5538 vita
3065 5483 3222 5540 electi
3251 5484 3443 5540 adver-

1868 5571 2117 5626 sitatibus
2170 5579 2226 5625 et
2272 5571 2668 5627 inﬁrmitatibus
2710 5572 3078 5642 probabuntur
3128 5575 3182 5629 in
3222 5575 3440 5632 modum

1870 5661 1987 5716 auri
2019 5668 2072 5716 et
2099 5663 2308 5732 argenti
2334 5662 2402 5718 ab
2432 5663 2589 5731 igne,
2637 5663 2779 5719 sicut
2821 5671 2930 5720 tres
2969 5665 3123 5736 pueri
3165 5673 3222 5730 et
3267 5665 3446 5725 sancti

1872 5760 2160 5820 martyres,
2191 5766 2397 5806 necnon
2427 5752 2588 5806 etiam
2616 5760 2671 5808 et
2693 5754 2880 5808 beatus
2912 5751 3030 5810 Job.
3073 5753 3176 5822 Qui
3206 5770 3332 5810 vero
3366 5755 3443 5813 lae

1872 5843 1954 5896 via
1978 5850 2197 5912 peccata
2225 5843 2516 5912 attrahunt,
2546 5851 2841 5920 purgantur
2871 5843 2938 5897 ab
2967 5843 3071 5899 illis
3093 5842 3183 5915 qui
3215 5859 3245 5900 ει
3271 5841 3442 5898 tribu-
