3936 6448
522 458 623 514 527

984 461 1333 521 ιιςΧΜοΝιε
1375 462 1852 521 HALBERSTAT.
1896 463 2081 520 EPiSC

2187 467 2300 525 ιΡΡ.
2340 468 2523 525 PARS
2559 470 2599 525 Ι.
2634 500 2703 510 --
2739 468 3095 525 COMMENT.
3137 470 3310 525 BIBL.

3658 470 3762 526 528

515 570 805 628 lationibus
834 570 1190 630 incenduntur
1217 577 1270 631 in
1297 579 1397 632 hoc
1424 579 1636 640 seculo,
1682 579 1762 632 vel
1790 588 1909 648 post
1940 596 2085 633 mor-
2118 587 2161 641 Α
2192 581 2333 637 illam
2360 583 2536 639 velitis
2577 599 2805 653 ponere;
2839 587 2943 639 sire
2979 564 3135 648 mors,
3173 583 3427 639 subaudis
3458 594 3638 640 vestra
3659 598 3760 652 est,

514 674 625 719 tem
651 662 719 721 ht'
740 663 862 732 igne
885 667 1213 733 purgatorio,
1242 668 1324 721 vel
1353 669 1455 722 alia
1489 668 1792 735 atllictione,
1826 671 2089 724 orationi-

512 754 721 824 busque
753 753 1030 809 hominum
1060 757 1366 826 expiantur.
1413 758 1615 813 Tamen
1651 759 1791 828 quod
1828 760 1944 814 sine
1983 759 2087 814 illi-

512 842 621 899 cito
652 856 836 897 amore
859 858 966 897 non
998 844 1325 910 habuerunt,
1349 847 1533 916 utique
1553 848 1669 902 sine
1690 855 1878 903 urente
1906 847 2091 903 dolore

510 949 617 988 non
667 934 908 1003 perdent.
954 933 1054 1001 Qui
1099 952 1228 990 vero
1270 936 1545 1005 plumbum
1597 947 1912 995 coacervant
1964 939 2087 1003 sibi,

499 1026 833 1095 plerumque
900 1028 951 1081 in
1011 1028 1114 1082 hoc
1178 1028 1375 1082 saeculo
1431 1030 1689 1099 incipiunt
1751 1030 1980 1085 cruciari
2035 1039 2091 1087 et

504 1130 571 1169 ex
629 1124 780 1185 parte
842 1116 951 1186 pati
1022 1131 1143 1187 qua:
1203 1118 1255 1173 in
1309 1117 1546 1174 futurum
1606 1120 1816 1188 plenius
1877 1122 2088 1190 passuri

508 1215 658 1261 sunt.
1146 1272 1153 1283 ‘

585 1296 814 1351 Nescitis
849 1300 973 1368 quia
1013 1298 1256 1368 templum
1302 1299 1394 1351 Dei
1432 1300 1553 1351 estis
1576 1300 1601 1351 .’
1634 1300 1685 1353 id
1713 1309 1789 1354 est
1825 1301 2088 1356 habitatio

510 1385 743 1454 Spiritus
771 1387 966 1450 sancti,
990 1396 1037 1440 et
1060 1387 1198 1456 quod
1231 1385 1456 1456 Spiritus
1486 1387 1582 1440 Dei
1609 1389 1806 1441 habitat
1830 1390 1884 1443 in
1911 1390 2091 1445 vobis?

507 1479 554 1532 Α
586 1487 826 1549 tempore
847 1479 1182 1550 baptismatis
1203 1478 1653 1548 incipithabitare
1680 1480 1734 1534 in
1774 1481 1929 1536 nobis
1965 1480 2086 1550 Spi-

504 1569 647 1624 ritus
688 1578 928 1635 sanctus,
965 1578 1021 1625 et
1059 1569 1313 1640 templum
1341 1569 1486 1626 illius
1524 1579 1650 1626 sum
1683 1585 1871 1627 omnes
1910 1572 2079 1643 angeli

505 1669 588 1714 et.
612 1674 801 1716 omnes
841 1661 991 1731 justi.

580 1747 639 1805 Si
658 1752 773 1822 quis
796 1760 968 1805 autem
994 1750 1237 1820 templum
1258 1751 1353 1807 Dei
1368 1752 1653 1820 violaverit,
1682 1753 1737 1809 id
1757 1761 1872 1821 est,
1897 1754 1940 1810 si
1963 1754 2084 1826 quis

502 1842 741 1912 seipsum
775 1840 1096 1910 corripuerit
1134 1842 1433 1911 peccando,
1474 1842 1557 1896 vel
1606 1842 1740 1897 alios
1780 1856 1945 1913 prava
1989 1843 2083 1897 do-

2190 680 2249 723 ut
2277 672 2321 726 si
2352 672 2515 728 vultis
2541 689 2638 743 pro
2675 672 2784 727 Deo
2813 674 3119 733 moriamiui
3169 674 3555 744 temporaliter,
3590 686 3645 732 et
3684 680 3766 732 vi-

2190 762 2328 816 vatis
2364 762 2724 829 teternaliter;
2772 764 2877 819 sive
2910 764 3220 834 praesentia,
3253 766 3511 822 subaudis
3536 769 3674 824 bona
3714 781 3767 826 et

2186 852 2471 907 commoda
2490 862 2675 907 vestra
2702 862 2844 916 sunt,
2870 846 2938 907 'ut
2962 853 3289 924 pauperibus
3312 869 3377 910 ca
3415 855 3766 924 distribuatis,

2190 956 2220 994 a
2267 940 2460 1011 quibus
2504 941 2669 1012 recipi
2709 943 3026 998 mereamini
3046 984 3059 1007 ,
3089 952 3143 999 et
3171 943 3240 999 de
3264 952 3463 1001 caetero
3490 946 3688 1003 vivatis
3713 957 3767 1002 et

2188 1031 2532 1097 vestiamini;
2567 1033 2674 1086 sive
2708 1032 2887 1100 futura
2917 1033 3111 1104 gaudia
3137 1042 3317 1089 vestra
3356 1043 3505 1101 sunt,
3544 1045 3607 1091 ut
3635 1037 3767 1093 bene
3816 1082 3825 1093 .

2188 1132 2567 1178 conversantes
2593 1124 2648 1178 in
2682 1125 2785 1179 hoc
2815 1125 3031 1192 saeculo,
3061 1128 3132 1181 ad
3157 1140 3220 1182 ea
3258 1127 3578 1197 possidenda
3599 1143 3766 1199 quan-

2188 1213 2364 1282 doque
2389 1214 2734 1282 pervenistis.

2261 1303 2450 1356 Omnia
2484 1304 2621 1357 enim
2654 1319 2774 1373 qua:
2819 1305 2927 1360 dixi
2971 1315 3027 1361 et
3064 1321 3182 1377 qua
3225 1305 3363 1362 facta
3410 1314 3555 1373 sunt,
3601 1320 3765 1363 vestra

2188 1404 2340 1456 sunt,
2387 1394 2438 1448 id
2480 1398 2587 1461 est,
2627 1394 2693 1449 ad
2743 1404 2977 1451 vestram
3029 1398 3340 1467 dignitatem
3379 1408 3435 1453 et
3477 1400 3763 1457 utilitatem

2188 1492 2365 1537 creata
2414 1492 2557 1540 sunt.

2274 1572 2375 1627 Vos
2401 1584 2575 1629 autem
2597 1574 2792 1631 Christi
2828 1592 3041 1648 semper
3071 1592 3192 1633 esse
3218 1581 3357 1634 servi
3385 1580 3594 1636 debetis
3633 1581 3763 1635 duo-

2179 1662 2287 1717 bus
2318 1665 2528 1719 modis:
2561 1665 2643 1720 vel
2670 1667 2793 1736 quia
2834 1683 2931 1737 per
2969 1668 3117 1722 illum
3149 1669 3243 1739 qui
3289 1677 3371 1724 est
3399 1669 3637 1727 Verbum
3676 1673 3763 1727 Dei

2185 1755 2380 1818 Patris,
2417 1771 2540 1812 cum
2584 1771 2687 1811 non
2729 1760 2941 1824 essetis,
2974 1761 3141 1816 creati
3168 1762 3300 1816 estis
3330 1779 3344 1815 :
3376 1761 3463 1815 vel
3493 1777 3622 1819 cum
3652 1780 3764 1835 per-

2185 1847 2279 1901 diti
2307 1849 2518 1909 essetis.
2554 1865 2653 1919 per
2682 1849 2828 1904 illum
2852 1853 3110 1922 redempti
3139 1855 3288 1909 estis.
3324 1853 3567 1911 Christus
3594 1868 3763 1911 autaut

504 1932 703 1997 ctrina,
732 1932 874 1987 sicut
890 1932 1340 2007 pseudoapostoli,
1366 1933 1450 1989 vel
1481 1934 1772 2003 quemlibet
1795 1950 1962 2006 pravo
1985 1951 2084 1991 suo
2113 1941 2156 2000 Β
2186 1935 2305 2001 Dei,
2337 1938 2593 1992 subaudis
2621 1939 2790 1995 Filius
2816 1949 2920 2005 est,
2958 1949 3014 1995 ct
3050 1944 3119 1998 ab
3153 1942 3244 2000 illo
3282 1944 3442 2001 habet
3471 1960 3616 2011 esse,
3662 1956 3762 2001 tam

501 2022 786 2095 exemplo,
810 2022 1077 2093 disperdat
1112 2022 1264 2077 illum
1306 2022 1445 2078 Deus
1484 2025 1550 2079 de
1587 2039 1810 2080 numero
1847 2024 2082 2080 ﬁdelium

505 2127 730 2168 suorum
780 2120 836 2167 et
872 2119 1018 2168 cmtu
1054 2110 1347 2168 electorum
1368 2154 1383 2179 ,
1423 2114 1565 2169 sicut
1616 2114 1753 2169 latro
1789 2115 1874 2170 vel
1910 2116 2082 2171 homi-

505 2204 630 2258 ci‘tla
661 2243 677 2269 ,
728 2203 845 2258 sive
876 2202 1111 2273 quilibet
1160 2218 1286 2259 reus
1320 2219 1350 2257 a
1391 2205 1545 2260 bonis
1582 2205 1847 2262 sententia
1886 2206 2083 2278 judicis

508 2300 785 2364 dividitur,
826 2299 1092 2354 et'malus
1124 2306 1384 2355 tortorum
1425 2301 1477 2354 in
1515 2316 1792 2356 carcerem
1829 2302 2079 2357 mittitur.

510 2388 778 2461 Templum
815 2390 952 2444 enim
990 2389 1087 2443 Dei
1111 2430 1126 2457 ,
1163 2389 1216 2444 id
1248 2398 1332 2445 est
1368 2391 1626 2463 templum
1675 2390 1908 2462 Spiritus
1953 2408 2081 2449 san-

505 2480 599 2545 cti,
636 2480 813 2535 Patris
849 2490 904 2534 ct
929 2479 1063 2534 :Filii
1094 2521 1109 2545 ,
1146 2491 1384 2535 sanctum
1408 2480 1505 2536 "est
1529 2522 1545 2548 ,
1592 2483 1731 2553 quod
1785 2483 1909 2537 estis
1956 2498 2081 2538 vos:

504 2574 629 2629 ideo
667 2587 772 2628 non
811 2572 1019 2627 debetis
1056 2571 1183 2627 illud
1238 2572 1461 2629 violare.
1506 2573 1720 2631 Fideles
1773 2574 2080 2645 alloquitur,

504 2668 562 2721 in
599 2665 796 2737 quibus
829 2664 966 2719 Deus
1018 2679 1115 2734 per
1148 2663 1317 2720 ﬁdem
1367 2673 1421 2721 et
1467 2664 1807 2721 dilectionem
1852 2666 2078 2721 habitat.

577 2754 747 2810 Nemo
764 2769 849 2809 vos
873 2755 1108 2819 seducat,
1126 2753 1179 2809 id
1207 2762 1321 2819 est,
1340 2770 1504 2810 neruo
1518 2754 1774 2811 falsorum
1802 2755 2080 2812 hominum

503 2846 826 2901 blandiendo
851 2844 1084 2913 decipiat
1109 2860 1222 2899 vos.
1276 2844 1334 2899 Si
1362 2848 1478 2916 quis
1504 2847 1709 2900 videtur
1727 2848 1868 2901 inter
1892 2863 1979 2903 vos
2003 2864 2084 2902 sa-

502 2942 648 3009 piens
674 2955 784 2994 esse
811 2939 864 2992 in
892 2938 988 2991 hoc
1017 2938 1229 3003 saeculo,
1260 2938 1311 2992 id
1336 2947 1417 2993 est
1438 2939 1575 3008 apud
1600 2938 1884 2995 saeculares
1904 2939 2078 2994 homi-

504 3046 620 3095 nes,
662 3029 850 3085 stultus
888 3029 1007 3098 ﬁat,
1047 3028 1267 3083 stultam
1307 3029 1570 3099 deputans
1608 3031 1961 3100 temporalem
1990 3048 2078 3087 sa-

504 3121 783 3189 pientiam,
830 3120 1062 3188 deponat
1101 3119 1264 3181 illam,
1304 3130 1361 3172 ut
1399 3122 1465 3174 sit
1503 3121 1708 3190 sapiens
1735 3122 1875 3191 apud
1911 3123 2079 3177 Deum

505 3211 851 3292 infulurum.
893 3211 1005 3267 lloc
1041 3211 1326 3281 dupliciter
1353 3219 1529 3282 potest
1557 3211 1777 3283 intelligi
1809 3220 1863 3281 et
1891 3212 2080 3269 distin-

2182 2026 2486 2082 ‘secundum
2517 2027 2885 2096 D.vinitatem,
2911 2046 3069 2101 quam
3119 2035 3413 2089 secundum
3461 2036 3762 2091 humanita-

2183 2127 2310 2178 tem,
2338 2117 2430 2187 qui
2451 2127 2574 2173 ante
2590 2121 2778 2174 omnia
2808 2122 2999 2177 szecula
3026 2122 3095 2178 ab
3124 2123 3214 2179 illo
3240 2133 3323 2180 cst
3349 2127 3587 2195 genitus,
3614 2138 3670 2181 et
3704 2131 3761 2182 ab

2182 2210 2276 2266 illo
2312 2211 2475 2266 habet
2500 2212 2782 2284 originem,
2823 2222 2877 2268 et
2911 2215 2964 2269 in
3000 2215 3105 2272 line
3141 2225 3442 2290 temporum
3469 2223 3760 2276 secundum

2184 2302 2577 2358 humanitatem
2605 2304 2672 2360 ab
2699 2303 2789 2360 illo
2813 2305 2985 2362 factus
3005 2315 3108 2363 est.

2766 2457 3005 2515 CAPUT
3056 2458 3152 2514 -lV.

2256 2564 2345 2620 Sic
2366 2580 2457 2620 nos
2474 2567 2727 2621 existimet
2743 2567 2896 2623 homo
2913 2580 2967 2623 ut
2989 2570 3253 2626 ministros
3278 2569 3480 2628 Christi
3495 2583 3546 2629 et
3561 2576 3762 2647 dispen-

2183 2668 2381 2712 satores
2396 2658 2756 2729 mysteriorum
2771 2659 2885 2715 Dei.
2905 2661 3190 2729 Corinthii,
3206 2675 3493 2736 postquam
3507 2683 3611 2739 per
3626 2684 3757 2739 pra:-

2184 2747 2511 2803 dicationem
2537 2748 2773 2818 Apostoli
2802 2760 3064 2806 venerunt
3089 2753 3155 2807 ad
3188 2753 3367 2819 iidem,
3392 2757 3621 2825 quidam
3651 2759 3758 2813 illo-

2187 2852 2330 2903 rum,
2357 2837 2563 2893 seducti
2579 2853 2608 2894 a
2626 2840 3107 2912 pseudoapostolis,
3130 2858 3234 2898 non
3256 2846 3569 2902 sentiebant
3595 2849 3758 2903 deiltu

2184 2930 2696 3001 quantum‘dignum
2721 2939 2856 2996 erat,
2889 2933 3041 3001 quasi
3069 2948 3174 2989 non
3208 2944 3370 2991 tantae
3398 2937 3685 3007 dignitatis
3709 2949 3757 2995 et

2184 3019 2369 3090 gratia:
2399 3031 2564 3085 esset,
2593 3035 2658 3076 eo
2688 3022 2829 3090 quod
2853 3038 2882 3077 a
2909 3023 3135 3079 Domino
3156 3041 3252 3095 per
3276 3030 3629 3096 praesentiam
3656 3046 3761 3085 car-

2183 3110 2267 3165 nis
2303 3126 2408 3166 nou
2439 3119 2585 3167 esset
2621 3122 2841 3170 vocatus
2865 3156 2879 3181 ,
2924 3126 3139 3185 quantae
3178 3116 3370 3174 Petrus
3394 3119 3601 3191 aliique
3638 3137 3759 3192 apo-

2183 3200 2302 3256 stoli
2332 3203 2422 3271 qui
2451 3218 2573 3257 eum
2597 3212 2720 3259 sunt
2741 3208 2932 3272 secuti,
2965 3215 3017 3262 et
3048 3204 3162 3275 ejus
3197 3209 3641 3279 pradicationetu
3665 3228 3757 3268 au.

501 3302 595 3373 gui
622 3302 726 3357 hoc
754 3300 914 3357 modo
945 3319 959 3355 :
1010 3302 1052 3356 si
1084 3302 1206 3370 quis
1243 3301 1356 3355 vult
1391 3316 1574 3356 veram
1624 3302 1941 3372 sapientiam
1985 3304 2080 3358 ha-
2107 3302 2152 3363 ρ
2183 3293 2414 3348 dierunt.
2456 3295 2715 3351 Dicebant
2752 3299 2916 3353 etiam
2959 3298 3103 3354 illum
3141 3301 3482 3358 seductorem
3530 3313 3588 3360 et
3618 3303 3758 3360 falsa

500 3394 653 3460 bere,
682 3393 795 3459 hic,
818 3391 1088 3461 distingue
1118 3392 1171 3446 in
1203 3394 1307 3447 hoc
1327 3393 1548 3459 steculo,
1567 3392 1760 3448 stultus
1787 3394 1898 3460 iiat,
1924 3395 1981 3450 id
1998 3405 2081 3452 est

506 3487 611 3540 hoc
643 3484 832 3539 credat
865 3484 930 3539 de
958 3480 1208 3548 Christo,
1250 3482 1392 3553 quod
1431 3483 1763 3551 sapientibus
1797 3486 1955 3555 hujus
1982 3500 2080 3540 ste-

506 3575 614 3630 culi
644 3575 868 3631 stultum
889 3573 1121 3629 videtur.
1150 3574 1324 3629 Aliter
1353 3592 1364 3627 :
1415 3574 1458 3629 si
1492 3574 1613 3645 quis
1636 3576 1846 3629 videtur
1869 3575 2080 3644 sapiens

506 3681 625 3723 esse
646 3667 700 3722 in
728 3666 832 3721 hoc
846 3665 1084 3731 sreculo,
1112 3674 1166 3721 et
1186 3663 1628 3722 subinferendum
1659 3665 1854 3722 stultus
1879 3665 1993 3731 ﬁat,
2024 3674 2081 3720 ut

507 3761 579 3815 sit
622 3759 837 3830 sapiens
875 3757 1014 3829 apud
1066 3758 1255 3825 Deum,
1295 3759 1385 3829 qui
1417 3758 1596 3829 potuit
1629 3772 1788 3830 agere
1806 3759 1951 3833 quad
1978 3760 2076 3813 hu-

506 3864 668 3904 mana
711 3848 971 3920 sapientia
1011 3848 1329 3920 denegabat.

576 3938 843 4010 Sapientia
897 3940 1033 3994 enim
1090 3939 1248 4008 hujus
1305 3939 1485 3993 mundi
1541 3938 1760 3994 stuititia
1811 3945 1885 3993 est
1939 3939 2080 4008 apud

504 4031 694 4086 Deum.
749 4029 1023 4100 Sapientia
1086 4028 1244 4098 hujus
1306 4029 1489 4083 mundi
1551 4034 1640 4085 est
1688 4042 1794 4099 qua
1853 4038 2082 4099 negatur

503 4121 648 4179 Deus
671 4120 872 4190 absque
900 4120 1125 4190 conjuge
1156 4120 1346 4174 Filium
1382 4120 1651 4190 genuisse.
1708 4118 1973 4190 Scriptum
2007 4129 2082 4173 est

486 4218 638 4269 enim
685 4215 738 4269 in
768 4212 867 4269 Job
916 4219 1052 4287 (cap.
1088 4215 1165 4285 v),
1216 4215 1267 4268 in
1306 4214 1482 4269 verbis
1531 4212 1752 4282 Eliphaz
1782 4228 1796 4263 :
1831 4209 2080 4281 Compre-

498 4304 748 4366 hendam,
788 4302 839 4357 id
880 4313 962 4359 est
994 4304 1279 4360 mendaces
1314 4303 1615 4367 ostendam,
1646 4303 1921 4372 sapientes,
1958 4302 2079 4372 pllio

504 4394 759 4463 losophos
803 4394 1085 4460 videlicet,
1110 4395 1183 4448 :in
1223 4395 1419 4448 astutia
1456 4409 1634 4449 eorum
1660 4432 1677 4458 ,
1720 4407 1844 4447 cum
1886 4390 2081 4447 Filium

497 4496 685 4539 meum
731 4501 796 4538 ex
847 4484 1052 4555 virgine
1091 4486 1239 4540 nasci
1283 4484 1477 4541 iecero.

578 4571 748 4627 Nemo
776 4575 949 4645 itaque
978 4582 1237 4639 vestrmn,
1267 4589 1301 4630 ο
1326 4572 1613 4639 Corinthii,
1639 4570 1888 4643 glorietur
1912 4571 1968 4625 in
1988 4570 2081 4625 ho-

2181 3386 2438 3441 doctrinae
2462 3388 2886 3457 praedicatorem,
2917 3391 3243 3447 honorantes
3270 3393 3504 3463 amplius
3527 3397 3756 3464 pseudo-

2179 3475 2449 3545 apostolos
2466 3470 2784 3535 'seductores
2807 3494 2955 3544 suos,
2992 3481 3082 3549 qui
3116 3483 3197 3537 eis
3231 3482 3428 3538 blande
3461 3483 3757 3555 loqueban-

2181 3574 2268 3620 tur
2283 3558 2445 3637 quam
2469 3567 2615 3622 illum
2641 3570 2754 3638 qui,
2778 3571 3061 3626 veritatem
3084 3574 3406 3643 praedicans.
3423 3589 3619 3631 eorum
3633 3578 3757 3632 vitia

2181 3657 2558 3729 redarguebat.
2609 3660 2761 3727 Quod
2791 3670 2860 3715 »ιιι
2905 3663 3160 3732 Apostolo
3199 3665 3609 3723 manifestatum
3649 3676 3756 3731 est.

2181 3751 2324 3805 inter
2355 3761 2546 3807 caetera
2581 3753 2683 3809 ista
2709 3754 2956 3824 scripsit,
2985 3770 3115 3826 qua:
3141 3756 3230 3812 hic
3262 3757 3546 3825 dicuntur,
3577 3769 3756 3815 osten-

2180 3842 2313 3899 dens
2340 3844 2444 3900 hoc
2472 3845 2668 3901 debere
2697 3845 2914 3917 intelligi
2946 3847 3011 3903 de
3037 3861 3095 3903 se
3116 3858 3168 3903 et
3200 3851 3409 3915 sentiri,
3445 3852 3595 3921 quod
3628 3852 3758 3908 Deus

2181 3934 2329 3989 illum
2365 3935 2432 3989 ad
2465 3935 2796 4006 apostolatus
2830 3936 3143 4008 dignitatem
3172 3939 3432 4009 elegerat,
3468 3941 3755 4011 inquiens:

2179 4025 2275 4081 Sic
2308 4041 2426 4092 nos,
2463 4042 2567 4091 me,
2592 4037 2660 4082 et
2680 4026 3030 4094 Barnabam,
3066 4038 3119 4085 et
3147 4028 3457 4086 Sosthenen
3487 4032 3759 4088 existimet

2184 4118 2363 4180 homo,
2409 4115 2740 4181 Corinthius,
2766 4117 2866 4172 -vel
2900 4118 3039 4174 alius
3081 4118 3337 4187 quilibet,
3377 4128 3440 4173 ut
3488 4120 3759 4177 ministros

2180 4206 2412 4271 Christi;
2443 4222 2507 4262 ac
2540 4207 2583 4262 si
2612 4208 2815 4263 diceret
2846 4208 2964 4263 aliis
3002 4210 3186 4264 verbis
3211 4228 3223 4263 :
3247 4208 3445 4275 Nolite.
3497 4227 3535 4267 ο
3575 4210 3759 4268 Corin-

2180 4297 2279 4351 thii
2298 4337 2312 4360 ,
2332 4312 2445 4351 nos
2476 4297 2752 4367 despicere
2777 4313 2840 4353 ac
2868 4312 3150 4369 spernere,
3181 4314 3245 4354 eo
3272 4302 3417 4370 quod
3448 4315 3554 4357 nos
3594 4318 3626 4357 a
3665 4303 3759 4358 Do-

2183 4387 2330 4443 mino
2364 4402 2468 4441 non
2506 4402 2692 4442 sumus
2718 4390 2892 4443 vocati
2927 4404 3049 4443 cum
3079 4388 3237 4445 Petro
3275 4389 3508 4459 aliisque
3545 4402 3755 4461 aposto-

2137 4476 2146 4486 ’
2183 4478 2270 4546 lis,
2325 4480 2450 4549 quia
2494 4493 2599 4533 non
2657 4478 2756 4533 alia
2811 4481 3188 4550 praedicamus,
3222 4496 3323 4553 ego
3361 4490 3422 4537 et
3459 4482 3756 4549 Barnabas,

2182 4583 2345 4641 quam
2373 4585 2494 4640 qua:
2514 4569 2587 4623 illi
2610 4571 2946 4639 praedicant,
2968 4582 3023 4627 et
3041 4575 3129 4641 qui
3154 4572 3273 4627 illos
3293 4572 3345 4626 in
3371 4580 3525 4627 terra
3558 4574 3757 4644 positus

504 4663 754 4729 minibus,
781 4673 841 4719 ut
862 4664 1005 4719 illius
1028 4665 1244 4720 nomine
1276 4679 1334 4719 se
1359 4663 1485 4719 velit
1518 4661 1772 4734 appellari
1799 4676 1832 4715 a
1858 4675 1967 4731 quo
1990 4661 2083 4716 ba-
2112 4652 2160 4711 D
2185 4663 2361 4719 adhuc
2395 4662 2636 4718 mortalis
2671 4664 2898 4729 vocavit,
2927 4676 3089 4734 atque
3125 4664 3192 4719 ad
3226 4665 3457 4735 gratiam
3492 4665 3756 4736 apostolaa

499 4754 737 4825 ptisatus
782 4762 896 4821 est,
941 4755 1082 4809 sicut
1120 4753 1410 4809 Donatista:
1436 4768 1475 4806 —a
1518 4751 1768 4816 Donato,
1808 4748 2083 4820 Apolline-

505 4846 654 4904 rista:
684 4854 741 4900 et
773 4842 1071 4900 Manichazi.

577 4935 769 4991 Omnia
805 4937 940 4991 enim
970 4943 1154 4988 vestra
1189 4943 1331 4999 sunt,
1371 4933 1415 4988 si
1442 4947 1546 4989 vos
1587 4932 1680 4988 Dei
1714 4932 1868 4999 estis,
1883 4932 2079 4988 omnia

505 5030 602 5086 Dei
627 5038 807 5085 vestra
834 5037 993 5084 sunt:
1030 5042 1149 5098 qua:
1175 5026 1354 5081 omnia
1374 5026 1400 5081 τ
1423 5027 1529 5081 sive
1559 5025 1793 5092 Paulus,
1823 5022 2080 5079 subaudis

492 5124 754 5179 minister
778 5129 959 5177 vester
989 5129 1093 5184 est,
1122 5120 1228 5174 sire
1249 5118 1469 5189 Cephas,
1502 5118 1751 5173 minister
1771 5122 1952 5171 vester
1975 5122 2075 5178 est,

491 5228 612 5270 non
647 5212 926 5268 Dominus.
966 5210 1217 5266 Forsitan
1242 5209 1463 5265 veniens
1493 5208 1717 5263 Romam
1743 5206 1959 5271 Petrus,
1987 5210 2082 5275 per

496 5303 815 5359 Corinthios
856 5302 1137 5357 transitum
1192 5299 1342 5365 fecit,
1390 5299 1494 5353 sive
1535 5296 1782 5360 mundus,
1826 5294 2081 5351 subaudis

500 5403 685 5451 vester
716 5402 830 5461 est,
876 5394 1002 5464 quia
1051 5402 1271 5463 propter
1310 5405 1407 5446 vos
1436 5388 1610 5443 factus
1631 5395 1733 5450 est,
1762 5394 1822 5441 ut
1851 5387 2077 5442 utamini

504 5487 642 5540 bene
668 5483 755 5540 his
791 5497 912 5554 qua:
930 5484 998 5538 vin
1028 5483 1227 5537 mundo
1251 5480 1518 5536 habentur
1535 5519 1550 5544 ,
1576 5486 1632 5533 et
1667 5487 1727 5533 ut
1747 5477 1987 5533 credatis
2016 5478 2080 5533 il-

506 5576 619 5629 lum
646 5584 743 5644 per
769 5575 990 5630 verbum
1014 5573 1108 5628 Dei
1139 5586 1261 5626 esse
1288 5569 1520 5636 factum;
1549 5569 1652 5623 sive
1677 5568 1802 5635 vita,
1825 5569 2080 5624 subaudis

506 5674 763 5736 ιιι-δεθεὶς,
792 5666 846 5720 in
879 5680 985 5735 qua
1018 5669 1233 5734 oportet
1260 5661 1460 5716 bonum
1499 5659 1732 5730 cperari,
1762 5667 1945 5715 vestra
1974 5669 2077 5725 est,

508 5757 552 5811 si
584 5757 655 5811 ita
679 5756 861 5811 vivitis
891 5763 949 5808 ut
984 5754 1093 5807 Deo
1118 5751 1396 5823 placeatis.
1423 5749 1542 5816 Vel,
1568 5744 1869 5816 vestra‘eat,
1898 5751 1950 5805 in
1977 5751 2080 5806 hoc

510 5851 634 5917 quia
682 5848 734 5903 in
781 5854 957 5903 vestra
991 5852 1074 5903 est
1101 5851 1384 5915 potestate,
1412 5850 1591 5900 utrum
1614 5855 1713 5915 pro
1740 5840 1832 5898 Dei
1866 5842 2080 5908 nomine

2186 4764 2274 4810 tus
2323 4755 2644 4821 accersivit,
2692 4762 2746 4809 et
2781 4755 2968 4810 eadem
3005 4755 3135 4809 mihi
3176 4755 3435 4810 revelavit
3472 4757 3544 4812 de
3581 4756 3714 4812 ccelo
3739 4796 3752 4815 .

2184 4859 2304 4914 qua:
2331 4843 2451 4900 illos
2476 4844 2653 4900 docuit
2682 4845 2734 4898 in
2764 4853 2927 4901 terra.
2965 4845 3075 4901 Nec
3109 4861 3236 4916 rogo
3265 4853 3326 4900 ut
3355 4861 3444 4900 me
3469 4856 3530 4902 et
3566 4846 3756 4902 Barna-

2185 4936 2306 4989 bam
2352 4935 2556 4991 similes
2591 4934 2804 4991 Christo
2840 4936 3181 5002 existimetis,
3228 4938 3321 4992 sed
3374 4945 3437 4993 ut
3484 4940 3756 5003 ministros

2182 5026 2423 5091 Christi,
2458 5026 2549 5096 qui
2584 5025 2734 5083 vobis
2781 5025 3124 5097 Evangelium
3161 5027 3276 5089 ejus
3310 5026 3751 5082 ministravimus.

2186 5117 2429 5172 Minister
2460 5116 2665 5172 Christi
2704 5125 2787 5172 est
2818 5116 2914 5188 qui
2959 5122 3284 5186 praeceptum
3316 5115 3461 5171 illius
3496 5116 3753 5172 servando

2186 5210 2426 5263 imitatur
2451 5207 2619 5274 illum,
2653 5209 2792 5264 sicut
2818 5208 2934 5279 ipse
2966 5208 3104 5262 dixit
3135 5227 3147 5261 :
3183 5206 3286 5274 Qui
3315 5208 3444 5262 mihi
3470 5209 3749 5267 ministrat.

2184 5318 2265 5356 me
2293 5310 2546 5373 sequatur
2572 5299 2754 5370 (Joan.
2785 5301 2905 5372 xu).
2956 5287 3047 5355 ιΙῆ
3087 5300 3249 5355 etiam
3285 5298 3537 5355 minister
3558 5298 3750 5355 Christi

2182 5402 2266 5447 est
2297 5392 2389 5461 qui
2418 5391 2534 5461 ejus
2563 5390 2906 5462 Evangelium
2932 5390 3272 5460 pmdicando
3313 5388 3436 5445 aliis
3463 5389 3748 5449 ministra'.

2179 5482 2322 5538 sicut
2376 5479 2592 5544 Paulus,
2645 5480 2737 5550 qui
2774 5489 2830 5536 et
2875 5480 3146 5545 servabat,
3183 5478 3269 5534 vel
3315 5478 3665 5549 pradicabat,
3698 5487 3750 5532 et

2178 5569 2538 5625 ministrabat.
2604 5568 2822 5626 Christo
2892 5571 3057 5625 etiam
3125 5569 3403 5631 ministrat
3456 5568 3552 5638 qui
3614 5568 3749 5623 bona

2182 5661 2494 5730 temporalia
2528 5674 2627 5730 pro
2664 5676 2847 5715 amore
2884 5660 3003 5730 ejus
3026 5660 3352 5731 pauperibus
3375 5667 3581 5728 erogat,
3610 5659 3750 5729 quod

2184 5750 2323 5805 idem
2349 5749 2636 5819 Apostolus
2670 5750 3025 5820 adimplebat;
3053 5765 3157 5805 non
3192 5750 3259 5805 de
3284 5749 3471 5804 alienis
3491 5761 3750 5819 pauperes

2182 5840 2550 5909 sustentando,
2584 5840 2678 5897 sed
2713 5842 2778 5898 de
2824 5841 2924 5897 hoc
2960 5841 3105 5914 quod
3138 5840 3320 5898 labore
3366 5854 3620 5895 manuum
3661 5852 3748 5892 ae-
