3936 6492
1181 239 1211 269 ο

181 450 278 512 529

861 440 1221 500 EXPOSlTlO
1256 439 1321 498 1N
1358 439 1506 497 EPP.
1548 435 1607 493 8.
1648 433 1873 491 PAULI.
1914 464 1983 476 —
2018 430 2086 486 ΚΝ
2119 430 2336 486 ωἰδῒ.
2376 432 2397 484 ι
2428 429 2519 485 AD
2553 427 2708 485 COR.

3313 426 3416 483 550

181 568 436 638 quirebat.
500 562 652 631 Quod
699 569 877 616 autem
915 560 1196 630 sequitur:
1232 559 1299 613 Et
1342 558 1740 627 dispensatores
1769 560 1814 616 Α
1842 552 2237 620 dispensatores
2273 558 2397 604 sunt
2438 562 2536 618 per
2569 552 2796 619 quorum
2831 547 3209 638 ministerium
3237 561 3414 638 perve-

181 657 546 730 tnysteriorum
582 654 675 709 Ι)θί
700 671 711 708 :
738 663 813 719 et,
842 661 899 709 ut
919 653 1136 733 quidam
1160 650 1372 707 codices
1400 647 1618 712 habent,
1642 645 1743 700 mi-

181 750 512 806 nisteriorum
540 747 658 813 Dei,
694 746 884 802 melius
910 753 994 801 est
1019 745 1198 800 dicere
1227 739 1599 814 mysteriorum
1626 738 1740 803 Dei,

182 841 301 911 quia
336 840 383 896 si
422 839 716 896 dixerimus
743 837 1182 901 ministeriorum,
1212 836 1317 890 crit
1363 847 1554 890 sensus
1587 830 1743 905 quasi

182 932 540 991 tantumnodo
580 930 647 986 ad
691 928 1050 998 disponendos
1084 935 1141 981 et
1181 924 1508 983 ordinandos
1546 923 1742 994 gradus

179 1026 567 1083 ecclesiasticos
607 1026 716 1081 sint
748 1022 945 1090 vocati,
985 1021 1266 1095 episcopos
1304 1017 1570 1082 videlicet,
1614 1030 1741 1085 pre-

90 1104 96 1111 ’
179 1119 436 1191 sbyteros,
463 1119 741 1181 diaconos,
769 1122 1099 1184 cze'terosque
1121 1113 1358 1176 ordines,
1382 1111 1471 1181 qui
1499 1118 1552 1164 et
1581 1108 1743 1167 mini-

177 1208 337 1265 steria
369 1209 735 1265 ecclesiastica
771 1205 1125 1278 appellantur.
1163 1203 1461 1260 Cumvero
1489 1199 1740 1264 dicimus,
1804 1254 1807 1255 ν

176 1300 570 1370 dispensatores
603 1297 1010 1369 mysteriorum,
1046 1293 1390 1362 intelligimus
1438 1290 1581 1351 illius
1628 1289 1740 1347 ele-

177 1398 290 1446 ctos
339 1389 409 1445 ad
451 1387 806 1459 dispensanda
852 1380 1657 1456 suisauditoribusmysteria
1687 1388 1745 1435 et

172 1485 509 1536 sacramenta
533 1477 742 1534 Veteris
762 1475 1003 1545 Novique
1031 1472 1359 1530 Testamenti
1377 1511 1393 1537 ,
1419 1470 1662 1540 quamvis
1686 1478 1743 1524 et

173 1567 686 1633 ordinesEcclesiae,
704 1566 859 1625 sicut
878 1565 1262 1635 .aliiapostoli.
1295 1564 1367 1618 ita
1392 1571 1451 1622 et.
1469 1562 1571 1637 ipsi
1591 1561 1738 1617 ordi-

175 1659 434 1718 naverint.
480 1658 884 1728 Dispensatores
906 1671 1034 1727 ergo
1056 1654 1291 1718 fuerunt,
1322 1654 1451 1723 quia
1473 1654 1612 1710 sicut
1635 1650 1738 1706 ali-

173 1749 290 1819 quis
314 1747 699 1819 paterfamilias
724 1747 883 1820 elegit
909 1747 1330 1818 dispensatorem
1362 1744 1415 1799 in
1437 1744 1596 1798 domo
1618 1757 1738 1808 sua,

176 1840 264 1909 qui
298 1839 570 1896 conservis
600 1839 712 1895 suis
740 1838 1034 1894 secundum
1065 1853 1217 1893 suam
1254 1835 1585 1892 voluntatem
1624 1834 1738 1889 sin-

1845 644 1990 698 nitur
2020 641 2087 695 ad
2122 649 2378 696 aeternam
2415 640 2640 694 salutem
2669 656 2691 706 ί
2724 638 2816 695 sed
2847 638 3104 712 qyzeritur
3129 624 3300 695 a’Deo
3330 637 3414 690 in-

1845 745 1928 790 tcr
1956 734 2349 804 dispensatores
2373 732 2425 785 in
2446 733 2722 803 prmsenti,
2751 740 2808 787 ut
2838 731 3006 787 ﬁdelis
3029 730 3152 800 quis
3178 730 3417 785 invenia-

1845 834 1951 890 tur,
1974 823 2341 884 videliceta-ut
2367 822 2510 893 quod
2536 822 2792 891 praedicat
2824 822 3222 892 ore,,opcribus
3251 835 3412 877 exor-

1844 926 1955 975 net.

1915 1006 2047 1061 Mihi
2067 1014 2364 1077 .autempro
2390 1006 2605 1063 minimo
2631 1016 2706 1063 est
2737 1016 2791 1060 ut
2834 1026 2864 1060 a
2892 1008 3033 1061 vobis
3058 1008 3289 1076 judicer,
3319 1016 3412 1060 aut

1842 1096 1907 1148 ob
1948 1097 2176 1151 humano
2214 1096 2317 1148 die.
2359 1094 2792 1163 Pseudoapostoli
2832 1106 2990 1164 atque
3028 1097 3324 1167 philosophi
3358 1104 3414 1150 et

1843 1187 2504 1260 quidamCorinthiorum.
2538 1188 2742 1242 seducti
2784 1188 2852 1241 ab
2896 1187 3020 1251 illis,
3051 1187 3412 1257 dijudicabant

1841 1295 1937 1339 seu
1950 1280 2266 1338 deridebant
2275 1280 2519 1343 Paulum,
2535 1294 2599 1335 eo
2611 1281 2752 1349 quod
2766 1279 3216 1347 nondisereparet
3232 1296 3259 1332 a
3276 1297 3411 1349 pra:-

1841 1371 2107 1432 dicatione
2142 1368 2287 1427 Petri
2324 1370 2660 1440 aliorumque
2689 1370 3071 1439 apostolorum,
3098 1371 3412 1439 simpliciter

1841 1470 1897 1515 et
1932 1460 2130 1515 rustice
2152 1460 2472 1531 pmdicans,
2496 1461 2735 1517 dicentes
2766 1479 2778 1516 :
2813 1461 2867 1515 Si
2892 1461 3115 1528 Petrus,
3140 1461 3407 1526 Andreas.

1839 1550 2071 1609 Jacobus
2094 1561 2161 1608 .et
2199 1550 2454 1617 Joannes,
2485 1554 2576 1624 qui
2606 1554 2899 1623 piscatores
2938 1555 3172 1619 fuerunt,
3214 1540 3410 1610 rustice

1841 1642 2218 1712 praulicabant,
2254 1650 2308 1697 et
2355 1659 2461 1698 non
2498 1645 2833 1707 scholastice,
2873 1660 2975 1700 non
3006 1654 3089 1701 est
3124 1646 3256 1702 adeo
3307 1646 3407 1717 uti-

1840 1749 1980 1798 rum;
1994 1748 2163 1804 quare
2178 1741 2355 1790 autem
2378 1734 2595 1800 Paulus,
2611 1735 2848 1790 imitator
2875 1735 3106 1801 illorum,
3122 1736 3339 1800 rustice,
3355 1744 3410 1791 et

1839 1839 1947 1878 non
1974 1824 2358 1892 philosophice,
2374 1824 2488 1880 sive
2513 1824 2793 1881 dialectice
2823 1828 3074 1896 disputet,
3105 1829 3197 1898 qui
3224 1829 3415 1885 doctor

173 1905 325 1998 gulis.
349 1930 567 1986 illorum
605 1931 745 1986 bona
786 1944 881 1984 sua
919 1928 1224 1993 distribuat,
1244 1926 1584 1999 ,quibusdam
1620 1940 1738 1980 am-
1767 1905 1814 1965 Β
1841 1916 1973 1986 legis
2001 1917 2235 1983 θΧειὶῑίι,
2273 1918 2378 1973 hoc
2412 1918 2607 1974 mirum
2645 1928 2744 1975 εει·
2787 1919 2900 1975 NOII
2943 1930 3028 1976 est
3069 1936 3196 1994 ergo
3242 1916 3406 1985 aliﬁd.

175 2024 336 2093 plius,
363 2024 678 2093 quibusdam
705 2024 913 2087 minus,
944 2032 999 2078 et
1018 2022 1340 2092 quibusdam
1385 2021 1516 2077 liora
1558 2019 1736 2084 tertia,

177 2114 489 2183 quibusdam
537 2130 677 2170 nona
726 2094 968 2186 (Matth.
995 2116 1133 2185 xx):
1163 2116 1241 2170 sic
1291 2114 1535 2171 Christus
1581 2114 1743 2185 elegit

178 2201 414 2269 Paulum,
446 2212 502 2260 et
527 2205 760 2276 reliquos
792 2205 882 2276 qui
925 2205 1180 2275 mysteria
1213 2204 1486 2275 Evangelii
1532 2206 1614 2259 sui
1656 2219 1741 2258 se-

175 2294 404 2349 cundum
440 2294 751 2364 qualitatem
791 2296 1092 2352 auditorum
1126 2294 1531 2360 distribuerent,
1567 2294 1741 2366 perfe-

173 2384 275 2440 ctis
299 2385 545 2453 videl'cet
580 2395 636 2442 et
660 2388 752 2458 qui
792 2387 1089 2458 capacioris
1113 2402 1302 2442 sensus
1334 2387 1741 2457 intellectusque

171 2483 344 2542 erant,
369 2476 475 2530 alta
502 2491 568 2532 ac
592 2476 852 2547 profunda
878 2478 1224 2549 mysteriade
1252 2478 1538 2537 Divittitate
1563 2479 1739 2533 omni-

168 2567 405 2643 potentis
430 2567 522 2622 Dei
553 2569 985 2634 committerent,
1008 2568 1424 2638 simplicioribus
1450 2585 1575 2624 vero
1612 2569 1745 2625 sim-

168 2655 392 2725 pliciora
420 2670 540 2726 qua:
564 2671 768 2725 .capcre
806 2667 1059 2728 possent,
1088 2658 1230 2727 quod
1275 2666 1560 2730 utrumque
1602 2658 1742 2713 idem

167 2747 419 2819 egregius
440 2749 755 2816 praedicator
776 2749 987 2819 agebat,
1018 2749 1157 2805 sicut
1183 2751 1296 2819 ipse
1323 2749 1457 2804 dixit
1485 2767 1497 2802 :
1526 2749 1743 2819 Sapien-

166 2836 304 2889 tiam
332 2837 549 2907 (inquit)
579 2837 838 2908 loquimur
870 2839 1003 2897 inter
1027 2838 1278 2908 perfectos
1310 2837 1362 2909 (ι
1392 2837 1512 2892 Cor.
1552 2846 1636 2901 ll).
1680 2839 1746 2896 Et

166 2927 306 2995 quid
341 2927 471 2983 dicit
509 2929 708 2983 eisdem
748 2929 1038 2985 Corinthiis
1068 2930 1120 2983 in
1155 2929 1254 2986 hac
1290 2928 1515 2999 epistola
1541 2927 1742 2987 ?_Tan—

164 3033 333 3088 quam
364 3016 593 3087 parvulis
631 3019 685 3073 in
718 3015 942 3082 Christo,
975 3018 1055 3071 lac
1083 3027 1259 3089 potum
1289 3019 1408 3073 dedi
1444 3017 1605 3083 vobis,
1645 3035 1746 3072 non

163 3123 367 3162 escam.
415 3106 641 3161 Istorum
674 3107 1048 3176 mysteriorum
1079 3107 1378 3162 divinorum
1410 3107 1746 3176 dispensator

159 3205 292 3252 erat
320 3195 439 3261 iste,
457 3196 679 3267 ideoque
695 3211 751 3251 se
770 3196 868 3252 boc
895 3196 1106 3253 volebat
1129 3195 1313 3251 haberi
1340 3212 1369 3251 a
1392 3197 1505 3251 suis
1531 3196 1741 3251 audito-

1838 2009 1945 2064 nisi
1966 2010 2095 2078 quia
2118 2025 2304 2081 magus
2331 2017 2387 2065 et
2413 2010 2663 2067 seductor
2690 2021 2792 2075 est,
2822 2022 2877 2065 ut
2907 2014 2997 2083 qui
3037 2023 3161 2104 aute
3183 2028 3287 2068 non
3320 2027 3410 2082 po-

1839 2099 1942 2153 tuit
1976 2100 2363 2171 persequendo.
2392 2101 2730 2159 Christianos
2748 2106 2980 2172 perdere
2995 2099 3225 2168 ,,s§ltem
3257 2104 3411 2160 sedu-

1839 2188 2010 2243 cendo
2037 2204 2134 2244 sua
2155 2189 2533 2260 prtedicatione
2559 2190 2689 2248 falsa
2720 2192 2967 2258 decipiat,
3002 2191 3205 2262 ﬁngens
3233 2207 3291 2247 sc
3317 2208 3406 2246 so-

1839 2277 1981 2332 cium
2003 2292 2121 2334 esse
2142 2276 2286 2337 Petri
2309 2278 2644 2349 aliorumque
2663 2280 3043 2348 apostolorum.
3074 2280 3244 2338 Aliter
3264 2281 3407 2336 enim

1839 2367 2096 2438 praedicat
2130 2368 2399 2434 exterius,
2440 2377 2598 2437 atque
2635 2369 2790 2424 aliter
2817 2371 2925 2440 agit
2952 2371 3179 2429 interius
3211 2371 3267 2427 in
3313 2388 3409 2429 oe—

1840 2458 2003 2516 culto.
2022 2458 2125 2514 Sed
2141 2459 2445 2528 Apostolus,
2466 2475 2575 2519 non
2606 2476 2798 2514 curans
2820 2462 2884 2517 de
2909 2476 3094 2519 eorum
3121 2463 3412 2517 detractio-

1840 2546 1997 2605 nibus
2020 2556 2075 2603 et
2101 2546 2458 2612 irrisionibus,
2485 2548 2662 2603 sciens
2689 2565 2789 2618 pro
2816 2559 2963 2603 certo
2991 2551 3114 2618 quia
3152 2551 3285 2606 nihil
3310 2568 3408 2606 no-

1841 2646 1963 2693 cent
1987 2636 2187 2693 homini
2217 2635 2390 2692 aliena
2420 2639 2580 2693 verba
2611 2654 2768 2709 quem
2799 2639 3013 2707 propria
3043 2654 3148 2693 non
3180 2640 3411 2694 maculat

1839 2728 2184 2793 conscientia,
2229 2727 2532 2794 subintulit,
2582 2728 2866 2798 inquiens:
2893 2727 3045 2793 dli/ii,
3088 2729 3280 2799 inquit,
3316 2746 3411 2798 pro

1842 2819 2056 2872 minimo
2102 2829 2195 2881 est,
2236 2817 2291 2873 id
2320 2826 2423 2885 est,
2451 2833 2549 2889 pro
2580 2818 2747 2872 nihilo
2778 2819 2935 2883 duco,
2961 2828 3015 2872 et
3046 2833 3150 2873 non
3175 2828 3259 2873 est
3283 2820 3411 2872 mihi

1842 2925 1972 2965 cura
1995 2911 2038 2963 si
2055 2908 2283 2978 jndicer,
2314 2909 2371 2963 id
2400 2917 2482 2964 est
2509 2909 2553 2962 si
2585 2908 2837 2963 detrahar
2860 2917 2913 2963 et
2938 2909 3167 2964 irridear
3187 2926 3217 2963 a
3241 2908 3410 2973 vobis,

1843 3001 1922 3054 vel
1955 3000 2177 3054 damuer
2210 3000 2338 3069 quia
2361 3000 2564 3068 legibus
2593 3000 2786 3055 divinis
2830 3001 3137 3056 debueratis
3169 3002 3245 3055 uti
3266 3041 3282 3066 ,
3319 3011 3413 3055 aut

1845 3091 1914 3146 ab
1953 3091 2189 3146 humano
2226 3091 2330 3155 die,
2373 3090 2426 3145 id
2463 3100 2546 3146 est
2573 3093 2640 3147 ab
2670 3092 2773 3146 illis
2804 3094 2892 3162 qui
2929 3093 3175 3147 humanis
3208 3092 3414 3163 legibus

1848 3190 2092 3247 utuntur,
2131 3189 2185 3236 et
2219 3181 2467 3236 humanis
2492 3181 2735 3238 laudibus
2764 3191 2817 3238 et
2845 3182 3114 3238 favoribus
3143 3182 3415 3238 delectan-

163 3289 326 3346 rihus
340 3258 480 3357 quod
506 3258 711 3352 era't,id
727 3296 809 3342 est
823 3287 1066 3342 minister
1084 3287 1286 3343 Christi
1317 3297 1370 3343 et
1405 3289 1741 3358 dispensator

1847 3281 1955 3341 tur,
2001 3258 2277 3343 loquentes
2320 3282 2375 3328 et
2417 3272 2768 3347 pratdicantes
2808 3271 3201 3345 philosophice,
3244 3274 3415 3328 ut‘ab

157 3387 630 3434 sacramentorum
659 3379 795 3449 ejus,
827 3378 879 3433 in
918 3393 1026 3451 quo
1059 3394 1168 3435 non
1192 3379 1352 3436 verba
1383 3387 1618 3445 tantum,
1648 3379 1744 3436 sed

159 3474 346 3528 virtus
378 3471 630 3543 fulgebat.

238 3558 347 3613 Hic
359 3559 475 3630 jam
503 3562 755 3630 quwn'lur
774 3564 909 3616 inter
930 3562 1328 3633 dispensatores,
1352 3575 1408 3619 ut
1430 3564 1601 3635 ﬁdelis
1629 3567 1744 3637 quis

156 3652 482 3707 inveniatur.
514 3652 659 3708 Licet
683 3654 899 3724 quidam
927 3655 1070 3725 hunc
1095 3655 1419 3711 versiculum
1449 3657 1744 3729 interroga-

158 3747 280 3801 tive
314 3738 480 3800 velint
510 3745 705 3817 legere,
739 3754 915 3802 tamen
940 3748 1232 3802 secundum
1261 3749 1474 3805 beatum
1495 3748 1746 3819 Augusti-

151 3838 301 3889 nuni
312 3837 489 3906 potius
502 3845 584 3892 est
597 3835 911 3891 allirmative
924 3837 1179 3908 legendus
1198 3856 1211 3892 :
1231 3838 1370 3895 sicut
1382 3854 1612 3911 sequens
1628 3856 1744 3896 rna-

152 3926 449 3985 nifestabit
466 3943 686 3989 sensus:
717 3929 832 3994 llic,
850 3929 904 3983 id
927 3937 1009 3986 est
1026 3930 1081 3987 in
1101 3930 1355 4000 praesenti
1375 3931 1749 4002 smeulo,qu:e-

146 4022 312 4077 ritur
339 4029 395 4077 et
428 4020 799 4076 consideratur
836 4038 867 4076 a
910 4022 1019 4077 Deo
1042 4063 1066 4088 λ
1100 4031 1161 4078 ut
1196 4023 1368 4080 ﬁdelis
1409 4025 1748 4096 dispensator

142 4111 295 4182 quis
335 4109 641 4166 inveniatur
683 4110 824 4181 inter
854 4111 1254 4183 dispensatores
1287 4113 1442 4177 alios,
1477 4115 1615 4169 sicut
1646 4130 1748 4188 ego

142 4213 295 4259 sum
332 4206 389 4254 et
425 4197 727 4256 Barnabas.
776 4201 984 4257 Pseudo
1034 4201 1196 4272 igitur
1242 4202 1468 4272 apostoli
1514 4204 1605 4272 qui
1654 4218 1747 4258 vos

141 4290 446 4361 decipiunt
466 4306 573 4347 non
608 4301 733 4351 sunt
764 4292 947 4349 ﬁdeles
972 4295 1366 4365 diSpensatores
1399 4314 1412 4349 :
1440 4296 1693 4366 quoniam
1715 4316 1745 4351 a

140 4384 277 4442 ﬁde
299 4390 355 4438 et
375 4382 617 4440 doctrina
642 4382 840 4440 Christi
863 4384 1190 4441 discordant.
1220 4385 1357 4443 Nam
1385 4386 1439 4441 in
1469 4386 1572 4443 hoc
1594 4398 1750 4445 erant

141 4477 211 4531 in
220 4471 855 4541 ﬁdelesdispensatores,
880 4475 1006 4548 quia
1029 4475 1400 4532 adulterabaut
1415 4476 1636 4533 verbum
1654 4477 1746 4532 Dei

1844 3365 2092 3425 omnibus
2125 3364 2412 3422 laudentur
2445 3382 2457 3418 :
2490 3364 2612 3438 quia
2658 3378 2829 3437 neque
2861 3373 3049 3420 contra
3090 3363 3234 3434 leges
3278 3362 3417 3419 divi-

1844 3478 1961 3529 nas,
1985 3475 2159 3538 neque
2186 3469 2371 3517 contra
2394 3461 2656 3514 humanas
2675 3458 2876 3531 aliquid
2905 3466 3177 3529 perpetro.
3218 3456 3418 3513 Huma-

1846 3569 1942 3613 nas
1969 3552 2115 3624 leges
2147 3551 2230 3607 vel
2257 3550 2442 3606 laudes
2470 3550 2572 3605 diei
2610 3558 2906 3621 comparat,
2937 3548 3061 3618 quia
3109 3547 3181 3602 illi
3213 3547 3415 3603 haben-

1845 3654 1933 3701 tur
1953 3652 2008 3702 et
2025 3644 2271 3699 videntur
2293 3642 2422 3698 clari
2447 3650 2500 3696 et
2515 3641 2737 3711 jucuudi
2760 3641 2849 3712 qui
2870 3642 2921 3695 in
2944 3640 3048 3695 illis
3068 3639 3244 3697 edocti
3268 3650 3414 3705 sunt,

1845 3744 1900 3791 et
1920 3734 2013 3809 qui
2033 3734 2101 3789 ab
2123 3734 2427 3789 hominibus
2452 3731 2933 3791 extollitntur.LSed
2964 3747 3124 3805 neque
3148 3746 3228 3785 me
3247 3732 3419 3801 ipsum

1836 3825 2044 3896 judico,
2088 3825 2141 3879 id
2173 3832 2276 3890 est,
2298 3839 2473 3897 neque
2512 3824 2771 3894 meipsum
2799 3823 3130 3893 reprehendo
3156 3821 3209 3876 in
3239 3821 3419 3891 aliquo

1846 3922 2033 3969 contra
2058 3914 2203 3987 leges
2230 3913 2438 3969 divinas
2462 3922 2553 3966 aut
2592 3912 2851 3967 humanas
2887 3910 3081 3982 egisse,
3125 3911 3248 3983 quia
3287 3911 3419 3967 nulli

1846 4004 1975 4057 vitio
1997 4001 2267 4073 subiaceo.
2307 4002 2482 4070 Quare
2500 4020 2512 4055 :

1918 4106 2070 4166 Nihil
2100 4108 2255 4171 enim,
2281 4107 2535 4163 subaudis
2572 4108 2718 4175 mali,
2751 4107 2881 4161 mihi
2919 4106 3419 4173 conscius.stnu,id

1846 4207 1953 4265 est,
1976 4198 2173 4254 nullius
2196 4198 2442 4254 criminis
2467 4199 2666 4255 malum
2706 4200 2758 4254 in
2782 4216 2865 4255 me
2898 4214 3246 4270 recognosco,
3269 4209 3417 4271 post-

1846 4308 2008 4363 quam
2035 4306 2133 4361 per
2169 4291 2396 4364 gratiam
2423 4291 2620 4347 Christi
2650 4293 2896 4362 expiatus
2921 4305 3039 4348 sum
3074 4293 3140 4348 ab
3167 4290 3416 4347 omnibus

1846 4383 2082 4456 peccatis
2122 4382 2470 4455 originalibus
2502 4394 2558 4439 et
2592 4383 2919 4447 actualibus.
2953 4383 3023 4443 Et
3055 4391 3143 4440 est
3175 4397 3416 4440 sensus:

1849 4481 1894 4535 si
1933 4494 2033 4550 ego
2071 4478 2336 4548 meipsum
2367 4477 2890 4549 irreprehensibilem
2930 4477 3147 4533 invenio
3174 4476 3264 4546 qui
3305 4490 3420 4530 me-

137 4575 209 4624 et
245 4564 593 4621 fraudabant.
624 4564 819 4622 Paulus
850 4576 1027 4631 autem
1053 4567 1223 4623 ﬁdelis
1244 4568 1584 4639 dispensator
1601 4580 1740 4634 erat,
1777 4605 1823 4662 υ
1849 4571 1952 4627 lius
1988 4569 2253 4645 meipsum
2287 4568 2409 4624 novi
2441 4584 2604 4639 quam
2626 4583 2752 4632 vos.
2768 4568 3034 4638 quomodo
3072 4567 3296 4638 potestis
3336 4566 3415 4622 di-

134 4657 298 4729 quia
327 4656 466 4712 sicut
489 4672 555 4711 ex
584 4656 690 4711 Deo
712 4673 893 4713 coram
922 4658 1030 4714 Deo
1051 4657 1387 4730 loquebatur.
1425 4659 1516 4715 ille
1544 4661 1739 4716 etenim
1777 4656 1810 4662 ⁷
1837 4664 2085 4734 judicare
2104 4663 2485 4719 conscientiam
2516 4678 2711 4725 meatu,
2750 4663 3021 4731 quomodo.
3047 4661 3271 4731 potestis
3294 4675 3422 4716 exa-

137 4747 345 4806 ﬁdelis
381 4748 717 4819 dispensator
741 4748 1026 4821 [Evangelii
1065 4757 1149 4804 est
1187 4751 1279 4820 qui
1323 4766 1431 4807 non
1472 4751 1574 4806 alia
1606 4766 1742 4822 prac-

136 4840 318 4896 dicat
353 4853 514 4908 quam
562 4854 680 4908 qua:
722 4839 778 4894 in
833 4839 1121 4912 Evangelia
1161 4841 1449 4908 habentur,
1493 4843 1611 4899 sine
1657 4859 1742 4901 er-

134 4944 297 4989 rore
329 4929 576 4985 videlicet
599 4938 655 4986 et
676 4931 972 4998 mendacio,
1010 4942 1064 4987 et
1095 4933 1193 5004 qui
1222 4949 1328 4990 non
1357 4936 1565 5005 quaerit.
1589 4952 1741 4992 suam

132 5020 397 5096 gloriam
434 5030 493 5076 ut
524 5021 635 5092 ipse
664 5022 912 5078 laudetur
936 5022 1003 5079 ab
1029 5023 1363 5080 auditoribus
1395 5025 1525 5090 suis,
1563 5027 1659 5081 sed
1686 5034 1744 5080 ut

130 5114 314 5170 Deus
345 5111 672 5183 gloriﬁcetur
707 5127 804 5185 per
854 5113 972 5170 illos
1002 5131 1015 5168 :
1042 5124 1098 5168 et
1147 5113 1240 5184 qui
1284 5128 1392 5171 non
1439 5130 1538 5186 pro
1576 5115 1740 5171 lucris

130 5199 583 5273 temperalibus,
610 5212 668 5258 ct
694 5213 752 5258 ut
785 5213 1025 5260 ventrem
1054 5220 1208 5260 suum
1238 5204 1456 5275 impleat
1481 5206 1740 5278 praedica-

130 5294 305 5354 tioni
343 5293 559 5359 insistit,
586 5295 679 5350 sed
709 5304 767 5349 ut
805 5312 835 5349 a
868 5295 1092 5351 Domino
1118 5295 1397 5366 pmmium
1426 5296 1511 5351 sui
1541 5295 1740 5352 laboris

123 5385 448 5461 percipiat.
479 5383 641 5456 Igitur
679 5387 724 5442 si
762 5387 1103 5458 Evangelium
1146 5403 1243 5459 per
1288 5387 1456 5444 malos
1498 5403 1604 5445 non
1632 5389 1740 5444 dis-

122 5483 507 5550 pensaretur,
545 5489 884 5548 nequaquam
919 5477 1176 5533 Dominus
1215 5478 1419 5535 diceret
1449 5497 1463 5534 :
1492 5477 1622 5547 Qua:
1652 5479 1735 5534 di-

116 5574 288 5628 ciunt
315 5565 475 5647 bona,
510 5565 668 5621 facito
697 5585 710 5620 :
741 5577 794 5622 et
815 5584 930 5638 quas
958 5568 1162 5625 faciunt
1181 5570 1343 5636 mala,
1373 5569 1549 5626 facere
1575 5569 1740 5628 nolite

116 5662 139 5730 (
154 5654 382 5712 Matth.
412 5657 591 5727 χχιιι).
634 5657 862 5722 Rursus,
888 5659 933 5713 si
957 5675 1051 5729 per
1073 5659 1243 5716 bonos
1274 5677 1381 5717 non
1402 5661 1740 5731 dispensare-

116 5763 275 5817 tur,.
308 5762 652 5821 nequaquam
688 5750 972 5821 Apostolus
1005 5751 1130 5827 alibi
1161 5753 1367 5809 diceret
1397 5771 1411 5809 :
1442 5752 1738 5808 [miratam

114 5841 241 5895 mei
269 5840 621 5904 estotegsicut
651 5850 696 5893 et
723 5856 813 5909 ego
846 5839 1036 5895 Christi
1068 5841 1117 5911 (I
1148 5841 1267 5895 Cor.
1296 5843 1391 5907 xi).
1438 5842 1580 5897 Multi
1608 5858 1737 5911 ergo

1848 4756 2053 4811 minare
2079 4768 2187 4824 quo
2212 4754 2393 4809 animo
2413 4761 2467 4809 et
2492 4753 2785 4811 intentione
2808 4752 2945 4808 facio
2969 4750 3229 4825 quidquid
3256 4750 3415 4810 facio.

1848 4845 2082 4900 maxime
2108 4859 2229 4899 cum
2265 4859 2425 4899 nemo
2462 4844 2599 4899 sciat
2633 4844 2907 4902 hominum
2937 4860 3055 4918 quae
3078 4851 3202 4898 sunt
3235 4843 3289 4897 in
3324 4844 3420 4898 ho—

1848 4936 1993 4990 mine
2022 4975 2037 4998 ,
2085 4935 2186 4989 nisi
2222 4935 2437 5003 spiritus
2474 4934 2696 4988 hominis
2733 4935 2821 5005 qui
2859 4935 2912 4990 in
2947 4936 3056 5005 ipso
3084 4942 3158 4987 est
3194 4933 3221 4987 7
3270 4931 3418 4986 Felix

1846 5024 2173 5081 conscientia
2204 5040 2325 5094 quas
2378 5024 2450 5078 ita
2474 5039 2661 5079 secure
2692 5026 2755 5079 de
2786 5040 2844 5079 se
2874 5026 3030 5079 audet
3053 5023 3231 5093 loqui.
3259 5021 3325 5076 Et
3355 5036 3421 5079 ne

1851 5118 2122 5172 videretur
2143 5116 2429 5187 Apostolus
2449 5119 2825 5188 prmsuumtivc
2848 5132 2911 5170 ac
2938 5117 3167 5187 superbe
3197 5114 3317 5169 talia
3351 5115 3425 5168 la-

1849 5209 1970 5272 teri,
2003 5209 2277 5279 subjunxit
2305 5210 2439 5265 uec!
2467 5227 2568 5265 non
2595 5211 2647 5265 in
2675 5212 2771 5264 hoc
2784 5209 3106 5279 justi/iratus
3126 5224 3263 5273 sum,
3296 5208 3421 5262 sub-

1847 5300 1999 5356 audis
2036 5299 2190 5371 apud.
2223 5314 2310 5357 me
2354 5298 2436 5355 vel
2473 5301 2612 5371 apud
2654 5301 2842 5366 Deum,
2888 5316 2952 5356 ac
2986 5300 3032 5357 si
3065 5300 3269 5356 diceret
3303 5299 3424 5356 aliis

1814 5392 2027 5451 verbis
2057 5409 2073 5448 :
2101 5392 2252 5449 Licet
2279 5408 2380 5464 ego
2406 5393 2460 5449 in
2498 5408 2584 5449 me
2613 5393 2743 5449 nihil
2782 5393 2906 5449 mali
2950 5392 3187 5462 nihilque
3236 5405 3418 5463 repre-

1848 5484 2107 5541 hensione
2126 5484 2345 5554 dignum
2369 5485 2658 5550 inveniam,
2704 5493 2765 5540 ut
2804 5485 3023 5555 quidam
3066 5484 3200 5544 mibi
3234 5484 3416 5541 detra-

1848 5577 1978 5631 hant
1999 5576 2215 5647 injuste,
2238 5577 2455 5647 quidam
2476 5578 2735 5634 extollant
2765 5579 2876 5635 suis
2900 5577 3209 5634 favoribus:
3240 5584 3417 5641 tamen

1844 5681 1951 5719 non
1973 5665 2093 5721 ideo
2115 5666 2440 5735 justiﬁeatus
2464 5681 2583 5723 sum
2624 5668 2763 5737 apud
2804 5683 2933 5745 me»
2955 5681 3128 5738 neque
3154 5664 3421 5738 iustiﬁca-

1847 5764 1957 5809 tum
1994 5768 2115 5811 esse
2150 5757 2311 5811 credo
2347 5770 2442 5825 per
2488 5757 2589 5812 hoc
2636 5759 2774 5827 apud
2824 5759 3010 5823 Deum,
3068 5758 3193 5827 quia
3234 5757 3419 5817 Nescio

1820 5857 2022 5902 .llil‘uul
2046 5845 2290 5903 placeant
2317 5846 2363 5901 ei
2395 5862 2513 5916 qua:
2542 5863 2661 5921 ago,
2695 5858 2802 5908 aut,
2823 5847 3055 5918 qualiter,
3076 5862 3139 5902 ea
3168 5847 3413 5917 accipiat.
