3936 6462
556 436 654 494 831

1019 433 1370 491 HAYMONIS
1409 433 1886 491 HALBERSTAT.
1928 433 2141 490 EPISC.
2183 432 2334 490 OPP.
2370 432 2547 493 PARS
2586 437 2625 491 i.
2664 468 2735 480 -—
2771 435 3124 495 (ΣΟΜΜΕΝΤ.
3165 438 3335 494 BlBL.

3710 436 3809 496 55!

559 555 649 625 qui
677 555 867 609 melius
896 550 1172 622 cognoscit
1194 551 1320 620 quid
1340 551 1411 606 sit
1435 551 1492 606 in
1527 567 1610 606 me
1638 567 1798 622 quam
1829 566 1928 622 ego
1949 593 1964 617 ,
1997 567 2130 621 quo-
2159 555 2204 613 Α
2232 551 2620 619 manifestabit,
2664 552 2972 619 denudabit,
3025 555 3283 611 revelabit
3318 557 3666 623 abscondita,
3722 573 3807 614 su-

558 648 705 701 niatn
731 650 783 699 et
803 644 848 700 si
867 644 923 698 in
945 643 1195 699 maximis
1219 642 1474 712 operibus
1493 653 1836 714 peccatorum
1866 659 1971 697 non
2008 641 2134 697 deli-

557 737 670 806 qui,
702 734 893 792 saltem
924 735 978 790 in
1005 735 1420 807 cogitationibus
1442 735 1638 805 deliqui
1667 744 1722 791 et
1749 736 1985 806 peccavi.
2023 734 2134 791 Me-

558 825 663 880 lius
698 825 915 895 quidem
959 839 1060 893 ego
1107 814 1792 897 memetipsum‘cognosco
1833 840 1995 894 quam
2038 840 2134 882 vos

554 917 647 985 qui
672 929 758 971 me
777 914 1082 984 dijudicatis
1103 924 1157 970 et
1177 916 1482 982 detrahitis,
1509 925 1564 971 et
1588 916 1777 970 melius
1803 916 1945 970 Deus
1970 930 2133 986 quam

552 1021 674 1076 ego.
725 1006 878 1062 Unde
912 1013 966 1062 et
990 1006 1293 1077 sequitur”:
1329 1007 1432 1074 Qui
1461 1017 1629 1062 autem
1652 1009 1862 1078 judicat
1891 1024 1991 1073 me,
2024 1008 2133 1062 Do-

552 1110 727 1149 minus
766 1104 861 1149 est.
903 1095 1019 1152 Non
1063 1097 1184 1151 ideo
1210 1096 1346 1151 bona
1378 1105 1459 1152 est
1488 1099 1812 1152 conscientia
1842 1113 1978 1163 mea,
2007 1098 2132 1166 quia

553 1183 738 1238 laudat
760 1198 846 1239 me
870 1183 1094 1254 aliquis;
1120 1199 1291 1256 neque
1319 1186 1438 1240 ideo
1458 1186 1621 1251 mala,
1641 1186 1685 1241 si
1709 1201 1804 1241 vos
1827 1186 1969 1239 illam
1998 1185 2134 1254 diju-

553 1275 767 1330 dieatis.
806 1274 944 1342 Quid
981 1277 1123 1331 enim
1153 1275 1407 1347 judicatis
1431 1278 1516 1333 vel
1548 1278 1816 1332 damnatis
1844 1277 1988 1347 quod
2022 1293 2131 1333 non

554 1370 793 1426 videtis?
825 1371 916 1426 ille
952 1373 1110 1427 debet
1151 1371 1312 1427 alium
1350 1371 1765 1443 reprehendere,
1803 1373 1891 1440 qui
1930 1370 2132 1440 aliquid

555 1462 977 1532 reprehensibile
1015 1464 1069 1519 in
1114 1477 1179 1519 eo
1219 1464 1385 1529 videt,
1426 1463 1566 1534 quod
1609 1463 1725 1533 ejus
1756 1463 1939 1518 oculos
1968 1461 2134 1517 oli‘en—

557 1553 654 1606 dit.
673 1551 781 1608 Vos
801 1562 1003 1620 autem,
1031 1553 1195 1609 nolite
1223 1569 1307 1609 me
1325 1554 1568 1624 judicare
1590 1560 1644 1608 et
1672 1552 1956 1607 detrahere
1980 1551 2133 1621 quasi

559 1644 898 1700 seductorem
965 1653 1020 1700 et
1079 1646 1380 1712 rusticum,
1459 1645 1711 1716 aliudque
1775 1653 2133 1699 ostentantem

558 1736 819 1802 exterius,
842 1744 896 1792 et
916 1730 1061 1792 aliud
1084 1746 1394 1808 Oper-antem
1426 1737 1682 1802 interius,
1721 1737 1847 1807 quia
1876 1735 2134 1791 Dominus

540 1824 756 1893 ‘judieat
792 1826 968 1894 me,id
997 1836 1098 1892 est,
1129 1827 1390 1883 discernit
1410 1835 1465 1881 et
1490 1828 1683 1898 probat
1706 1840 1924 1883 causam
1955 1841 2136 1882 meam

553 1927 606 1971 et
644 1917 952 1975 considerat
997 1927 1149 1975 actus
1194 1933 1362 1983 meos,
1404 1920 1495 1989 qui
1518 1919 1670 1974 novit
1709 1932 1817 1974 non
1859 1918 2029 1974 solum
2069 1919 2134 1973 de
2164 1904 2208 1962 Β

553 2007 942 2076 uperibus,.sed
964 2009 1126 2063 etiam
1146 2009 1211 2063 de
1233 2007 1649 2079 cogitationibus
1662 2008 1905 2078 judicare
1956 2008 2137 2075 Quan-

555 2109 670 2153 tum
711 2100 855 2154 enim
893 2108 1119 2171 possunt
1159 2100 1409 2156 homines
1452 2099 1521 2154 de
1566 2099 1670 2154 alio
1707 2100 1971 2170 judicare,
2016 2099 2136 2169 plus

553 2186 718 2242 homo
750 2187 935 2257 utique
976 2188 1043 2245 de
1085 2189 1262 2258 seipse
1292 2205 1306 2242 :
1343 2187 1436 2244 sed
1483 2189 1622 2245 Deus
1652 2188 1772 2258 plus
1800 2189 1866 2244 de
1895 2188 2132 2254 homine,

554 2296 715 2350 quam
746 2281 813 2337 de
838 2297 896 2337 se
924 2281 1105 2337 homo.
1151 2281 1321 2338 Tanta
1350 2281 1686 2353 profunditas
1709 2291 1795 2338 est
1816 2283 1869 2338 in
1892 2283 2133 2347 homine,

552 2383 611 2426 ut
661 2371 828 2428 lateat
873 2372 1187 2444 plerumque
1229 2372 1403 2443 ipsum
1449 2373 1725 2428 hominem
1773 2374 1826 2429 in
1870 2389 1977 2444 quo
2029 2382 2131 2439 est,

551 2472 753 2534 quanta
800 2464 1139 2536 profunditas
1195 2464 1525 2520 inﬁrmitatis
1572 2465 1775 2521 latebat
1823 2467 1875 2521 in
1928 2466 2086 2521 Petro
2115 2510 2130 2531 ,

551 2557 768 2635 quando
804 2550 933 2628 quid
969 2559 1113 2613 intus
1149 2558 1206 2612 in
1242 2571 1300 2612 se
1345 2567 1595 2627 ageretur
1640 2557 1933 2625 nesciebat,
1978 2566 2032 2613 et
2077 2574 2135 2613 se

554 2661 677 2698 eum
716 2647 970 2713 Domino,
1013 2646 1099 2701 vel
1136 2662 1236 2718 pro
1270 2647 1516 2712 Domino,
1567 2648 1888 2703 moriturum
1934 2656 2136 2705 temere

557 2736 924 2806 promittebat.
978 2736 1115 2793 Nam
1162 2739 1266 2794 hoc
1308 2738 1383 2793 illi
1432 2738 1680 2795 Christus
1742 2741 2135 2812 praenuntiabant

556 2828 699 2897 quod
736 2828 851 2900 ipse
890 2829 944 2884 in
983 2845 1042 2884 se
1072 2830 1372 2903 ignorabat.

627 2919 836 2992 Itaque,
867 2922 1120 2978 subaudis
1145 2922 1234 2993 qui
1274 2922 1495 2979 nescitis
1521 2924 1650 2995 quid
1691 2924 1762 2980 sit
1803 2925 1855 2980 in
1892 2925 2130 2992 homine,

553 3025 607 3066 et
640 3014 896 3071 Dominus
944 3023 1027 3070 est
1052 3015 1141 3087 qui
1186 3015 1448 3072 discernit
1479 3025 1533 3071 ct
1568 3016 1777 3088 judicat
1827 3034 1933 3084 me,
1976 3018 2134 3073 nolite

555 3113 676 3158 ante
721 3113 919 3176 tempus
960 3103 1226 3175 judicare,
1268 3106 1606 3178 quoadusque
1657 3109 1825 3163 veniat
1876 3108 2135 3164 Dominus

556 3196 624 3251 ad
648 3194 930 3267 judicium.
956 3196 1032 3254 De
1062 3197 1263 3268 apertis
1287 3199 1447 3255 rebus
1487 3215 1608 3270 quae
1633 3201 1881 3272 cognosci
1909 3210 2130 3271 possunt

555 3300 663 3358 quo
688 3286 868 3342 animo
908 3285 1059 3354 ﬁant,
1109 3289 1445 3361 permittitur
1483 3290 1641 3346 nobis
1671 3291 1936 3362 judicare,
1977 3293 2128 3348 verbi

556 3378 732 3450 gratia
762 3395 775 3433 :
804 3377 945 3435 sicut
981 3386 1064 3435 est
1084 3380 1454 3448 homicidium,
1477 3381 1800 3437 adulterium
1826 3384 2126 3454 publicum,

556 3469 845 3527 fornicatio
883 3479 938 3527 et
969 3479 1165 3528 extera
1191 3472 1340 3528 talia.
1383 3471 1548 3543 Cujus
1581 3481 1856 3530 auctorem
1888 3475 2132 3531 criminis

554 3578 666 3620 non
691 3562 846 3619 aliter
862 3565 1192 3636 permittitur
1217 3566 1373 3622 nobis
1402 3567 1681 3634 damnare,
1709 3568 2006 3624 secundum
2035 3586 2123 3624 au-

557 3653 863 3710 ctoritatem
899 3666 1206 3712 sanctorum
1244 3655 1488 3725 Patrum,
1540 3657 1644 3712 nisi
1679 3666 1774 3713 aut
1827 3659 2129 3727 confessus,

556 3755 650 3801 aut
684 3747 965 3802 convictus
991 3746 1156 3802 fuerit
1199 3748 1444 3803 testibus.
1470 3748 1546 3803 De
1568 3748 1653 3803 his
1676 3764 1807 3805 vero
1831 3750 1898 3805 de
1932 3751 2131 3820 quibus

558 3834 778 3892 dubium
800 3843 855 3892 et
881 3835 1145 3891 incertum
1168 3847 1251 3893 est
1280 3852 1388 3908 quo
1411 3837 1592 3892 animo
1612 3836 1772 3894 iiant:
1797 3839 1936 3894 sicut
1964 3846 2047 3895 est
2065 3840 2133 3896 de

555 3926 881 3984 abstinentia
919 3936 975 3983 et
1021 3927 1247 3999 jejunio,
1303 3928 1518 4000 quando
1565 3927 1807 4000 plerique
1850 3928 2131 3984 hominum

556 4020 744 4076 dicunt
772 4034 831 4075 se
866 4034 972 4074 non
996 4034 1156 4091 posse
1184 4020 1457 4076 abstinere
1490 4035 1522 4075 a
1549 4020 1674 4076 vino
1694 4029 1748 4075 et
1774 4021 2048 4085 carnibus,
2078 4027 2133 4075 et

553 4111 700 4183 quod
732 4125 840 4169 non
861 4111 1362 4185 possiutjejunarc,
1410 4127 1517 4167 non
1567 4118 1652 4167 est
1705 4121 1952 4165 nostrum
1988 4110 2133 4181 judio

484 4188 492 4196 ’
550 4214 717 4261 care:
761 4204 890 4273 quia
927 4211 1151 4271 possunt
1185 4210 1241 4257 et
1280 4204 1422 4259 bono
1467 4202 1649 4256 animo
1687 4210 1743 4257 et
1793 4201 1935 4258 malo
1965 4201 2127 4258 fieri:

557 4296 700 4349 sicut
727 4300 784 4348 et
819 4294 884 4348 de
921 4291 1338 4362 cogitationibus
1369 4300 1423 4346 et
1462 4293 1528 4345 de
1549 4292 1635 4347 his
1666 4306 1784 4361 qua:
1815 4292 1868 4347 in
1920 4294 2132 4349 occulto

556 4383 714 4449 fiunt,
740 4395 882 4453 qum,
913 4381 1040 4436 licet
1061 4380 1325 4442 dicantur,
1374 4393 1481 4433 non
1514 4386 1694 4434 tamen
1744 4395 1844 4449 per
1868 4381 2132 4454 approba-

559 4474 761 4529 tionem
788 4479 996 4544 patent,
1038 4470 1135 4526 sed
1171 4469 1428 4525 debemus
1464 4468 1676 4524 Domini
1701 4469 1907 4542 judicio
1955 4484 2133 4527 reser-

560 4578 710 4630 vare,
737 4562 864 4635 quia
902 4562 946 4618 si
985 4562 1108 4635 quis
1146 4560 1319 4617 dehis
1358 4558 1566 4629 iudicat
1609 4575 1731 4631 quae
1785 4560 1994 4617 incerta
2027 4564 2129 4618 ha-

557 4657 777 4722 bentur,
821 4653 1178 4725 omnipotenti
1205 4652 1337 4720 Deo,
1389 4661 1652 4722 quantum
1699 4653 1755 4707 in
1806 4668 1866 4707 se
1898 4659 2005 4719 est,
2034 4669 2129 4709 eo-

560 4758 723 4804 natur
763 4746 974 4803 auferre
1009 4746 1292 4817 judicium.
1341 4745 1666 4816 Plerumque
1718 4753 1899 4800 tamen
1946 4755 2130 4802 nostra

560 4839 852 4896 credulitas
867 4839 920 4894 in
935 4838 1020 4894 his
1032 4837 1502 4894 fallitur.Pertinet
1514 4846 1696 4894 autem
1710 4836 1779 4892 ad
1794 4852 1909 4903 nos,
1927 4852 2132 4909 neper—

559 4931 766 4989 niciosa
812 4929 1061 5001 opinione
1097 4927 1391 4984 fallamur:
1431 4936 1494 4982 ut
1526 4926 1652 4998 quia
1689 4942 1796 4982 non
1834 4943 2129 4997 possumus

557 5025 839 5081 hominum
863 5022 1117 5093 indagare
1139 5021 1548 5084 conscientiam,
1576 5021 1643 5076 de
1660 5020 1821 5077 rebus
1842 5020 2129 5092 incognitis

554 5120 815 5192 judicium
857 5126 1059 5173 temere
1097 5132 1203 5171 non
1249 5114 1627 5186 proferamus:
1662 5115 1767 5170 hoc
1794 5122 1897 5180 est,
1946 5121 2009 5168 ut
2044 5112 2133 5169 ille

558 5209 644 5265 vel
662 5208 748 5265 ille
763 5209 940 5272 homo,
972 5215 1153 5261 utrum
1181 5206 1252 5260 sit
1277 5204 1577 5275 impudicus
1591 5204 1889 5274 pudicusve
1917 5204 2131 5259 nescia-

554 5314 707 5364 mus,
742 5298 868 5354 odio
914 5298 1211 5357 habeamus
1257 5293 1669 5367 impudicitiam,
1712 5302 1769 5349 et
1812 5294 2131 5365 pudicitiam

563 5391 888 5463 diligamus:
937 5395 1116 5445 tamen
1174 5393 1600 5459 prazsumptnose
1646 5384 1972 5439 sententiam
2022 5399 2133 5441 non

560 5481 931 5557 proferamus,
985 5494 1158 5555 neque
1204 5479 1431 5533 aliorum
1492 5477 1777 5533 criminum
1823 5487 2135 5536 narratores

561 5574 753 5629 simus.
785 5570 852 5628 Et
883 5571 927 5627 si
952 5570 1098 5625 illum
1144 5569 1227 5625 vel
1266 5569 1414 5625 illum
1440 5567 1694 5637 injustam
1718 5585 1838 5625 esse
1859 5569 2135 5639 justumve

562 5667 853 5730 nescimus,
880 5677 1120 5720 amemus
1144 5663 1411 5734 justitiam
1446 5661 1761 5732 injustitiam
1789 5664 2130 5731 detestando,

563 5774 671 5822 non
692 5768 878 5813 tamen
918 5755 1177 5826 judicium
1219 5754 1541 5827 proferendo
1570 5755 1922 5827 quoadusque
1948 5755 2132 5811 veniat

562 5853 824 5917 Dominus
869 5851 935 5908 ad
983 5851 1284 5928 judicium:
1328 5853 1419 5924 qui
1460 5861 1506 5907 et
1553 5850 1888 5920 illuminabit,
1945 5850 1996 5907 id
2047 5860 2131 5907 est

2231 642 2420 697 baudis
2446 658 2630 714 opera,
2652 644 2984 698 tenebrarum
3001 642 3121 714 qua:
3147 647 3213 701 ad
3236 645 3488 703 tenebras
3516 655 3810 719 perpetuas

2232 733 2434 788 ducunt
2470 734 2763 800 hominem,
2790 735 2873 790 vel
2907 735 3217 791 abscondita
3251 752 3415 807 opera
3450 739 3808 796 tenebrarum

2230 822 2361 877 dicit
2409 840 2529 894 qua:
2563 824 2617 879 in
2643 824 2853 880 occulto
2886 824 3023 881 fiunt
3050 841 3081 880 a
3105 827 3264 882 bonis
3290 837 3345 883 et
3380 827 3587 883 malis:
3618 838 3681 884 et
3704 845 3806 885 non
3884 860 3891 873 ι

2232 916 2404 971 solum
2431 933 2593 989 opera
2621 919 2902 986 revelabit,
2924 918 3018 974 sed
3047 920 3210 975 etiam
3233 920 3661 991 manifestabitet
3695 937 3809 977 cott-

2231 1005 2611 1061 silia-cordium
2638 1009 2905 1063 bonorum
2944 1018 2999 1064 et
3036 1009 3323 1064 malorum.
3353 1011 3453 1066 Cui
3480 1026 3618 1083 ergo
3659 1028 3808 1069 reve-

2232 1097 2365 1153 labit
2385 1114 2547 1170 opera
2576 1109 2630 1157 et
2676 1102 3053 1174 cogitationes,
3090 1102 3205 1157 sive
3247 1104 3473 1158 consilia
3508 1104 3808 1158 cor-dium?

2232 1187 2540 1244 Secundum
2589 1191 2732 1260 quod
2784 1192 2976 1247 beatus
3013 1192 3344 1262 Augustinus
3374 1193 3537 1255 dicit,
3590 1193 3812 1264 singulis

2232 1279 2419 1334 electis
2455 1280 2822 1336 manifestabit
2865 1296 3029 1352 opera
3075 1290 3132 1337 et
3165 1282 3526 1352 cogitationes
3572 1283 3810 1336 omnium

2232 1373 2525 1427 electorum
2556 1392 2568 1427 :
2603 1388 2705 1428 nec
2741 1373 2846 1428 erit
2889 1373 3033 1443 quod
3060 1374 3174 1429 suis
3210 1388 3316 1429 non
3357 1375 3577 1444 aperiat
3608 1374 3811 1438 amicis,

2232 1471 2287 1517 et
2312 1462 2606 1518 abscondat
2649 1463 2862 1529 alienis,
2889 1464 2982 1520 ubi
3020 1464 3198 1520 nullus
3242 1464 3347 1520 erit
3370 1465 3614 1520 alienus.
3664 1465 3812 1520 Simi-

2232 1552 2356 1609 liter
2397 1554 2721 1610 credendum
2762 1565 2847 1612 est
2892 1556 3076 1611 omnia
3128 1571 3291 1626 opera
3344 1566 3402 1613 et
3464 1556 3705 1614 consilia
3744 1574 3811 1613 re-

2233 1644 2524 1715 proborum
2558 1653 2745 1716 patere
2795 1648 2864 1701 ad
2892 1646 3277 1702 contumeliam
3329 1656 3387 1702 et
3429 1648 3810 1703 verecundiam

2236 1733 2447 1789 illorum
2484 1751 2497 1788 :
2528 1750 2653 1789 nam
2692 1736 2852 1792 modo
2881 1737 3118 1807 quandiu
3150 1752 3258 1792 non
3285 1737 3441 1793 vides
3476 1753 3585 1794 eor
3638 1755 3807 1794 meum

2234 1833 2293 1880 et
2320 1840 2424 1880 non
2459 1826 2615 1882 video
2637 1843 2732 1883 cor
2763 1836 2938 1895 tuum,
2981 1844 3083 1884 nox
3127 1839 3230 1885 est.
3268 1827 3384 1883 Non
3435 1830 3591 1885 enim
3624 1831 3811 1886 scimus

2234 1916 2493 1973 mortales
2535 1918 2697 1974 corda
2753 1921 3105 1988 mortalium;
3162 1918 3254 1976 luit
3289 1930 3474 1976 autem
3528 1938 3635 1993 per
3663 1938 3807 1992 quam

2235 2007 2728 2065 manifestabuntur
2760 2010 2863 2067 ista
2898 2012 3081 2077 omnia
3119 2012 3232 2083 ipse
3264 2013 3410 2068 Deus
3468 2021 3587 2077 est,
3625 2014 3725 2082 qui
3747 2022 3811 2067 est

2234 2112 2364 2153 vera
2392 2097 2531 2155 lux:
2574 2100 2856 2156 videamus
2899 2101 3029 2171 quid
3069 2101 3355 2172 subjungat
3401 2101 3735 2172 Apostolus,
3774 2112 3809 2156 et

2233 2197 2379 2256 tunc,
2418 2190 2687 2261 inquiens,
2721 2206 2843 2248 cum
2876 2192 3137 2247 Dominus
3167 2190 3614 2248 manifestaverit
3643 2194 3809 2248 omn

2206 2294 2396 2350 opera
2427 2282 2742 2337 abscondita
2791 2291 2847 2338 et
2899 2282 3142 2338 wrdium
3188 2282 3440 2349 consilia,
3468 2281 3639 2351 juxta
3685 2284 3809 2353 quod

2233 2373 2431 2429 dicitur
2471 2388 2570 2444 per
2606 2374 2966 2444 Prophetam:
3010 2374 3148 2430 Ecce
3195 2389 3296 2445 ego
3319 2374 3388 2430 ad
3439 2374 3557 2430 hoc
3598 2375 3810 2440 veniat

2234 2478 2396 2535 opera
2419 2472 2473 2519 et
2510 2464 2866 2534 cogitationes
2903 2479 3227 2535 congregem
3271 2464 3631 2535 singulorum
3654 2505 3671 2531 ,
3713 2464 3808 2518 lar:

2235 2557 2331 2610 erit
2366 2557 2644 2627 unicuique
2688 2573 2720 2611 a
2754 2555 2883 2610 Deo.
2926 2540 3042 2611 Non
3082 2557 3326 2611 omnium
3375 2557 3678 2612 hominum
3711 2556 3809 2611 laus

2235 2650 2355 2713 erit,
2404 2650 2496 2705 sed
2524 2650 2813 2719 unicuique
2839 2650 2978 2704 bona
3006 2663 3189 2719 opera,
3222 2656 3279 2703 et
3316 2648 3584 2715 consilia,
3619 2664 3715 2705 seu
3739 2665 3809 2704 ca-

2235 2745 2524 2816 gitationes
2548 2744 2787 2809 habenti,
2822 2744 3078 2815 quoniam
3121 2752 3249 2798 tunc
3285 2742 3614 2800 laudabitur
3652 2744 3807 2813 iustis

2236 2836 2457 2891 audiens
2486 2850 2516 2889 a
2547 2827 2813 2891 Domino:
2853 2835 3021 2905 Euge,
3049 2828 3191 2889 serre
3213 2835 3342 2888 bone
3380 2844 3432 2888 et
3457 2835 3666 2904 ﬁdelis,
3690 2839 3807 2889 inm

2233 2926 2287 2980 in
2300 2926 2551 2998 gaudium
2576 2925 2878 2980 Dominitui
2893 2922 3108 2999 (Matth.
3125 2923 3308 2995 χχιιι),
3332 2931 3386 2979 et
3407 2941 3423 2978 :
3442 2923 3654 2988 Venite,
3676 2926 3805 2979 beato

2198 3018 2361 3073 'dicti
2417 3015 2595 3072 Patris
2641 3017 2774 3084 mei,
2815 3017 3061 3089 percipile
3104 3031 3317 3086 regnum
3373 3016 3525 3069 vobis
3581 3026 3806 3085 paratu

2235 3109 2449 3183 (Matth.
2464 3109 2614 3181 xxv).
2630 3108 3262 3179 Vituperahiturquoque
3286 3104 3533 3173 injustus
3558 3107 3807 3175 accipiens

2234 3205 2553 3260 sententiam
2572 3222 2585 3258 :
2604 3202 2795 3258 Mittite
2815 3218 2930 3256 eum
2951 3201 3003 3254 in
3026 3199 3262 3255 tenebras
3288 3200 3705 3263 exteriores,et,
3722 3197 3804 3261 llr,

2232 3295 2521 3364 maledicti,
2563 3297 2619 3350 in
2662 3296 2833 3364 ignem
2864 3303 3110 3347 trternum
3165 3289 3376 3361 (lbid.).
3421 3290 3611 3359 Aqua
3666 3289 3807 3342 male-

2234 3388 2471 3443 dictione
2507 3386 2602 3458 qui
2630 3382 2833 3441 fuerint
2859 3382 3023 3438 alieni
3059 3390 3114 3438 et
3142 3380 3371 3447 exclusi,
3400 3379 3605 3435 felices
3642 3393 3808 3451 rego:-

2231 3482 2367 3536 buut
2392 3494 2515 3535 cum
2547 3478 2677 3534 Deo.

2306 3569 2437 3625 Htl’c
2465 3578 2660 3634 autem,
2695 3568 2907 3639 fratres,
2946 3565 3001 3621 id
3029 3572 3110 3619 cst
3136 3562 3353 3618 nomina
3387 3562 3670 3619 falsorum
3704 3568 3809 3633 apo-

2234 3664 2519 3728 stolorum,
2571 3659 2962 3731 transﬁguravi,
3014 3658 3068 3713 id
3111 3666 3194 3712 est
3252 3649 3516 3711 transtuli
3568 3658 3628 3711 in
3674 3664 3807 3711 mea

2233 3752 2418 3824 Apollo
2443 3760 2651 3821 propter
2684 3768 2791 3814 vos,
2825 3749 3077 3805 videlicet
3122 3762 3190 3802 ne
3225 3761 3325 3800 vos
3362 3746 3435 3800 ad
3484 3747 3810 3801 invidiatnet

2234 3843 2618 3899 detractionem
2662 3856 3036 3912 provocarent,
3064 3850 3119 3893 ut
3160 3840 3215 3893 in
3252 3836 3403 3892 nobis
3433 3838 3691 3901 discetis,
3715 3836 3815 3892 Salv

2234 3936 2385 3993 audis
2429 3933 2808 3999 humilitatem,
2854 3948 2940 3997 ne,
2983 3947 3142 4001 supra
3187 3946 3346 4000 quam
3391 3931 3669 4000 scriptum
3702 3938 3802 3989 est,

2235 4043 2369 4081 unus
2399 4025 2645 4080 adversus
2668 4023 2887 4078 alterum
2908 4022 3121 4092 inﬂetur
3139 4036 3231 4091 pro
3254 4018 3381 4073 alio.
3411 4018 3803 4076 Concaleuatia

2232 4130 2315 4176 est
2348 4117 2666 4188 bujusmodi,
2686 4126 2787 4172 uta
2812 4115 2967 4171 nobis
2988 4114 3214 4170 discatis
3226 4112 3635 4177 humilitatem,
3656 4128 3720 4168 ne
3744 4112 3806 4164 ia-

2233 4211 2408 4275 iletur,
2440 4210 2492 4264 id
2517 4217 2600 4265 est
2628 4223 2694 4262 ne
2718 4206 2968 4277 superbia
2997 4220 3135 4259 unus
3157 4202 3424 4257 adversus
3455 4202 3703 4259 alterum
3727 4216 3809 4273 pro

2233 4302 2338 4357 alio
2362 4314 2523 4371 supra
2550 4313 2709 4368 quam
2735 4298 2995 4366 scriptum
3024 4303 3127 4358 est,
3150 4295 3204 4349 id
3233 4301 3319 4348 est
3347 4292 3497 4349 sicut
3515 4293 3647 4364 jam
3670 4306 3805 4363 supra

2233 4394 2492 4464 scriptum
2523 4397 2628 4454 est,
2660 4387 2800 4459 quod
2832 4402 2939 4441 non
2979 4384 3221 4441 debeatis
3246 4398 3436 4455 agere,
3469 4384 3731 4440 videlicet
3753 4396 3811 4435 ac

2233 4501 2372 4540 unus
2417 4482 2697 4539 Donatista
2744 4478 2959 4535 inﬂetur
3011 4492 3111 4549 pro
3154 4475 3281 4542 alio,
3334 4475 3387 4530 id
3451 4486 3544 4530 est
3571 4491 3678 4546 pro
3718 4475 3811 4529 Do-

2239 4586 2381 4642 nato,
2414 4592 2443 4630 a
2474 4589 2581 4647 quo
2636 4573 2941 4643 baptizatus
2979 4580 3081 4638 est,
3139 4569 3400 4624 adversus
3445 4570 3716 4633 alterum,
3764 4569 3810 4621 ii

2240 4676 2323 4723 est
2363 4665 2741 4727 Novatianum,
2779 4664 2964 4718 dicens
3007 4676 3066 4717 se
3116 4675 3146 4714 a
3177 4660 3456 4714 sanctiore
3498 4660 3730 4714 homine
3766 4670 3811 4711 et

2240 4756 2448 4811 meliori
2476 4755 2799 4826 baptismate
2834 4767 2951 4807 esse
2983 4752 3314 4822 baptizatum
3344 4768 3359 4816 ;
3392 4758 3447 4804 et
3472 4750 3683 4805 iterum

2236 4848 2486 4903 vatianus
2517 4854 2706 4901 contra
2740 4843 3074 4899 Donatistam
3128 4857 3226 4913 pro
3264 4841 3414 4896 alio:
3458 4856 3568 4912 pro
3619 4842 3813 4896 Novate

2235 4941 2502 5006 videlicet,
2539 4953 2570 4992 a
2598 4954 2705 5007 quo
2733 4946 2815 4993 est
2844 4937 3169 5007 baptizatus,
3198 4936 3380 4991 dicens
3410 4936 3672 4992 sanctius
3703 4951 3817 4990 esse

2237 5031 2558 5101 baptismum
2585 5028 2776 5084 Novati
2805 5027 2958 5097 cujus
3000 5026 3325 5097 baptismate
3362 5025 3480 5094 ipse
3508 5035 3604 5082 est
3644 5029 3815 5097 bapti

2236 5130 2415 5177 zatus:
2461 5119 2667 5175 Meliori
2717 5120 2934 5190 (inquit)
2966 5118 3289 5189 baptismate
3334 5132 3458 5171 sum
3501 5118 3821 5190 baptizatus

2234 5227 2394 5284 quam
2433 5219 2511 5274 tu,
2554 5211 2677 5281 quia
2707 5210 2896 5264 melior
2952 5216 3037 5263 est
3062 5205 3300 5263 Novatus
3322 5205 3563 5262 Donato.

2307 5304 2436 5370 Qui:
2462 5306 2598 5358 enim
2629 5314 2676 5356 te
2707 5301 2992 5357 discernit?
3031 5299 3285 5355 subaudis
3322 5297 3540 5353 ﬁdelem
3592 5315 3717 5357 esse
3758 5300 3821 5353 ab

2234 5394 2456 5462 infideli,
2485 5395 2701 5449 doctum
2738 5393 2805 5447 ab
2837 5391 3068 5452 indocto,
3103 5390 3154 5444 id
3183 5399 3285 5453 est,
3317 5389 3439 5457 quis
3471 5396 3522 5442 te
3544 5388 3682 5445 fecit
3712 5404 3823 5443 me

2235 5485 2426 5541 liorem
2466 5484 2557 5540 illo
2591 5483 2679 5538 cui
2717 5496 2823 5536 non
2854 5480 3071 5536 donavit
3114 5478 3256 5548 quod
3290 5478 3383 5533 tibi
3427 5480 3703 5533 donavit?
3725 5477 3825 5531 Vel

2235 5577 2357 5646 quis
2405 5575 2533 5630 fecit
2589 5584 2640 5628 te
2665 5573 2963 5637 meliorem,
2991 5585 3024 5624 ο
3066 5569 3364 5632 Donatista,
3394 5582 3564 5638 quam
3606 5570 3682 5624 sit
3714 5566 3821 5622 No-

2236 5665 2505 5732 vatianus,
2538 5662 2786 5720 donando
2809 5661 2907 5716 tibi
2932 5662 3158 5716 virtutes
3182 5673 3320 5730 quas
3355 5657 3445 5713 ille
3476 5672 3595 5714 non
3624 5660 3825 5714 habet?

2234 5758 2391 5814 Dedit
2439 5756 2535 5812 tibi
2579 5755 2682 5811 hoc
2726 5755 2924 5811 donum
2977 5753 3235 5817 Donatus,
3292 5767 3361 5806 an
3403 5749 3827 5821 Deusilitiquc

2233 5850 2374 5906 Deus
2404 5848 2558 5913 donis
2586 5848 2699 5904 suis
2738 5854 2790 5902 et
2824 5845 2995 5917 gratia
3026 5846 3128 5901 hoc
3172 5842 3322 5911 facit,
3353 5844 3489 5900 dans
3522 5843 3628 5900 uni
3673 5846 3825 5915 quod
