3936 6448
292 339 401 397 535

981 335 1342 405 EXPOSITIO
1379 335 1448 393 IN
1484 339 1633 397 EPP.
1675 337 1734 395 S.
1777 336 2003 418 PAULI.
2039 366 2111 381 -—-
2146 334 2213 391 ΙΝ
2248 333 2464 407 EPlS'l‘.
2500 334 2521 389 l
2557 334 2647 390 AD
2687 332 2845 391 COB.

3420 339 3529 396 ἆδῦ

289 457 454 515 habet
496 452 652 512 alter.
692 454 833 521 Quid
863 424 1037 509 autem
1070 457 1224 510 habes
1261 456 1522 511 donorum
1553 454 1857 511 divinorum
1883 455 1934 513 Α
2032 450 2100 504 Et
2126 449 2423 507 laboramus
2444 458 2711 520 operantes
2734 450 2970 505 manibus
2993 452 3528 523 nostris.Laborab,at

287 548 426 618 quod
465 564 569 603 non
588 546 867 617 accepisti?
894 546 1147 602 subaudis
1174 563 1203 600 a
1231 547 1357 601 Dco.

232 630 237 637 ’
357 637 483 691 1am
506 638 730 690 saturati
755 636 899 700 estis,
926 635 1181 690 subaudis
1205 634 1399 689 divinis
1421 632 1717 705 mysteriis,
1738 633 1856 704 jam

232 724 237 729 ’
286 726 469 781 divites
508 725 635 796 facti
675 725 796 779 estis
848 724 899 779 in
952 725 1101 780 onmi
1152 724 1334 790 verbo,
1388 734 1442 780 et
1488 723 1753 787 doctrina,
1806 730 1860 777 et

286 817 615 872 abundantia
654 817 915 872 bonorum
946 832 1197 886 operum;
1246 817 1356 871 sine
1403 816 1549 870 nobis
1596 816 1849 886 regnatis,

284 909 463 965 securi
492 908 559 963 de
585 909 826 980 praemio.
860 907 1064 963 lronice
1092 916 1174 962 est
1211 906 1493 977 legendum
1524 907 1651 971 hoc,
1683 916 1738 960 et
1762 920 1860 976 per

286 1002 639 1068 contrarium,
688 1001 813 1071 quia
857 1015 965 1056 non
1001 1008 1156 1056 erant
1185 999 1257 1055 illi
1284 1000 1373 1070 qui
1400 1000 1605 1054 seducti
1638 997 1854 1077 fuerant

284 1109 318 1148 δ
374 1092 861 1164 pseudoapostolis,
907 1093 1131 1149 saturati
1185 1092 1383 1147 divinis
1436 1092 1726 1165 mysteriis,
1765 1107 1860 1146 ne-

282 1198 390 1253 que
416 1183 629 1248 divites,
659 1198 834 1255 neque
863 1185 1160 1256 regnabant
1206 1184 1322 1239 sine
1367 1182 1496 1237 illis.
1528 1183 1642 1238 lloc
1679 1191 1856 1241 aulam

281 1273 429 1342 quod
451 1274 696 1343 sequitur
729 1275 967 1344 cptazive
1009 1282 1170 1346 atque
1204 1272 1518 1328 allirmative
1560 1282 1644 1330 est
1685 1271 1860 1344 profe-

284 1362 513 1418 rendum
539 1380 556 1430 ;
587 1372 637 1417 et
659 1364 1101 1435 utinam'regnetis
1124 1364 1285 1420 modo
1310 1374 1363 1417 ut
1396 1373 1444 1417 et
1471 1380 1564 1418 nos
1598 1364 1858 1419 vobiscum

232 1522 239 1527 θ
284 1467 596 1522 regnemus;
636 1450 711 1505 illi
738 1451 790 1505 in
817 1452 1068 1523 praesenti
1100 1452 1295 1508 saeculo
1325 1459 1551 1522 regnant
1575 1467 1700 1507 cum
1723 1452 1855 1518 Deo,

280 1542 377 1612 qui
406 1542 530 1596 talia
576 1556 739 1612 Opera
778 1552 985 1614 agunt,
1011 1558 1110 1613 pro
1146 1543 1341 1612 quibus
1374 1543 1489 1613 jam
1526 1542 1704 1599 securi
1736 1552 1861 1598 sunt

282 1635 354 1689 de
383 1635 607 1704 pnnmio
645 1643 863 1690 aeternae
906 1637 1049 1700 vitae,
1082 1642 1137 1689 et
1157 1635 1248 1706 qui
1282 1650 1404 1691 cum
1443 1635 1555 1693 Deo
1583 1634 1858 1707 regnaturi

283 1735 437 1793 sunt,
462 1728 599 1782 sicut
628 1728 857 1797 apostoli
889 1736 944 1783 et
975 1728 1146 1785 sancti
1173 1738 1464 1799 martyres.

1962 541 2159 596 Paulus
2173 540 2562 597 sccnofactoria
2577 550 2693 595 arte
2706 557 2737 595 a
2751 541 2923 610 prima
2940 543 3073 599 hora
3096 560 3266 615 usque
3284 545 3349 601 ad
3368 534 3529 618 quin-
3588 584 3609 609 ,κ

1960 642 2093 697 tam,
2117 639 2173 685 et
2216 646 2246 685 a
2274 631 2462 699 quinta
2508 631 2907 700 praedicationis
2954 648 3125 703 usque
3163 634 3228 690 ad
3260 616 3525 705 decimaiir

1960 727 2288 795 insistebat:
2346 725 2601 797 quoniam
2646 726 2865 781 nolebat
2893 742 2924 782 a
2975 726 3272 785 Corinthiis
3318 706 3529 807 aliquid
3628 718 3661 725 ’λ

1959 822 2228 892 accipere,
2251 834 2426 889 neque
2460 819 2529 874 ab
2564 818 2685 873 aliis
2723 818 3081 885 auditoribus,
3122 829 3179 874 ut
3199 821 3369 899 libere
3398 836 3526 892 pos-

1959 923 2043 970 set
2080 890 2280 968 eorum
2332 910 2462 965 vitia
2529 910 2856 979 redarguere
2905 920 2960 966 et
3018 890 3527 989 cort;iperc'.'fqblale-

1958 1005 2203 1069 dicimur,
2240 1003 2292 1057 id
2320 1009 2404 1056 est
2439 1000 2875 1071 blasphcmamur
2909 1002 2975 1056 ab
3003 988 3341 1070 infidelibus,
3366 1004 3525 1076 quasi

1958 1094 2121 1162 magi,
2156 1092 2403 1156 malefici,
2433 1099 2596 1162 atque
2623 1091 2889 1164 sacrilegi,
2914 1101 2961 1146 et
3009 1093 3353 1152 benedicimus
3389 1112 3528 1167 prte-

1959 1185 2188 1240 dicando
2211 1184 2317 1240 illis
2346 1181 2640 1245 Christum.
3484 1232 3489 1237 .

2029 1274 2462 1344 Blaspltemamur
2522 1274 2676 1344 quasi
2733 1274 3044 1335 seduCtores
3072 1316 3087 1341 ,
3157 1272 3485 1337 obsecramus
3509 1321 3537 1349 ,.

1958 1367 2213 1423 subaudis
2249 1374 2307 1422 ut
2336 1366 2505 1422 libere
2538 1365 2755 1421 audiant
2776 1365 3075 1422 doctrinam
3104 1362 3527 1440 Domini,t}uam

1957 1455 2033 1512 illi
2086 1456 2421 1511 detestantur
2452 1454 2599 1510 velut
2639 1454 3061 1525 blasphemiam;
3096 1454 3451 1527 petimusque)
3470 1466 3533 1513 ut

1958 1546 2085 1600 dent
2110 1545 2264 1600 nobis
2291 1544 2467 1600 locum
2504 1544 2788 1601 reddendae
2815 1544 3060 1609 rationis,
3089 1526 3197 1615 quo
3239 1526 3530 1603 manifeste

1956 1637 2250 1706 probemur
2304 1650 2411 1692 non
2460 1649 2579 1691 esse
2634 1634 2768 1691 tales
2825 1634 3011 1706 quales
3069 1620 3529 1705 hlasphemariit‘ii‘.

1959 1726 2115 1783 Facti
2135 1745 2313 1783 sumus
2344 1728 2573 1783 omnium
2598 1727 2906 1798 peripsema,
2939 1726 2993 1781 id
3024 1736 3116 1784 est
3133 1712 3530 1811 despectisgititi

356 1815 655 1872 Puto-enim
686 1818 826 1887 quod
852 1817 991 1872 Deus
1022 1834 1115 1872 nos
1141 1797 1426 1890 apostolos,
1474 1831 1563 1872 me
1589 1825 1644 1872 et
1664 1816 1859 1873 Barna—
1885 1797 1933 1857 Β
1962 1829 2020 1876 ει
2035 1819 2280 1875 vilissimi
2304 1797 2907 1890 omnium..Peripsema
2932 1827 3016 1874 est
3035 1797 3252 1891 proprie
3276 1797 3533 1875 umidis
3631 1844 3635 1849 -

280 1911 433 1977 bam,
464 1908 765 1966 Sosthenen
794 1920 845 1966 et
879 1910 1240 1982 reliquos,qui
1262 1910 1410 1969 vobis
1430 1911 1859 1982 praedicavimus,
1908 1966 1931 1985 ‘

281 2001 589 2057 novissimos
618 2001 841 2056 ostendit
883 2012 1132 2070 tanquam
1169 2001 1323 2054 morti
1345 2001 1651 2065 destinatos,
1675 2000 1729 2054 id
1755 2008 1859 2066 est,

282 2093 504 2162 quando
542 2093 689 2149 misit
736 2107 834 2148 nos
876 2091 941 2146 ad
978 2091 1373 2163 praedicandum
1423 2091 1577 2149 vobis
1619 2091 1863 2164 Evange-

283 2184 444 2249 lium,
469 2183 628 2237 morti
659 2183 975 2247 destinavit,
1017 2181 1273 2253 quoniam
1298 2190 1479 2237 vestra
1508 2181 1863 2237 incredulitas

281 2284 342 2332 et
377 2275 630 2335 ferocitas
674 2290 780 2330 non
813 2274 1122 2331 interﬁciet.
1169 2274 1295 2331 Ideo
1341 2275 1475 2330 dixit
1530 2275 1858 2341 novissimos,

280 2367 411 2437 quia
436 2375 559 2437 post
579 2366 862 2423 duodecim
886 2367 1251 2438 apostolorum
1273 2368 1635 2434 vocationem,
1661 2377 1714 2423 et
1740 2377 1860 2440 post

284 2458 497 2515 Domini
529 2459 922 2524 ascensionem,
966 2460 1065 2530 ipsi
1094 2460 1265 2515 vocati
1293 2468 1494 2516 suntet
1544 2460 1702 2516 electi
1730 2462 1859 2531 quia

280 2547 656 2616 spectaculum,
703 2548 753 2602 id
786 2557 871 2605 est
915 2549 1218 2616 ridiculum,
1251 2550 1367 2605 sive
1398 2550 1597 2615 irrisio,
1628 2550 1732 2615 vel,
1761 2564 1859 2620 pro

285 2638 551 2693 miraculo
590 2639 718 2709 [acti
752 2656 931 2694 sumus
973 2640 1168 2694 mundo
1199 2650 1245 2693 et
1271 2640 1490 2711 angelis,
1532 2640 1778 2695 videlicet
1805 2641 1856 2695 in

284 2727 502 2785 mundis
543 2729 822 2800 Spiritibus
848 2739 902 2784 et
951 2731 1125 2796 malis,
1161 2740 1207 2785 et
1236 2730 1553 2796 hominibus,
1583 2731 1674 2803 qui
1727 2746 1858 2803 gau-

285 2822 419 2875 dent
468 2820 532 2875 de
584 2821 741 2876 malis
783 2830 943 2891 atque
992 2824 1270 2878 tormentis
1306 2838 1427 2893 qua:
1478 2823 1718 2893 patimur
1761 2837 1859 2894 pro

285 2911 462 2968 vobis.
505 2911 885 2982 Spectaculum
936 2913 1131 2968 dicitur
1161 2929 1190 2967 a
1219 2913 1533 2983 spectando,
1579 2913 1630 2966 id
1669 2922 1754 2967 est
1780 2914 1859 2968 vi-

288 3000 483 3065 dendo,
513 3001 922 3073 contemplando
945 3003 1119 3074 ;quod
1146 3011 1200 3057 ει
1233 3004 1497 3058 theatrum
1524 3003 1625 3058 dici
1650 3011 1855 3071 potest;

285 3101 409 3145 erat
430 3090 570 3145 enim
600 3090 751 3148 locus
779 3092 833 3145 in
862 3092 1189 3157 civitatibus,
1220 3092 1309 3146 ubi
1336 3092 1724 3147 exercebantur
1737 3094 1858 3162 joca

289 3182 515 3253 regalia,
549 3191 604 3238 et
641 3182 733 3237 ubi
775 3181 1181 3238 decollabantur
1222 3183 1299 3239 rei
1340 3190 1394 3238 et
1433 3182 1749 3252 plerumque
1776 3181 1860 3237 in-

290 3283 549 3331 nocentes
575 3312 590 3341 ,
634 3282 695 3328 ut
718 3282 878 3328 erant
919 3274 1089 3330 sancti
1120 3282 1405 3347 martyres,
1429 3274 1496 3340 ad
1524 3289 1684 3345 quem
1729 3289 1859 3330 con-

285 3365 490 3420 ﬂuebat
514 3365 690 3421 omnis
724 3365 950 3438 populus
980 3366 1049 3425 ad
1089 3367 1377 3425 videndum
1402 3382 1464 3424 ca
1487 3383 1606 3440 qua:
1632 3367 1706 3423 ibi
1730 3383 1859 3443 age-

289 3457 509 3510 bantur.

364 3545 477 3600 Nos
527 3545 674 3602 stulti
720 3558 931 3619 propter
979 3549 1266 3617 Christum,
1319 3550 1456 3607 sicut
1496 3566 1590 3607 vos
1636 3551 1856 3623 putatis,

290 3635 417 3703 quia
437 3651 544 3691 non
568 3639 985 3694 contradicimus
1007 3639 1146 3694 mala
1176 3639 1550 3709 inferentibus,
1575 3649 1629 3697 et
1660 3642 1859 3698 malum

287 3741 386 3796 pro
410 3726 550 3781 malo
574 3744 681 3784 non
705 3730 1003 3796 reddimus;
1029 3747 1113 3785 vos
1134 3742 1308 3786 autem
1327 3733 1602 3804 prudentes
1630 3734 1686 3788 in
1708 3734 1860 3789 Chri-

286 3831 361 3881 to,
387 3817 529 3873 sicut
550 3819 704 3875 vobis
722 3819 931 3875 videtur
956 3838 967 3874 :
999 3822 1122 3891 quia
1138 3823 1218 3877 sic
1230 3823 1391 3878 vultis
1401 3837 1518 3879 esse
1533 3822 1855 3889 Christiani,

288 3921 350 3966 ut
387 3911 725 3982 prudentiam
746 3914 931 3968 mundi
960 3929 1065 3968 non
1093 3916 1377 3981 amittatis,
1408 3925 1462 3972 et
1483 3932 1676 3986 magna
1698 3917 1860 3972 vultis

285 4004 491 4057 sentire
518 4004 586 4057 de
614 4002 832 4058 Christo
863 4004 1076 4060 inﬁrma
1107 4007 1451 4076 denegantes.
1483 4008 1596 4062 Nos
1640 4009 1858 4076 inﬁrmi,

286 4093 417 4162 quia
439 4101 658 4147 nostras
678 4091 905 4176 injurias
926 4109 1033 4149 nou
1056 4094 1425 4163 vindicamus;
1452 4113 1538 4150 vos
1562 4108 1734 4151 autem
1752 4097 1860 4166 for—

286 4199 386 4249 tes,
434 4185 525 4256 qui
573 4186 780 4241 viribus
825 4187 1063 4258 propriis
1108 4188 1465 4244 resistendum
1494 4188 1726 4259 putatis;
1772 4205 1858 4245 vos

287 4276 510 4344 nobiles,
544 4277 612 4333 de
653 4277 930 4334 nobibtate
974 4278 1186 4349 generis
1215 4279 1540 4349 gloriantes;
1579 4296 1671 4334 nos
1713 4281 1861 4350 igua-

288 4370 437 4436 biles,
498 4379 557 4426 ut
592 4385 689 4426 vos
717 4371 941 4440 putatis.
979 4369 1104 4426 Htec
1151 4370 1331 4426 omnia
1382 4386 1480 4441 per
1524 4370 1856 4425 contrarium

290 4460 516 4533 intelligi
546 4460 745 4516 debent
763 4470 819 4515 et
842 4461 1045 4515 ironice
1065 4459 1383 4531 proferenda
1403 4469 1528 4515 sunt
1559 4478 1572 4514 :
1603 4459 1856 4530 quoniam
1887 4487 1933 4545 υ

290 4553 436 4624 quod
464 4553 675 4608 videtur
701 4553 991 4621 denegare,
1019 4552 1122 4607 hoc
1137 4549 1466 4607 allirmatzet
1487 4552 1589 4607 hoc
1603 4550 1852 4621 denegat,

288 4645 433 4717 quod
455 4644 724 4702 allirmare
745 4646 977 4712 videtur,
1011 4645 1165 4717 quasi
1195 4644 1399 4701 diceret
1424 4663 1440 4699 :
1473 4644 1581 4699 Nos
1618 4644 1853 4714 pruden—

292 4747 392 4800 tes,
417 4751 514 4791 vos
531 4735 678 4790 stulti
709 4751 725 4801 ;
764 4751 864 4791 nos
888 4734 1076 4798 fortes,
1104 4734 1196 4804 qui
1226 4734 1451 4789 adversa
1487 4732 1646 4800 hujus
1671 4732 1855 4788 mundi

287 4825 620 4881 sustinemus
632 4840 730 4894 pro
750 4822 987 4888 Christo,
1001 4838 1098 4878 vos
1117 4822 1317 4877 inﬁrmi
1334 4822 1422 4890 qui
1448 4822 1573 4876 talia
1587 4830 1641 4877 et
1661 4821 1857 4877 similia
1874 4886 1883 4895 ο

286 4934 395 4974 non
421 4917 629 4973 audetis
650 4916 949 4982 sustinere;
974 4930 1073 4971 nos
1087 4915 1296 4970 nobiles
1320 4913 1387 4969 de
1411 4930 1607 4986 genere
1632 4915 1860 4985 patriar-

286 5010 511 5064 charum
532 5006 941 5071 descendentes,
960 5020 1055 5060 vos
1068 5005 1348 5076 ignobiles,
1374 5005 1426 5059 id
1452 5014 1536 5060 est
1562 5005 1677 5060 sine
1693 5005 1861 5061 nomi-

288 5113 357 5152 ne
397 5096 693 5167 dignitatis,
735 5095 800 5149 de
830 5110 1025 5166 genere
1056 5094 1332 5166 gentilium
1372 5093 1512 5149 idola
1539 5094 1849 5150 colentium.

362 5188 536 5259 Usque
557 5188 756 5243 initam:
779 5173 981 5250 horam,
1010 5187 1158 5242 idest
1187 5200 1357 5256 usque
1380 5185 1448 5239 ad
1472 5200 1711 5254 praesens
1733 5194 1861 5241 tetu-

285 5295 414 5353 pus,
437 5290 483 5335 et
497 5280 755 5334 esurimus
777 5278 987 5349 longam
1006 5277 1222 5343 famem,
1237 5286 1289 5331 et
1306 5277 1858 5348 nuditatem,etpenu-

288 5373 446 5430 riam.
480 5371 680 5427 Paulus
707 5370 948 5442 pertulit,
985 5372 1076 5441 qui
1096 5368 1313 5439 juvenis
1345 5378 1565 5426 vocatus
1601 5385 1769 5440 usque
1790 5371 1860 5426 ad

284 5470 624 5519 senectutem
653 5463 707 5518 in
744 5463 828 5519 his
853 5464 1199 5533 perduravit;
1232 5462 1297 5517 Et
1323 5462 1555 5533 colaphis
1584 5463 1858 5532 credimur,

287 5555 342 5610 id
363 5563 450 5612 est
495 5556 712 5626 pugnis,
757 5556 952 5624 quibus
998 5555 1177 5609 omnia
1208 5569 1406 5625 genera
1461 5560 1854 5609 tormentorum

286 5649 571 5719 designat;
616 5658 662 5704 et
705 5646 971 5702 instabiles
1017 5665 1215 5712 sumus,
1275 5647 1369 5718 qui
1407 5646 1745 5718 pellebantur
1793 5646 1859 5702 de

287 5740 407 5796 loco
429 5740 480 5795 in
505 5740 706 5810 locum,
741 5738 1117 5808 elfugabantur
1137 5740 1204 5796 de
1223 5739 1441 5795 civitate
1471 5738 1524 5794 in
1561 5738 1856 5795 civitatem.

1962 1921 2017 1968 et
2034 1926 2227 1968 rasura
2245 1910 2393 1978 teris,
2412 1918 2508 1965 aut
2528 1908 2756 1979 alicujus
2775 1908 3001 1975 metalli,
3016 1908 3105 1966 vel
3119 1919 3532 1982 purgamentum

1958 2003 2126 2075 pomi,
2164 2004 2281 2060 sive
2303 2001 2608 2074 quisquilias
2633 2001 2844 2057 domus.

2032 2093 2157 2149 Non
2182 2103 2238 2148 ut
2259 2091 2581 2163 confundam
2606 2107 2714 2157 vos,
2755 2090 2867 2146 lucc
2901 2090 3096 2156 scribo,
3122 2088 3176 2145 id
3208 2096 3313 2157 est,
3345 2104 3453 2147 non
3475 2096 3534 2155 ut

1958 2184 2318 2244 verecundari
2334 2199 2431 2240 vos
2452 2181 2672 2251 faciam,
2688 2180 2780 2238 sed
2802 2190 2857 2242 ut
2877 2180 3016 2251 ﬁlios
3042 2196 3181 2235 meos
3198 2180 3532 2235 charissimos

1959 2294 2140 2334 moneo
2170 2276 2298 2347 quid
2324 2291 2485 2347 agere
2509 2276 2565 2330 in
2610 2273 2915 2346 exemplum
2952 2271 3130 2328 Patris
3158 2268 3421 2337 debeatis,
3448 2270 3532 2327 vel
3600 2312 3603 2317 .
3634 2296 3638 2305 ι

1959 2370 2139 2424 indico
2169 2367 2322 2424 vobis
2362 2367 2541 2437 qualia
2566 2366 2859 2437 perferam,
2898 2374 2958 2421 ut
2982 2373 3037 2422 et
3062 2380 3158 2423 vos
3191 2364 3387 2423 similia
3423 2378 3532 2421 non

1958 2462 2214 2516 dubitetis
2244 2460 2511 2516 sustinere
2533 2474 2633 2530 pro
2654 2458 2893 2516 Christo.

2030 2552 2170 2607 Nam
2192 2554 2237 2608 si
2255 2552 2428 2607 decem
2450 2552 2617 2606 millia
2631 2552 3033 2624 pwdagogorum
3053 2552 3285 2606 habeatis
3311 2552 3363 2605 in
3380 2548 3534 2604 Chri-

1956 2654 2056 2710 sto,
2098 2643 2150 2698 id
2179 2651 2264 2699 est
2294 2644 2345 2697 in
2372 2643 2618 2699 doctrina
2670 2640 2796 2698 ﬁdet
2825 2641 3043 2706 Christi,
3075 2643 3164 2697 sed
3198 2658 3303 2697 non
3338 2640 3529 2696 multos

1954 2744 2128 2806 patres
2181 2734 2405 2806 potestis
2446 2734 2663 2789 habere.
2689 2731 2971 2803 Paedagogi
3002 2730 3256 2787 dicuntur
3293 2745 3359 2786 eo
3387 2730 3531 2800 quod

1956 2828 2181 2896 pedibus
2217 2837 2399 2895 agant,
2442 2826 2493 2880 id
2526 2832 2611 2881 est
2637 2825 2874 2891 ductent,
2915 2824 3028 2879 sive
3067 2823 3267 2879 ducant
3307 2836 3529 2893 pueros,

1957 2917 2119 2972 iidem
2144 2924 2271 2973 sunt
2293 2924 2351 2970 et
2378 2914 2677 2986 pedisequi.
2706 2913 2870 2968 Pater
2901 2913 3053 2984 prius
3082 2920 3306 2983 generat
3337 2912 3530 2977 lilium,

1956 3004 2298 3078 postmodum
2324 3020 2453 3061 vero
2485 3003 2779 3075 paedagogo
2813 3004 3104 3059 committit
3141 3005 3210 3059 ad
3247 3004 3531 3059 instruen-

1964 3096 2089 3151 dum
2122 3111 2136 3147 :
2168 3101 2223 3148 et
2251 3107 2375 3148 cum
2410 3092 2607 3147 multos
2634 3092 2803 3162 possit
2833 3093 3034 3148 habere
3054 3092 3394 3163 paedagogos,
3426 3108 3532 3149 non

1967 3192 2147 3240 tamen
2173 3183 2278 3239 nisi
2316 3198 2479 3238 unum
2520 3189 2749 3251 patrem.
2779 3181 2871 3238 Sic
2897 3181 3094 3237 Paulus
3144 3196 3242 3252 per
3270 3182 3534 3251 prredica-

1965 3276 2126 3331 tionis
2160 3274 2315 3330 ﬁdem
2344 3282 2606 3345 genuerat
2649 3272 2866 3330 Christo
2901 3270 3234 3328 Corinthios.
3267 3269 3373 3327 Sed
3412 3280 3535 3341 post

1964 3365 2260 3422 discessum
2292 3362 2427 3433 ejus,
2458 3371 2783 3434 acceperunt
2813 3368 3010 3418 multos
3036 3361 3381 3433 paedagogos,
3425 3375 3531 3415 non

1964 3456 2137 3512 solum
2184 3455 2377 3521 bonos,
2435 3455 2528 3511 sed
2566 3455 2732 3510 etiam
2781 3452 2977 3518 malos,
3024 3451 3228 3523 pseudo
3282 3450 3535 3527 videlicet

1963 3547 2259 3623 apostolos.
2292 3547 2632 3618 Quapropter
2670 3545 2783 3616 ipse
2811 3543 2942 3599 dicit
2968 3557 2983 3596 :
3011 3542 3163 3598 Licet
3189 3541 3388 3598 multos
3418 3556 3534 3596 ma-

1961 3642 2158 3715 gistros
2186 3648 2241 3695 et
2262 3639 2513 3694 doctores
2551 3637 2805 3701 habeant,
2839 3642 3017 3688 tamen
3045 3648 3152 3687 non
3184 3640 3409 3702 possunt
3433 3630 3532 3689 ha-

1961 3733 2090 3788 bere
2117 3732 2299 3803 plures
2322 3740 2533 3801 patres,
2567 3726 2818 3784 videlicet
2860 3724 2965 3781 nisi
3000 3724 3150 3780 illum
3181 3723 3273 3795 qui
3299 3723 3534 3796 primum

1963 3825 2043 3880 eis
2063 3824 2221 3879 fidem
2256 3820 2587 3893 praedicavit.

2031 3912 2159 3965 Ideo
2186 3912 2303 3966 misi
2329 3911 2397 3965 ad
2434 3928 2520 3965 vos
2574 3908 2915 3967 Timotheum,
2955 3908 3046 3977 qui
3087 3915 3160 3961 est
3208 3907 3533 3976 ﬁliusmeus

1961 4003 2300 4058 charissimus
2335 4010 2381 4054 et
2428 3998 2597 4070 ﬁdelis
2638 4001 2695 4055 in
2722 4000 2968 4053 Domino.
2999 3998 3253 4053 Latenter
3282 4013 3376 4053 eos
3403 4012 3530 4066 per-

1959 4093 2119 4159 cutit,
2145 4100 2201 4147 et
2228 4092 2282 4147 in
2308 4089 2466 4146 laude
2506 4090 2674 4160 ipsius
2698 4091 2966 4160 vituperat
3000 4087 3141 4155 illos,
3165 4088 3319 4157 quasi
3348 4087 3492 4142 dicat
3519 4103 3533 4139 :

1963 4182 2070 4236 Vos
2098 4195 2205 4236 non
2253 4180 2384 4235 estis
2418 4176 2619 4234 fideles.
2669 4176 2772 4244 Qui
2818 4195 2907 4233 vos
2950 4176 3381 4249 commouefaciat
3425 4178 3535 4232 vias

1960 4288 2125 4337 meas,
2150 4269 2203 4327 id
2229 4268 2445 4340 est,.qui
2460 4283 2557 4324 vos
2589 4277 2926 4324 commoneat
2953 4277 3008 4323 et
3038 4267 3315 4323 denuntiet
3333 4276 3387 4323 et
3406 4268 3535 4338 quid

1958 4372 2147 4434 agatur
2174 4362 2316 4417 circa
2342 4376 2449 4428 me,
2475 4368 2532 4417 et
2558 4376 2678 4431 qua:
2724 4359 2956 4433 praadiqo
2987 4374 3151 4430 opere
3188 4359 3451 4430 compleo,
3481 4366 3538 4414 et

1959 4454 2188 4523 qualiter
2211 4452 2356 4516 vivo,
2384 4452 2613 4521 idipsum
2638 4450 2692 4505 in
2720 4448 2955 4505 Ecclesia
2997 4449 3251 4519 przedico,
3278 4446 3533 4519 quoniam

1960 4547 2014 4598 in
2049 4542 2300 4599 omnibus
2326 4540 2604 4610 aequaliter
2629 4541 2815 4594 doceo.
2853 4538 3122 4611 Tanquam
3148 4555 3251 4594 non
3285 4547 3535 4594 venturus

1958 4635 2057 4688 sint
2109 4633 2178 4687 ad
2226 4648 2336 4697 vos,
2371 4633 2447 4686 sic
2490 4632 2661 4703 inﬂati
2709 4632 2840 4687 estis
2871 4630 3247 4702 superhiendo.
3276 4631 3536 4687 Dicebant

1960 4723 2103 4779 enim
2154 4722 2418 4778 Corinthii
2459 4739 2473 4776 :
2521 4714 2811 4793 Cognoscit
2846 4737 2904 4777 se
2956 4720 3151 4777 Paulus
3201 4722 3533 4777 rusticanum

1959 4828 2080 4866 esse
2109 4811 2281 4866 nostri
2311 4811 2735 4881 comparatione,
2771 4819 2825 4864 et
2852 4811 2971 4866 ideo
2999 4825 3105 4867 non
3141 4811 3288 4866 venit
3321 4809 3388 4864 ad
3411 4825 3532 4876 nos,

1964 4917 2065 4955 nec
2093 4902 2246 4956 nobis
2274 4917 2417 4956 cura:
2453 4912 2557 4966 est,
2588 4902 2839 4972 quoniam
2876 4904 3136 4959 habemus
3174 4912 3388 4961 nostros
3410 4903 3531 4974 phi-

1963 4995 2241 5064 losophos;
2280 4993 2598 5050 Peccatores
2627 5011 2725 5050 nos
2763 5004 2914 5065 putat
2952 5011 3092 5059 esse,
3118 4996 3342 5065 ideoque
3389 4997 3536 5051 dedi-

1962 5093 2158 5156 gnatur
2196 5086 2377 5157 venire
2399 5086 2466 5140 ad
2507 5100 2628 5151 nos,
2652 5102 2751 5141 nec
2781 5086 2935 5142 nobis
2976 5099 3117 5141 cura:
3141 5094 3244 5149 est,
3278 5085 3531 5154 quoniam

1964 5179 2223 5236 habemus
2252 5186 2466 5234 nostros
2495 5178 2767 5249 apostolos
2809 5196 2821 5232 :
2853 5176 3016 5233 faciat
3057 5175 3200 5247 quod
3228 5173 3360 5230 vult.
3393 5173 3533 5243 Qua-

1960 5280 2179 5344 propter
2202 5271 2480 5343 subjunxit
2500 5270 2787 5342 Apostolus
2811 5289 2827 5326 :

2042 5372 2258 5426 Veniam
2279 5383 2453 5428 autem
2474 5372 2541 5427 ad
2561 5389 2648 5427 ros
2675 5374 2799 5438 cito,
2821 5372 2867 5428 si
2889 5372 3145 5428 Dominus
3178 5372 3418 5438 voluerit,
3439 5372 3534 5431 sed

1961 5465 2120 5519 modo
2153 5479 2263 5519 non
2304 5463 2568 5519 dimittam
2613 5463 2884 5534 Ephesum
2928 5473 2987 5519 ut
3039 5465 3109 5521 ad
3155 5480 3252 5522 vos
3296 5464 3535 5529 veniam,

1961 5555 2086 5624 quia
2109 5554 2281 5626 majus
2305 5554 2512 5610 lucrum
2538 5554 2626 5608 hic
2653 5554 2874 5623 acquiro
2920 5554 3031 5610 Deo
3058 5569 3219 5625 quam
3245 5554 3386 5626 apud
3413 5568 3532 5611 vos.

1962 5645 2096 5701 Cum
2131 5654 2313 5700 autem
2339 5658 2556 5710 venero,
2584 5653 2632 5699 et
2651 5659 2979 5713 cognoscam,
3012 5661 3116 5699 non
3141 5660 3429 5700 “monent
3454 5660 3532 5714 co-

1964 5753 2103 5803 rum,
2122 5736 2376 5792 subaudis
2403 5743 2632 5802 tantum,
2659 5736 2746 5801 qui
2777 5735 2945 5802 inﬂati
2989 5744 3133 5802 sunt,
3161 5735 3250 5790 sed
3274 5736 3531 5816 virnuem.
