3936 6470
483 388 594 450 833

965 358 1316 445 nuneros
1353 386 1833 444 ussusasru.
1876 386 2045 443 EPlSt

2149 384 2283 442 3PP.
2327 384 2508 441 PARS
2547 385 2587 440 l.
2628 414 2699 426 -
2737 384 3092 440 COMMENT.
3132 384 3302 439 BlBL.

3628 381 3742 437 556

482 507 536 561 id
557 512 663 570 est,
680 517 802 561 cum
820 514 1036 563 venero,
1055 515 1159 555 non
1172 500 1524 557 considerabo
1547 516 2050 558 sermonemeorum
2079 502 2127 560 Α
2155 511 2316 567 agere
2356 505 2539 567 posset
2576 486 2790 552 diabolo
2839 497 3054 553 tradere
3096 498 3163 553 ad
3203 496 3508 552 vexandum
3540 513 3594 551 in
3618 513 3743 552 cor-

480 597 866 669 pompaticum,
897 593 986 663 qui
1013 592 1173 648 modo
1203 593 1541 663 superbiant,
1572 593 1665 649 sed
1695 593 1969 657 virtutem,
1995 594 2047 650 id

480 696 564 744 est
585 682 979 761 vimperitum
995 690 1049 737 et
1071 683 1335 738 rationem
1362 684 1626 749 veritatis,
1646 685 1911 753 quomodo
1934 700 2051 740 cre-

476 768 891 855 dant,’
908 774 1144 844 virtutes,
1160 773 1543 831 miraculorum
1563 782 1789 847 possunt
1812 776 2046 845 operari,

440 880 449 883 λ
476 869 566 942 qui
598 869 670 923 ita
698 851 973 930 inﬂantur.

545 957 669 1014 Non
696 958 833 1013 enim
856 959 911 1011 in
948 974 1184 1013 sermone
1221 958 1526 1028 pompatico
1562 966 1723 1037 atque
1760 956 1926 1026 polito
1975 967 2049 1012 est

444 1052 687 1122 regnum
711 1048 825 1113 Dei,
856 1049 908 1105 id
937 1057 1022 1105 est
1068 1065 1173 1104 non
1205 1049 1453 1105 consistit
1493 1050 1548 1103 in
1595 1064 1842 1105 sermone
1870 1063 2051 1103 sermo

471 1139 876 1209 praedicationis
926 1149 980 1201 et
1007 1140 1303 1211 Evangelii,
1333 1140 1479 1209 quod
1519 1155 1740 1211 regnum
1787 1137 2049 1193 ctelorum

471 1230 801 1301 appellatur,
830 1245 898 1287 eo
941 1229 1082 1300 quod
1124 1245 1250 1303 suos
1295 1231 1673 1287 observatores
1718 1229 1785 1283 ad
1828 1243 2051 1300 regnum

473 1321 569 1377 Dei
602 1324 879 1393 perducat,
922 1320 1014 1376 sed
1047 1312 1102 1375 in
1132 1322 1319 1376 uirtute
1360 1319 1487 1375 boni
1524 1319 1706 1397 operis
1757 1318 2005 1375 consistit
2034 1336 2048 1371 :

446 1414 596 1481 'quiu
623 1415 677 1470 in
696 1429 861 1487 regno
884 1413 1138 1467 caelorum
1169 1429 1271 1467 non
1297 1419 1522 1482 regnant
1541 1412 1724 1476 verba,
1752 1410 1849 1465 sed
1872 1410 2008 1466 facta
2035 1426 2048 1462 :

470 1502 579 1569 vel,
608 1503 663 1558 in
702 1503 901 1558 virtute
949 1502 1327 1559 miraculorum
1357 1500 1622 1566 consistit,
1668 1498 1883 1571 quando
1910 1500 2053 1571 quod

471 1594 795 1663 praedicatur
820 1591 1018 1657 verbis,
1048 1593 1322 1648 miraculis
1347 1592 1716 1647 conﬁrmatur.

442 1684 484 1764 ξι
543 1684 685 1761 Quid
708 1684 902 1741 vultis?
923 1701 956 1740 ο
989 1683 1274 1749 Corinthii,
1301 1684 1463 1739 vultis
1498 1689 1559 1737 ut
1597 1684 1652 1736 in
1680 1682 1823 1751 virga
1850 1681 2053 1735 veniam

442 1770 543 1829 “ad
567 1776 695 1855 mg
718 1774 772 1832 id
797 1764 881 1831 esi
905 1774 1145 1830 vindicta
1173 1774 1426 1829 vitiorum
1455 1782 1780 1838 vestrorum,
1807 1781 1862 1827 et
1890 1772 1942 1826 in
1968 1786 2052 1826 se-

2149 604 2305 660 pore,
2331 589 2470 644 sicut
2494 589 2681 654 istum,
2707 603 2917 644 necnon
2941 588 3337 659 Hermogenem
3358 599 3413 643 et
3442 587 3739 653 Philetum,

2152 683 2218 736 de
2236 683 2430 753 quibus
2458 681 2573 752 ipse
2595 681 2722 736 dicit
2751 700 2763 735 :
2790 680 2935 752 Quos
2956 680 3172 746 tradidi,
3199 682 3469 751 inquiens,
3491 678 3740 745 Satantr,

2150 781 2206 825 ut
2231 772 2432 826 discant
2463 787 2568 825 non
2599 770 2955 839 blasphemare
2978 769 3030 844 (I
3064 769 3199 824 Tim.
3219 771 3279 841 ι).
3305 770 3571 839 Ejiciebat
3592 769 3742 824 enim

2149 863 2298 917 illum
2334 862 2494 917 talem
2543 861 2610 923 ab
2641 861 2881 916 Ecclesia
2914 869 2976 920 et,
3017 861 3085 915 ab
3135 862 3282 920 omni
3326 861 3619 925 societate,
3680 869 3738 915 et

2151 952 2229 1007 sic
2264 953 2508 1008 diabolus
2555 968 2652 1022 per
2703 953 2990 1023 imperium
3043 961 3099 1007 et
3146 953 3562 1031 permissionem
3595 951 3739 1007 illius

2151 1042 2376 1098 nimium
2426 1043 2574 1112 gravi
2626 1042 2940 1097 infirmitate
2983 1041 3215 1103 vexabat
3250 1040 3416 1107 illum,
3455 1050 3655 1111 putans
3683 1056 3739 1095 se

2153 1133 2388 1187 animam
2417 1132 2562 1196 illius
2591 1147 2690 1208 per
2714 1132 2842 1189 talia
2876 1147 3034 1203 posse
3064 1131 3302 1197 auferre,
3329 1131 3421 1186 sed
3461 1130 3739 1200 piissimus

2151 1225 2477 1305 praedicator
2508 1225 2561 1279 in
2601 1223 2781 1286 anima
2837 1238 2945 1278 non
2992 1224 3157 1279 dabat
3201 1224 3251 1278 ei
3298 1230 3647 1299 potestatem,
3680 1230 3739 1274 ut

2154 1316 2302 1371 illum
2327 1323 2596 1370 amentem
2628 1316 2900 1381 redderet,
2926 1315 3010 1370 vel
3032 1316 3417 1386 exstingueret.

2225 1404 2347 1460 Non
2377 1414 2450 1460 est
2474 1406 2608 1460 bona
2635 1405 2880 1477 gloriatio
2906 1414 3097 1470 vestra,
3128 1420 3162 1460 0
3182 1403 3470 1470 Corinthii,
3502 1402 3599 1472 qui
3622 1402 3737 1475 glo-

2153 1497 2368 1561 riamini
2398 1500 2451 1554 in
2475 1508 2701 1578 peccato
2732 1500 2895 1565 illius,
2928 1508 3181 1575 putantes
3203 1514 3298 1554 vos
3329 1497 3738 1567 comparatione

2154 1590 2296 1646 illius
2330 1589 2579 1647 meliores
2608 1606 2746 1646 esse.
2798 1589 3023 1645 Nescitis
3058 1591 3180 1660 quia
3222 1589 3485 1643 modicum
3508 1588 3737 1657 fermen-

2154 1690 2262 1733 tum
2292 1690 2455 1735 totam
2495 1697 2722 1735 massam
2751 1679 3076 1749 corrumpit?
3100 1678 3446 1734 Fermentum
3476 1678 3570 1732 hic
3607 1677 3737 1732 duo-

2153 1768 2253 1824 bus
2289 1758 2473 1824 modis
2506 1784 2794 1840 possumus
2842 1768 3138 1839 intelligere
3174 1788 3186 1822 :
3227 1784 3447 1839 pravam
3487 1768 3735 1823 videlicet

748 1861 1103 1939 correptionis
1123 1908 1138 1934 ,
1197 1868 1337 1923 sicut
1375 1866 1583 1938 Moyses
1633 1865 1689 1921 in
1736 1865 2049 1936 Egyptum,
2079 1885 2126 1944 Β
2155 1860 2476 1927 doctrinam,
2508 1868 2560 1914 et
2588 1868 2927 1930 peccatorem
2952 1860 3247 1916 hominem.
3281 1859 3436 1915 Sicut
3463 1859 3735 1914 modicum

442 1944 1053 2033 “quoii-Kiguilieabatur
1099 1972 1197 2028 per
1242 1958 1449 2026 virgam
1494 1971 1653 2027 quam
1702 1952 1909 2011 ferebat
1937 1973 1949 2008 :
1979 1972 2061 2009 an
2151 1950 2470 2019 fermentum
2498 1968 2711 2009 omnem
2738 1966 2970 2007 massam
3008 1951 3196 2008 farinae
3225 1966 3577 2022 conspersam
3620 1965 3737 2005 cor-

469 2048 632 2104 vultis
652 2052 731 2103 ut»
744 2049 800 2103 in
826 2048 1104 2114 charitate,
1130 2047 1244 2103 sive
1269 2046 1582 2113 dilectione,
1602 2057 1650 2101 et
1676 2047 1861 2116 spiritu
1902 2063 2048 2100 man-

438 2119 760 2213 i's’uettldiiu?
784 2138 1037 2193 veniam?
1061 2136 1115 2192 id
1142 2137 1302 2193 estin
1327 2137 1547 2192 lenitate
1572 2137 1848 2200 mentis,et
1874 2134 2049 2189 humi-

440 2222 640 2307 flitate,
664 2214 825 2301 atqiie
854 2228 1257 2299 tranquillitate,
1275 2237 1328 2283 et
1351 2236 1435 2283 est
1469 2243 1658 2284 sensus
1683 2246 1703 2282 τ·
1722 2225 1779 2282 Si
1804 2226 1963 2280 vultis
1991 2234 2048 2280 ut

446 2309 527 2370 -iti
557 2312 706 2395 virga
731 2334 839 2374 non
880 2319 1113 2384 veniam,
1151 2319 1438 2377 manebitis
1465 2319 1788 2389 incorrepti;
1819 2319 1903 2373 sin
1948 2333 2045 2371 au-

464 2416 583 2462 tem
624 2408 681 2464 in
708 2410 888 2465 animo
926 2408 1152 2478 pacitlco
1183 2417 1238 2466 et
1286 2409 1502 2465 lenitate
1536 2409 1761 2475 mentis,
1793 2407 2047 2476 corrigite

474 2513 571 2555 vos
593 2507 650 2556 et
676 2500 958 2556 emendate
979 2508 1200 2572 agentes
1226 2490 1622 2571 paenitentiam.

798 2604 799 2607 ‘
1079 2591 1304 2649 CAPUT
1349 2592 1388 2645 γ

544 2683 769 2738 Auditur
792 2686 929 2739 inter
961 2700 1045 2739 ros
1086 2683 1363 2754 {ornicatio
1405 2685 1525 2739 talis
1558 2683 1730 2756 qualis
1784 2700 1874 2739 nec
1913 2684 2047 2737 inter

470 2783 663 2845 gentes,
688 2774 741 2829 id
768 2782 851 2829 est
882 2774 1024 2830 inter
1056 2789 1316 2845 paganos,
1347 2774 1418 2827 ita
1446 2785 1501 2828 ut
1532 2791 1745 2829 uxorem
1775 2774 1941 2845 patris
1965 2773 2047 2827 sui

472 2867 661 2940 aliquis
686 2869 894 2936 habeat,
924 2885 1210 2925 novercam
1236 2871 1485 2926 videlicet
1510 2887 1678 2927 suam.

546 2955 611 3011 Et
632 2974 719 3012 eos
744 2958 913 3028 inﬂati
932 2960 1074 3025 estis,
1091 2959 1143 3015 id
1157 2969 1239 3015 est
1258 2960 1308 3015 in
1329 2961 1633 3031 superbiam
1647 2962 1836 3016 elevati
1861 2976 2046 3032 super-

473 3047 619 3114 bitis,
636 3056 684 3103 et
713 3064 814 3104 non
834 3052 998 3121 magis
1014 3050 1209 3105 luctum
1227 3053 1478 3107 habuistis
1499 3069 1595 3123 pro
1614 3054 1717 3108 hoc
1737 3067 1805 3107 sc.
1826 3052 1957 3117 lere,
1974 3052 2047 3108 si—

473 3146 565 3192 cut
593 3137 808 3195 Samuel
831 3140 1047 3212 lugebat
1072 3158 1234 3215 super
1258 3142 1404 3208 Sani,
1431 3155 1486 3200 et
1520 3155 1602 3201 est
1646 3160 1839 3200 sensus
1870 3163 1883 3197 :
1911 3143 2045 3199 Cum

2149 2046 2371 2114 rumpit,
2401 2054 2456 2099 et
2475 2045 2544 2099 ad
2573 2058 2728 2103 suum
2758 2059 2975 2104 acorem
3004 2045 3192 2111 trahit,
3216 2044 3289 2099 ita
3315 2043 3459 2098 mala
3488 2043 3733 2098 doctrina

2147 2138 2232 2193 vel
2257 2153 2396 2193 unus
2438 2144 2689 2207 peccator
2717 2137 2878 2191 homo
2907 2144 3073 2190 totam
3123 2136 3605 2208 congregationem
3633 2135 3731 2189 Ec-

2149 2232 2324 2289 clesiae
2356 2231 2490 2287 solet
2521 2244 2869 2301 corrumpere
2907 2244 3006 2284 suo
3045 2227 3187 2289 malo
3216 2226 3483 2298 exemplo.
3513 2227 3586 2281 Et
3630 2242 3731 2281 om-

2148 2339 2244 2384 nes
2267 2323 2363 2392 qui
2384 2329 2605 2391 possent
2625 2335 2745 2376 eum
2776 2321 3050 2391 corripere
3066 2328 3122 2373 et
3141 2333 3247 2380 non
3272 2318 3599 2386 corripiunt,
3633 2317 3733 2369 uti-

2146 2430 2251 2485 que
2282 2412 2485 2471 similes
2532 2412 2580 2467 ei
2612 2411 2917 2469 efﬁciuntur
2952 2410 3006 2464 in
3047 2422 3227 2481 poena.
3266 2407 3392 2463 Sive
3420 2421 3594 2477 prava
3644 2407 3731 2461 do-

2146 2507 2318 2561 ctrina
2350 2520 2447 2565 scu
2477 2504 2651 2558 malus
2674 2511 2732 2561 et
2758 2501 3168 2572 indisciplinans
3208 2510 3464 2572 peccator
3498 2501 3595 2571 qui
3626 2513 3727 2553 non

2146 2596 2257 2648 vult
2286 2610 2343 2649 se
2368 2593 2675 2658 emendare,
2708 2593 2774 2647 ab
2801 2592 3038 2647 Ecclesia
3068 2591 3226 2646 debet
3249 2590 3465 2668 expelli.

2216 2685 2515 2757 Expurgate
2571 2697 2712 2739 retas
2778 2682 3108 2754 fermentum.
3169 2683 3420 2755 Praecipit
3480 2681 3727 2755 egregius

2147 2780 2468 2850 pratdicator
2493 2777 2789 2833 Corinthiis
2825 2776 3225 2843 fornicatorem,
3254 2776 3345 2846 qui
3372 2788 3601 2830 uxorem
3633 2790 3726 2844 pa-

2147 2852 2243 2931 tris
2271 2878 2577 2941 acceperat,
2626 2886 2655 2923 a
2688 2885 2785 2924 suo
2811 2878 3075 2928 conventu
3122 2868 3413 2940 expellere,
3445 2882 3611 2937 quem
3647 2864 3727 2919 ille

2139 2964 2252 3035 [am
2298 2965 2553 3023 traditum
2585 2962 2817 3017 habebat
2847 2963 3061 3017 diabolo
3091 2960 3160 3016 ad
3191 2961 3553 3031 purgandum,
3598 2974 3726 3029 qua-

2149 3068 2303 3113 tenus
2338 3071 2452 3132 qua
2484 3053 2744 3110 suadente
2797 3053 3062 3123 peccavit,
3102 3068 3166 3107 eo
3196 3060 3428 3108 vexante
3471 3066 3728 3123 purgare-

2152 3163 2239 3202 tur
2263 3164 2276 3200 :
2303 3154 2358 3201 et
2388 3146 2517 3207 dum
2538 3145 2744 3207 videret
2786 3159 2843 3199 se
2865 3143 3094 3217 ejectum
3120 3144 3172 3198 in
3198 3142 3452 3213 praesenti
3478 3142 3676 3197 steculo
3697 3158 3726 3194 a

474 3229 794 3288 debuissetis
825 3232 1008 3302 lugere
1036 3244 1315 3306 peccatum
1360 3237 1519 3302 illius,
1548 3245 1603 3292 et
1641 3252 1672 3291 a
1702 3245 1881 3292 vestro
1918 3251 2046 3291 con-
2073 3237 2116 3298 C
2150 3245 2293 3294 coetu
2320 3234 2944 3300 lldelium,,crubesccret
2963 3234 3028 3289 de
3049 3241 3199 3289 reatu
3228 3249 3344 3299 suo,
3378 3242 3631 3287 metuens
3655 3233 3724 3286 si-

473 3320 639 3377 sortio
662 3322 964 3393 bujusmodi
995 3339 1265 3395 separare,
1296 3328 1464 3397 magis
1491 3328 1543 3381 in
1587 3328 1893 3396 superbiam
1916 3327 2047 3381 estis

473 3414 690 3481 cievati,
713 3415 837 3485 quia
862 3416 1056 3471 intuitu
1087 3418 1229 3475 illius
1254 3419 1488 3486 scelesti,
1518 3420 1719 3498 putatis
1747 3434 1840 3479 vos
1869 3420 2044 3491 magni

473 3506 653 3563 meriti
679 3521 818 3573 esse,
841 3517 897 3563 et
920 3509 1220 3567 sanctiores
1242 3510 1331 3564 illo
1357 3525 1633 3587 apparere.

545 3594 659 3668 Ego
687 3598 893 3669 quidem
935 3599 1117 3654 absens
1154 3617 1385 3672 corpore,
1413 3620 1638 3673 prcesens
1673 3613 1847 3662 autem
1871 3601 2044 3676 Spiri-

474 3692 551 3747 tu,
585 3684 839 3740 subaudis
893 3694 1103 3752 sancto,
1150 3690 1240 3761 qui
1285 3689 1453 3760 replet
1499 3692 1700 3755 omnia,
1744 3699 1804 3744 ut
1856 3692 2046 3749 beatus

472 3772 789 3831 Ambrosius
816 3776 945 3831 dicit
977 3795 989 3830 :
1020 3776 1190 3834 Tanta
1218 3780 1390 3851 gratia
1429 3790 1546 3836 erat
1572 3797 1825 3841 concessa
1856 3782 2041 3848 Paulo,

473 3873 532 3923 ut
573 3865 874 3938 ubicunque
920 3878 1084 3936 esset,
1136 3887 1233 3943 per
1279 3870 1537 3944 Spiritum
1578 3882 1823 3937 sanctum
1849 3891 2047 3944 cogno-

475 3962 651 4012 sceret
670 3956 798 4027 quid
825 3958 952 4014 alibi
991 3971 1271 4031 gereretur
1317 3964 1385 4019 ab
1427 3964 1512 4019 bis
1546 3964 1742 4035 quibus
1777 3965 2047 4037 evangeli-

481 4054 713 4101 saverat.
759 4046 882 4102 lam
921 4049 1163 4121 judican
1190 4069 1305 4106 eum
1340 4054 1429 4125 qui
1453 4056 1528 4108 sic
1572 4067 1813 4125 operatus
1850 4065 1948 4116 est.
1988 4066 2046 4110 ut

481 4154 729 4206 prtesens,
756 4139 810 4194 id
833 4151 933 4204 est,
950 4141 1099 4198 illum
1125 4144 1216 4215 qui
1250 4159 1470 4200 uxorem
1498 4146 1669 4216 patris
1696 4149 1922 4226 accepit,
1934 4147 2044 4218 jam

470 4229 709 4297 iudicavi
735 4233 888 4305 quasi
914 4250 1148 4302 praesens
1183 4235 1282 4290 sim
1305 4249 1547 4306 corpore.

547 4320 611 4374 In
635 4322 841 4376 nomine
870 4322 1081 4377 Domini
1106 4320 1276 4377 nostri
1294 4323 1422 4380 Jesu
1463 4327 1679 4394 Christi,
1720 4328 1772 4384 id
1813 4335 1896 4383 est
1928 4328 2045 4387 vice

472 4409 616 4465 illius
642 4407 793 4477 cujus
820 4410 1082 4481 legatione
1108 4412 1321 4485 fungor,
1351 4420 1671 4489 congregatis
1700 4418 1839 4472 vobis
1861 4428 1907 4472 et
1930 4435 2043 4478 meo

474 4498 692 4569 Spiritu,
737 4500 790 4555 id
836 4511 920 4558 est
960 4502 1162 4575 Spiritu
1201 4518 1406 4575 sancto,
1438 4527 1554 4565 cum
1598 4512 1784 4565 virtute
1831 4511 2042 4569 Domini

2150 3327 2349 3384 militer
2371 3326 2493 3397 ejici
2515 3326 2568 3380 in
2601 3325 2783 3379 futuro
2803 3339 2845 3385 a,
2860 3325 3116 3381 societate
3137 3330 3473 3379 sanctorum.
3500 3322 3726 3393 [deoque

2147 3424 2250 3479 hoc
2266 3421 2426 3491 jussit
2448 3419 2755 3490 Apostolus,
2780 3427 2843 3473 ut:
2862 3433 2962 3489 per
2981 3426 3298 3488 praesentem
3324 3417 3724 3472 tribulationem

2146 3522 2200 3569 et
2247 3511 2520 3567 miseriam
2568 3510 2822 3564 evaderet
2849 3523 3040 3580 poenas
3071 3509 3208 3577 ignis
3237 3508 3453 3573 aeterni,
3483 3516 3541 3562 et
3579 3508 3726 3576 spiri-

2146 3612 2233 3658 tus
2261 3602 2376 3673 ejus
2405 3600 2583 3656 salvus
2615 3598 2767 3655 fieret
2795 3600 2847 3654 in
2871 3599 2957 3656 die
2988 3596 3200 3654 Domini
3235 3618 3246 3653 :
3281 3596 3616 3670 Expurgate,
3647 3600 3725 3661 ir.-

2145 3692 2282 3763 quit,
2312 3699 2466 3745 vetus
2499 3688 2837 3755 fermentum,
2871 3689 2923 3743 id
2969 3698 3047 3745 est
3102 3688 3487 3745 fornicatorem
3522 3692 3611 3763 qui
3646 3691 3721 3749 in-

2145 3790 2352 3845 cestum
2380 3779 2730 3850 perpetravit,
2748 3795 2973 3834 uxorem
3002 3779 3169 3849 patris
3195 3779 3533 3848 accipiendo.
3560 3779 3720 3851 Quem

2147 3873 2346 3928 idcirco
2369 3881 2511 3927 uetus
2537 3871 2847 3942 fermentum
2897 3872 3161 3942 appellat,
3198 3872 3320 3939 quia
3351 3872 3406 3926 in
3435 3888 3718 3927 conversa-

2146 3962 2291 4017 tione
2319 3970 2375 4018 et
2419 3970 2640 4031 peccato
2685 3961 2885 4016 veteris
2933 3961 3165 4015 hominis
3193 3961 3323 4015 Ada:
3380 3962 3561 4016 adhuc
3611 3972 3722 4016 erat

2145 4054 2351 4123 positus
2376 4055 2469 4123 qui
2511 4054 2717 4124 primus
2758 4054 3022 4125 peccavit.
3066 4054 3237 4110 Oinne
3269 4056 3414 4109 enim
3445 4065 3719 4125 peccatum

2146 4145 2210 4198 al
2251 4152 2488 4199 veterem
2524 4128 2806 4201 hominem
2855 4145 3107 4225 pertinet.
3145 4145 3370 4202 Ponitur
3414 4148 3580 4202 etiam
3620 4148 3720 4201 fer-

2146 4243 2383 4290 mentum
2432 4233 2722 4303 aliquando
2777 4250 2875 4313 pro
2916 4236 3058 4291 bona
3118 4237 3385 4302 doctrina,
3436 4237 3718 4308 aliquando

2144 4339 2244 4392 pro
2264 4323 2425 4378 mala.
2457 4324 2561 4381 Pro
2590 4323 2724 4379 bona
2770 4325 3010 4403 ponitur,
3045 4336 3101 4381 ut
3125 4327 3177 4381 in
3208 4327 3502 4398 Evangelio
3532 4346 3716 4385 secun-

2145 4415 2269 4468 dum
2296 4413 2624 4479 Matthmum,
2656 4416 2731 4469 ait
2755 4416 3009 4471 Dominus
3034 4435 3046 4470 :
3078 4417 3260 4472 Simile
3285 4428 3358 4473 est
3393 4436 3608 4489 regnum
3633 4438 3719 4475 ctr-

2145 4502 2315 4556 loram
2358 4501 2632 4573 fermento,
2655 4504 2794 4574 quod
2839 4516 3102 4576 acceptum
3132 4507 3319 4569 mulier
3358 4512 3631 4564 abscondit
3670 4512 3716 4565 in

471 4590 617 4654 Iesu,
650 4590 704 4646 id
728 4601 814 4647 est
837 4608 959 4648 cum
1000 4597 1266 4652 sententia
1299 4599 1509 4656 Domini
1536 4599 1661 4656 Jesu
1693 4617 1813 4671 qua:
1859 4603 1911 4657 in
1955 4618 2045 4660 me

2149 4594 2332 4661 farina:
2383 4593 2508 4647 satis
2561 4594 2742 4656 tribus,
2793 4597 2955 4649 donec
3010 4595 3373 4664 fermentatum
3429 4611 3506 4654 est
3562 4612 3714 4657 totum

472 4689 574 4735 est.
608 4681 745 4738 Ecce
771 4690 881 4739 tres
908 4698 1151 4765 persona:
1175 4706 1188 4743 :
1216 4688 1449 4766 Spiritus
1487 4694 1658 4748 sancti
1686 4694 1956 4761 videlicet,
1986 4705 2041 4749 et

473 4770 683 4827 Domini
703 4771 850 4840 Iesu,
872 4784 1033 4846 atque
1054 4778 1268 4836 illorum
1306 4782 1358 4835 in
1382 4798 1609 4853 quorum
1633 4800 1858 4841 numero
1882 4799 2042 4842 omne

467 4861 727 4931 judicium
770 4864 951 4934 agitur
992 4875 1046 4922 et
1090 4869 1394 4941 roboratur,
1419 4872 1572 4944 juxta
1596 4875 1740 4944 quod
1783 4874 2042 4931 Dominus

469 4952 601 5008 dicit
634 4971 648 5008 :
676 4953 745 5009 In
787 4970 876 5011 ore
917 4956 1142 5023 duorum
1181 4961 1257 5016 vel
1286 4963 1443 5019 trium
1490 4966 1698 5020 testium
1751 4976 1847 5020 stet
1893 4983 2042 5021 omne

469 5044 676 5111 uerbum
711 5044 924 5119 (Matth.
953 5050 1128 5122 xvul).
1177 5052 1257 5107 Ab
1292 5054 1376 5109 bis
1420 5056 1588 5113 tribus
1635 5058 1883 5127 personis
1926 5055 2039 5124 jam

462 5133 759 5200 judicatum
796 5139 1029 5195 habebat
1056 5143 1346 5215 Apostolus
1368 5147 1573 5201 tradere
1609 5148 1913 5218 hujusmodi
1946 5149 2040 5203 ho-

466 5224 668 5280 minem
684 5224 900 5283 Sataaa:
921 5230 975 5284 in
995 5231 1258 5286 interitum
1271 5235 1463 5298 carnis,
1481 5235 1593 5290 sive
1608 5236 1659 5289 in
1674 5233 2037 5302 aliiictionem,

469 5323 524 5368 et
554 5322 612 5369 ut
656 5328 941 5373 vexaretur
986 5336 1016 5375 a
1063 5321 1274 5379 diabolo
1310 5324 1363 5378 in
1392 5339 1617 5395 corpore
1646 5325 1793 5396 gravi
1822 5327 2041 5397 aegritu-

468 5405 615 5471 dine,
639 5421 749 5462 non
772 5416 949 5465 tamen
976 5418 1244 5466 amentem
1272 5429 1448 5485 neque
1488 5406 1858 5482 phreneticum
1889 5415 2035 5472 illum

468 5495 738 5564 redderet,
762 5508 818 5553 ut
838 5501 1071 5569 spiritus,
1098 5502 1152 5557 id
1180 5511 1263 5559 est
1290 5505 1468 5559 anima
1497 5501 1657 5569 illius,
1685 5502 1858 5559 salvus
1893 5504 1958 5560 sit
1984 5507 2038 5562 in

470 5585 556 5639 die
581 5584 793 5642 Domini
836 5592 999 5645 nostri
1043 5591 1174 5647 Iesu
1202 5592 1419 5661 Christi,
1464 5595 1516 5650 id
1545 5603 1630 5649 est
1664 5592 1866 5663 iudicii.
1902 5595 2040 5652 Dicit

471 5675 660 5735 beatus
687 5677 1012 5751 Augustinus
1040 5684 1167 5756 quia
1205 5686 1320 5742 haec
1366 5693 1608 5756 potestas
1634 5694 1689 5741 et
1717 5688 1884 5756 gratia
1914 5688 2038 5744 data

471 5774 586 5839 om
609 5768 883 5847 Apostolo,
910 5785 966 5829 ut
1002 5788 1281 5841 peccantes
1311 5788 1363 5835 et
1398 5780 1766 5847 pteuitentiam
1798 5781 2038 5837 nolentes

2144 4688 2356 4762 (Matth.
2382 4689 2524 4761 xui).
2554 4690 2896 4746 Fet-mentum
2925 4691 3012 4746 hic
3037 4692 3269 4763 appellat
3297 4694 3567 4750 fervorem
3588 4696 3715 4750 dile-

2142 4781 2337 4837 ctionis
2370 4781 2462 4835 Dei
2488 4790 2543 4835 et
2572 4782 2820 4851 proximi,
2845 4793 2899 4838 et
2927 4785 3287 4855 cognitionem
3320 4797 3525 4842 sanctae
3551 4789 3715 4843 Trini-

2144 4871 2289 4936 tatis,
2303 4883 2422 4951 qum
2450 4870 2620 4927 fervet
2639 4873 2691 4927 in
2711 4873 2962 4929 cordibus
2986 4875 3244 4941 lldelium,
3259 4887 3313 4931 et
3335 4879 3643 4933 continetur
3666 4882 3713 4933 in

2143 4961 2384 5016 doctrina
2407 4962 2736 5033 evangelica.
2766 4963 2958 5020 Mulier
2981 4966 3084 5020 ista
3111 4983 3230 5036 qua:
3254 4972 3467 5040 accepit
3489 4970 3712 5026 fermen-

2142 5060 2276 5115 tum,
2294 5061 2481 5105 sancta
2497 5052 2735 5108 Ecclesia
2749 5064 2851 5119 est,
2869 5069 2990 5123 quas
3005 5056 3347 5112 dilectionem
3361 5057 3459 5114 Dei
3472 5071 3527 5115 et
3543 5061 3713 5131 proxi-

2144 5140 2215 5195 ml
2266 5142 2734 5215 cognitionemque
2800 5155 3003 5201 sancta:
3061 5147 3345 5204 Trinitatis
3409 5153 3711 5221 pradicavit

2140 5231 2299 5296 Asiae,
2324 5232 2550 5304 Europa:
2564 5240 2618 5287 et
2653 5232 2869 5299 Africae,
2887 5236 3059 5300 donec
3084 5239 3502 5296 fermentaretur
3527 5251 3708 5303 totum,

2140 5320 2192 5373 id
2217 5321 2503 5387 est,donec
2523 5338 2620 5394 per
2644 5325 3001 5393 quadriﬁdam
3030 5329 3222 5384 orbem
3262 5331 3420 5385 istam
3457 5333 3708 5403 praedica-

2140 5412 2339 5467 tionem
2386 5423 2684 5484 spargeret,
2712 5423 2768 5470 et
2812 5431 2876 5471 ex
2904 5420 3157 5475 omnibus
3186 5422 3437 5493 gentibus
3464 5423 3532 5477 ad
3558 5423 3707 5478 ﬁdem

2138 5504 2337 5561 Christi
2391 5509 2648 5567 traheret.
2695 5509 2921 5568 Ponitur
2967 5522 3020 5569 et
3050 5529 3150 5589 pro
3182 5518 3322 5571 mala
3373 5518 3615 5574 doctrina
3660 5527 3707 5570 ct

2139 5597 2277 5652 mala
2304 5602 2737 5670 conversatione,
2765 5612 2826 5659 ut
2865 5606 3002 5661 idem
3027 5607 3359 5681 Redemptor
3388 5620 3571 5667 noster
3591 5613 3660 5667 ait
3691 5630 3701 5664 :

2140 5686 2322 5743 Cavete
2349 5698 2524 5745 autem
2552 5709 2584 5746 a
2610 5693 2863 5763 fermento
2915 5695 3306 5754 Pliarisa'orunt
3336 5701 3548 5773 (Matth.
3575 5704 3702 5771 xvi),

2141 5779 2191 5832 id
2217 5788 2297 5833 est
2324 5795 2353 5833 a
2378 5781 2513 5836 mala
2546 5781 2756 5839 illorum
2780 5785 3022 5842 doctrina
3051 5806 3064 5843 :
3098 5798 3149 5843 et
3180 5800 3367 5847 cavete
3395 5808 3423 5848 a
3450 5792 3704 5857 fermento
