3936 6442
202 358 319 413 ’537
396 424 399 427 _

914 352 1276 410 EXPOSITIO
1313 352 1377 408 IN
1414 354 1564 408 EPP.
1607 354 1662 409 Β.
1704 354 1786 408 PA

1892 353 1930 406 I.
1972 383 2040 392 --
2070 351 2137 405 l‘N
2174 353 2387 409 EPIST.
2428 352 2443 406 I
2485 332 2574 408 Αἰ)
2614 353 2771 409 con.

216 467 465 535 Herodis,
490 468 544 524 id
582 474 666 523 est
694 468 762 521 ab
788 468 1080 522 homicidio
1106 476 1161 521 et
1191 466 1456 521 adulterio
1506 465 1669 520 illius.
1704 463 1795 520 Sic
1823 470 1871 528 Α
1900 473 2049 527 nent,
2078 464 2180 521 hoc
2200 474 2305 530 est,
2328 465 2395 520 ad
2423 474 2681 521 mentem.
2710 463 2815 520 Sed
2838 463 3126 534 Apostolus
3144 482 3252 521 non
3275 482 3471 522 curans

213 558 271 615 in
294 558 399 614 hoc
433 558 552 614 loco
580 558 797 628 ponitur
817 573 940 613 cum
969 557 1333 612 additamento
1366 572 1464 627 pro
1498 571 1794 612 conserva-

216 648 363 705 tione
408 648 613 705 veteris
643 648 899 713 hominis,
940 657 994 703 et
1026 663 1123 717 pro
1169 648 1307 702 mala
1352 648 1598 703 doctrina
1629 665 1642 701 :
1672 646 1796 716 quia

213 748 373 796 erant
422 741 563 811 apud
603 739 914 796 Corinthios
949 740 1413 810 pseudoapostoli,
1441 738 1533 815 qui
1576 753 1797 811 pravam

213 831 519 887 doctrinam
568 830 907 885 seminahant
962 831 1105 907 inter:
1151 830 1295 897 illos,
1336 845 1497 898 quam
1544 829 1797 904 praecepit

210 914 498 992 Apostolus
544 936 820 991 spernere.
865 918 930 974 Ut
962 922 1076 977 sitis
1126 938 1256 974 nova
1305 921 1618 988 canspersio,
1661 921 1797 979 sicut

210 1011 335 1067 estis
387 1012 580 1081 azymi.
632 1009 999 1075 Fermcntum,
1054 1010 1242 1067 Grch
1292 1008 1553 1064 vocabulo
1599 1008 1798 1063 dicitur

211 1116 391 1173 zyma,
433 1101 557 1155 inde
587 1099 779 1154 Latine
803 1108 1030 1154 vocatur
1060 1113 1280 1172 azymus
1303 1098 1475 1167 panis,
1500 1097 1553 1152 id
1581 1104 1793 1152 estnon

209 1192 423 1255 mistus,
452 1191 568 1247 sine
608 1207 821 1262 azyma,
852 1192 903 1246 id
941 1200 1026 1247 est
1056 1190 1339 1256 fermento,
1368 1198 1424 1245 et
1453 1199 1536 1244 est
1564 1203 1790 1244 sensus:

210 1281 577 1353 ldeo,'inquit,
610 1284 866 1353 praecipio
910 1298 1208 1353 expurgare
1236 1290 1387 1343 vetus
1418 1280 1736 1337 fermentum
1762 1298 1791 1341 a

208 1374 381 1439 vobis,
423 1382 480 1428 ut
505 1374 561 1428 in
606 1375 845 1430 novitate
894 1374 1018 1427 vitae
1056 1371 1435 1444 permaneatis,
1482 1371 1621 1425 sicut
1661 1371 1793 1425 estis

207 1469 407 1539 azymi.
444 1467 498 1521 ld
534 1476 636 1529 est,
670 1468 810 1525 sicut
856 1464 982 1520 iiovi
1028 1463 1203 1520 eﬁ‘ecti
1257 1464 1388 1519 estis
1439 1464 1508 1517 ab
1542 1463 1793 1517 omnibus

206 1557 451 1629 peccatis
499 1555 852 1628 originalibus
900 1563 955 1608 et
1001 1553 1299 1609 actualibus
1344 1554 1399 1607 in
1450 1552 1789 1623 baptismate,

205 1656 492 1705 manentes
537 1649 652 1704 sine
685 1666 858 1721 zyma,
892 1649 943 1704 id
974 1659 1057 1705 est
1084 1651 1200 1706 sine
1238 1657 1480 1721 peccato,
1518 1648 1570 1702 iu
1621 1662 1792 1717 quan.

206 1752 322 1794 tum
350 1740 582 1810 humana
615 1739 877 1811 fragilitas
900 1756 1021 1794 cum
1051 1740 1144 1794 Dei
1174 1738 1444 1813 adjutorio
1474 1737 1634 1791 valet.
1667 1736 1791 1789 Ete-

1901 554 1967 607 de
1979 555 2305 638 proprietate
2321 556 2631 621 verborum,
2645 571 2811 611 unum
2826 556 3008 612 retulit
3035 557 3103 612 ad
3124 558 3443 615 exteriorem
3454 599 3468 623 ,

1899 644 1967 699 ad
2004 645 2322 701 interiorem
2365 645 2619 712 alterum,
2648 663 2771 703 nam
2798 648 3003 703 malitia
3030 656 3115 704 est
3147 649 3471 706 malevolen-

1900 736 1974 788 tia
2009 733 2121 790 sive
2145 734 2287 788 mala
2316 734 2583 790 voluntas.
2613 734 2713 791 Hic
2743 745 2923 792 autem
2964 752 3063 807 pro
3111 738 3252 793 mala
3279 752 3469 807 opera-

1901 825 2046 879 tione
2073 824 2312 894 ponitur.
2340 822 2590 894 Nequitia
2621 834 2704 880 est
2733 827 2982 895 superbia
3023 827 3104 882 vel
3132 827 3357 883 audacia
3400 830 3467 883 ad

1899 916 2119 982 malum,
2153 917 2266 973 sive
2286 917 2424 971 mala
2452 917 2727 988 cogitatio,
2751 926 2805 971 et
2828 927 2911 973 est
2934 933 3125 974 sensus
3153 938 3167 975 :
3204 919 3317 975 Non
3339 936 3468 990 epu-

1898 1004 2072 1060 lcmur
2105 1019 2278 1075 neque
2307 1007 2553 1061 laetemur
2582 1007 2635 1060 in
2658 1015 2924 1062 vetustate
2946 1010 3173 1078 peccati,
3202 1024 3374 1079 neque
3414 1011 3467 1065 in

1896 1097 2305 1151 conversatione
2331 1097 2531 1152 veteris
2580 1097 2834 1162 hominis,
2872 1113 3046 1176 neque
3093 1098 3148 1157 in
3197 1110 3470 1171 perpetra-

1898 1187 2041 1240 tione
2068 1187 2194 1242 mali
2219 1188 2420 1257 operis,
2453 1195 2548 1242 aut
2573 1187 2729 1242 malae
2752 1187 3173 1253 voluntatis,aut
3201 1190 3252 1243 in
3284 1205 3471 1259 super-

1896 1276 1983 1329 hia
2012 1277 2095 1330 vel
2124 1278 2347 1332 audacia
2377 1277 2572 1331 mentis
2601 1278 2669 1333 ad
2691 1278 2887 1332 malum
2906 1318 2922 1343 ,
2958 1279 3097 1333 sicut
3125 1280 3298 1334 solent
3323 1295 3469 1335 ama-

1893 1375 2039 1421 tores
2066 1365 2224 1434 hujus
2244 1367 2426 1422 saeculi
2454 1381 2635 1437 agere,
2665 1368 2753 1437 qui
2783 1368 3034 1422 laetantur
3075 1384 3199 1424 cum
3249 1369 3469 1426 malefe-

1894 1457 2086 1522 cerint,
2114 1468 2168 1512 et
2194 1456 2466 1512 exsultant
2488 1459 2542 1511 in
2573 1459 2733 1513 rebus
2757 1460 3024 1527 pessimis.
3051 1458 3156 1515 Sed
3187 1459 3242 1513 in
3270 1463 3469 1530 azymis

1893 1548 2207 1602 sinceritatis
2228 1560 2273 1603 et
2298 1549 2552 1615 ueritatis,
2590 1550 2847 1605 subaudis
2889 1550 3169 1619 epulemur
3215 1560 3272 1605 et
3315 1551 3465 1608 laete-

1895 1654 2032 1693 mur.
2062 1638 2302 1694 Sinceris
2326 1640 2552 1694 materia
2576 1649 2660 1695 est
2701 1656 2821 1710 quin
2866 1650 3111 1696 naturam
3160 1657 3313 1696 suam
3344 1657 3467 1713 per-

1896 1729 2033 1784 fecte
2060 1738 2260 1794 servat,
2284 1738 2339 1784 et
2365 1729 2508 1785 nulla
2539 1731 2883 1799 corruptione
2913 1731 3140 1786 interius
3165 1730 3347 1786 fucata
3375 1742 3468 1787 aut

204 1833 317 1886 nim
357 1821 551 1902 pascha
581 1842 814 1888 nostrum
844 1832 1143 1888 immolatus
1170 1810 1259 1889 est
1283 1831 1543 1906 Christus.
1582 1829 1785 1884 Pascha
1822 1802 1861 1877 ii
1891 1830 2164 1895 corrupta,
2190 1836 2402 1892 semper
2426 1822 2480 1876 in
2507 1821 2697 1877 melius
2727 1821 2940 1891 proﬁcit
2968 1837 3071 1876 non
3100 1823 3152 1876 in
3183 1822 3357 1891 pejus.
3400 1822 3469 1877 Et

204 1920 509 1992 appellatur
556 1920 839 1986 festivitas,
882 1938 1040 1997 quam
1091 1921 1438 1978 celebrabant
1478 1919 1647 1975 Judaei
1695 1933 1791 1988 per

203 2013 447 2083 singulos
494 2028 665 2069 annos
712 2015 781 2069 ob
833 2014 1148 2073 memoriam
1191 2012 1516 2085 egressionis
1564 2025 1674 2065 sua:
1725 2010 1791 2064 de

204 2116 358 2167 terra
394 2104 633 2177 Egypti,
664 2114 717 2160 et
747 2121 917 2176 agnus
949 2106 1038 2175 qui
1076 2104 1459 2179 immolabatur
1498 2104 1554 2158 in
1599 2117 1789 2161 eadem

203 2194 501 2252 festivitate
545 2196 914 2266 appellabatur
953 2196 1173 2265 pascha,
1221 2196 1362 2250 sicut
1406 2192 1789 2264 discipulorum

199 2283 393 2339 verbis
419 2284 744 2350 ostenditur,
777 2286 868 2354 qui
908 2285 1091 2342 dicunt
1123 2286 1350 2345 Domino
1379 2303 1390 2338 :
1415 2282 1514 2337 Ubi
1537 2283 1610 2343 vis
1638 2298 1791 2351 pare—

200 2389 327 2428 mus
371 2373 463 2426 tibi
515 2377 779 2428 comedere
842 2375 1037 2443 pascha
1094 2372 1311 2445 (Matth.
1369 2370 1558 2442 xxvi)?
1606 2372 1659 2426 id
1707 2381 1787 2426 est

199 2479 428 2536 agnum.
465 2462 771 2524 Secundum
816 2466 958 2520 hunc
986 2479 1189 2519 morem
1220 2464 1455 2533 loquitur
1480 2461 1788 2532 Apostolus,

198 2563 257 2610 et
285 2555 393 2618 hic,
424 2555 694 2624 inquiens,
720 2555 927 2609 Etenim
954 2556 1151 2625 pascha
1179 2554 1685 2608 uostrumChristus
1708 2559 1791 2609 est

198 2642 540 2708 immolatus,
585 2659 647 2697 ac
686 2645 729 2697 si
758 2644 962 2699 diceret
993 2661 1007 2700 :
1040 2644 1213 2697 Vultis
1241 2644 1381 2698 scire
1416 2641 1543 2711 quid
1579 2641 1651 2695 sit
1689 2657 1789 2710 pa-

197 2731 374 2787 scba?
398 2729 646 2786 Christus
676 2732 1001 2786 immolatus.
1034 2731 1148 2787 Non
1176 2739 1257 2785 est
1292 2731 1447 2785 nobis
1488 2728 1794 2784 immolatus

197 2838 383 2894 agnus
405 2821 593 2893 legalis
615 2822 699 2877 vel
733 2824 961 2893 typicus,
990 2823 1085 2878 sed
1114 2839 1270 2877 verus
1308 2836 1500 2892 agnus,
1527 2821 1619 2891 qui
1657 2820 1797 2875 tollit

196 2922 431 2987 peccata
456 2914 660 2980 mundi,
694 2924 779 2970 est
808 2930 905 2984 pro
935 2915 1089 2969 nobis
1130 2913 1438 2967 immolatus
1471 2913 1526 2966 in
1553 2927 1649 2965 ara
1674 2927 1796 2966 cru-

194 3008 309 3072 cis,
342 3007 408 3063 de
451 3023 557 3078 quo
584 3004 819 3067 Joannes
863 3008 938 3061 ait
970 3025 982 3061 :
1012 3006 1145 3060 Ecce
1184 3021 1351 3078 agnus
1389 3004 1509 3069 Dei,
1556 3019 1670 3057 ecce
1707 3002 1797 3073 qui

196 3097 345 3155 tollit
365 3110 577 3170 peccata
613 3099 793 3158 mundi
816 3098 998 3163 (Joan.
1027 3097 1087 3167 ι).
1119 3096 1277 3151 istius
1300 3094 1422 3166 agni
1450 3108 1642 3149 carnes
1663 3104 1797 3162 quo‘

1891 1915 1987 1968 ubs
2017 1923 2144 1968 tunc
2174 1928 2357 1980 sumus
2386 1913 2608 1977 sinceri,
2638 1913 2853 1982 quando
2876 1913 3057 1967 omnia
3103 1913 3156 1967 in
3210 1912 3470 1982 simplici-

1888 2013 2001 2059 tate
2022 2014 2077 2059 et
2103 2004 2339 2074 puritate
2389 2003 2586 2058 mentis
2637 2003 2868 2073 agimus,
2912 2018 3126 2072 semper
3172 2002 3231 2056 in
3273 2002 3468 2058 melius

1890 2095 2372 2166 proﬁcientes,vel
2413 2095 2612 2149 malum
2656 2110 2755 2164 pro
2806 2094 2947 2149 maio
3002 2109 3110 2149 non
3158 2096 3465 2160 reddentes,

1889 2190 2003 2244 sive
2038 2188 2154 2244 aliis
2184 2186 2562 2242 oil‘endiculum
2613 2202 2708 2257 per
2755 2186 2951 2241 malum
2999 2186 3301 2255 exemplum
3355 2202 3462 2243 non

1890 2288 2229 2351 generantes.
2261 2278 2328 2331 Et
2357 2292 2455 2333 nos
2479 2278 2531 2332 in
2560 2278 2765 2346 azymis
2795 2277 3123 2332 sinceritatis
3144 2285 3203 2331 et
3225 2277 3468 2333 veritatis

1889 2370 2196 2442 epulamur,
2227 2370 2442 2440 quando
2492 2370 2673 2424 omnia
2722 2369 2774 2423 in
2820 2368 3131 2438 integritate
3154 2376 3210 2421 et
3235 2368 3470 2437 puritate

1892 2462 2088 2516 mentis
2116 2461 2325 2530 agimus
2351 2469 2407 2514 et
2435 2460 2553 2515 sine
2581 2461 2959 2529 corruptione,
3000 2474 3104 2513 non
3150 2459 3469 2528 duplicitate

1892 2554 1973 2610 vel
2002 2553 2347 2609 simulatione
2392 2552 2593 2620 aliquid
2641 2560 2893 2622 agentes,
2941 2560 3035 2604 aut
3081 2566 3179 2620 pro
3232 2550 3466 2604 humana

1891 2645 2047 2699 laude
2067 2644 2341 2713 lucrisque
2365 2642 2769 2713 temporalibus,
2787 2642 2879 2697 sed
2905 2657 3003 2711 pro
3030 2641 3467 2696 remuneratione

1892 2735 2079 2807 patria:
2102 2733 2337 2790 cmlestis
2362 2742 2417 2787 et
2443 2742 2500 2787 ut
2527 2732 2637 2786 Deo
2673 2732 2773 2787 soli
2801 2732 3127 2803 placeamus.

1966 2827 2166 2898 Scripsi
2184 2826 2323 2881 vobis
2358 2826 2411 2880 in
2440 2826 2689 2896 epistola,
2720 2844 2782 2882 ne
2817 2826 3257 2880 commisceamini
3303 2826 3470 2896 (orni—
3496 2886 3513 2895 Τ

1895 2920 2075 2984 coriis,
2099 2919 2153 2973 id
2176 2926 2257 2973 est
2280 2934 2348 2974 ne
2373 2918 2575 2973 similes
2602 2919 2706 2972 illis
2727 2917 3030 2972 elliciamini
3047 2958 3061 2981 ,
3088 2917 3172 2972 vel
3196 2934 3264 2974 ne
3292 2919 3467 2974 velitis

1898 3011 2161 3068 intedsse
2187 3008 2397 3063 illorum
2426 3009 2690 3064 societati.
2711 3009 2926 3063 Miserat
2951 3009 3027 3064 eis
3038 3008 3322 3079 Apostolus
3343 3025 3468 3079 par—

1899 3117 2019 3156 vam
2049 3099 2349 3169 epistolam,
2377 3113 2444 3152 ne
2468 3099 2948 3154 commiscerentur
2995 3097 3300 3153 fornicariis
3348 3099 3468 3154 tali-

197 3189 340 3249 tidie
366 3166 726 3245 immolantur
752 3189 805 3243 iu
839 3166 1103 3253 Ecclesia,
1132 3196 1185 3242 et
1217 3189 1572 3241 comeduntur
1603 3200 1631 3239 a
1657 3184 1786 3239 fide-
1814 3166 1859 3229 (ἶ
1892 3195 2011 3257 bus,
2042 3166 2215 3262 qualis
2233 3197 2353 3245 erat
2388 3189 2475 3244 ille
2502 3190 2592 3260 qui
2619 3204 2838 3243 uxorem
2868 3188 3035 3259 patris
3063 3188 3313 3243 habebat.
3358 3188 3464 3244 Sed

195 3279 366 3339 libus.
399 3279 477 3341 illi
517 3280 609 3350 qui
636 3281 985 3335 comederunt
1015 3294 1209 3334 carnes
1240 3277 1402 3349 typici
1434 3278 1580 3346 agni,
1613 3286 1786 3330 trans-

195 3372 343 3431 itum
396 3369 640 3426 fecerunt
694 3372 759 3424 de
787 3369 1021 3440 Egypto
1067 3369 1121 3423 in
1172 3377 1369 3424 terram
1408 3356 1785 3439 repromissio-

192 3463 311 3527 nis,
343 3470 399 3517 et
444 3478 541 3518 nos
587 3463 836 3517 similiter
885 3463 1113 3517 transire
1154 3462 1410 3516 debemus
1448 3461 1514 3515 de
1550 3459 1786 3515 tenebris

194 3551 536 3608 inﬁdelitatis
565 3552 634 3607 ad
675 3553 923 3618 virtutes,
954 3560 1007 3606 et
1055 3552 1121 3606 de
1165 3552 1428 3607 servitute
1465 3549 1663 3605 diaboli
1717 3548 1784 3603 ad

192 3643 511 3697 libertatem
539 3640 761 3706 Christi,
786 3651 841 3696 et
869 3642 935 3697 de
965 3651 1134 3696 morte
1161 3642 1228 3696 ad
1259 3643 1444 3695 vitam.
1473 3640 1551 3694 Ilii
1579 3648 1783 3711 septem

191 3732 395 3788 diebus
433 3730 780 3788 celebrabant
831 3732 1178 3787 festivitatem
1218 3731 1546 3801 paschalem,
1585 3739 1641 3785 et
1685 3745 1785 3785 nos

194 3837 352 3879 nunc
388 3833 591 3892 septem
618 3823 803 3877 diebus
828 3822 1167 3877 celebramus
1195 3822 1412 3894 pascha,
1436 3821 1481 3875 si
1512 3837 1607 3890 per
1626 3836 1786 3875 omne

192 3925 419 3984 tempus
449 3913 573 3966 vita:
602 3920 799 3966 nostra:
845 3912 988 3981 quod
1033 3921 1240 3980 septem
1292 3910 1482 3965 diebus
1526 3910 1781 3975 volvitur,

191 4004 493 4061 transitum
525 4002 749 4056 facimus
777 4017 806 4054 a
835 4002 984 4056 vitiis
1016 4002 1083 4054 ad
1114 4001 1359 4055 virtutes.

272 4113 467 4183 Itaque
486 4110 771 4181 epulemur.
796 4111 912 4165 Alia
939 4111 1101 4166 editio
1130 4110 1295 4165 habet
1325 4128 1337 4163 :
1374 4109 1556 4177 itaque
1585 4106 1786 4164 festivi-

188 4212 375 4262 tatem
418 4202 771 4258 celebremus.
825 4203 890 4257 Et
950 4217 1047 4264 nos
1098 4200 1292 4272 quibus
1346 4199 1651 4258 immolatus
1701 4207 1783 4253 est

188 4310 379 4368 agnus
418 4309 579 4351 verus
623 4293 891 4358 Christus,
934 4293 1265 4348 celebremus
1307 4290 1676 4353 festivitatem,
1728 4288 1780 4343 id

189 4397 289 4445 est
315 4370 673 4457 gaudeamus,
702 4393 758 4439 et
804 4384 1152 4445 essultemus,
1199 4390 1251 4449 et
1298 4382 1538 4436 laetemur
1592 4380 1781 4435 laetitia

1884 3281 2150 3338 Corinthii
2175 3279 2312 3335 male
2348 3279 2722 3334 intellexerant
2757 3280 2880 3343 hoc,
2911 3286 3162 3348 putantes
3204 3277 3347 3348 quod
3388 3279 3457 3334 de

1885 3370 2189 3427 infidelibus
2208 3370 2456 3441 gentibus
2480 3369 2706 3434 diceret,
2733 3384 2838 3424 non
2890 3370 2956 3424 de
3004 3368 3272 3427 fidelibus.
3315 3369 3466 3425 ideo-r

1883 3480 1988 3534 que
2017 3463 2210 3534 repetit
2233 3464 2354 3528 ista,
2383 3470 2437 3517 et
2466 3461 2688 3531 corrigit
2713 3476 2826 3525 eos,
2857 3460 3109 3530 inquiens
3142 3477 3155 3513 :
3189 3459 3311 3514 Non
3349 3459 3461 3514 uti-

1882 3573 1980 3628 que
2010 3555 2311 3625 fornicariis
2336 3554 2495 3624 hujus
2517 3553 2721 3618 mundi,
2748 3552 2797 3606 id
2824 3560 2907 3607 cst
2935 3567 3039 3605 non
3079 3551 3187 3605 dixi
3222 3549 3303 3604 vel
3335 3550 3465 3605 scri-

1885 3643 1964 3716 psi
1996 3644 2060 3698 de
2090 3641 2398 3708 fornicariis
2422 3640 2581 3710 hujus
2610 3642 2816 3705 mundi,
2833 3640 3057 3711 paganis
3082 3638 3354 3704 videlicet,
3370 3638 3464 3693 sed

1884 3737 1948 3791 de
1982 3734 2086 3789 illis
2110 3734 2201 3803 qui
2226 3741 2353 3789 sunt
2377 3734 2517 3787 inter
2540 3748 2655 3788 vos.
2682 3732 2928 3802 Alioquin
2965 3730 3263 3785 debueratis
3281 3730 3347 3783 de
3366 3730 3464 3784 hoc

1884 3826 2077 3880 mundo
2092 3824 2338 3890 exisse,id
2354 3825 2506 3889 est,si
2524 3824 2749 3894 paganis
2761 3824 2957 3877 iterum
2973 3821 3466 3878 commisceremiui

1882 3916 1948 3971 ad
1988 3916 2361 3986 paganismutu
2399 3915 2760 3977 transeundo,
2788 3913 2981 3968 melius
3026 3913 3179 3967 vobis
3223 3920 3344 3968 erat
3395 3914 3467 3968 ah

1883 4010 1986 4064 hac
2015 4009 2121 4062 vita
2155 4008 2437 4071 transisse,
2459 4021 2621 4077 quam
2653 4006 2757 4060 illis
2791 4004 3031 4059 misceri.
3063 4003 3238 4059 Aliter
3265 4020 3280 4056 :
3315 4002 3464 4059 Alio-

1881 4100 2011 4171 quin
2029 4098 2335 4155 debueratis
2363 4099 2428 4153 de
2448 4099 2551 4152 hoc
2577 4101 2777 4152 mundo
2803 4096 3004 4160 exisse,
3034 4094 3088 4149 id
3110 4102 3216 4157 est,
3241 4093 3288 4147 si
3307 4092 3360 4147 in
3378 4102 3464 4146 ta-

1884 4190 2023 4245 libus
2048 4188 2285 4259 peccatis
2310 4202 2631 4259 permanere
2658 4185 2819 4241 vultis
2837 4226 2854 4250 ,
2881 4184 3074 4239 melius
3121 4190 3267 4245 esset
3309 4182 3465 4238 vobis

1883 4281 2021 4336 mori
2071 4287 2127 4335 et
2175 4278 2325 4334 exire
2372 4293 2402 4333 a
2448 4292 2695 4347 corpore.
2737 4274 3129 4331 Commiscetur
3153 4271 3446 4329 fornicario

1881 4373 2025 4443 quis,
2054 4380 2147 4426 aut
2189 4369 2531 4435 fornicando,
2559 4378 2654 4422 aut
2680 4368 2843 4423 etiam
2868 4367 2942 4420 illi
2972 4366 3024 4420 in
3065 4365 3249 4435 aliquo
3273 4363 3475 4420 famu-r

192 4453 454 4551 spiritali.
489 4476 612 4530 Non
634 4478 689 4530 in
716 4476 970 4546 fermento
997 4475 1171 4539 veteri,
1205 4472 1460 4529 subaudis
1482 4469 1778 4541 cpulemur,
1811 4507 1855 4564 Β
1884 4463 1992 4516 latu
2022 4461 2128 4564 cibi
2155 4470 2219 4564 et
2236 4468 2393 4564 potus
2423 4457 2504 4513 vel
2530 4457 2796 4564 collo¢piio
2826 4454 3081 4564 favendo,
3111 4454 3203 4560 vel
3230 4468 3337 4509 non
3360 4453 3459 4559 ,ἰη-

191 4572 290 4628 vel
321 4570 505 4624 simus.
530 4567 780 4639 Legimus
807 4568 858 4621 in
882 4565 1231 4635 Exodo,quod
1260 4564 1474 4634 quando
1490 4562 1584 4616 filii
1613 4561 1779 4617 lsrael

193 4663 408 4735 egressi
431 4672 558 4717 sunt
583 4662 649 4717 de
675 4659 934 4731 Egypto,
984 4676 1088 4715 non
1137 4658 1445 4713 detulerunt
1500 4657 1624 4711 inde
1672 4654 1779 4710 fcr-

195 4763 502 4810 mentatam
556 4753 817 4816 farinam,
854 4754 947 4807 sed
999 4751 1366 4806 tantummodo
1410 4763 1773 4819 conspersam.

194 4847 530 4917 (lugentibus
558 4844 701 4900 enim
724 4844 997 4914 {Egyptiis
1023 4859 1089 4897 ue
1123 4858 1328 4896 moram
1358 4840 1597 4895 facerent
1620 4854 1776 4912 egre-

196 4935 408 4999 diendi,
463 4935 796 5003 reliquerunt
847 4934 916 4987 ibi
957 4933 1299 4989 fermentum.
1352 4930 1616 5002 Egyptus
1657 4944 1776 4999 qua:

199 5033 596 5095 interpretatur
643 5024 884 5086 tenebrae,
921 5022 1193 5093 significat
1220 5022 1467 5077 tenebras
1498 5019 1780 5075 infidelita-

200 5119 318 5181 tis:
353 5116 677 5171 fermentum
725 5115 990 5186 signiﬁcat
1034 5122 1334 5184 peccatum.
1386 5112 1451 5165 Et
1485 5127 1582 5165 nos
1611 5109 1778 5180 IEgy-

199 5217 360 5278 ptum
387 5205 741 5275 relinquimus
767 5215 819 5260 et
848 5203 1169 5267 fermentum
1196 5202 1655 5275 peccati,quando
1681 5214 1779 5271 per

201 5300 370 5355 fidem
399 5298 697 5353 deserimus
734 5295 1124 5362 inﬁdelitatem,
1156 5305 1212 5351 et
1258 5293 1608 5363 relinquimus
1654 5306 1778 5367 pec-

197 5397 413 5454 catum,
442 5396 781 5444 transeuntes
804 5403 900 5458 per
936 5402 1129 5458 aquam
1173 5385 1515 5457 baptismatis
1558 5383 1625 5438 ad
1662 5390 1774 5438 ter-

201 5495 325 5534 ram
355 5480 806 5549 repromissionis.
831 5477 1173 5536 Fermentum
1212 5493 1340 5549 ergo
1368 5484 1522 5532 vetus
1545 5474 1777 5546 appellat

201 5577 532 5627 vetustatem
552 5570 759 5645 peccati
794 5577 847 5626 et
888 5570 1352 5646 conversationem
1380 5567 1573 5624 veteris
1598 5565 1776 5623 homi-

201 5667 319 5731 nis.
350 5663 530 5731 Neque
552 5663 605 5737 in
637 5661 885 5732 fermento
917 5652 1134 5715 malitia:
1169 5670 1215 5716 ct
1265 5660 1526 5733 nequitiae.
1575 5657 1775 5713 Malitia

201 5766 262 5818 et
296 5750 543 5824 nequitia
574 5752 788 5823 praprie
826 5754 889 5807 ad
931 5752 1239 5808 interiorem
1288 5750 1557 5823 hominem
1610 5747 1776 5819 perti-

1885 4554 2171 4627 crepando.
2200 4552 2407 4608 idcirco
2434 4560 2612 4609 autem
2630 4550 2822 4605 melius
2841 4556 2926 4606 est
2942 4548 3008 4603 ab
3032 4547 3131 4603 hac
3154 4547 3263 4602 vita
3287 4547 3461 4608 exire,

1884 4663 2044 4722 quam
2075 4647 2130 4701 in
2159 4646 2394 4717 peccatis
2423 4657 2663 4709 manere,
2691 4642 2815 4713 quia
2846 4651 3050 4715 quanto
3077 4638 3307 4709 amplius
3327 4638 3463 4694 vivit

1882 4741 1937 4793 tu
1971 4740 2097 4804 illis,
2123 4746 2274 4793 tanto
2303 4722 2558 4807 majorem
2586 4749 2798 4804 poenam
2824 4734 2925 4789 sibi
2952 4733 3203 4802 acquirit.

1953 4826 2014 4883 Si
2040 4829 2085 4882 is
2104 4829 2192 4899 qui
2218 4826 2382 4897 frater
2420 4826 2740 4889 nominatur,
2774 4825 2916 4878 inter
2943 4839 3061 4888 vos,
3091 4823 3143 4876 id
3174 4826 3263 4877 est
3288 4821 3460 4883 fidelis

1882 4918 2080 4977 dicitur
2106 4932 2226 4974 esse
2246 4959 2260 4981 ,
2285 4925 2359 4970 est
2385 4916 2695 4986 fornicator,
2736 4930 2853 4968 cum
2904 4913 3227 4984 hujusmodi,
3254 4912 3310 4967 id
3350 4920 3455 4975 est,

1880 5024 2003 5063 cum
2034 5008 2149 5075 tali,
2180 5025 2272 5062 nec
2298 5007 2467 5061 cibum
2490 5022 2713 5060 sumere.
2762 5004 2902 5070 Quid
2947 5004 3085 5057 enim
3128 5001 3253 5055 mihi
3278 5009 3361 5056 est
3388 5000 3483 5053 de.

1878 5102 1957 5155 Itis
1978 5100 2069 5172 qui
2102 5100 2231 5170 {oris
2254 5108 2394 5161 sunt,
2408 5097 2694 5167 judicare?
2735 5095 2792 5152 id
2839 5104 2942 5158 est,
2972 5094 3100 5163 quid
3128 5090 3360 5162 pertinet
3386 5092 3455 5149 ad

1881 5211 1985 5261 me,
2008 5193 2253 5265 judicare
2273 5191 2338 5245 de
2367 5190 2452 5245 his
2476 5190 2568 5259 qui
2597 5187 2731 5244 foris
2759 5194 2908 5253 sunt,
2941 5186 3007 5241 de
3041 5184 3263 5255 paganis
3310 5181 3457 5238 vide.

1880 5288 2027 5353 licet,
2051 5285 2142 5357 qui
2165 5291 2319 5340 extra
2342 5280 2638 5338 Ecclesiam
2665 5279 2825 5335 sunt?
2869 5278 3095 5343 Nonne,
3131 5275 3197 5330 de
3238 5275 3321 5329 bis
3368 5276 3458 5346 qui

1880 5381 2023 5435 intus
2037 5383 2182 5443 sunt,
2198 5374 2255 5429 in
2275 5373 2539 5439 Ecclesia,
2560 5389 2646 5429 vos
2664 5370 2922 5443 judicatis
2936 5370 2967 5424 τ’
2990 5368 3104 5425 sive
3124 5365 3456 5430 discernitis,

1884 5471 1935 5525 id
1961 5475 2045 5524 est.
2072 5481 2253 5523 nonne
2279 5480 2377 5521 vos
2398 5462 2624 5536 potestis
2647 5460 2779 5518 satis
2817 5460 3127 5516 diseemer’e
3144 5496 3159 5523 ,
3190 5470 3314 5512 cum
3338 5456 3479 5525 quis

1879 5564 1981 5618 bus
2006 5559 2247 5617 debeatis
2273 5555 2611 5613 commisceri
2640 5568 2709 5609 es
2737 5550 2935 5623 bisqui
2963 5550 3018 5604 in
3046 5546 3285 5603 Ecclesia
3306 5553 3467 5601 sunt.

1957 5650 2095 5707 Nam
2114 5666 2201 5705 eos
2222 5648 2313 5717 qui
2335 5647 2463 5716 [aris
2484 5653 2625 5709 sunt,
2648 5643 2702 5699 id
2727 5649 2810 5697 est
2845 5654 3082 5712 paganos
3107 5647 3164 5692 et
3187 5635 3483 5701 inﬁdeles,

1880 5742 2135 5799 Dominus
2174 5738 2454 5809 judicabit,
2502 5736 2757 5807 quoniam
2806 5730 2896 5804 qui
2952 5746 3058 5785 non
3104 5728 3297 5793 credit,
3334 5727 3471 5797 jam.

3365 354 3575 411 558'
