3936 6444
448 2870 477 2891 δ

525 314 630 373 330

525 524 618 595 qui
649 520 845 577 malum
878 534 1011 589 opus
1035 518 1198 583 fecit,
1231 533 1260 571 a
1287 525 1464 569 vestra
1515 514 1774 569 societate
1817 512 2087 581 expellite,

992 308 1340 363 llAYiiONlS
1382 305 1859 363 HALBERSTAT.
1902 302 2115 358 EPlSC.
2158 301 2306 358 OPP.
2338 301 2529 358 ΡΑιιδ
2565 300 2605 355 1.
2635 333 2703 341 -
2742 300 3095 357 ΕΟΜΜΕΝΤ.
3133 302 3301 357 ΒιΒι.

498 498 505 503 .
519 426 792 498 judicatus
817 431 919 479 est.
944 424 1155 492 Auferte
1178 422 1372 474 malum
1407 436 1470 473 ea:
1512 420 1647 473 vobis
1689 419 1844 487 ipsis,
1891 417 1944 470 id
1989 425 2089 477 est,
2196 413 2366 503 dices,
2396 412 2622 482 ideoque
2657 413 2731 466 illi
2764 414 2856 482 qui
2894 413 3113 483 aliquod
3168 414 3441 484 negotium
3487 414 3755 471 habebant

3654 302 3752 364 540

2192 501 2505 568 Christiani,
2537 503 2857 559 necessitate
2889 514 3134 574 cogente,
3164 506 3288 576 quia
3334 522 3441 561 non
3492 507 3759 565 habebant

527 594 599 674 ne
625 614 739 684 ejus
766 611 978 667 miseria
1005 609 1095 663 alii
1117 609 1391 664 vitientur.
1424 604 1542 674 Vel,
1566 606 1828 678 quidquid
1870 603 1995 660 mali
2037 604 2090 683 in
2183 594 2393 665 indices
2421 594 2576 650 ιιῑίίεε
2608 594 2729 664 Sibi,
2755 598 3046 668 pergebam
3080 598 3147 652 ad
3169 595 3380 664 jUdiCOS
3408 613 3756 669 paganorum.

527 705 681 765 vobis
708 710 811 769 est,
840 700 1047 756 auferte
1073 716 1104 755 a
1129 700 1300 765 vobis,
1331 706 1436 755 etc.

982 864 987 867 1
1141 794 1366 850 CAPUT
1394 793 1481 848 vt.

594 889 763 944 Audet
788 888 974 958 aliquis
996 895 1217 943 oestrum
1263 886 1479 950 habens,
1518 898 1551 938 ο
1602 882 1892 947 Corinthii,
1937 898 2093 952 nego-

520 986 675 1049 tium,
698 981 841 1052 quod
883 981 1136 1036 dicuntur
1159 979 1315 1049 quasi
1344 994 1443 1033 nec
1471 976 1651 1040 otiosi,
1680 976 1731 1030 id
1761 983 1845 1030 est
1872 988 2091 1037 causam

522 1084 577 1130 et
604 1074 1002 1131 accusationem
1038 1071 1287 1126 adversus
1325 1069 1543 1123 alterum
1582 1068 1802 1123 fratrem
1856 1066 2090 1131 fidelem,

521 1163 661 1233 apud
687 1162 915 1232 iniquos,
943 1161 995 1215 id
1022 1169 1105 1216 est
1130 1175 1388 1230 paganos,
1412 1158 1666 1228 judicari,
1707 1157 1757 1211 id
1805 1164 1910 1221 est,
1947 1155 2094 1225 judi-

522 1251 667 1305 cium
689 1251 952 1318 accipere,
981 1259 1026 1305 et
1057 1266 1158 1304 non
1185 1248 1324 1318 apud
1373 1258 1602 1309 sanctos,
1659 1246 1712 1300 id
1760 1255 1845 1301 est
1869 1244 2094 1300 ﬁdeles?

525 1342 751 1408 Quidam
778 1341 1177 1397 Corinthiorum
1204 1340 1562 1404 credentium,
1585 1339 1679 1395 sed
1709 1355 1816 1393 non
1846 1346 1991 1393 recte
2010 1338 2093 1392 vi-

498 1431 786 1499 .ventium,
820 1431 1079 1487 habentes
1116 1431 1514 1485 accusationem
1542 1436 1593 1481 et
1615 1428 1877 1498 judicium
1905 1428 2095 1484 adver-

500 1535 618 1581 sus
642 1520 874 1590 aliquem
904 1519 1127 1577 fratrem
1165 1519 1390 1582 ﬁdelem,
1421 1519 1569 1573 ibant
1598 1518 1665 1571 ad
1696 1516 1906 1587 judices
1932 1533 2093 1588 paga-

525 1626 625 1666 nos
655 1619 709 1666 et
738 1610 1008 1676 inﬁdeles,
1036 1619 1095 1665 ut
1138 1610 1349 1665 illorum
1393 1608 1597 1677 judicio
1647 1610 1997 1663 damnaretur
2041 1617 2095 1662 et

504 1699 857 1771 judicaretur
907 1700 993 1758 ille
1044 1707 1234 1757 contra
1285 1714 1445 1769 quem
1493 1698 1629 1753 falso
1690 1707 1782 1752 aut
1832 1698 2094 1754 veraciter

2190 685 2281 756 qui
2306 687 2358 740 in
2385 686 2615 741 circuitu
2645 702 2741 741 suo
2766 696 2941 741 erant.
2973 687 3279 743 Secundum
3327 689 3468 744 hunc
3510 704 3757 752 sensum,

2190 797 2296 835 non
2321 780 2448 834 dicit
2484 777 2800 835 aﬁirmative
2831 781 2954 845 hoc,
2990 781 3085 835 sed
3117 780 3321 835 ironice
3350 780 3599 851 praecipit
3625 781 3761 851 quod

2192 872 2265 927 illi
2315 874 2567 944 agebant,
2599 875 2741 944 quod
2785 882 2838 928 et
2866 872 3147 942 sequentia
3181 871 3549 931 manifestam.
3584 872 3763 929 Saecu-

2190 964 2348 1031 laria,
2374 961 2788 1034 inquit,judicia
2824 965 2867 1019 si
2894 963 3216 1027 habueritis,
3244 963 3360 1017 illos
3387 963 3478 1034 qui
3509 978 3613 1018 nec
3642 978 3762 1034 pos-

2192 1065 2315 1112 sunt
2358 1070 2531 1126 neque
2580 1056 2760 1111 sciunt
2808 1057 3116 1113 discernere
3164 1058 3277 1125 illa,
3311 1057 3430 1114 illos
3455 1058 3764 1113 constituite

2192 1148 2259 1202 ad
2283 1148 2655 1217 judicandum.
3086 1193 3096 1205 .

2273 1237 2355 1291 Ad
2416 1237 2780 1292 verecundiam
2832 1245 3053 1292 uestram
3113 1238 3270 1303 dico,
3321 1238 3446 1306 quia
3503 1252 3616 1293 non
3676 1237 3763 1293 de-

2192 1328 2432 1383 bueratts
2478 1328 2551 1381 ita
2587 1342 2765 1400 agere.
2816 1328 2980 1395 Quasi
3014 1328 3257 1384 diceret:
3292 1330 3406 1383 Non
3455 1329 3767 1400 imperative

2195 1421 2296 1475 hoc
2338 1419 2611 1490 praecipio,
2648 1419 2745 1474 sed
2792 1417 2999 1474 ironice
3036 1426 3093 1474 et
3121 1420 3454 1493 denegando,
3482 1420 3615 1489 quia
3653 1420 3767 1489 licet

2193 1526 2288 1565 vos
2316 1510 2390 1565 ita
2423 1511 2614 1581 agatis,
2647 1526 2755 1565 non
2787 1509 3048 1566 debuistis
3079 1511 3258 1566 taliter
3311 1526 3495 1582 agere,
3545 1510 3649 1565 sed
3686 1510 3766 1565 de-

2193 1600 2433 1656 bueratis
2456 1601 2587 1655 tales
2615 1600 2965 1666 constituere,
2981 1601 3071 1670 qui
3098 1601 3320 1655 aliorum
3344 1616 3541 1656 causas
3565 1602 3767 1655 discer-

2197 1707 2325 1748 nere
2358 1701 2412 1748 et
2442 1691 2735 1761 diiudicare
2765 1692 2968 1747 scirent
2997 1711 3009 1746 :
3041 1702 3093 1749 et
3124 1708 3352 1761 quorum
3384 1707 3635 1762 persona:
3674 1692 3761 1747 bo-

527 1808 746 1848 causam
778 1792 1067 1857 habebant,
1091 1790 1362 1848 lucrantes
1390 1805 1484 1845 cos
1514 1789 1825 1844 muneribus
1845 1830 1859 1855 ,
1904 1796 2093 1858 quate-
2127 1776 2167 1835 Β
2198 1782 2467 1837 norabiles
2491 1791 2673 1838 essent
2699 1799 2713 1836 :
2748 1791 2806 1836 ut
2828 1797 2931 1836 non
2964 1791 3107 1838 esset
3137 1798 3361 1837 necesse
3385 1783 3629 1852 aliquem
3657 1799 3769 1853 pro-

528 1898 630 1939 nus
658 1882 793 1938 falso
822 1890 912 1943 aut
940 1881 1205 1937 veraciter
1244 1880 1391 1937 illum
1430 1880 1807 1950 dijudicarent.
1868 1879 1969 1946 Qui
2009 1878 2096 1948 ju-

528 1976 677 2035 dices
718 1975 886 2045 iniqui
933 1974 1268 2044 appellantur
1316 1992 1331 2027 :
1377 1972 1461 2028 vel
1500 1972 1625 2042 quia
1674 1970 1833 2025 alieni
1874 1978 2030 2027 erant
2065 1985 2096 2023 a

528 2064 662 2131 Deo,
691 2063 777 2118 vel
814 2064 977 2119 etiam
1012 2063 1136 2133 quia
1185 2062 1331 2133 leges
1370 2063 1582 2129 divinas
1612 2061 1922 2117 hominibus
1970 2076 2099 2116 con—

526 2168 735 2221 cessas,
763 2152 1077 2223 frequenter
1108 2153 1435 2222 accipientes
1479 2166 1701 2207 munera
1749 2166 1871 2206 cum
1917 2149 2097 2206 adula-

499 2288 506 2313 δ.
529 2246 696 2310 tione,
726 2252 820 2299 aut
847 2245 1169 2314 spernebant
1200 2253 1293 2299 aut
1341 2242 1475 2300 falsa
1524 2242 1971 2314 interpretatione
2002 2257 2099 2296 au-

529 2335 836 2392 ctoritatem
861 2335 1072 2389 illarum
1099 2335 1275 2405 legum
1300 2335 1454 2390 idolis
1476 2333 1590 2390 suis
1637 2333 1969 2404 deputahant
2012 2331 2094 2389 di-

529 2432 713 2481 centes
745 2442 758 2477 :
786 2424 867 2480 sic
890 2432 943 2479 et
967 2424 1046 2481 sic
1072 2425 1201 2479 dicit
1231 2424 1319 2481 ille
1344 2424 1487 2479 Deus
1517 2439 1669 2481 meus
1691 2424 1746 2478 in
1776 2423 1916 2494 lege,
1935 2437 2100 2494 quam

528 2518 687 2574 nobis
710 2518 823 2573 suis
848 2518 1143 2574 cultoribus
1179 2517 1419 2572 tradidit.
1457 2516 1813 2586 Quapropter,
1845 2515 1970 2585 quia
1998 2513 2101 2571 Co—

496 2609 720 2667 .rinthii
760 2610 865 2664 hoc
900 2609 1188 2673 faciebant,
1216 2610 1489 2679 redarguit
1529 2624 1622 2664 eos
1664 2609 1974 2680 Apostolus,
2021 2607 2100 2661 in-

530 2696 757 2765 quiens:
790 2695 965 2767 Audet
999 2695 1193 2765 aliquis
1219 2704 1457 2751 vestrum
1488 2696 1590 2751 hoc
1620 2693 1832 2749 facere?
1868 2692 2099 2748 Omnino

530 2776 637 2844 non
661 2789 845 2844 debuit
871 2796 1019 2843 tanta
1043 2790 1389 2859 praisumptio
1418 2804 1535 2844 esse
1572 2789 1626 2843 in
1670 2788 1848 2851 nobis,
1896 2796 1956 2840 ut
2002 2782 2097 2838 ali-

528 2878 650 2945 quis
680 2876 955 2931 dimittens
985 2875 1187 2942 ﬁdeles,
1213 2892 1373 2932 causa
1397 2875 1586 2945 judicii
1616 2876 1719 2932 iret
1746 2877 1814 2930 ad
1857 2873 2099 2928 inﬁdeles

523 2967 999 3037 judicarifratrem
1025 2984 1179 3023 suum
1204 2969 1271 3025 ab
1308 2968 1431 3023 illis.
1824 2952 1831 2959 δ

601 3058 681 3112 An
715 3060 921 3114 nescitis
951 3060 1199 3130 quoniam
1221 3060 1386 3113 sancti
1413 3058 1475 3113 de
1517 3057 1614 3113 hoc
1655 3056 1849 3112 mundo
1884 3051 2099 3125 judica-

2195 1882 2315 1944 pter
2341 1874 2444 1929 hoc
2469 1874 2536 1929 ad
2564 1873 2842 1944 gentilium
2870 1872 3105 1942 judicem
3138 1875 3388 1927 transire.
3413 1873 3588 1945 Igitur
3616 1875 3768 1931 nolite

2196 1965 2524 2020 constituere
2551 1964 2778 2034 amplius
2810 1964 3261 2036 contemptibiles.
3299 1965 3615 2022 Secundum
3649 1966 3770 2024 Gre-

2196 2058 2406 2130 gorium
2438 2057 2866 2128 contemptibiles
2894 2058 3181 2127 possumus
3206 2056 3509 2128 intelligere
3544 2058 3764 2113 excola-

2199 2162 2286 2204 res
2316 2146 2582 2212 homines,
2610 2146 2967 2201 humanarum
3003 2144 3180 2218 legum
3227 2147 3515 2202 scientiam
3564 2148 3767 2205 haben-

2199 2251 2301 2307 tes,
2327 2240 2383 2295 in
2424 2240 2669 2310 personis
2710 2254 2922 2310 quoque
2943 2238 3305 2305 honorabiles,
3338 2240 3464 2310 qui,
3493 2256 3771 2312 compara-

2198 2332 2344 2387 tione
2380 2329 2593 2385 illorum
2625 2329 2717 2399 qui
2741 2330 2952 2386 divinas
2975 2329 3121 2400 leges
3149 2330 3472 2402 intelligunt,
3487 2339 3554 2386 et
3580 2341 3770 2404 myste-

2199 2424 2280 2479 ria
2320 2430 2519 2478 sancte
2546 2421 2830 2477 Trinitatis
2850 2430 3155 2493 penetrant,
3190 2422 3634 2493 contemptibiles
3660 2432 3772 2479 sunt

2200 2524 2254 2571 ct
2280 2515 2573 2585 simplices,
2601 2514 2723 2569 licet
2767 2513 2869 2585 ipsi
2897 2511 3084 2569 ﬁdeles
3114 2514 3241 2569 sint.
3269 2514 3334 2569 Et
3361 2522 3445 2569 est
3472 2515 3767 2569 secundum

2200 2607 2345 2661 hunc
2371 2620 2588 2661 sensum
2616 2602 2932 2659 aﬁirmative
2959 2603 3241 2675 legendum
3273 2622 3287 2658 :
3315 2603 3456 2673 Quia
3485 2605 3629 2661 tales
3656 2620 3771 2660 cou-

2200 2697 2454 2753 stituendi
2477 2704 2692 2760 sunt,et
2719 2711 2751 2749 a
2783 2695 3080 2751 canouibus
3109 2695 3205 2750 ﬁlii
3227 2695 3485 2751 Ecclesiae
3506 2696 3770 2765 appellan-

2204 2797 2319 2854 tur;
2367 2796 2421 2843 et
2470 2786 2607 2842 tales
2656 2786 2953 2841 debuerant
2994 2785 3067 2840 illi
3111 2786 3475 2851 constituere;
3534 2787 3682 2842 unde
3724 2794 3773 2842 et

2202 2880 2449 2935 subditur
2474 2896 2487 2931 :
2517 2876 2598 2932 Ad
2625 2876 3001 2932 verecundiam
3025 2884 3259 2931 vestram
3288 2876 3440 2941 dico,
3459 2876 3593 2946 quia
3619 2877 3769 2931 etiam

2201 2984 2287 3023 me
2317 2981 2422 3023 non
2459 2967 2801 3037 principiente
2831 2966 2933 3022 hoc
2968 2965 3145 3021 facere
3175 2966 3521 3021 debuissetis.
3549 2967 3772 3034 Ideoque

2166 3098 2171 3103 ς
2206 3058 2340 3113 tales
2376 3057 2618 3128 praecipit
2656 3056 2931 3122 constitui,
2956 3057 3082 3126 quia
3123 3056 3198 3111 illi
3232 3057 3324 3127 qui
3371 3056 3533 3111 altari
3582 3056 3771 3111 debent

529 3152 674 3217 bunt,
700 3152 751 3206 id
779 3160 891 3217 est,
942 3153 1164 3208 nescitis
1210 3153 1349 3223 quod
1404 3153 1575 3208 sancti
1626 3159 1896 3207 amatores
1942 3147 2099 3216 hujus
2129 3137 2172 3198 C
2205 3147 2501 3212 deservire,
2526 3154 2581 3201 et
2609 3146 2789 3200 divina
2810 3146 3022 3216 eloquia
3048 3146 3387 3213 meditari,et
3407 3146 3629 3217 populis
3662 3162 3771 3201 ver-

530 3241 1049 3310 mundijudicabuut
1072 3259 1136 3297 ex
1168 3243 1411 3313 exemplo
1438 3243 1561 3297 ﬁdei
1610 3258 1741 3307 sum,
1777 3250 1833 3296 et
1874 3256 2094 3309 compa-

531 3334 744 3388 ratione
782 3334 1024 3389 melioris
1066 3334 1211 3400 facti,
1238 3351 1342 3388 non
1392 3343 1660 3403 potestate
1710 3333 1850 3387 sicut
1891 3332 2096 3402 judiccs

532 3421 735 3477 saeculi.
764 3422 832 3475 Et
860 3424 905 3477 si
938 3422 991 3477 in
1018 3423 1179 3487 vobis,
1231 3423 1281 3476 id
1325 3430 1425 3486 est,
1477 3439 1575 3493 per
1618 3437 1716 3477 vos
1763 3428 1818 3476 et
1864 3431 2097 3476 vestram

527 3512 1010 3582 comparationem,
1031 3511 1356 3580 judicabitur
1380 3511 1626 3575 mundus,
1659 3518 1926 3565 amatores
1950 3508 2100 3563 vide-

529 3601 658 3657 licet
676 3600 886 3665 mundi,
916 3601 1115 3670 indigni
1153 3602 1275 3653 estis
1315 3602 1404 3670 qui
1445 3600 1509 3653 de
1550 3600 1776 3653 minimis
1812 3599 2101 3669 judicetis?

530 3690 644 3746 lloc
675 3691 890 3760 quidem
916 3707 1022 3746 non
1062 3690 1395 3757 afﬁrmative,
1429 3693 1521 3746 sed
1562 3692 1743 3761 potius
1770 3692 2097 3761 increpative

529 3793 583 3840 et
605 3784 991 3856 interrogative
1032 3784 1311 3855 legendum
1370 3794 1473 3840 est.
1542 3785 1638 3841 Est
1684 3794 1859 3840 autem
1911 3801 2100 3841 sensus

531 3876 835 3943 huiusmodi
887 3896 902 3931 :
943 3873 1000 3931 Si
1054 3876 1456 3947 comparatione
1497 3878 1662 3932 vestri
1707 3878 2100 3933 damnabuntur

529 3980 814 4022 satcmares
839 3966 1085 4021 homines
1109 3974 1166 4021 et
1190 3967 1370 4021 mundi
1400 3976 1692 4032 amatores,
1717 3967 1918 4039 indigni
1949 3970 2095 4032 estis,

532 4058 585 4113 id
612 4066 694 4114 est
724 4059 971 4130 indignos
999 4074 1096 4114 vos
1120 4059 1410 4130 judicatis,
1450 4068 1507 4114 ut
1537 4060 1602 4114 de
1629 4059 1866 4115 minimis
1883 4060 2100 4131 judiciis

526 4150 609 4204 vel
631 4150 810 4205 causis
834 4150 1118 4221 judicetis,
1146 4150 1212 4206 de
1240 4165 1379 4221 equo
1412 4149 1665 4205 videlicet
1692 4149 1871 4205 ablato
1901 4158 1955 4203 et
1997 4150 2098 4204 ali-

531 4258 639 4313 quo
663 4243 832 4310 furto,
860 4245 1115 4301 subaudis
1143 4261 1247 4301 non
1293 4244 1424 4300 estis
1461 4243 1687 4316 indigni,
1739 4258 1801 4298 ea
1845 4242 2101 4298 videlicet

522 4331 772 4401 judicare
805 4346 923 4402 qua:
954 4333 1136 4387 mundi
1165 4342 1307 4388 sunt.

611 4421 838 4477 Nescitis
881 4425 1127 4493 quoniam
1166 4425 1375 4495 angelos
1403 4423 1803 4494 judicabimus?
1846 4422 2102 4494 Malignos

534 4515 785 4593 videlicet
812 4517 1053 4588 spiritus,
1090 4520 1279 4574 eodem
1324 4521 1483 4575 modo
1524 4534 1630 4588 quo
1679 4527 1733 4572 et
1775 4519 2030 4572 mundum
2082 4537 2093 4572 :

533 4608 743 4675 Quanto
764 4611 929 4679 magis
950 4611 1261 4667 sa'cularia!
1302 4610 1353 4667 id
1379 4620 1479 4675 est,
1507 4620 1776 4665 amatores
1799 4610 1999 4665 smculi.
2032 4609 2097 4664 lli

532 4700 645 4769 qui,
676 4700 770 4775 Dei
794 4702 994 4757 auxilio
1039 4701 1187 4766 freti,
1237 4702 1597 4757 obedientiam
1640 4709 1695 4756 et
1741 4701 2097 4756 humilitatem

504 4801 815 4857 servarunt
865 4794 1270 4864 comparatione
1332 4794 1413 4848 sui
1468 4792 1788 4861 judicabant
1833 4794 2098 4865 malignos

531 4881 776 4953 spiritus,
800 4883 890 4953 qui
912 4899 1007 4953 per
1036 4882 1341 4954 superbiam
1367 4883 1703 4938 ceciderunt.

602 4972 897 5029 chularia
948 4974 1110 5043 igitur
1147 4973 1347 5041 iudicia
1379 4972 1425 5028 si
1462 4973 1767 5040 habueritis,
1800 4973 1851 5028 id
1898 4982 2003 5039 est,
2027 4975 2093 5029 ad

530 5077 724 5133 corpus
751 5060 1077 5132 pertinentia
1106 5061 1218 5116 sive
1267 5076 1544 5131 corporea,
1589 5071 1649 5117 ut
1703 5071 1788 5118 est
1831 5064 1899 5118 de
1948 5074 2097 5118 veste

462 5187 473 5199 -
530 5155 733 5223 furata,
761 5154 845 5209 vel
872 5170 1032 5225 equo,
1063 5160 1156 5209 aut
1191 5154 1389 5225 aliquid
1421 5156 1546 5221 tale,
1578 5155 1984 5227 contemptibiles
2009 5158 2096 5227 qui

529 5255 650 5301 sunt
669 5246 727 5301 in
748 5243 1001 5310 Ecclesia,
1025 5244 1143 5301 illos
1170 5247 1462 5301 constituite
1483 5246 1553 5301 ad
1573 5247 1939 5316 iudicandum.
1987 5246 2100 5303 Hoc

530 5334 817 5406 dupliciter
857 5344 1039 5407 potest
1085 5336 1326 5408 intelligi.
1378 5337 1683 5394 Secundum
1740 5326 2095 5407 Augustinum

532 5426 964 5498 contemptibiles
999 5429 1229 5499 appellat
1253 5428 1524 5497 simplices
1546 5468 1559 5493 ,
1582 5426 1675 5496 qui
1705 5442 1805 5482 nec
1851 5426 2096 5481 notitiam

531 5516 727 5573 divina:
754 5518 887 5590 legis
914 5534 1089 5589 neque
1126 5520 1375 5575 humanae
1415 5517 1708 5583 habebant,
1752 5531 1926 5587 neque
1971 5532 2099 5588 pru-

531 5608 770 5665 dentiam
796 5609 1132 5667 discernendi
1176 5610 1229 5666 in
1256 5609 1485 5680 negotiis
1511 5616 1564 5663 et
1586 5622 1814 5679 quorum
1853 5605 2099 5679 personas

504 5700 888 5770 despicabiles
908 5702 1269 5770 habebantur,
1298 5716 1434 5771 quos
1472 5701 1548 5756 illi
1573 5701 1966 5760 constituerant
2004 5702 2097 5772 ju-

2203 3240 2331 3295 bum
2368 3238 2768 3306 praedicationis
2807 3238 3082 3302 exhibere,
3114 3253 3147 3292 a
3170 3238 3523 3293 szecularibus
3549 3238 3771 3308 negotiis

2200 3328 2484 3398 etjudiciis
2513 3328 2719 3383 alienos
2744 3342 2802 3382 se
2836 3327 3032 3383 debent
3061 3328 3305 3383 reddere.
3347 3326 3438 3381 Sic
3463 3345 3571 3381 non
3596 3339 3673 3382 est
3701 3328 3771 3381 ia-

2201 3434 2279 3479 ter
2300 3438 2408 3488 ros,
2434 3421 2488 3475 id
2526 3432 2628 3485 est,
2656 3420 2896 3489 nunquid
2942 3435 3049 3475 non
3094 3428 3177 3475 est
3218 3420 3360 3474 inter
3402 3435 3525 3485 vos,
3569 3421 3769 3489 sapiens

2201 3513 2474 3585 quisquam
2502 3513 2591 3583 qui
2611 3514 2770 3582 possit
2783 3512 3027 3582 judicare
3047 3513 3182 3567 inter
3202 3511 3421 3581 fratrem
3446 3530 3607 3566 suum
3626 3513 3652 3566 .’
3687 3511 3769 3566 sed

2200 3607 2367 3678 frater
2401 3606 2573 3661 ﬁdelis
2596 3622 2731 3665 cum
2762 3605 2925 3676 fratre
2965 3605 3107 3660 lideli
3154 3605 3466 3671 contendit,
3521 3605 3769 3660 subaudis

2202 3705 2349 3753 certe
2380 3704 2480 3751 est.
2510 3696 2576 3750 Et
2598 3697 2699 3751 hoc
2728 3696 3111 3767 interrogative
3137 3704 3299 3765 atque
3329 3695 3671 3765 increpative
3689 3704 3765 3750 est

2200 3790 2505 3860 legendum.
2524 3787 2693 3856 Quem
2720 3789 2966 3860 superius
2992 3789 3300 3860 appellavit,
3320 3790 3627 3845 secundum
3647 3789 3770 3844 Gre—

2201 3881 2438 3952 gorium,
2466 3879 2945 3949 contemptibilem,
2975 3880 3090 3935 sive
3119 3880 3418 3950 simplicem
3465 3880 3523 3934 in
3580 3880 3771 3935 divinis

2200 3970 2408 4042 legibus
2454 3973 2832 4039 cooperatione
2878 3970 3164 4026 doctorum
3216 3980 3271 4025 et
3316 3971 3767 4041 praedicatorum,

2206 4061 2364 4115 modo
2394 4060 2626 4130 appellat
2652 4062 2949 4129 sapientem
2980 4063 3033 4114 in
3066 4060 3316 4115 humanis
3345 4061 3588 4130 legibus,
3617 4078 3767 4132 quem

2204 4151 2447 4220 prmeipit
2496 4151 2768 4206 constitui.
2798 4151 3102 4206 Secundum
3157 4150 3525 4221 Augustinum
3568 4162 3766 4216 autem,

2203 4243 2329 4311 quia
2368 4241 2439 4295 illi
2469 4242 2825 4312 despicabiles
2851 4242 3421 4308 constituebant,dixit
3454 4244 3598 4298 iste:
3628 4243 3767 4297 Nun-

2204 4331 2332 4399 quid
2360 4348 2467 4386 non
2496 4343 2578 4387 est
2606 4332 2800 4401 aliquis
2854 4333 3070 4403 sapiens
3122 4333 3265 4388 inter
3315 4348 3411 4387 vos
3462 4336 3558 4405 qui
3609 4336 3771 4405 possit

2204 4422 2481 4489 constitui,
2508 4431 2566 4478 ut
2609 4422 2805 4478 fratres
2848 4423 2988 4478 inter
3032 4440 3093 4478 se
3142 4439 3248 4479 non
3304 4424 3672 4481 contendant?
3720 4437 3769 4481 et

2205 4513 2346 4582 quod
2371 4511 2522 4584 pejus
2548 4522 2651 4580 est,
2679 4514 2778 4568 hoc
2804 4514 2967 4569 etiam
2995 4516 3134 4585 apud
3157 4515 3395 4570 inﬁdeles
3429 4516 3653 4579 faciunt,
3678 4520 3764 4571 du—

2200 4603 2505 4674 plicautque
2532 4614 2841 4674 peccatum,
2869 4613 2921 4659 et
2950 4607 3092 4675 quod
3142 4605 3370 4677 litigant,
3418 4618 3471 4662 et
3526 4613 3669 4679 quod
3717 4610 3766 4662 in

2200 4697 2482 4768 prmsentia
2518 4696 2808 4751 inﬁdelium
2834 4697 3067 4768 litigant,
3092 4713 3122 4752 a
3152 4699 3347 4769 quibus
3368 4699 3767 4770 blasphematur

2201 4803 2396 4842 nomen
2426 4787 2862 4843 Christianitatis.

2270 4878 2393 4931 Jam
2431 4878 2639 4948 quidem
2686 4881 2892 4932 omnino
2934 4878 3199 4944 delictum,
3246 4879 3295 4934 id
3332 4890 3416 4936 est
3467 4881 3692 4938 offensio
3717 4892 3764 4937 et

2198 4977 2499 5041 peceatum,
2530 4978 2603 5023 cst
2630 4987 2683 5023 m
2715 4970 2873 5034 vobis,
2895 4970 3033 5040 quod
3057 4969 3262 5039 judicia
3286 4969 3487 5025 habetis
3513 4973 3649 5026 inter
3668 4989 3762 5035 eos,

2201 5063 2325 5133 quia
2351 5063 2622 5117 accusatio
2643 5062 2813 5125 litem,
2843 5062 2905 5115 lis
2924 5062 3268 5125 discordiam,
3293 5063 3566 5118 discordia
3591 5064 3760 5118 odium

2198 5162 2443 5224 generat.
2469 5152 2546 5207 Ne
2574 5152 2708 5208 forte
2736 5152 2811 5205 illi
2837 5152 3095 5216 dicerent,
3123 5154 3341 5206 omnino
3364 5155 3465 5208 hoc
3493 5164 3761 5223 peccatum

2200 5258 2305 5296 non
2336 5250 2440 5306 est,
2471 5242 2515 5295 si
2551 5256 2667 5294 mea
2695 5240 2925 5309 requiro,
2954 5240 3074 5293 ideo
3099 5241 3383 5310 Apostolus
3407 5243 3541 5297 dixit
3566 5285 3578 5297 .
3605 5244 3657 5297 In
3683 5258 3763 5297 ve-

2202 5335 2360 5388 ritate
2387 5335 2527 5397 dico,
2571 5333 2821 5386 delictum
2867 5342 2949 5387 cst
2977 5334 3029 5387 in
3057 5335 3232 5400 vobis,
3261 5335 3384 5404 quia
3416 5345 3603 5391 contra
3632 5350 3761 5406 pre

2204 5420 2416 5494 ceptum
2436 5417 2643 5478 Domini
2663 5420 2842 5492 agitis,
2863 5425 2953 5495 qui
2969 5425 3132 5479 dixit:
3150 5426 3211 5481 Si
3227 5428 3342 5496 quis
3365 5426 3536 5497 aufert
3555 5438 3763 5499 quietus

2204 5527 2344 5584 sunt,
2374 5534 2435 5571 ne
2467 5525 2662 5587 repetas
2689 5514 2839 5588 (Luc.
2864 5515 2960 5589 vr),
2984 5528 3039 5572 et
3068 5519 3223 5573 nobis
3250 5534 3436 5589 pacem
3450 5535 3601 5573 suam
3621 5534 3761 5572 com-

2204 5609 2491 5666 mendavit.
2515 5605 2690 5672 Quare
2711 5624 2811 5662 non
2831 5609 2995 5680 magis
3014 5610 3267 5680 injurium
3291 5610 3526 5681 accipitis
3547 5611 3572 5664 Ρ
3593 5610 3644 5664 id
3664 5617 3763 5667 est.

2205 5716 2372 5774 quare
2398 5714 2502 5755 non
2533 5698 2704 5770 magis
2737 5699 2987 5755 damnum
3029 5701 3331 5766 Sustinetis,
3365 5708 3426 5754 ut
3450 5703 3760 5771 prmerptum
