3936 6470
467 372 575 426 M3

931 368 1284 426 533510le
1322 370 1800 429 HALBERSTAT.
1843 360 2054 427 EPISC.
2096 368 2247 429 OPP.
2290 374 2471 431 PARS
2508 373 2551 429 Ι.
2591 405 2661 416 -
2696 375 3052 431 COMMENT.
3090 375 3243 431 BlBL

3588 376 3717 429 ’ΒΗ

469 482 702 554 Spiritus
721 483 887 539 sancti
903 482 991 552 qui
1011 483 1066 535 in
1085 481 1225 535 vobis
1243 482 1401 536 estia
1419 490 1658 551 tempore
1677 480 2032 550 baptismatis,
2063 479 2112 538 Α
2140 478 2193 534 in
2224 481 2323 536 viri
2346 491 2610 552 potestate
2639 493 2741 539 est.
2769 482 3026 540 Similiter
3051 486 3134 538 vir
3161 486 3243 538 sui
3264 487 3515 553 corporis,
3554 485 3607 540 ω
3633 498 3725 542 εει

464 589 619 646 quem
638 571 837 627 habetis
863 588 897 625 a
916 570 1024 625 Deo
1045 580 1094 625 et
1117 587 1221 625 non
1246 570 1367 625 estis
1388 571 1542 626 vestri
1556 571 1583 626 7
1603 569 1861 641 Superius
1878 569 2037 634 dixit,

467 660 722 732 templum
748 660 864 727 Dei,
892 659 981 715 hic
1010 658 1245 730 Spiritus
1269 659 1474 726 sancti,
1504 659 1633 730 quia
1660 660 1716 714 in
1740 659 2038 716 substantia

468 755 608 810 idem
633 763 715 809 est
761 749 993 821 Spiritus
1020 759 1240 810 sanctus
1267 753 1409 823 quod
1448 761 1504 807 et
1532 752 1691 807 Deus.
1721 752 1788 809 Et
1828 749 1884 805 in
1932 764 2039 821 quo

464 844 672 899 habitat
712 842 946 913 Spiritus
992 851 1234 909 sanctus,
1278 843 1488 898 habitat
1508 842 1688 907 Pa‘ter,
1734 840 1943 897 habitat
1984 850 2041 896 et

462 934 631 990 Filius
654 952 669 989 :
691 936 817 1007 quia
849 935 992 991 sicut
1035 942 1161 989 sunt
1189 933 1355 989 unius
1385 934 1729 998 substantiae,
1774 932 2038 1001 uniusque

461 1010 729 1092 Deitatis,
754 1027 828 1081 ita
855 1025 1240 1096 inseparabiles
1266 1032 1409 1080 sunt.
1454 1024 1888 1092 Quandocunque
1921 1023 2038 1077 ani-

460 1129 578 1171 mus
601 1122 655 1170 et
686 1115 970 1171 delectatio
996 1115 1161 1169 trahit
1194 1130 1292 1170 nos
1320 1114 1386 1168 ad
1411 1113 1682 1169 libidinem
1700 1154 1715 1179 ,
1741 1112 1825 1166 vel
1849 1113 1916 1166 ad
1941 1112 2036 1166 ali-

457 1214 601 1274 quod
635 1204 846 1270 vitium,
888 1205 1148 1259 debemus
1179 1201 1523 1263 considerare
1546 1203 1688 1271 quod
1712 1217 1820 1259 non
1850 1216 2036 1257 sumus

459 1295 662 1360 nostri,
707 1310 880 1367 neque
923 1304 1120 1351 nostra:
1163 1294 1477 1364 potestatis,
1521 1294 1616 1348 sed
1663 1293 1864 1349 Christi
1894 1293 2033 1347 servi

457 1399 645 1440 sumus
661 1424 676 1451 ,
701 1384 853 1454 cujus
895 1386 1159 1441 voluntati
1185 1386 1404 1443 obedire
1428 1385 1708 1450 debemus,
1737 1383 1891 1454 cujus
1913 1400 2037 1441 san-

458 1474 620 1545 guine
649 1475 909 1545 redempti
950 1491 1156 1541 sumus,
1186 1475 1326 1530 sicut
1356 1475 1635 1545 sequentia
1664 1474 2031 1530 manifestam.

456 1564 713 1622 Pulsatur
732 1580 927 1636 corpus
953 1566 1335 1632 delectatione,
1360 1565 1477 1620 vult
1503 1566 1678 1621 anima
1705 1566 2031 1631 consentire,

456 1656 619 1714 debet
648 1657 1039 1714 rationabilitas
1076 1657 1268 1713 anima:
1299 1656 1368 1711 ad
1407 1672 1467 1715 se
1496 1657 1672 1713 redire
1711 1671 1776 1712 ac
1814 1657 2028 1711 dicere:

457 1745 598 1812 Quid
624 1748 863 1818 cogitas?
884 1748 1009 1818 quid
1031 1749 1310 1807 testuaris?
1337 1763 1444 1819 quo
1464 1749 1544 1804 vis
1569 1748 1691 1807 ire?
1715 1747 1831 1803 Non
1851 1764 1910 1805 es
1928 1756 2033 1804 tute

2140 573 2222 627 sui
2246 575 2461 629 verendi
2491 575 2604 629 sive
2628 576 2875 646 genitalis
2901 576 3148 641 membri,
3181 593 3284 630 non
3321 576 3473 631 habet
3493 587 3727 647 potest:-

2137 671 2260 729 tem,
2287 672 2345 718 ut
2369 664 2576 720 mulieri
2607 664 2891 734 prohibeat
2910 666 3129 731 coitum,
3166 665 3258 720 sed
3281 666 3335 720 in
3365 667 3609 723 mulieris
3630 685 3725 738 po-

2138 757 2333 806 testate
2361 762 2461 810 est.
2493 751 2583 806 Sic
2610 752 2710 808 sibi
2756 761 2881 808 sunt
2914 753 3142 809 invicem
3171 754 3457 819 debitores,
3483 764 3541 810 et
3577 760 3721 826 quod

2138 838 2311 909 majus
2337 850 2443 903 est,
2466 841 2633 906 servi,
2661 849 2719 894 ut
2742 857 2848 899 una
2888 841 3081 898 debeat
3106 856 3226 897 esse
3252 842 3498 899 voluntas
3527 846 3583 899 in
3602 846 3723 918 lege

2137 938 2358 983 natuvaz.
2391 930 2519 992 Dies.
2542 929 2687 996 festi,
2713 931 2932 1002 diesque
2964 934 3321 1002 purgationis,
3351 942 3407 988 et
3434 934 3549 1003 ipsa
3582 938 3721 991 ratio

2135 1028 2430 1088 cmtceptus
2460 1029 2515 1076 et
2540 1029 2728 1090 partus
2766 1019 2920 1090 juxta
2966 1020 3139 1093 legem
3179 1026 3381 1079 cessari
3410 1024 3496 1080 his
3523 1025 3722 1082 debere

2135 1116 2527 1164 monstrantur.

2207 1195 2385 1252 Nolite
2431 1198 2683 1267 fraudare
2707 1198 2956 1267 invicem,
2986 1200 3041 1255 id
3068 1208 3153 1256 est
3180 1201 3347 1257 nolite
3377 1218 3476 1259 vos
3502 1206 3721 1260 subtra-

2135 1288 2263 1343 here
2290 1292 2356 1344 ah
2387 1289 2638 1354 invicem,
2672 1303 2739 1344 ne
2778 1288 2917 1345 forte
2946 1292 3207 1346 discessio
3239 1303 3461 1362 generet
3490 1294 3722 1350 fornica-

2135 1378 2358 1444 tionem,
2388 1379 2488 1433 nisi
2526 1379 2662 1449 forte
2687 1395 2753 1434 ex
2785 1397 3034 1435 consensu
3054 1422 3077 1445 ,,
3122 1380 3175 1439 id
3203 1392 3287 1439 est
3324 1384 3596 1440 communi
3623 1400 3721 1440 vo-

2134 1466 2337 1522 lnnlate
2379 1476 2434 1522 et
2473 1468 2730 1536 consilio,
2776 1480 2832 1525 ut
2860 1471 3049 1528 vacetis
3095 1472 3323 1528 orationi
3364 1474 3433 1529 ad
3483 1486 3714 1543 tempus.

2132 1555 2297 1615 Omni
2311 1558 2521 1628 quidem
2538 1566 2780 1630 tempore
2799 1560 3060 1615 orandum
3081 1569 3164 1617 est
3186 1562 3363 1627 nobis,
3381 1564 3720 1635 orationiqne

2133 1654 2382 1711 insistere
2402 1654 2677 1721 debemus,
2706 1654 2802 1711 sed
2824 1664 2949 1710 tunc
2978 1655 3251 1725 acceptior
3270 1665 3353 1712 est
3380 1657 3492 1711 Deo
3520 1668 3703 1713 nostra

2131 1744 2344 1809 oratio,
2376 1744 2588 1813 quando
2628 1745 2827 1799 mundo
2866 1745 3029 1799 corde
3064 1754 3119 1799 et
3157 1760 3384 1815 corpore
3412 1745 3704 1816 profertur.

461 1838 768 1907 paremus,
795 1838 887 1893 sed
911 1838 1114 1895 Christi
1140 1854 1328 1895 servus
1351 1854 1431 1903 es,
1460 1840 1552 1909 qui
1579 1847 1633 1895 ιθ
1656 1838 1884 1895 redemit
1909 1854 2030 1908 pre-
2063 1826 2104 1885 Β
2133 1833 2265 1888 Cum
2297 1832 2439 1888 enim
2466 1834 2587 1905 quis
2614 1835 2779 1889 etiam
2820 1849 3077 1889 concessa
3115 1850 3223 1891 non
3250 1836 3462 1907 tangit,
3485 1838 3721 1892 ostendit

457 1928 751 1989 llosissimo
776 1931 1043 2001 sanguine
1067 1947 1165 1988 suo
1190 1947 1221 1986 a
1249 1931 1445 1990 diaboli
1472 1932 1784 2004 captivitate
1809 1950 1820 1985 :
1848 1932 2031 2001 utquid

455 2017 651 2072 lterum
669 2019 750 2074 vis
765 2021 1026 2090 captivari
1047 2037 1078 2077 a
1101 2021 1332 2087 diabolo,
1358 2030 1413 2079 et
1441 2023 1558 2093 ejus
1577 2022 1830 2093 potestati
1853 2023 2029 2086 subdi,

454 2108 546 2177 qui
578 2107 756 2181 tibilin
801 2112 978 2185 primo
1020 2122 1240 2184 parente
1266 2127 1479 2168 omnem
1517 2113 1741 2185 gloriam
1776 2112 2033 2171 abstulit?

455 2196 593 2253 Dum
625 2200 753 2256 talia
780 2204 1006 2272 coeperit
1037 2205 1305 2275 cogitare,
1327 2205 1711 2275 omnipotentis
1738 2206 1832 2262 Dei
1860 2207 2031 2275 gratia

453 2297 731 2345 nrotectus
761 2295 953 2348 evadet
981 2292 1200 2363 laqueos
1233 2294 1517 2350 incentiva
1542 2296 1932 2353 delectationis.

525 2378 704 2449 Empti
728 2382 863 2434 enim
904 2383 1024 2436 estis
1060 2385 1224 2453 pretio
1251 2401 1469 2455 magno,
1498 2401 1607 2440 non
1654 2401 1819 2451 auro,
1858 2402 2033 2456 neque

449 2480 697 2542 argento,
743 2474 837 2528 sed
876 2477 1135 2545 sanguine
1162 2475 1384 2531 Christi.
1430 2477 1522 2532 ille
1547 2478 1640 2549 qui
1683 2478 1881 2533 emitur
1920 2478 2034 2533 sive

454 2560 1019 2634 redimitur,captivus
1049 2573 1284 2632 tenetur,
1299 2574 1354 2620 et
1382 2582 1572 2622 servus
1594 2575 1681 2623 est
1706 2567 1850 2624 illius
1875 2584 1905 2622 a
1925 2585 2031 2640 quo

451 2650 760 2707 redimitur.
792 2652 882 2713 Sic
909 2670 1077 2725 genus
1103 2657 1393 2716 humanum
1433 2659 1701 2728 captivum
1751 2659 2033 2715 tenebatur

450 2742 735 2823 adiabolo,
758 2759 1049 2814 servusque
1075 2756 1192 2801 erat
1221 2747 1439 2814 diaboli,
1464 2749 1718 2818 quoniam
1759 2750 2027 2823 accipien-

450 2834 520 2894 do
546 2833 881 2916 dulcedinem
910 2836 1055 2904 pomi
1096 2836 1265 2902 vetiti,
1300 2838 1538 2895 vendidit
1561 2839 1904 2909 semetipsum
1931 2840 2026 2896 illi.

417 2908 776 2996 ~Redemptus
809 2940 937 2981 vero
954 2988 957 2993 ἱ
977 2927 1235 2998 sanguine
1262 2927 1499 2996 Christi,
1529 2930 1672 2987 illius
1695 2908 1884 3003 servus
1910 2942 2024 2996 est,

448 3005 674 3088 ejusque
698 3006 960 3076 voluntati
988 3020 1360 3091 obtemperare
1394 3023 1572 3080 debet.

520 3104 822 3179 Gloriﬁcate
864 3119 913 3164 et
946 3120 1150 3179 portate
1175 3111 1343 3168 Deum
1380 3114 1435 3169 in
1470 3131 1683 3186 corpore
1720 3126 1904 3173 vestro.
1936 3115 2025 3171 llle

450 3198 617 3254 Deum
644 3199 906 3271 gloriﬁcat
925 3244 939 3267 ,
969 3204 1057 3272 qui
1091 3205 1341 3260 mandata
1386 3206 1527 3262 illius
1551 3210 1844 3274 servando,
1870 3209 2026 3279 alios

451 3292 515 3347 ad
545 3290 881 3371 laudemDet
909 3297 1129 3362 excitat,
1152 3295 1306 3365 juxta
1337 3300 1480 3367 quod
1510 3299 1776 3355 Dominus.
1790 3301 1904 3354 ait:
1940 3299 2026 3354 Υἱ-

449 3382 605 3437 deant
628 3398 782 3451 opera
812 3393 978 3438 vestra
1004 3385 1157 3451 bona,
1177 3396 1226 3440 et
1249 3386 1534 3457 gloriﬁcent
1561 3388 1787 3447 Putrem-
1805 3400 2022 3447 uestrum

450 3471 667 3543 (Matth.
706 3473 782 3546 v).
827 3475 994 3532 Deum
1035 3476 1198 3532 etiam
1243 3487 1441 3549 portat,
1487 3482 1582 3549 qui
1619 3480 1735 3550 ejus
1781 3484 2022 3538 notitiam

420 3565 918 3637 ‘pratceptaque'in
965 3575 1146 3623 mente
1193 3566 1460 3638 gerendo,
1502 3569 1864 3647 operibusque
1906 3573 2021 3649 im:

450 3651 881 3734 piendo,‘sancte
917 3656 1045 3729 vivit
1076 3668 1137 3734 et
1157 3657 1324 3727 juste,
1357 3661 1648 3733 secundum
1675 3658 1825 3734 quod
1847 3663 2023 3721 Domi:

450 3757 552 3799 nus
595 3744 837 3821 praecipit
874 3764 887 3799 :
915 3746 1098 3802 Sancti
1141 3758 1299 3805 estote
1319 3752 1442 3822 quia
1470 3762 1517 3806 et
1539 3769 1631 3824 ego
1669 3764 1879 3810 sanctus
1908 3774 2023 3812 sum

449 3830 592 3901 (Leo.
615 3831 712 3905 xi).
740 3832 1056 3908 Quicunque
1077 3852 1206 3912 ergo
1226 3850 1417 3896 sancte
1438 3844 1666 3900 vivendo
1685 3854 1901 3903 sanctus
1920 3856 2021 3914 est,

450 3921 617 3983 Deum
639 3934 820 4007 portat
846 3928 902 3984 in
942 3940 1118 3991 mente
1157 3947 1279 3999 sua,
1322 3934 1389 3992 ad
1430 3934 1584 4007 cujus
1628 3937 1916 4011 imaginem
1942 3949 2025 3995 est

445 4015 620 4076 factus
634 4018 696 4075 in
723 4022 925 4078 anima.
1581 4052 1585 4056 ν

1039 4113 1266 4174 CAPUT
1308 4117 1414 4176 Ἧι.

516 4197 592 4254 De
613 4201 801 4279 quibus
836 4214 1008 4258 autem
1042 4207 1318 4277 scripsistis
1342 4211 1500 4277 mihi,
1530 4213 1789 4270 subaudis
1812 4230 1907 4285 per
1927 4230 2022 4270 ve-

444 4299 587 4346 atras
607 4292 841 4371 litteras,
859 4296 1046 4351 bonum
1067 4308 1141 4352 est
1162 4300 1359 4355 homini
1379 4304 1644 4360 mulierem
1667 4325 1770 4363 non
1792 4319 2023 4380 tangere,

444 4382 561 4436 sive
583 4396 699 4461 non.
719 4384 982 4458 accipere.
1015 4385 1478 4461 Pseudoapostolis
1500 4395 1801 4454 dicentibus
1827 4399 1891 4455 ad
1915 4400 2020 4456 Co—

2133 1938 2191 1976 se
2217 1921 2352 1976 velle
2394 1923 2638 1993 accipere
2681 1924 2822 1991 quod
2863 1932 3132 1994 precatur.
3177 1924 3242 1981 Et
3291 1926 3480 1981 iterum
3510 1930 3718 1979 recerti-

2133 2014 2259 2066 mini
2296 2014 2349 2067 in
2375 2013 2635 2083 idipsum,
2654 2014 2706 2069 id
2727 2023 2809 2073 est
2842 2014 2909 2068 ad
2932 2014 3137 2069 licitum
3168 2017 3389 2070 coitum.
3421 2015 3715 2072 Consilium

2132 2102 2218 2157 dat
2247 2102 2567 2173 conjugatis,
2591 2112 2649 2158 ut
2674 2113 2797 2173 post
2832 2104 2947 2160 dies
2973 2105 3235 2159 orationis
3261 2106 3330 2159 ad
3369 2121 3532 2161 usum
3564 2116 3715 2160 natu—

2133 2194 2309 2275 ralem.
2329 2204 2685 2260 revertantur,
2718 2208 2992 2264 exponens
3018 2210 3240 2254 causam
3263 2211 3435 2275 quare
3463 2196 3569 2254 hoc
3590 2213 3717 2266 prae-

2131 2269 2329 2353 cipiat:
2366 2282 2446 2338 Ne
2467 2293 2652 2350 tentet,
2682 2284 2880 2353 inquit,
2908 2301 2996 2339 vos
3022 2283 3247 2341 Satanas
3265 2269 3423 2351 ,‘sive
3452 2287 3712 2351 diabolus,

2130 2387 2339 2447 propter
2382 2364 2835 2432 incontinentiam
2866 2385 3085 2432 vestram
3128 2394 3147 2442 ;
3188 2377 3439 2432 videlicet
3487 2392 3556 2432 ne
3604 2384 3725 2432 uno‘

2130 2468 2513 2533 subtrahente,
2545 2467 2701 2523 aliter
2724 2466 3040 2534 fornicetur,
3071 2477 3125 2523 et
3150 2466 3381 2524 Satanas
3399 2468 3580 2524 locus!
3604 2478 3715 2525 lena

2133 2558 2278 2615 tanvli
2311 2559 2564 2612 inveniat.

2203 2649 2315 2703 Hoc
2339 2660 2511 2705 autem
2538 2646 2654 2705 dico
2675 2650 2955 2705 secundum
2978 2650 3373 2722 indulgentiam,
3397 2668 3503 2706 non
3530 2668 3711 2706 secun-

2130 2744 2562 2813 dumimperium,
2586 2744 2712 2813 quia
2732 2759 2836 2798 non
2858 2744 3127 2813 praecipio,
3156 2744 3249 2799 sed
3274 2745 3550 2814 permitto.
3585 2743 3709 2798 Volo

2129 2834 2266 2887 enim
2307 2849 2489 2889 omnes
2531 2834 2775 2891 homines
2816 2850 2925 2888 esse
2970 2836 3101 2889 sicut
3130 2836 3405 2905 meipsum,
3446 2835 3500 2888 id
3527 2844 3636 2900 est,
3668 2837 3709 2888 si

2130 2924 2244 2978 fieri
2286 2933 2485 2994 posset,
2531 2925 2723 2980 vellem
2751 2940 2939 2983 euntes
2984 2926 3227 2981 homines
3278 2940 3399 2980 esse
3439 2926 3583 2980 sicut
3613 2942 3708 2996 ego

2128 3036 2267 3087 sum,
2295 3029 2351 3074 et
2379 3034 2563 3074 amare
2596 3018 2959 3089 virginitatem
2991 3019 3126 3073 sicut
3157 3033 3256 3089 ego
3281 3034 3422 3073 amo.
3461 3017 3566 3073 Sed
3589 3021 3711 3089 quia

2129 3124 2233 3164 non
2280 3116 2458 3179 potest
2506 3109 2654 3173 fieri,
2701 3110 2937 3164 concedo
2986 3111 3277 3164 secundum
3322 3110 3707 3179 indulgentiam

2130 3201 2380 3267 inllrmis,
2412 3202 2504 3273 qui
2553 3218 2612 3258 se
2645 3218 2750 3258 non
2781 3211 3008 3272 possunt
3051 3203 3345 3264 continere,
3381 3219 3489 3257 non
3535 3213 3707 3256 tamen

2125 3292 2378 3361 principio
2407 3291 2658 3362 perfectis
2702 3293 2995 3347 secundum
3032 3291 3337 3360 imperium,
3369 3293 3499 3362 quia
3522 3306 3707 3345 omnes

2127 3380 2370 3436 homines
2399 3380 2586 3436 vellem
2609 3399 2694 3436 me
2717 3382 2768 3437 in
2792 3382 3041 3437 omnibus
3071 3382 3290 3449 imitari,
3321 3395 3377 3437 et
3401 3383 3453 3437 in
3485 3384 3702 3452 integri-

2128 3483 2237 3529 tate
2268 3476 2507 3543 corporis
2548 3490 2892 3544 permanere,
2940 3476 3062 3544 quia
3102 3476 3214 3529 seio
3241 3484 3504 3543 quantum
3536 3474 3703 3527 valeat

2125 3563 2347 3641 castitas
2380 3565 2523 3643 apud
2550 3564 2737 3642 Deum,
2779 3564 2923 3645 alius
2954 3565 3168 3645 quidem
3203 3565 3278 3618 sic
3301 3573 3357 3618 ut
3400 3564 3552 3635 virgo
3594 3581 3704 3618 ma-

2126 3664 2283 3731 neat,
2300 3654 2443 3737 alius
2458 3654 2719 3729 sero-sict
2736 3662 2798 3713 ut
2826 3655 2899 3710 sit
2926 3669 3045 3710 cum
3073 3653 3331 3724 conjuge.

2138 3792 2144 3799 ο
2205 3764 2388 3820 Melius
2434 3776 2508 3821 est
2538 3766 2676 3820 enim
2707 3767 2896 3820 nubere
2934 3783 3090 3837 quam
3133 3767 3235 3820 uri.
3273 3765 3389 3822 Non
3430 3768 3564 3822 dixit
3592 3767 3702 3822 ideo

2124 3857 2491 3927 comparativo
2515 3858 2676 3912 modo
2711 3858 2900 3913 melius
2927 3860 3230 3915 estnnbere
3244 3875 3408 3928 quam
3435 3862 3538 3923 uri,
3554 3861 3698 3930 quasi

2124 3947 2321 4001 bonum
2356 3947 2425 4002 sit
2450 3946 2556 4012 uri,
2587 3946 2816 4016 ideoque
2842 3956 2929 4003 est
2964 3948 3157 4005 melius
3181 3949 3418 4016 nubere,
3462 3951 3557 4005 sed
3581 3966 3700 4004 eon-

2125 4036 2462 4093 suetudinem
2510 4045 2727 4093 secutus
2758 4045 2871 4093 est.
2890 4036 3157 4095 Solemus.
3182 4038 3329 4093 enim
3353 4040 3537 4095 dicere
3559 4058 3574 4094 :
3600 4039 3699 4094 lle-

2124 4126 2227 4183 lius
2272 4136 2357 4182 est
2398 4128 2605 4184 lucrum
2652 4127 2834 4184 facere
2884 4143 3046 4198 quam
3094 4129 3386 4185 damnum.
3408 4129 3599 4185 Melius
3623 4142 3702 4185 est

2124 4234 2289 4274 unum
2314 4218 2529 4275 oculum
2561 4218 2759 4273 habere
2786 4233 2945 4287 quam
2983 4218 3204 4274 nullum.
3253 4217 3442 4274 Melius
3472 4233 3555 4276 est
3601 4236 3698 4275 uno

2124 4310 2258 4380 pede
2288 4309 2487 4374 inniti,
2514 4318 2570 4365 et
2606 4324 2674 4364 ex
2713 4308 2880 4366 altera
2939 4318 3093 4378 parte
3141 4310 3333 4370 baculo
3379 4312 3694 4372 sustentari,

2125 4412 2285 4466 quam
2314 4396 2500 4452 fractis
2537 4396 2788 4453 cruribus
2814 4410 3022 4467 repere.
3055 4396 3146 4452 Sic
3167 4398 3357 4453 melius
3379 4406 3464 4453 est
3501 4399 3695 4453 nubere

446 4473 730 4568 rinthios_:
773 4473 891 4530 Non
951 4478 1159 4535 debetis
1214 4482 1527 4566 mulieribus
1573 4487 1877 4556 adhaerere,
1932 4493 2022 4560 qui
2057 4510 2101 4568 ι)
2129 4496 2185 4539 ει
2223 4500 2446 4541 uxorem
2480 4486 2698 4549 ducere,
2730 4500 2895 4555 quam
2923 4485 3028 4551 uri,
3071 4484 3212 4556 quod
3242 4495 3325 4541 est
3351 4487 3588 4557 proprie,
3615 4503 3697 4542 ca-

446 4561 631 4618 mundi
676 4562 786 4618 Deo
828 4568 1063 4633 servitis,
1104 4569 1198 4624 sed
1234 4560 1331 4641 qui
1370 4575 1595 4631 creditis
1635 4576 1688 4630 in
1723 4576 2015 4642 Christum,

445 4660 869 4716 vestrasuxores
881 4656 1090 4716 debetis
1115 4663 1409 4728 dimittere,
1426 4667 1761 4734 scripserunt
1779 4669 2018 4737 apostolo

442 4744 708 4805 Corinthii
741 4762 904 4819 super
930 4752 1032 4807 hac
1072 4770 1129 4808 re
1157 4764 1333 4810 utrum
1359 4756 1619 4813 deberent
1646 4759 1899 4815 uxoribus
1925 4763 2018 4816 ad-

446 4836 658 4892 haerere
678 4837 747 4894 in.
766 4838 913 4896 coitu
951 4857 1141 4900 necne.
1169 4846 1374 4913 Quibus
1403 4846 1690 4917 Apostolus
1720 4852 2012 4920 respondit:

443 4925 649 4983 Bonum
683 4930 899 5002 quidem
924 4948 1044 4989 esse
1074 4935 1141 4989 ab
1177 4950 1342 4991 uxore
1382 4937 1677 5005 abstinere,
1706 4941 1798 5011 sed
1826 4943 2014 5001 melius

2126 4576 2239 4630 lore
2266 4576 2511 4647 corporis
2537 4586 2779 4647 cogente,
2816 4574 3089 4631 libidinem
3112 4577 3350 4647 explere,
3380 4588 3436 4634 et
3462 4595 3694 4649 quocun-

2123 4682 2229 4734 que
2260 4666 2416 4721 modo
2444 4665 2601 4721 nefas
2625 4674 2938 4736 perpetrare

2194 4775 2302 4828 His.
2318 4785 2490 4829 autem
2517 4776 2607 4845 qui
2636 4775 2963 4829 matrimonio
2977 4774 3155 4844 juncti
3177 4786 3320 4842 sunt,
3358 4776 3411 4832 id
3445 4786 3528 4833 est
3547 4776 3692 4834 uxori

2110 4869 2399 4939 lcgitimze,
2447 4882 2577 4937 quae
2619 4868 2927 4938 eonjunctio
2976 4871 3381 4925 matrimonium
3429 4871 3625 4927 dicitur
3663 4887 3690 4924 s

2119 4969 2396 5023 matrona,
2425 4972 2490 5013 eo
2532 4957 2673 5027 quod
2706 4959 2777 5013 sit
2804 4970 2977 5015 mater
3017 4960 3279 5027 filiorum,
3308 4963 3558 5035 prtroipio
3600 4979 3691 5017 nos

441 5032 564 5075 esse
589 5021 857 5094 accipere,
884 5040 1048 5095 quam
1073 5042 1196 5093 cum
1222 5028 1443 5085 alterius
1464 5040 1774 5105 perpetrare
1808 5036 2015 5091 adulte~

2134 5064 2237 5116 ego,
2275 5064 2351 5103 ex.
2387 5064 2503 5102 mea
2533 5050 2829 5113 sententia,
2875 5050 2963 5103 sed
2996 5050 3256 5109 Dominus
3289 5054 3343 5106 in
3370 5053 3655 5124 Evangelio
3675 5093 3688 5115 ,

447 5107 587 5165 rium
611 5123 707 5167 aut
733 5113 915 5185 aliquo
939 5116 1098 5171 modo
1128 5117 1557 5177 fornicationem.

510 5199 683 5259 Uxori
706 5207 786 5261 vir
806 5208 1033 5265 debitum
1071 5212 1282 5281 reddat,
1325 5215 1568 5272 similiter
1596 5228 1772 5274 autem
1807 5234 1855 5276 et
1885 5240 2018 5278 uxor

442 5293 577 5362 uiro,
608 5294 664 5352 id
699 5305 787 5355 est
820 5315 929 5357 non
968 5316 1030 5357 se
1066 5303 1386 5360 subtrahant
1421 5306 1492 5363 ab
1522 5308 1750 5366 invicem
1776 5327 1806 5365 a
1831 5312 1972 5368 coitu
1999 5333 2018 5372 ι

443 5380 661 5445 volente
693 5388 812 5445 viro
855 5394 1238 5463 concumbere,
1291 5395 1468 5454 locum
1510 5397 1603 5455 det
1646 5407 1702 5456 et
1745 5400 2015 5461 licentiam

442 5474 660 5534 mulier.
708 5478 970 5542 Similiter
1011 5494 1067 5543 et
1092 5488 1177 5544 vir
1204 5490 1402 5546 serviet
1428 5491 1665 5561 mulieri,
1712 5494 1940 5555 reddens
1968 5492 2019 5556 ei

445 5562 685 5625 debitum
711 5576 1117 5644 eoncumbendi,
1144 5576 1233 5636 illa
1259 5578 1473 5636 volente

521 5656 713 5717 latior
746 5666 828 5720 sui
869 5671 1101 5737 corporis
1117 5710 1140 5735 ,.
1164 5669 1218 5727 id
1256 5680 1340 5728 est
1364 5672 1444 5727 sui
1474 5673 1730 5745 geni.alis
1753 5678 2013 5748 membri,

444 5760 746 5821 potestatem
775 5771 875 5814 non
902 5759 1073 5827 habet,
1107 5771 1164 5819 ut
1194 5764 1475 5835 prohibeat
1513 5764 1628 5822 viro
1674 5767 1891 5838 scitura,
1924 5757 2016 5830 sed
2038 5764 2051 5803 ί

2120 5152 2333 5191 uxorem
2358 5154 2390 5191 a
2414 5138 2520 5191 uiro
2550 5152 2657 5189 non
2689 5136 2982 5203 discedere,
3008 5149 3231 5210 excepta
3258 5157 3423 5197 causa
3470 5141 3690 5197 fornica-

2120 5227 2300 5282 tionis.

2193 5315 2345 5382 Quod
2386 5316 2433 5370 si
2474 5316 2803 5383 discesserit,
2850 5334 3013 5373 causa
3044 5319 3434 5387 fornicationis,
3485 5324 3688 5392 innupta

2124 5418 2330 5462 maneat
2371 5418 2461 5462 aut
2509 5408 2615 5462 viro
2642 5424 2738 5463 suo
2767 5410 3144 5466 reconcilietur.
3180 5411 3323 5468 Nam
3368 5414 3568 5468 ceteris
3604 5429 3686 5483 ego

2123 5501 2263 5566 dico,
2292 5516 2395 5553 non
2417 5497 2694 5554 Dominus.
2720 5498 2956 5556 Locutus
2994 5509 3078 5558 est
3104 5503 3352 5573 superius
3390 5518 3513 5560 cum
3538 5503 3683 5560 innu-

2123 5590 2230 5663 ptis
2260 5601 2315 5646 ει
2353 5590 2526 5646 viduis
2559 5597 2721 5659 atque
2750 5591 3051 5663 conjugatis
3084 5592 3541 5661 ﬁdelibus,,modo
3568 5592 3689 5648 dicit

2123 5682 2330 5739 caeteris
2351 5722 2366 5748 ,
2409 5680 2463 5737 id
2488 5687 2574 5737 est
2608 5680 2883 5751 permistis
2913 5683 3218 5740 inﬁdelibus
3260 5701 3382 5741 cum
3428 5683 3686 5740 fidelibus.

2123 5773 2297 5837 Quare
2332 5770 2492 5851 dicit,
2530 5784 2627 5841 ego
2654 5771 2803 5839 dico,
2848 5791 2953 5849 non
2987 5774 3280 5832 Dominus?
3308 5775 3554 5846 Nunquid
3580 5775 3681 5830 Dav
