3936 6438
205 425 306 480 ὄιὶὄ

875 419 1238 476 EXPOSiTlO
1277 418 1340 472 IN
1380 415 1527 472 EPP.
1570 414 1629 471 S.
1669 409 1892 467 PAULI.
1933 441 1998 450 —
2033 410 2099 464 ΙΝ
2143 411 2357 465 EPiST.
2397 412 2416 466 l
2455 411 2546 465 AD
2586 409 2738 468 COD.

3350 405 3454 462 sto

203 530 379 586 utilius
423 545 529 585 non
577 527 894 599 loquebatur
919 543 1014 599 per
1056 528 1216 584 eum?
1246 525 1458 596 Utique.
1506 523 1614 579 Sed
1655 522 1776 576 ideo
1806 523 1847 578 A
1879 519 2095 574 liatione
2120 521 2273 589 pellis
2299 521 2548 591 genitalis
2575 521 2798 577 membri
2822 518 3080 592 loquitur,
3108 518 3202 576 sed
3226 519 3459 578 circum—

203 623 336 676 dixit
355 635 415 676 se
441 623 642 685 dicere,
667 631 720 676 ct
740 637 846 675 non
868 620 1172 685 Dominum,
1197 618 1324 687 quia
1346 618 1448 672 hoc
1464 621 1785 686 prmceptum

201 729 304 767 non
339 714 652 769 continetur
688 714 739 768 in
781 713 1071 784 Evangelio
1101 712 1303 767 dictum
1326 725 1358 764 a
1379 707 1789 773 Domino,sicut

202 805 330 858 illud
353 804 620 874 superius,
649 804 793 874 quod
817 819 921 859 non
952 803 1145 858 debeat
1167 802 1252 856 vir
1271 800 1541 855 dimittere
1563 811 1788 852 uxorem

201 913 353 952 suam
369 897 473 952 nisi
497 912 658 952 causa
677 893 1142 950 fornicationis.Si
1163 894 1280 960 quis
1295 892 1459 962 frater
1491 888 1664 944 ﬁdelis
1693 889 1788 941 Ita-

201 991 280 1042 bet
296 1005 510 1042 uxorem
537 975 816 1056 inﬁdelem,
846 987 957 1042 sive
971 1002 1074 1040 non
1091 983 1424 1046 credentem,
1450 989 1498 1035 et
1517 981 1629 1034 haec
1651 994 1788 1033 uxor

199 1078 469 1132 consentit
516 1077 762 1131 habitare
793 1091 912 1130 cum
959 1075 1066 1140 illo,
1097 1074 1151 1127 id
1182 1079 1288 1137 est,
1318 1072 1362 1126 si
1392 1069 1595 1125 nomini
1630 1068 1788 1123 Chri-

199 1169 376 1222 stiano
431 1183 538 1223 non
594 1167 848 1232 detrahit,
900 1182 1002 1219 non
1057 1164 1285 1217 dimittat
1333 1159 1672 1227 illam:quia
1699 1173 1787 1212 ac-

197 1259 380 1312 cidere
402 1257 630 1321 solebat,
661 1265 720 1311 ut
747 1257 865 1311 viro
893 1253 1148 1311 credente
1177 1252 1371 1306 mulier
1392 1249 1630 1304 inﬁdelis
1661 1264 1784 1320 per-

200 1349 451 1416 sisteret,
496 1357 550 1404 et
585 1349 902 1418 plerumque
942 1362 1109 1402 uxore
1137 1345 1414 1408 credente,
1449 1345 1533 1397 vir
1556 1342 1786 1397 inﬁdelis

199 1450 467 1496 maneret.
492 1431 616 1495 ldeo
646 1440 770 1494 talia
807 1437 1063 1508 praecepit
1084 1433 1390 1504 Apostolus,
1422 1441 1481 1486 ut
1505 1431 1549 1486 si
1579 1431 1783 1487 nomini

196 1530 507 1586 Christiano
540 1547 647 1587 non
695 1531 1038 1592 detraheret,
1093 1544 1200 1583 non
1251 1526 1548 1582 dimitteret
1590 1524 1786 1596 aliquis

198 1621 404 1676 sociam
431 1637 605 1677 suam.

270 1713 649 1783 Sanctiﬁcatus
697 1724 772 1770 est
813 1715 951 1769 enim
1000 1715 1078 1769 vir
1107 1713 1333 1783 inﬁdelis
1381 1726 1474 1784 per
1514 1710 1783 1764 mulierem

194 1804 429 1873 ﬁdelem.
481 1802 601 1859 1am
648 1805 751 1860 hoc
797 1812 1053 1860 evenerat
1083 1805 1137 1859 in
1184 1803 1368 1859 multis
1410 1810 1534 1872 post
1570 1801 1779 1855 Domini

1886 613 2058 667 cisum
2097 614 2328 683 appellat
2361 613 2586 667 liberum
2627 615 2696 668 ab
2736 628 2932 677 uxore,
2963 619 3017 667 et
3044 613 3419 684 prmputiatum
3440 652 3454 674 ,

1889 719 2109 759 uxorem
2138 706 2446 760 habentem.
2474 706 2865 773 Circumcisus,
2896 707 3104 776 inquit,
3129 713 3353 762 vocatus
3377 714 3460 761 est

1888 799 2028 867 quis,
2059 799 2110 852 id
2135 806 2251 863 est,
2282 813 2387 852 non
2419 799 2626 853 habens
2652 814 2871 852 uxorem
2895 840 2910 863 ,
2936 815 3042 854 non
3069 798 3298 854 adducat
3320 814 3461 869 pra:-

1885 891 2092 960 putium
2112 931 2127 956 ,
2160 890 2211 943 id
2241 898 2323 944 est
2354 905 2456 944 non
2493 890 2654 945 ducat
2685 904 2907 944 uxorem
2927 929 2942 954 ,
2977 897 3037 944 ut
3075 906 3180 945 non
3217 889 3290 944 sit
3322 902 3458 958 prte-

1886 982 2154 1052 putiatus,
2185 980 2277 1035 sed
2307 979 2513 1035 alienus
2541 996 2571 1034 a
2603 980 2869 1049 coniugio.
2897 979 2964 1032 In
2988 979 3241 1049 prreputio
3269 979 3462 1048 aliquis

1887 1084 2097 1128 vocatus
2119 1083 2194 1127 est
2214 1075 2237 1126 ?
2255 1073 2308 1127 id
2335 1082 2417 1127 est
2443 1089 2548 1128 non
2577 1074 2780 1128 habens
2810 1088 3032 1127 uxorem
3050 1113 3064 1137 ,
3100 1089 3202 1126 non
3229 1074 3458 1126 circum—

1887 1165 2115 1231 cidatur,
2141 1165 2323 1231 idest,
2353 1182 2458 1220 non
2488 1166 2758 1234 relinquat
2783 1181 3006 1220 uxorem
3033 1181 3183 1220 suam
3204 1205 3219 1232 ,
3243 1165 3348 1221 nisi
3372 1165 3461 1218 illa

1887 1253 2025 1310 forte
2055 1266 2202 1310 casta
2234 1272 2551 1326 permanere
2579 1257 2901 1311 decreverit.

1957 1343 2296 1400 Circumcisio
2329 1347 2460 1400 nihil
2497 1357 2611 1414 est,
2649 1348 2701 1401 id
2734 1355 2857 1413 est,
2895 1348 3114 1402 castitas
3153 1347 3268 1403 sine
3303 1347 3463 1403 bonis

1886 1439 2142 1508 operibus
2173 1438 2314 1493 nihil
2351 1447 2466 1503 est,
2506 1449 2562 1494 et
2596 1440 2815 1509 insuper
2860 1438 2995 1494 ﬁdes
3043 1441 3163 1494 sine
3206 1439 3462 1508 operibus

1885 1532 2058 1586 Otiosa
2091 1540 2203 1597 est,
2234 1542 2284 1586 et
2314 1534 2629 1604 prtt'pttlittm
2660 1533 2791 1587 nihil
2819 1542 2929 1598 est,
2960 1531 3012 1586 id
3042 1541 3126 1588 est
3153 1531 3460 1602 coniugium

1885 1624 2091 1693 absque
2123 1638 2290 1693 opere
2325 1623 2488 1677 bono.
2523 1621 2582 1677 Si
2619 1623 2783 1677 fuerit
2817 1623 2939 1691 quis
2977 1622 3366 1687 circumcisus,
3407 1620 3461 1675 id

1885 1724 1966 1770 est
1995 1723 2178 1770 castus
2196 1755 2211 1779 ,
2243 1715 2358 1769 sive
2384 1715 2682 1778 caelibatus,
2716 1713 2860 1784 quod
2889 1721 2974 1769 est
3001 1714 3120 1768 sine
3146 1727 3346 1778 uxore,
3373 1728 3465 1768 ca-

1887 1807 2166 1876 rueritque
2192 1806 2350 1860 bonis
2379 1807 2663 1875 operibus,
2697 1804 2830 1859 nihil
2859 1804 2907 1859 ei
2935 1803 3154 1875 prodest
3180 1819 3277 1858 sua
3305 1803 3459 1858 casti-

194 1895 590 1960 ascensionem,
619 1905 679 1950 ut
709 1911 804 1966 per
829 1895 1107 1951 mulierem
1134 1895 1344 1948 ﬁdelem
1369 1933 1384 1958 ,
1413 1891 1784 1946 sanctiﬁcatus

1899 1908 1993 1953 Las.
2018 1898 2076 1952 Si
2096 1899 2257 1953 etiam
2281 1898 2438 1952 fuerit
2468 1896 2802 1968 coniugatus,
2831 1905 2886 1950 et
2911 1911 3017 1950 non
3046 1893 3297 1950 habuerit
3322 1894 3463 1948 bona

192 1997 344 2043 esset
366 1986 450 2041 vir
471 1987 700 2041 inﬁdelis
724 1987 994 2042 credendo
1021 1987 1072 2040 in
1093 1985 1396 2049 Christum,
1425 1983 1566 2037 illius
1590 1984 1784 2053 prmdi-

195 2079 419 2134 catione
447 2085 502 2132 et
529 2079 670 2133 bono
691 2076 959 2146 exemplo,
1008 2091 1126 2146 qua:
1151 2075 1217 2130 de
1246 2074 1473 2146 superba
1502 2073 1641 2129 facta
1668 2081 1786 2127 erat

195 2168 418 2224 humilis
446 2178 500 2224 et
527 2168 763 2237 subjecta
805 2169 939 2233 viro,
974 2179 1028 2222 et
1056 2183 1153 2236 per
1178 2167 1353 2221 virum
1389 2165 1624 2230 ﬁdelem,
1663 2173 1785 2219 mu'-

193 2262 302 2317 lier
324 2261 558 2316 inﬁdelis
581 2261 786 2316 salvata
815 2269 896 2316 est
935 2260 1184 2314 similiter
1217 2257 1507 2329 quondam.
1539 2256 1783 2328 Alioquin

192 2352 301 2421 ﬁlii
329 2353 482 2408 vestri
526 2353 781 2407 immundi
819 2363 986 2408 essent
1022 2367 1040 2406 :
1080 2368 1216 2404 nunc
1240 2359 1413 2403 autem
1444 2350 1611 2404 sancti
1637 2359 1779 2414 sunt,

192 2447 245 2500 id
279 2454 380 2511 est,
429 2446 474 2501 si
515 2447 673 2501 ambo
702 2446 950 2501 inﬁdeles
1000 2445 1216 2508 essetis,
1243 2443 1328 2498 vel
1356 2443 1446 2498 ille
1469 2444 1560 2512 qui
1605 2442 1780 2498 ﬁdelis

190 2540 376 2594 factus
417 2547 540 2602 est,
598 2539 788 2593 iterum
851 2545 1218 2592 reverteretur
1283 2534 1349 2588 ad
1405 2535 1778 2606 paganismum

191 2641 420 2702 propter
456 2630 601 2684 illum
637 2631 728 2701 qui
778 2630 950 2685 noluit
1011 2629 1255 2693 credere,
1302 2628 1489 2698 utique
1541 2627 1637 2681 ﬁlii
1686 2640 1780 2680 vos

52 2702 60 2709 ’
153 2787 158 2791 π
191 2725 542 2778 imitarentur
574 2737 590 2777 :
620 2725 703 2778 vel
732 2725 892 2778 etiam
944 2724 987 2777 si
1017 2722 1192 2777 ﬁdelis
1227 2721 1526 2776 dimitteret
1573 2719 1777 2775 socium

193 2830 355 2868 suum
385 2815 672 2878 inﬁdelem,
705 2825 993 2883 essentque
1023 2813 1255 2882 separati
1287 2812 1354 2866 ab
1401 2811 1655 2877 invicem,
1684 2810 1776 2864 ﬁlii

193 2907 430 2961 forsitan
482 2907 742 2962 immundi
791 2917 990 2969 essent,
1049 2906 1172 2975 quia
1224 2905 1380 2959 idolis
1423 2905 1778 2967 deservirent,

194 3005 361 3066 patre
387 2997 604 3062 inﬁdeli,
643 2998 725 3052 vel
773 3005 948 3053 matre
991 2997 1192 3052 inﬁdeli
1224 2997 1568 3060 adhortante,
1596 3003 1652 3048 et
1681 2996 1780 3048 im-

195 3087 389 3141 mundi
419 3097 600 3142 essent
619 3089 781 3143 ctiam
812 3105 877 3144 ex
923 3089 1057 3143 cibis
1082 3103 1218 3158 quos
1248 3088 1594 3143 comederent
1622 3087 1778 3141 idolis

193 3177 554 3232 consecratis.
588 3177 738 3234 Nunc
765 3188 944 3233 autem
990 3179 1116 3234 dum
1143 3178 1302 3232 simul
1333 3187 1613 3232 morantur
1649 3179 1775 3232 tide-

1887 2006 2083 2061 opera,
2126 1991 2432 2060 coniugium
2464 1989 2603 2043 illius
2643 2003 2742 2042 nec
2778 1985 3017 2056 prodest,
3060 1998 3163 2038 nec
3197 1983 3352 2039 obest
3382 1983 3459 2037 ei.

1889 2078 1991 2134 Sed
2015 2080 2305 2134 observatio
2336 2078 2708 2132 mandatorum
2738 2076 2871 2140 Dei,
2900 2075 3139 2145 prodest.

1957 2167 2322 2238 Unusquisque
2360 2168 2412 2221 in
2447 2184 2549 2236 qua
2588 2165 2855 2220 vocatione
2891 2173 3108 2217 vocatus
3141 2171 3253 2229 est,
3292 2163 3361 2219 ad
3397 2164 3464 2219 ﬁ-

1885 2260 2037 2323 dem,
2075 2259 2128 2312 in
2163 2274 2224 2311 ea
2256 2265 2588 2328 permaneat,
2626 2255 2740 2310 sive
2777 2269 2902 2309 cum
2937 2268 3137 2319 uxore,
3185 2252 3300 2308 sive
3346 2253 3465 2308 sine

1886 2363 2074 2403 UXOI‘C.

1956 2439 2176 2502 Servus,
2207 2437 2462 2493 subaudis
2487 2435 2704 2499 uxoris,
2737 2444 2947 2491 vocatus
2973 2452 3026 2490 es
3044 2475 3059 2500 ,
3092 2433 3245 2505 cuius
3272 2433 3463 2492 volun-

1883 2531 1978 2584 tati
2009 2529 2214 2584 servire
2244 2536 2299 2582 et
2325 2543 2517 2598 parere
2547 2527 2744 2592 debes,
2776 2543 2879 2580 non
2907 2526 2973 2580 sit
3012 2526 3104 2578 tibi
3137 2541 3312 2591 curat,
3348 2525 3460 2580 noli

1883 2620 2112 2676 deﬁcere
2142 2633 2316 2688 neque
2346 2619 2616 2673 dimittere
2642 2631 2761 2672 eam
2802 2634 2815 2670 :
2848 2616 2973 2685 quia
3004 2631 3110 2669 non
3142 2615 3262 2670 ideo
3299 2614 3460 2668 amit-

1885 2719 1964 2766 tes
1989 2726 2214 2781 regnum
2244 2710 2368 2773 Dei,
2412 2709 2539 2764 licet
2571 2708 2888 2778 coniugatus
2925 2706 3032 2768 sis,
3066 2705 3111 2759 si
3151 2705 3227 2759 ita
3257 2704 3462 2758 servie-

1883 2803 1958 2856 ris
1987 2801 2172 2862 uxori,
2205 2809 2264 2854 ut
2293 2815 2398 2854 non
2429 2799 2715 2869 displicens
2744 2797 3026 2860 Creatori,
3053 2795 3144 2849 sed
3171 2805 3217 2848 et
3245 2794 3291 2848 si
3319 2803 3464 2864 potes

1884 2893 2018 2946 liber
2047 2893 2162 2960 ﬁeri
2184 2873 2478 2955 ,subaudis
2502 2906 2667 2944 uxore
2686 2931 2699 2953 ,
2728 2891 2778 2944 id
2801 2899 2882 2944 est
2905 2890 2948 2943 si
2978 2898 3066 2941 tua
3093 2886 3286 2954 coniux
3310 2887 3465 2942 obie-

1883 2984 1988 3045 rit,
2038 2991 2131 3035 aut
2175 2981 2338 3035 etiam
2379 2981 2432 3034 in
2470 2981 2720 3035 castitate
2755 2992 2976 3034 manere
3008 2978 3262 3046 elegerit,
3297 2978 3466 3048 magis

1885 3084 2064 3137 atere,
2101 3072 2359 3127 subaudis
2399 3072 2500 3127 ista
2537 3072 2820 3137 libertate,
2857 3079 2918 3126 ut
2953 3071 3260 3125 consentias
3296 3070 3382 3136 ei,
3409 3077 3468 3124 et

1884 3163 2042 3216 aliam
2073 3161 2178 3215 noli
2210 3161 2475 3230 accipere.

197 3230 426 3324 iiscum
476 3230 968 3334 i..‘.~.d.ii',"s;s.;‘..
999 3230 1115 3323 "in;
1145 3230 1376 3324 illorum
1395 3230 1633 3323 sum.
1653 3230 1780 3322 illi-

1955 3253 2059 3321 Qui
2088 3254 2231 3308 enim
2275 3255 2326 3307 in
2367 3253 2594 3308 Domino
2615 3293 2629 3318 ,
2665 3253 2717 3306 id
2746 3261 2833 3306 est
2863 3230 2922 3306 ut
2948 3252 3002 3306 in
3030 3252 3256 3308 Domino
3280 3253 3467 3308 crede-

194 3366 408 3424 tantur,
439 3367 494 3412 et
515 3361 685 3414 sancti
716 3371 860 3416 sunt.

278 3446 432 3513 Quod
465 3449 508 3502 si
544 3449 801 3518 inﬁdelis,
839 3452 922 3505 vir
962 3461 1050 3505 aut
1098 3451 1323 3516 mulier,
1369 3465 1399 3505 a
1444 3449 1592 3506 socio
1636 3448 1780 3504 ﬁdeli

194 3541 458 3606 discedit,
494 3541 682 3596 nolens
714 3542 968 3607 credere,
1009 3544 1272 3606 discedat,
1309 3541 1362 3596 id
1400 3551 1516 3606 est,
1553 3542 1778 3597 liberam

199 3631 408 3685 haheat
448 3640 771 3700 potestatem
817 3633 1174 3687 discedendi:
1222 3642 1400 3686 tamen
1451 3632 1626 3687 ﬁdelis
1672 3647 1781 3686 non

195 3719 456 3791 projiciat
487 3721 633 3775 illum
669 3737 697 3775 a
731 3737 821 3787 se,
868 3738 1042 3792 neque
1088 3731 1310 3791 propter
1355 3721 1502 3776 illum
1539 3722 1784 3777 discedat

198 3830 229 3866 a
275 3811 401 3866 ﬁde.
439 3809 562 3866 Non
599 3812 734 3864 enim
772 3812 1006 3865 servituti
1046 3812 1308 3880 subjectus
1349 3820 1422 3864 est
1473 3809 1640 3878 frater
1692 3818 1784 3862 aut

201 3921 366 3958 soror
394 3905 446 3957 in
478 3903 770 3972 ejusmodi,
803 3903 853 3956 id
886 3912 969 3957 est
1002 3903 1054 3955 in
1088 3902 1178 3955 tali
1209 3900 1382 3965 facto,
1415 3901 1468 3954 id
1499 3909 1582 3955 est
1610 3920 1622 3953 :
1661 3899 1784 3953 inﬁ-

201 3995 379 4058 delis,
413 3995 458 4048 si
491 4009 592 4047 non
625 3994 737 4046 vult
765 4009 982 4047 manere
1011 4009 1132 4046 cum
1165 3992 1340 4054 ﬁdeli,
1375 3991 1463 4044 ille
1495 3992 1586 4060 qui
1616 3990 1789 4044 ﬁdelis

202 4101 322 4140 non
353 4095 436 4137 est
466 4083 538 4136 ita
569 4082 844 4152 subiectus
879 4083 953 4136 illi
982 4091 1042 4135 ut
1073 4083 1265 4137 debeat
1295 4080 1442 4134 illum
1473 4080 1663 4150 sequi,
1695 4094 1790 4133 ne-

208 4189 327 4244 que
359 4171 632 4240 subiectus
658 4181 741 4227 est
765 4172 934 4242 culpa:
963 4183 1185 4242 prepter
1210 4173 1314 4226 hoc
1339 4171 1384 4226 si
1406 4171 1494 4225 ille
1521 4170 1746 4226 discedit
1772 4187 1786 4223 :

199 4267 281 4321 In
329 4280 456 4334 pace
497 4265 665 4328 enim,
704 4264 755 4318 id
804 4273 916 4327 est,
958 4265 1024 4317 ad
1065 4262 1411 4318 concordiam
1448 4263 1663 4317 vocavit
1695 4277 1816 4316 vos-

204 4356 378 4410 Deus.
412 4353 618 4408 Idcirco
647 4354 691 4408 si
720 4353 832 4406 vult
863 4353 1141 4408 discedere
1172 4351 1402 4406 inﬁdelis
1427 4353 1516 4421 qui
1546 4351 1792 4420 blasphe-

207 4453 330 4501 mat
356 4459 551 4498 nomen
577 4445 819 4510 Domini,
849 4443 1065 4498 recedat
1094 4453 1150 4497 ut
1178 4459 1366 4514 pacein
1395 4445 1566 4514 possit
1594 4443 1792 4498 habere

207 4533 420 4596 ﬁdelis,
451 4534 502 4588 id
532 4542 646 4597 est,
676 4551 781 4588 non
816 4545 1030 4605 oportet
1054 4535 1266 4606 litigare
1305 4550 1427 4589 cum
1451 4551 1515 4590 eo
1550 4536 1640 4604 qui
1677 4534 1789 4588 dis-

1886 3352 1998 3406 ret,
2029 3352 2239 3396 uocatus
2267 3352 2340 3396 est
2369 3359 2578 3407 servus,
2610 3342 2868 3396 subaudis
2895 3342 3108 3403 uxoris,
3141 3340 3355 3396 libertus
3390 3352 3464 3396 est

1884 3432 2124 3498 Domini,
2155 3432 2208 3486 id
2234 3440 2319 3486 est
2346 3431 2602 3488 liberatus
2624 3443 2707 3487 est
2732 3449 2762 3486 a
2787 3434 2991 3503 peccati
3012 3434 3165 3503 iugo,
3194 3442 3249 3486 et
3273 3449 3464 3502 quam-

1885 3525 2006 3577 dam
2031 3524 2393 3578 libertatulam
2425 3523 2585 3578 habet
2609 3539 2639 3578 a
2669 3525 2926 3589 Domino,
2951 3534 3008 3577 ut
3043 3525 3247 3579 serviat
3270 3527 3425 3580 uxori
3447 3564 3462 3587 ,

1885 3617 1960 3670 ita
1991 3626 2049 3670 ut
2075 3632 2184 3671 non
2215 3617 2496 3686 displiceat
2525 3617 2788 3672 Creatori.
2823 3617 3080 3672 Similiter
3106 3619 3197 3688 qui
3225 3618 3354 3673 liber
3381 3636 3467 3673 ro-

1886 3719 2033 3762 catus
2067 3718 2175 3774 est,
2217 3709 2269 3763 id
2306 3717 2389 3764 est
2426 3710 2542 3764 sine
2575 3725 2771 3774 uxore,
2811 3727 2990 3765 servus
3025 3719 3100 3765 est
3136 3710 3364 3775 Christi,
3413 3713 3466 3766 id

1887 3810 1987 3862 est,
2016 3814 2120 3852 non
2145 3799 2306 3854 debet
2329 3815 2386 3853 se
2406 3815 2670 3869 occupare
2697 3803 2917 3856 servitio
2940 3810 3153 3858 terreno
3179 3811 3234 3858 et
3255 3804 3466 3870 uxorin,

1889 3891 1982 3944 sed
2011 3905 2078 3944 ex
2107 3899 2222 3945 toto
2257 3893 2416 3946 debet
2453 3893 2656 3946 servire
2699 3894 2957 3958 Domino,
2998 3895 3255 3961 quoniam
3293 3895 3467 3964 maius

1887 3981 2167 4033 servitium
2205 3981 2500 4048 requiritur
2526 3982 2577 4034 ei
2615 3997 2646 4035 a
2687 3982 2914 4035 Domino
2950 3997 3111 4049 quam
3149 3984 3462 4054 coniugato.

1963 4069 2142 4122 Pretio
2173 4072 2328 4140 empti
2362 4072 2516 4135 estis,
2558 4071 2609 4126 id
2640 4081 2720 4126 est
2751 4069 3011 4139 sanguine
3037 4072 3266 4140 Christi,
3300 4077 3469 4132 nolite

1894 4161 2009 4216 ﬁeri
2037 4163 2174 4216 servi
2203 4161 2480 4217 hominum
2502 4203 2517 4229 ,
2543 4163 2595 4217 id
2625 4173 2708 4218 est
2735 4164 2875 4217 servi
2904 4178 3154 4218 uxorum.
3194 4165 3274 4219 llli
3320 4168 3466 4222 servi

1893 4254 2199 4312 eﬁiciuntur
2246 4257 2525 4311 hominum
2573 4257 2663 4327 qui
2692 4265 2912 4327 propter
2940 4273 3163 4313 uxorem
3211 4259 3469 4316 deserunt

1893 4348 2206 4404 Creatorem
2230 4390 2244 4417 ,
2285 4358 2339 4404 ct
2375 4350 2424 4405 ei
2456 4349 2742 4421 displicent
2778 4352 3131 4408 immoderate
3168 4353 3468 4408 servientes

1894 4441 2071 4493 uxori.
2092 4439 2222 4494 Tam
2248 4441 2416 4496 charo
2445 4453 2572 4513 ergo
2603 4442 2775 4510 pretio
2801 4442 2964 4510 empti
2997 4456 3202 4505 sumus,
3235 4449 3295 4496 nt
3321 4441 3470 4498 nullo

1895 4531 2001 4585 alio
2031 4531 2221 4586 redimi
2249 4547 2532 4601 possemus
2553 4571 2567 4596 ,
2598 4531 2700 4586 nisi
2733 4532 2992 4601 sanguine
3029 4530 3150 4584 Filii
3177 4531 3292 4586 Dei.
3323 4531 3470 4598 Qua-

211 4625 382 4680 cedit.
419 4621 567 4678 Unde
605 4627 741 4678 enim
780 4627 882 4680 scis
902 4667 917 4692 ,
951 4625 1140 4679 mulier
1168 4635 1261 4680 aut
1310 4626 1404 4688 rir,
1448 4626 1492 4695 si
1533 4640 1669 4680 unus
1716 4624 1792 4677 al-
1824 4592 1869 4650 D
1895 4629 2115 4690 propter
2141 4621 2280 4676 sicut
2306 4621 2394 4676 ille
2418 4622 2507 4691 qui
2535 4623 2752 4688 emitur,
2781 4622 2952 4692 magis
2977 4623 3182 4678 servire
3203 4623 3362 4678 debet
3391 4623 3467 4678 illi

211 4725 395 4770 terum
435 4715 638 4769 salvum
683 4717 878 4782 laciet,
927 4718 1027 4771 nisi
1066 4719 1199 4771 sicut
1236 4718 1548 4788 unicuique,
1587 4718 1705 4771 viro
1739 4726 1794 4772 et

213 4806 470 4871 mulieri,
505 4807 705 4868 divisit,
741 4808 852 4862 sive
881 4808 1174 4877 disposuit,
1219 4807 1504 4872 Dominus,
1539 4807 1796 4862 subaudis

214 4908 465 4968 tempora
490 4899 776 4964 credendi,
805 4908 864 4954 ut
887 4901 1119 4968 primum
1149 4901 1333 4955 credat
1357 4900 1439 4954 vir
1465 4900 1656 4956 deinde
1685 4916 1796 4953 mu-

216 4989 346 5055 lier,
377 4997 469 5042 aut
497 4989 729 5058 primum
759 4990 972 5055 mulier,
1002 4991 1194 5045 deinde
1223 4990 1327 5045 vir.
1369 4989 1790 5062 Unumquemquc

214 5080 358 5134 sicut
389 5082 584 5135 vocavit
624 5080 879 5136 Dominus
925 5083 992 5136 ad
1053 5082 1246 5147 ﬁdem,
1295 5083 1368 5136 ita
1415 5083 1675 5148 ambulet,
1722 5085 1794 5137 ita

220 5180 466 5238 maneat,
496 5173 549 5228 id
579 5183 681 5236 est,
715 5175 759 5228 si
788 5174 954 5229 habes
985 5190 1232 5240 uxorem,
1264 5183 1386 5229 tene
1415 5190 1532 5230 eam
1565 5193 1576 5228 :
1618 5175 1662 5230 si
1693 5192 1796 5230 non

220 5262 394 5317 habes
417 5303 432 5327 ,
465 5263 659 5319 ducere
689 5281 794 5319 non
827 5266 1182 5335 compelleris.

299 5348 648 5408 Circumcisus
675 5355 862 5425 aliquis
894 5367 1101 5410 vocatus
1131 5365 1206 5411 est
1230 5356 1254 5410 .9
1281 5373 1384 5411 non
1411 5357 1638 5411 adducat
1666 5375 1802 5428 prte-

223 5441 454 5512 putium.
496 5442 636 5510 Quid
665 5455 749 5500 est
775 5447 919 5517 quod
948 5447 1171 5515 loquens
1197 5446 1486 5516 Apostolus
1512 5447 1579 5501 de
1615 5448 1798 5501 uxori-

225 5534 336 5589 bus
359 5544 522 5606 atque
546 5535 868 5608 coniugatis,
895 5539 973 5593 sic
999 5539 1174 5594 subito
1204 5539 1451 5592 transivit
1479 5538 1544 5593 ad
1571 5537 1803 5594 circum-

228 5624 494 5681 cisionem
521 5629 683 5697 atque
712 5629 1081 5699 praeputium?
1108 5629 1176 5684 Et
1204 5631 1473 5700 quomodo
1501 5637 1678 5701 potest
1703 5629 1800 5684 ad-

230 5715 357 5770 duci
395 5720 714 5789 praeputium
751 5721 894 5791 quod
932 5721 1705 5791 praecisum-est?Notandum
1747 5721 1800 5776 in

236 5807 342 5862 hoc
369 5807 486 5865 loco
525 5811 651 5880 quia
698 5825 804 5867 non
837 5812 902 5868 de
929 5814 1368 5881 circumcisione,
1404 5814 1456 5869 id
1484 5823 1565 5870 est
1606 5804 1807 5885 exspoi

1896 4729 1926 4766 a
1966 4728 2074 4783 quo
2111 4713 2329 4778 emitur,
2367 4722 2428 4767 ut
2457 4713 2746 4782 aliquando
2783 4714 2955 4767 vicem
2988 4713 3178 4768 reddat
3202 4714 3468 4784 emptori,

1897 4806 1968 4859 ita
1998 4815 2053 4859 et
2082 4821 2179 4860 nos
2207 4805 2355 4861 omni
2387 4807 2563 4862 studio
2591 4816 2753 4876 atque
2784 4807 3038 4862 instantia
3069 4807 3275 4864 servire
3299 4807 3466 4864 debe-

1897 4915 2017 4954 mus
2045 4899 2262 4954 Christo
2289 4914 2319 4953 a
2347 4914 2454 4970 quo
2481 4899 2647 4970 empti
2676 4915 2880 4955 sumus.

1975 4986 2333 5058 Unusquisque
2371 4987 2557 5054 frater,
2592 4989 2644 5043 id
2682 4997 2765 5044 est
2800 4988 2968 5044 ﬁdelis
2989 5030 3002 5053 ,
3034 4991 3090 5044 in
3125 5005 3228 5060 qua
3256 4999 3468 5044 vocatus

1897 5091 1972 5136 est
2003 5089 2061 5135 ut
2090 5081 2368 5147 crederet,
2401 5081 2456 5136 in
2485 5083 2580 5136 hoc
2609 5091 2908 5152 permaneat
2933 5096 2951 5134 :
2981 5082 3232 5138 videlicet
3264 5082 3310 5137 si
3341 5084 3464 5136 cum

1901 5187 2068 5227 uxore
2105 5160 2338 5226 vocatus
2367 5178 2482 5236 est,
2520 5187 2626 5226 non
2665 5171 2903 5226 dimittat
2938 5171 3122 5236 illam;
3153 5171 3200 5226 si
3230 5169 3368 5226 liber
3401 5171 3471 5226 ab

1900 5278 2099 5327 uxore,
2133 5262 2178 5317 si
2208 5277 2267 5317 se
2297 5271 2474 5332 potest
2500 5263 2811 5327 continere,
2842 5269 3024 5317 utatur
3051 5261 3138 5316 illa
3167 5262 3434 5317 libertate.

1975 5353 2054 5408 De
2089 5355 2370 5425 virginibus
2407 5365 2720 5425 pra’ceptum
2745 5354 2960 5409 Domini
2991 5371 3093 5408 non
3121 5353 3310 5420 habeo,
3346 5353 3472 5422 quia
3561 5385 3568 5389 -

1907 5445 2166 5500 Dominus
2182 5445 2542 5515 virginitatem
2571 5445 2827 5510 laudavit;
2859 5461 2966 5500 non
2991 5454 3170 5500 tamen
3199 5445 3472 5516 praecepit,

1905 5551 1973 5591 ne
2009 5535 2290 5590 videretur
2323 5536 2540 5606 nuptias
2577 5537 2864 5600 damnare,
2893 5537 2986 5590 sed
3016 5535 3152 5589 dixit
3179 5553 3192 5588 :
3223 5531 3359 5590 Sunt
3385 5549 3476 5588 eu-

1908 5632 2066 5685 nuchi
2104 5629 2194 5700 qui
2228 5631 2423 5702 seipsos
2453 5638 2809 5684 castraverunt
2843 5638 3051 5698 propter
3077 5642 3290 5698 regnum
3319 5624 3477 5680 sclo-

1905 5738 2021 5776 rum
2072 5720 2304 5792 (Hattlt.
2354 5703 2517 5790 ιη’),
2566 5729 2728 5790 atque
2777 5719 3060 5775 subintulit
3103 5733 3118 5773 :
3159 5718 3264 5788 Qui
3313 5725 3478 5790 potest

1905 5827 2087 5879 capere
2137 5811 2308 5882 capiat
2357 5809 2579 5882 (Ibid).
2636 5809 2923 5865 Consilium
2983 5819 3155 5865 autem
3209 5808 3277 5864 do
3337 5807 3481 5880 quod
