3936 6446
481 388 587 453 M7

949 390 1300 446 HAYMONIS
1339 390 1816 449 "ALBERSTAT.
1859 393 2073 449 Ei‘lSC.
2116 394 2265 451 OPP.
2304 398 2486 456 PARS
2522 401 2562 457 l.
2600 432 2669 443 --
2702 402 3058 460 COMMENT.
3101 406 3270 462 BlBL.

3632 414 3739 471 διε

481 518 588 557 non
605 498 1305 571 displiceatraliis,ltanquam
1322 502 1732 557 misericordiam
1757 515 2065 559 consecutus
2095 511 2138 569 Α
2170 523 2275 564 non
2306 511 2576 579 gaudent,
2615 515 2743 585 quia
2769 516 2849 572 sic
2874 516 3111 588 gaudent
3136 519 3193 575 in
3222 522 3611 592 temporalibus
3638 525 3740 579 bo-

480 612 512 661 ᾳ
536 595 777 659 Domino,
801 601 856 649 ut
881 594 976 651 sim
997 592 1190 662 ﬁdelis,
1223 595 1480 649 subaudis
1508 594 1845 662 consiliator,
1872 603 1927 650 et
1944 596 2062 650 ido-

481 702 613 749 neus
644 687 696 740 in
727 686 915 740 dandis
944 685 1277 741 salutaribus
1304 685 1567 741 consiliis.
1612 686 1811 743 Paulus
1838 696 2061 756 aposto-

478 776 562 841 los
588 776 903 831 consiliator
932 776 1025 830 Dei
1059 784 1198 840 erat,
1236 777 1363 846 quia
1392 775 1653 846 Spiritum
1681 777 1775 835 Dei
1799 778 2059 844 habebat,

478 867 619 925 sicut
645 868 758 937 ipse
785 867 921 922 alias
952 868 1124 924 dicit:
1160 868 1301 921 Puto
1331 877 1508 922 autem
1542 869 1681 939 quod
1719 880 1769 925 et
1804 887 1897 941 ego
1936 868 2061 940 Spi-

474 962 634 1019 ritum
662 960 759 1017 Dei
786 960 1026 1015 habeam.
1054 961 1264 1017 Idcirco
1291 960 1423 1016 dicit
1451 979 1466 1015 :
1498 960 1743 1017 Gratiam
1771 970 1827 1018 et
1852 962 2062 1018 miseri-

474 1036 716 1117 cordiam
749 1059 1076 1106 consecutus
1116 1068 1257 1118 sum,
1296 1051 1479 1106 utsim
1527 1050 1701 1107 ﬁdelis
1744 1053 2057 1109 consiliator

475 1142 614 1210 Dei,
667 1144 895 1213 ideoque
949 1143 1235 1198 consilium
1294 1158 1471 1198 meum
1521 1157 1633 1198 non
1680 1142 1850 1199 debeo
1904 1143 2057 1199 vobis

475 1232 807 1288 abscondere

482 1364 489 1371 .
547 1323 803 1377 Existimo
830 1339 952 1392 ergo
977 1324 1075 1377 hoc
1106 1323 1292 1377 bonum
1325 1338 1432 1378 esse
1452 1363 1467 1390 ,
1499 1324 1554 1380 id
1582 1332 1666 1379 est
1686 1324 2051 1393 virginitatem

471 1430 723 1481 scrvare,
765 1425 976 1485 propter
1018 1416 1293 1470 instantem
1321 1417 1674 1471 necessitatem
1709 1416 2051 1472 :lnstantcm

475 1507 590 1575 sive
623 1514 944 1575 praesentem
979 1507 1353 1561 necessitatem
1383 1507 1619 1576 appellat
1646 1506 2051 1561 tribulationem

469 1608 527 1653 et
555 1599 861 1669 angustiam
895 1614 1056 1667 quam
1094 1600 1364 1654 sustinent
1389 1598 1695 1670 conjugati,
1729 1607 1784 1655 et
1812 1600 2051 1658 maxime

471 1686 791 1758 coniugata),
827 1686 1102 1741 fastidium
1136 1688 1382 1749 videlicet
1402 1690 1454 1749 in
1483 1691 1869 1764 concipiendo,
1898 1693 2049 1748 dolo-

472 1796 587 1837 rem
620 1781 677 1835 iu
713 1781 1098 1857 peritiriendo,
1151 1804 1260 1857 quo
1304 1788 1490 1844 dolore
1523 1789 1843 1858 plerumque
1877 1786 2051 1842 solent

2161 600 2278 665 nis,
2309 612 2369 655 ut
2405 618 2620 673 semper
2658 613 2923 664 tormenta
2966 620 3225 681 perpetua
3264 614 3645 682 considerent,
3686 626 3744 674 et

2161 699 2421 748 internum
2446 694 2539 751 Dei
2575 695 2838 764 judicium
2878 701 3142 768 timeant;
3173 713 3220 757 et
3264 704 3353 775 qui
3390 712 3592 772 emunt,
3622 718 3743 762 tan-

2161 798 2321 853 quam
2361 800 2466 839 non
2507 789 2850 856 possidentes.
2897 791 3042 846 Emit
3080 792 3279 863 aliquis
3324 796 3527 865 praedia
3569 805 3743 853 terre-

2161 888 2258 936 na,
2294 873 2461 935 boves
2485 916 2502 942 ,
2533 892 2720 935 servos
2743 920 2761 947 ,
2793 889 2848 937 et
2872 874 3100 939 ancillas
3124 923 3142 949 ,
3171 884 3265 939 sed
3292 884 3449 954 quasi
3477 901 3584 941 non
3616 902 3743 957 pos-

2159 961 2329 1030 sidet,
2360 964 2487 1020 dum
2517 977 2737 1038 repente
2761 971 2828 1025 ab
2858 972 2962 1027 hoc
3001 972 3196 1029 saeculo
3233 975 3431 1030 transit
3467 990 3568 1046 per
3594 993 3744 1031 mor-

2159 1058 2268 1107 tem
2297 1057 2559 1125 corporis.
2586 1058 2799 1117 Aliter:
2827 1061 3024 1117 Emont
3044 1064 3197 1119 multi
3226 1066 3369 1122 bona
3396 1070 3738 1139 temporalia.

2159 1155 2322 1215 atque
2378 1150 2446 1207 ad
2487 1166 2643 1207 osum
2685 1168 2840 1211 suum
2882 1156 3222 1227 aliorumque
3258 1170 3564 1229 praeparant
3616 1177 3741 1230 quae

2159 1237 2212 1293 in
2256 1240 2359 1295 hoc
2399 1242 2596 1298 saeculo
2634 1247 2943 1301 necessaria
2972 1256 3126 1314 sunt,
3156 1251 3252 1306 sed
3280 1251 3437 1320 quasi
3474 1267 3584 1307 non
3615 1267 3740 1323 pos-

2157 1331 2366 1397 sident,
2398 1334 2523 1388 dum
2551 1336 2632 1391 sic
2658 1337 2931 1394 adhaerent
2963 1341 3227 1405 terrenis,
3258 1351 3317 1397 ut
3346 1357 3454 1398 non
3485 1344 3740 1399 amittant

2156 1433 2361 1479 aeterna
2383 1466 2398 1490 ,
2428 1436 2589 1482 cauta
2618 1431 3053 1489 consideratione
3080 1436 3435 1504 pratvidentes
3460 1436 3590 1506 quia
3619 1439 3735 1491 hate

2154 1518 2335 1572 omnia
2376 1519 2430 1574 in
2471 1522 2717 1590 proximo
2755 1524 2998 1581 relicturi
3035 1529 3173 1591 sint,
3215 1543 3540 1599 semperque
3582 1546 3736 1584 suam

2158 1606 2211 1663 in
2254 1611 2488 1665 terrenis
2528 1619 2581 1666 et
2626 1614 2958 1671 transiloriis
3008 1618 3167 1673 rebus
3207 1627 3262 1674 et
3301 1620 3739 1690 possessionibus

2154 1717 2261 1759 non
2289 1714 2512 1772 ponunt.
2902 1716 2905 1719 ‘

2233 1794 2299 1848 Et
2337 1795 2428 1866 qui
2474 1805 2696 1852 utuntur
2720 1799 2817 1853 hoc
2842 1800 2999 1857 modo
3018 1842 3033 1867 ,
3061 1809 3323 1872 tanquam
3348 1818 3460 1859 non
3488 1812 3733 1859 utantur.

474 1880 727 1936 mulieres
756 1880 935 1944 mori,
973 1894 1162 1933 coram
1195 1878 1506 1944 multamvet
1534 1879 1777 1945 laborem
1807 1876 1862 1930 in
1896 1876 2048 1931 alcn-
2078 1861 2124 1925 Β
2153 1884 2304 1940 Multi
2348 1861 2577 1943 utuntur
2620 1888 2780 1943 bonis
2824 1889 2982 1961 hujus
3030 1861 3244 1959 surculi,
3291 1892 3434 1950 sicut
3479 1909 3637 1965 reges
3683 1904 3740 1951 et

473 1974 557 2029 dis
590 1983 648 2030 et
675 1973 997 2029 contuendis
1021 1973 1146 2029 ﬁliis
1163 2012 1178 2038 ,
1220 1973 1497 2050 tristitiam
1523 1972 1590 2028 de
1616 1972 1967 2043 aegrotatione
1996 1980 2053 2027 et

468 2076 645 2123 morte
679 2081 899 2131 eorum,
940 2068 1282 2136 maximeque
1327 2067 1373 2121 si
1419 2066 1671 2122 omnibus
1717 2064 1842 2119 ﬁliis
1890 2064 2052 2119 fuerit

469 2159 814 2223 orbata..‘de
864 2157 1159 2212 amissione
1209 2170 1424 2227 quoque
1469 2154 1732 2225 conjugis.
1788 2153 2051 2210 Similiter

471 2251 640 2305 etiam
681 2250 896 2309 labores
931 2257 988 2305 et
1020 2249 1234 2304 dolores
1268 2249 1499 2303 sustinet
1532 2247 1617 2302 vir
1653 2246 1721 2301 de
1757 2246 2051 2301 amissione

471 2340 705 2403 ﬁliorum
730 2351 785 2396 et
811 2350 983 2397 morte
1013 2340 1227 2407 uxoris,
1261 2358 1291 2399 a
1319 2342 1516 2412 quibus
1543 2339 1796 2395 omnibus
1824 2348 1951 2395 sunt
1975 2339 2049 2394 illi

471 2429 669 2497 liberi,
718 2430 811 2500 qui
863 2433 1231 2503 virginitatem
1278 2440 1528 2499 servant,
1582 2432 1857 2488 imitantes
1902 2431 2046 2485 illam

468 2526 639 2583 vitam
685 2540 804 2595 qua:
847 2535 972 2596 post
1019 2535 1251 2582 mortem
1298 2525 1425 2580 erit.
1475 2525 1820 2593 Quapropter
1857 2522 2053 2578 subdit

468 2617 791 2689 Apostolus,
835 2616 1085 2687 quoniam
1121 2617 1310 2671 bonum
1346 2625 1421 2670 est
1457 2616 1657 2670 homini
1688 2615 1763 2668 sic
1803 2630 1947 2678 esse,
1997 2613 2051 2668 id

467 2715 553 2764 est
580 2707 636 2762 in
665 2706 976 2775 integritate
1003 2706 1245 2776 corporis
1285 2705 1500 2770 vivere,
1530 2705 1896 2775 virginitatem
1931 2719 2048 2759 ser-

468 2808 632 2862 vare,
680 2804 745 2851 ut
792 2797 965 2865 possit
1011 2810 1131 2851 esse
1177 2795 1316 2851 liber
1362 2797 1433 2853 ab
1476 2796 1563 2851 his
1611 2794 2046 2851 necessitatibus.

469 2886 622 2954 Quod
655 2900 782 2940 vero
814 2887 1081 2955 sequitur,

478 2992 483 2995 '
541 2976 951 3031 Tribulationem
990 2988 1161 3031 tamen
1191 2979 1366 3032 carnis
1401 2977 1661 3032 habebunt
1698 2977 2002 3047 hujusmodi
2029 2992 2048 3031 :

468 3066 544 3121 illi
562 3065 742 3130 .tales,
771 3065 1027 3121 videlicet
1049 3068 1140 3136 qui
1164 3068 1511 3122 matrimonio
1532 3068 1875 3137 copulantur,
1903 3068 2049 3137 quod

468 3171 629 3227 Supra
656 3156 941 3226 appellavit
966 3158 1342 3212 necessitatem
1375 3159 1700 3223 instantem,
1730 3160 1833 3214 hoc
1856 3160 1909 3213 in
1946 3159 2048 3214 hoc

466 3247 587 3304 loco
606 3247 895 3318 appellavit
913 3248 1339 3304 tribulationem.
1358 3248 1471 3319 Ego
1494 3260 1668 3303 autem
1688 3250 1827 3304 vobis
1847 3267 2042 3319 parco;

463 3345 522 3393 et
542 3348 622 3393 est
652 3352 841 3392 sensus
867 3355 881 3391 :
916 3336 1128 3392 Suadeo
1155 3340 1326 3403 vobis,
1350 3348 1405 3393 et
1425 3338 1711 3393 consilium
1732 3339 1801 3393 do
1824 3347 1883 3395 ot
1906 3339 2044 3395 casti

466 3429 585 3484 sitis
604 3468 622 3493 ,
650 3428 839 3482 volens
868 3441 964 3481 vos
993 3441 1211 3483 servare
1249 3443 1319 3482 ne
1346 3427 1403 3483 in
1430 3428 1831 3483 tribulationem
1860 3429 2043 3484 carnis

463 3517 734 3577 incidatis.
762 3516 979 3571 Aliter:
1020 3516 1134 3586 Ego
1161 3516 1315 3572 vobis
1350 3532 1546 3587 parco,
1578 3519 1633 3574 id
1673 3526 1758 3574 est
1798 3520 2038 3585 dimitto,

461 3608 553 3664 vel
590 3607 871 3663 consentio
908 3608 1166 3663 accedere
1208 3624 1306 3663 vos
1353 3608 1420 3663 ad
1459 3610 1600 3665 hanc
1638 3610 2038 3668 tribulationem

465 3700 683 3763 carnis,
710 3699 757 3754 si
787 3713 892 3753 non
920 3698 1079 3753 vultis
1105 3699 1470 3769 integritatem
1499 3703 1740 3771 corporis
1767 3719 2008 3759 servare.

446 3806 453 3819 '
541 3789 763 3860 Tetnpus
800 3790 1053 3845 subaudis
1079 3792 1203 3846 vitae
1233 3801 1461 3862 nostra,
1492 3794 1656 3850 breve
1682 3804 1796 3860 est,
1829 3798 1956 3867 quia
1986 3798 2039 3853 in

465 3881 618 3939 brevi
650 3880 886 3945 ﬁnietur,
915 3881 1142 3952 ideoque
1172 3898 1279 3939 non
1316 3891 1399 3939 est
1431 3884 1659 3955 populos
1688 3886 1784 3940 Dei
1812 3885 1888 3940 ita
1917 3901 2044 3957 pro-

467 3972 743 4043 pagandus
768 3972 1112 4042 generatione
1142 3973 1370 4040 carnali,
1393 3975 1532 4029 sicut
1555 3976 1816 4032 hactenus
1836 3992 1868 4031 a
1891 3978 2036 4047 prin-

467 4061 608 4133 cipio
638 4063 855 4128 mundi,
884 4062 979 4116 sed
1008 4071 1090 4118 est
1107 4063 1221 4133 jam
1250 4067 1656 4135 regeneratione
1686 4068 2037 4138 colligendos.

463 4149 736 4221 Reliquum
762 4160 872 4217 est,
898 4151 950 4208 id
974 4161 1057 4208 est
1085 4153 1191 4208 hoc
1219 4164 1493 4220 remanet,
1521 4157 1605 4212 vel
1634 4158 1738 4215 hoc
1758 4168 2039 4230 superest,

463 4253 520 4299 ut
544 4254 591 4298 et
615 4245 704 4314 qui
731 4245 917 4298 habent
945 4232 1132 4301 uxores
1159 4249 1319 4304 modo
1339 4289 1355 4313 ,
1386 4260 1635 4317 tanquam
1666 4262 1768 4309 non
1797 4253 2041 4308 habentes

462 4336 586 4393 sint.
612 4335 843 4390 Uxorem
866 4352 1096 4408 namque
1115 4339 1294 4405 habet,
1309 4342 1403 4397 sed
1426 4344 1580 4411 quasi
1605 4360 1708 4401 non
1730 4346 1923 4410 habet,
1948 4347 2039 4415 qui

463 4423 622 4478 hodie
648 4425 862 4479 videtur
886 4426 1031 4480 illam
1057 4428 1278 4496 habere,
1303 4431 1395 4485 sed
1420 4433 1655 4488 crastina
1677 4434 1763 4489 die
1790 4436 2039 4500 moritur,

463 4524 521 4569 et
555 4516 749 4570 desinit
777 4518 1113 4586 postmodum
1156 4522 1651 4578 uxorem-habere:
1686 4524 1911 4593 ideoque
1948 4525 2040 4579 de-

463 4607 556 4665 bet
592 4607 645 4662 in
695 4608 946 4677 praesenti
982 4610 1177 4665 saeculo
1215 4610 1450 4667 futuram
1500 4613 1666 4667 vitam
1711 4613 1941 4677 imitari,
1983 4615 2036 4668 in

463 4711 570 4765 qua
597 4705 754 4750 erunt
782 4697 937 4752 electi
968 4699 1174 4754 similes
1205 4703 1410 4772 angelis
1440 4702 1559 4757 Dei.
1589 4703 1779 4767 Aliter,
1812 4719 2037 4759 uxorem

462 4785 660 4849 habet,
692 4785 785 4841 sed
813 4788 967 4856 quasi
996 4804 1104 4844 non
1136 4789 1316 4856 habet,
1349 4791 1441 4859 qui
1470 4792 1550 4847 sic
1578 4792 1680 4847 scit
1707 4792 1886 4848 debita
1914 4809 2038 4849 car-

461 4876 550 4931 nis
583 4876 892 4944 exsolvere,
922 4889 981 4932 ot
1010 4887 1187 4933 tamen
1217 4895 1315 4949 per
1341 4896 1461 4936 eam
1490 4882 1691 4937 mundo
1722 4891 1830 4937 tota
1860 4894 2041 4939 mente

462 4982 569 5031 non
594 4975 820 5037 cogatur
846 4968 1128 5030 inhaerere,
1154 4970 1406 5025 videlicet
1432 4970 1511 5028 sic
1538 4972 1768 5029 reddens
1803 4973 2036 5031 iebitum

458 5059 614 5114 ux0ri
633 5096 650 5123 ,
680 5066 739 5111 ut
766 5073 875 5112 non
906 5059 1188 5130 displiceat
1218 5060 1483 5116 Creatori.

470 5190 475 5195 .
530 5143 599 5202 Et
628 5149 718 5220 qui
743 5150 869 5219 ﬂent
902 5159 1153 5221 tanquam
1183 5169 1285 5206 non
1323 5154 1531 5222 ﬂentes,
1564 5154 1688 5209 sint.
1725 5155 1840 5210 Flet
1875 5157 2033 5227 quili-

458 5237 549 5293 hct
595 5239 887 5296 amissione
931 5242 1331 5311 proximorum,
1363 5253 1420 5299 et
1459 5246 1705 5301 miserias
1737 5246 1894 5315 hujus
1933 5265 2035 5305 sae-

457 5330 595 5397 culi,
623 5347 718 5387 sua
743 5348 955 5404 quoque
980 5343 1036 5388 et
1065 5334 1292 5392 aliorum
1320 5345 1542 5405 peccata
1573 5357 1586 5391 :
1622 5339 1715 5394 sed
1743 5340 1897 5409 quasi
1925 5356 2032 5399 non

459 5422 567 5491 lict,
593 5423 684 5493 qui
704 5424 1125 5481 cumulationem
1150 5426 1310 5483 habet
1333 5427 1387 5481 in
1412 5443 1506 5497 spe
1527 5429 1764 5483 ccelestis
1788 5446 2033 5488 remune-

2066 4562 2115 4621 D

2151 1977 2447 2048 principes,
2472 1979 2567 2034 sed
2589 1981 2741 2049 quasi
2765 1997 2870 2037 non
2893 1992 3143 2048 utuntur,
3167 1985 3295 2039 dum
3321 1986 3603 2058 inrepente
3622 2005 3741 2044 mu-

2151 2086 2252 2126 nus
2279 2080 2334 2126 et
2361 2074 2854 2143 concupiscentiam
2883 2078 2999 2148 ejus
3028 2079 3342 2151 relinquunt
3372 2097 3476 2152 per
3504 2093 3733 2151 mortem

2151 2162 2416 2230 corporis.
2449 2161 2601 2218 Multi
2628 2165 2791 2219 etiam
2823 2175 3050 2224 utuntur
3076 2169 3162 2225 his
3185 2186 3308 2241 qua:
3355 2173 3409 2226 in
3439 2173 3546 2228 hoc
3575 2175 3734 2230 modo

2152 2258 2308 2314 sunt,
2349 2251 2489 2305 sicut
2525 2252 2650 2307 boni
2693 2270 2850 2325 reges
2882 2268 2935 2311 et
2968 2259 3244 2330 principes
3278 2260 3589 2332 divitesque
3610 2303 3627 2327 ,
3676 2273 3735 2318 ut

2150 2337 2251 2392 fuit
2279 2339 2579 2406 Abraham,
2611 2343 2709 2398 iob
2735 2353 2790 2398 et
2814 2345 3013 2411 David,
3043 2349 3133 2417 qui
3164 2358 3387 2419 propter
3411 2350 3731 2421 dignitatem

2158 2426 2383 2482 honoris
2411 2437 2466 2483 et
2490 2432 2826 2500 principatus
2856 2450 3017 2504 quam
3053 2438 3330 2503 obtinent,
3370 2454 3478 2495 non
3508 2452 3732 2511 possunt

2151 2514 2236 2570 bis
2273 2532 2378 2571 non
2418 2520 2527 2584 uti,
2560 2521 2655 2577 sed
2683 2523 2837 2591 quasi
2865 2540 2973 2580 non
3006 2535 3249 2594 utuntur,
3279 2530 3406 2585 dum
3448 2547 3557 2586 non
3601 2533 3731 2587 ﬁunt

2152 2609 2293 2662 servi
2323 2610 2666 2677 divitiarum,
2701 2631 2876 2685 neque
2904 2620 3229 2687 permittunt
3256 2623 3373 2679 haec
3399 2625 3595 2681 eadem
3623 2643 3729 2682 sua:

2152 2699 2320 2753 menti
2350 2700 2649 2769 dominari,
2683 2706 2984 2776 cogitantes
3021 2719 3214 2766 cuncta
3244 2714 3561 2770 transitoria
3592 2732 3725 2771 esse.

2152 2789 2396 2851 Prwterit
2430 2796 2568 2850 enim
2605 2798 2780 2869 ﬁgura
2813 2801 2972 2872 hujus
3009 2807 3223 2872 mundi,
3264 2808 3319 2863 id
3356 2819 3442 2867 est
3480 2813 3730 2869 transibit

2152 2880 2323 2952 ﬁgura
2352 2892 2408 2937 et
2436 2886 2643 2954 species
2671 2892 2857 2946 mundi
2887 2908 2986 2962 per
3015 2895 3225 2965 ignem,
3256 2901 3567 2956 remanebit
3602 2905 3726 2957 sob-

2152 2974 2346 3028 stantia
2377 2987 2631 3031 renovata
2660 2995 2758 3050 per
2787 2982 2963 3053 ignem
2993 2994 3044 3041 et
3070 2986 3315 3054 meliora,
3346 2990 3414 3044 ad
3444 2991 3551 3046 hoc
3584 3002 3645 3047 ut
3672 2994 3723 3047 in

2151 3067 2413 3115 aeternum
2448 3076 2665 3121 maneat
2700 3067 2855 3136 juxta
2887 3073 3029 3141 quod
3063 3072 3319 3132 Salomon
3356 3078 3527 3137 dicit:
3570 3078 3726 3135 Terre

2152 3151 2206 3205 in
2235 3162 2486 3209 aeternum
2512 3158 2668 3212 stabit
2702 3159 2719 3229 (
2743 3159 2912 3216 Eccle.
2943 3163 3014 3233 ι).

2233 3243 2359 3299 Volo
2390 3258 2561 3302 autem
2592 3267 2677 3304 vos
2702 3253 2815 3307 sine
2848 3254 3198 3313 sollicitudine
3227 3276 3373 3327 esse,
3404 3262 3458 3316 id
3492 3272 3579 3319 est
3612 3264 3724 3319 sine

2151 3335 2319 3391 multa
2350 3346 2404 3392 et
2432 3340 2703 3409 superﬂua
2733 3359 2862 3399 cura
2884 3387 2898 3411 ,
2929 3363 3092 3418 quam
3125 3348 3331 3407 habent
3353 3353 3651 3426 conjogati.

2221 3425 2325 3491 Qui
2355 3444 2475 3482 cum
2506 3446 2667 3486 uxore
2693 3443 2789 3500 est,
2827 3435 3024 3492 divisus
3052 3450 3149 3508 est,
3196 3444 3452 3512 quoniam
3479 3425 3546 3501 es
3575 3462 3722 3519 parte

2143 3516 2310 3571 servit
2345 3516 2557 3589 coniugi
2576 3559 2592 3587 ,
2621 3536 2688 3576 ex
2718 3532 2871 3593 parte
2900 3526 3143 3586 Domino.

2217 3606 2283 3662 Et
2316 3608 2505 3663 mulier
2533 3612 2749 3683 innupta
2772 3625 2821 3669 et
2848 3618 3007 3688 uirgo,
3034 3622 3175 3689 quod
3210 3638 3378 3679 unum
3405 3635 3513 3694 est,
3535 3629 3721 3698 cogitet

2143 3708 2199 3754 ut
2221 3701 2286 3754 sit
2326 3712 2510 3763 sancta
2557 3720 2771 3774 corpore
2814 3718 2861 3763 et
2903 3712 3113 3780 spiritu,
3146 3714 3310 3771 idest
3355 3728 3558 3774 mente.
3600 3721 3719 3775 ideo

2144 3789 2378 3856 addidit,
2409 3799 2591 3847 mente
2631 3793 2744 3850 sive
2775 3796 2964 3865 spiritu
2991 3838 3005 3862 ,
3031 3801 3157 3870 quia
3206 3803 3391 3860 multae
3439 3817 3568 3862 sunt
3605 3824 3718 3877 qua:

2143 3879 2343 3935 habent
2387 3881 2750 3953 integritatem
2780 3889 3043 3957 corporis,
3075 3892 3166 3946 sed
3197 3909 3304 3949 non
3333 3905 3460 3952 sunt
3488 3900 3720 3970 virgines

2142 3981 2344 4037 mente,
2380 3974 2634 4041 quoniam
2665 3976 2710 4030 si
2736 3990 2976 4047 possent,
3000 3980 3113 4051 jam
3139 3987 3495 4054 nopsissent.‘

2216 4061 2342 4118 Hcrc
2369 4066 2440 4117 ad
2462 4064 2738 4121 utilitate»:
2780 4079 3001 4125 vestram
3027 4074 3165 4137 dico,
3194 4077 3448 4143 quoniam
3475 4088 3713 4134 sanctum

2140 4160 2225 4207 est
2251 4156 2391 4224 apud
2428 4156 2594 4211 Deum
2614 4198 2628 4223 ,
2656 4168 2711 4214 et
2739 4159 2856 4216 leve
2881 4163 2935 4217 in
2963 4164 3064 4220 hoc
3091 4167 3286 4222 saeculo
3326 4169 3383 4225 in
3414 4171 3715 4242 virginitate

2140 4262 2487 4316 permanere,
2518 4267 2622 4305 non
2663 4264 2718 4306 ut
2760 4253 3003 4325 laqueum
3047 4259 3188 4312 vobis
3230 4261 3505 4331 injiciam,
3534 4263 3589 4317 id
3614 4276 3710 4326 est,

2140 4338 2262 4393 ideo
2304 4340 2404 4395 ista
2433 4357 2541 4397 non
2570 4344 2709 4412 dico,
2755 4355 2816 4402 ut
2857 4358 3117 4406 aeternam
3162 4354 3527 4422 perditionem
3568 4359 3713 4411 vobis

2141 4429 2428 4486 immittam
2452 4474 2467 4500 ,
2498 4435 2589 4489 sed
2636 4437 2704 4491 ad
2755 4439 2812 4492 id
2839 4442 2976 4511 quod
3022 4443 3295 4500 honestum
3334 4456 3434 4513 est,
3465 4451 3712 4505 subaudis

2140 4537 2462 4590 provocans.
2494 4521 2873 4597 Virginitatem
2903 4547 3121 4588 servare
3145 4536 3430 4592 honestum
3456 4549 3558 4606 est,
3592 4555 3711 4609 ergo

2141 4627 2300 4667 omne
2319 4614 2603 4671 honestum
2638 4627 2907 4687 sanctum,
2932 4623 3164 4697 ideoque
3185 4626 3470 4698 virginitas
3509 4641 3705 4693 sancta,

2139 4702 2363 4759 honesta
2393 4715 2445 4760 et
2473 4705 2585 4762 Deo
2612 4720 2831 4779 accepta
2855 4722 2956 4767 est.

2212 4795 2272 4852 Si
2292 4799 2407 4867 quis
2427 4809 2598 4853 autem
2632 4801 2888 4857 existimat
2916 4813 2971 4859 et
2995 4813 3149 4874 putat
3169 4814 3369 4876 turpem
3392 4824 3445 4863 se
3464 4809 3624 4864 uideri
3646 4810 3707 4862 ab

2142 4884 2285 4949 aliis,
2318 4902 2480 4955 super
2506 4888 2703 4956 uirgine
2743 4906 2860 4955 sua,
2889 4908 2948 4945 eo
2988 4894 3126 4962 quod
3162 4896 3228 4951 sit
3257 4898 3631 4966 superadulta,
3657 4897 3705 4950 id

2139 4983 2221 5031 est
2249 4991 2315 5030 eo
2337 4977 2479 5044 quod
2503 4979 2569 5032 ad
2596 4980 2805 5034 nobiles
2832 4997 3002 5038 annos
3026 4987 3327 5053 pervenerit
3343 5028 3356 5049 .
3390 4988 3543 5044 timet
3567 4988 3702 5041 illam

2149 5064 2393 5123 fornicari
2425 5083 2547 5141 cum
2573 5069 2752 5140 aliquo
2782 5088 3060 5129 servorum
3104 5091 3325 5132 suormu
3352 5117 3368 5143 ,
3411 5092 3515 5133 nec
3536 5088 3703 5149 potest

2139 5159 2285 5215 illam
2311 5176 2527 5217 servare
2552 5163 2834 5232 virginem,
2859 5166 2996 5236 quod
3017 5167 3121 5221 uult.
3145 5169 3327 5238 faciat,
3354 5170 3408 5225 id
3432 5182 3516 5226 est
3538 5173 3700 5227 tradat

2140 5248 2285 5304 illam
2329 5252 2628 5322 cuicunque
2655 5253 2767 5307 volt
2796 5268 2811 5308 :
2855 5272 2958 5310 non
2981 5269 3159 5326 peccat
3194 5260 3345 5331 virgo
3372 5261 3419 5315 si
3446 5262 3637 5323 nubat.
3658 5262 3700 5316 si

2140 5339 2437 5405 dormierit,
2493 5341 2545 5396 id
2571 5351 2653 5397 est
2681 5342 2740 5396 si
2764 5354 3007 5402 mortuus
3052 5347 3214 5403 fuerit
3246 5351 3325 5403 vir
3369 5351 3504 5420 ejus,
3540 5354 3699 5407 nubat

2137 5430 2331 5487 mulier
2366 5432 2455 5486 cui
2484 5432 2616 5500 volt,
2645 5442 2850 5491 tantum
2902 5436 2954 5492 in
2978 5436 3227 5506 Domino,
3256 5440 3310 5495 id
3337 5450 3440 5508 est,
3480 5442 3621 5498 ﬁdeli
3642 5458 3698 5499 se

457 5511 716 5581 rationis,
756 5522 816 5569 ut
854 5514 1140 5586 impleatur
1176 5516 1319 5585 quod
1368 5518 1625 5573 Dominus
1663 5519 1799 5574 dixit
1831 5537 1845 5574 :
1881 5521 2031 5577 Beati
2131 5523 2364 5579 misceat
2384 5525 2522 5580 viro.

458 5603 547 5672 qui
579 5601 783 5673 lugent,
815 5607 1065 5677 quoniam
1094 5607 1193 5676 ipsi
1230 5606 1640 5664 consolabuntur
1664 5611 1892 5682 (Matth.
1920 5631 1953 5668 v
1976 5614 2024 5684 ),

454 5704 502 5747 et
543 5696 631 5763 qui
671 5696 897 5767 gaudent
942 5709 1189 5769 tanquam
1228 5714 1334 5754 non
1371 5701 1677 5769 gaudentes.
1718 5704 1864 5760 Multi
1905 5714 2030 5762 sunt

2136 5662 2142 5666 .
2204 5616 2417 5672 Beatwr
2463 5628 2635 5673 autem
2680 5620 2798 5686 erit,
2831 5621 2878 5676 si
2918 5621 2994 5677 sic
3034 5626 3376 5693 permanserit
3426 5627 3692 5682 secundum

2135 5722 2305 5760 meum
2345 5707 2642 5776 consilium,
2690 5710 2743 5764 id
2767 5719 2852 5766 est
2886 5712 2931 5766 si
2970 5713 3022 5767 in
3059 5717 3308 5771 castitate
3353 5727 3409 5772 et
3448 5718 3695 5774 viduitate

360 5774 367 5781 ’
453 5782 804 5869 guigaudent
836 5787 904 5844 de
945 5786 1330 5857 temporalibus
1367 5791 1697 5871 commodis;
1740 5796 1833 5851 sed
1871 5797 2025 5859 quasi
2131 5797 2519 5879 perinanserit.
