3936 6438
250 459 347 513 53'.)

830 569 1055 626 CAPUT
1096 569 1225 627 VIII.

311 658 388 715 De
405 656 486 714 his
506 665 679 712 autem
710 658 844 713 cibis
873 668 924 712 ct
953 660 1165 730 potibus
1188 675 1305 729 qua:
1344 658 1497 712 idolis
1536 656 1810 712 immolan—

247 760 349 814 tur,
377 744 633 803 subaudis
661 748 951 817 scripsistis
979 749 1129 803 mihi.
1171 748 1315 803 Inter
1343 756 1536 803 cetera
1565 762 1685 818 qua:
1710 745 1811 802 Co-

245 835 693 906 rinthiiApostolo
717 838 1053 906 scripserunt
1078 852 1174 905 per
1196 836 1510 907 Epistulam,
1538 838 1699 892 etiam
1724 852 1813 892 su-

242 942 334 997 per
364 927 466 981 hoc
485 925 815 994 scripserunt
843 935 1023 980 utrum
1049 925 1303 982 deberent
1324 927 1501 981 omnia
1530 927 1811 982 comedere

241 1028 424 1080 necne,
454 1027 511 1070 et
554 1024 734 1070 utrum
762 1024 943 1071 essent
966 1017 1144 1071 omnia
1186 1018 1406 1084 munda,
1437 1018 1562 1089 quia
1590 1018 1809 1088 quidam

239 1104 470 1170 illorum,
498 1105 759 1161 habentes
784 1105 1062 1161 scientiam
1084 1115 1275 1162 cuncta
1289 1121 1409 1163 esse
1432 1124 1464 1163 a
1490 1109 1601 1165 Deo
1630 1118 1809 1164 creata

237 1191 397 1257 bona,
421 1193 819 1249 manducabant
838 1195 894 1249 in
924 1195 1137 1265 templis
1168 1194 1429 1252 idolorum
1448 1238 1463 1263 ,
1488 1206 1543 1253 et
1578 1201 1810 1254 scanda-

236 1281 469 1337 lizahant
515 1282 871 1353 simpliciores
913 1283 1137 1350 fratres,
1180 1287 1273 1355 qui
1327 1286 1579 1343 dicebant
1624 1296 1640 1343 ἑ
1696 1289 1808 1344 Nisi

235 1372 354 1439 iste,
379 1372 470 1443 qui
494 1374 713 1443 majoris
745 1375 987 1432 scientiae
1026 1384 1111 1433 est
1138 1392 1299 1448 quam
1336 1393 1461 1451 ego,
1499 1382 1665 1436 sciret
1710 1383 1809 1437 ali-

235 1466 361 1535 quid
392 1466 627 1520 numinis
654 1474 709 1520 et
734 1468 950 1524 deitatis
982 1484 1099 1525 esse
1132 1470 1184 1524 in
1215 1470 1318 1525 hoc
1346 1468 1488 1528 idolo
1514 1481 1569 1527 et
1596 1474 1650 1528 in
1688 1490 1807 1530 car.

233 1556 388 1612 nibus
432 1559 481 1614 ei
514 1560 866 1627 consecratis,
898 1576 1235 1632 nequaquam
1267 1564 1320 1617 in
1367 1564 1537 1631 idolo,
1562 1566 1614 1620 id
1642 1576 1722 1622 est
1751 1566 1803 1621 in

232 1647 429 1717 templo
480 1649 635 1704 idolis
681 1659 997 1706 consecrato
1047 1653 1321 1716 residens,
1348 1668 1540 1709 carnes
1566 1654 1805 1726 aliosque

230 1738 379 1793 cibos
406 1779 422 1803 ,
448 1748 504 1793 et
532 1738 584 1794 in
618 1740 801 1794 vinum
840 1741 997 1796 idolis
1028 1752 1398 1798 consecratum
1442 1754 1696 1800 sumeret.
1733 1745 1805 1801 De

229 1828 328 1884 hoc
356 1830 525 1885 multa
559 1831 801 1886 dicturus
837 1840 917 1887 est
964 1833 1052 1887 hic
1086 1835 1390 1903 Apostolus.
1426 1835 1633 1891 Scimus
1677 1853 1804 1907 quo-

927 418 1289 514 tes-rosmo
1326 456 1389 510 Lv-
1431 454 1576 510 EPP.
1621 455 1676 510 s.
1718 455 1941 511 eam.
1979 427 2046 496 ὲ-
2083 455 2149 511 1s
2186 458 2399 513 EPIST.
2436 458 2457 515 1
2494 442 2775 517 Ancon.

1836 568 1882 628 A

3376 465 3480 521 530

1913 567 2015 622 hoc
2055 566 2219 621 etiam
2261 567 2504 624 homines
2551 569 2690 626 idola
2733 568 2966 627 colentes
3002 568 3151 626 nihil
3181 580 3322 639 sunt,
3352 578 3477 644 quia

1910 657 2087 712 omnis
2120 666 2365 713 creatura
2406 674 2523 728 qua:
2555 676 2658 715 non
2686 659 2923 715 adhaeret
2949 662 2997 716 ei
3023 662 3112 731 qui
3139 677 3353 733 semper
3380 664 3481 721 ha-

1909 747 2000 800 bet
2026 762 2166 813 esse,
2194 746 2326 802 nihil
2354 756 2437 804 est
2471 749 2607 804 sicut
2634 752 2891 820 propheta
2921 754 3051 807 dicit
3078 770 3091 806 :
3124 752 3314 809 Omnes
3355 773 3480 826 gen-

1911 845 1984 889 tes
2015 836 2157 890 idola
2179 837 2420 903 colentes,
2443 838 2518 893 sic
2539 848 2657 893 sunt
2686 842 2836 910 quasi
2863 857 2965 895 non
2986 843 3109 907 sint,
3135 853 3184 897 et
3204 846 3355 915 quasi
3396 848 3477 901 iii-

1910 925 2004 991 Itil,
2037 937 2083 980 et
2106 928 2260 981 inane
2282 938 2547 998 reputatte'
2568 941 2691 984 sunt
2727 931 2775 983 ei
2796 930 2931 1000 (Isa.
2953 933 3065 1002 η).
3096 933 3239 988 IdoIa
3263 950 3477 1006 quoque

1907 1025 2191 1089 pr0ptcrea
2237 1020 2370 1074 nihil
2398 1027 2561 1085 sunt,
2589 1021 2713 1091 quia
2750 1020 2877 1076 facit
2931 1023 3093 1078 homo
3124 1024 3353 1081 formam
3381 1028 3479 1082 ha-

1908 1108 2123 1163 bentem
2164 1108 2584 1178 caputhominis
2607 1126 2674 1165 ex
2702 1126 2804 1165 una
2833 1120 3008 1182 parte,
3034 1123 3193 1184 caput
3222 1117 3375 1172 bovis
3407 1131 3475 1171 ex

1908 1201 2011 1255 alia
2035 1208 2205 1273 parte,
2237 1194 2395 1272 caput
2420 1202 2590 1258 leonis
2611 1218 2676 1259 ex
2710 1204 2886 1269 tertia,
2909 1214 3070 1274 caput
3094 1207 3286 1275 aquila:
3310 1218 3479 1277 quara'

1906 1300 1957 1347 ta
1981 1333 1995 1357 ,
2031 1294 2295 1363 reliquum
2341 1308 2534 1363 corpus
2580 1294 2943 1365 serpentinum
2970 1336 2985 1360 ,
3014 1295 3177 1364 pedes
3212 1297 3438 1367 equinos
3459 1339 3473 1357 .

1906 1383 2047 1454 quod
2082 1382 2217 1438 nihil
2246 1392 2356 1451 est,
2390 1385 2514 1456 quia
2552 1384 2693 1441 Deus
2721 1384 2953 1455 aliquam
2983 1392 3284 1441 creaturam
3315 1388 3479 1441 talem

1904 1489 2009 1528 non
2038 1472 2180 1530 fecit.
3468 1464 3479 1513 ἶ

1977 1563 2119 1618 Nam
2147 1566 2244 1619 etsi
2270 1574 2389 1620 sunt
2414 1565 2505 1637 qui
2530 1577 2783 1621 vocantur
2809 1582 2839 1621 a
2866 1567 3091 1639 paganis
3118 1567 3195 1621 dii
3227 1568 3285 1623 in
3323 1568 3471 1629 calo.

1902 1663 1961 1712 tit
1997 1655 2263 1713 Saturnus
2289 1699 2303 1723 ,
2343 1657 2577 1729 Jupiter,
2610 1659 2944 1726 Mercurius,
2969 1668 3062 1714 aut
3087 1670 3234 1715 certe
3258 1676 3287 1715 a
3320 1661 3477 1716 Chri-E

1902 1747 2091 1803 stianis
2116 1758 2171 1802 ut
2199 1749 2370 1819 angeli
2409 1758 2465 1804 et
2501 1750 2673 1806 sancti
2706 1750 3086 1821 nuncupatiVe,
3114 1760 3170 1805 et
3208 1768 3315 1805 non
3343 1750 3474 1805 sub—

1904 1841 2254 1908 stantialiter;
2292 1844 2396 1897 sive
2434 1843 2489 1897 in
2518 1853 2681 1909 terra,
2729 1857 2761 1897 a
2801 1844 3041 1915 paganis,
3066 1852 3126 1898 ut
3168 1843 3471 1915 Neptunus,

227 1936 369 1975 mam
418 1939 593 1978 omnes
640 1922 913 1978 scientiam
966 1926 1214 1981 habemus
1243 1968 1258 1994 ,
1310 1929 1565 1984 subaudis
1623 1931 1800 1984 omnia
1837 1910 1877 1969 Β
1906 1932 2095 2000 Pluto,
2135 1942 2226 1988 aut
2273 1944 2419 1990 certe
2451 1933 2581 2003 justi
2629 1910 2898 2002 homines,
2943 1935 3197 2007 siquidem
3228 1946 3348 1990 sunt
3396 1918 3473 1990 dii

225 2027 342 2069 esse
376 2016 572 2068 munda
616 2029 716 2085 per
755 2023 1041 2082 naturam;
1077 2017 1170 2072 sed
1206 2017 1475 2073 invocatio
1505 2019 1717 2074 illorum
1748 2028 1805 2075 et

225 2106 565 2159 consecratio
586 2121 692 2175 qua
717 2106 820 2163 illis
844 2117 1207 2174 consecratur,
1231 2108 1359 2165 facit
1397 2125 1462 2166 ea
1504 2112 1797 2167 immunda.

227 2192 462 2249 Scientia
492 2196 770 2264 subaudis,
798 2213 901 2268 qua
925 2199 1195 2255 credimus
1208 2200 1389 2255 omnia
1422 2203 1621 2257 munda
1647 2219 1802 2258 mun-

222 2287 333 2351 dis,
369 2297 424 2343 et
450 2290 630 2344 omnia
652 2290 976 2347 sanctiﬁcari
1018 2307 1115 2363 per
1143 2293 1536 2348 invocationem
1567 2296 1800 2351 nominis

220 2377 445 2447 Christi,
470 2379 640 2451 inﬂat,
668 2382 721 2437 id
749 2390 832 2437 est
850 2397 947 2451 per
980 2383 1242 2452 superbia:
1274 2392 1536 2440 tumorem
1566 2394 1798 2441 mentem

218 2468 397 2524 elevat
442 2487 456 2524 :
511 2467 755 2525 Charitas
796 2488 912 2526 vero
954 2472 1202 2541 a'di/icat,
1233 2473 1287 2528 id
1315 2481 1398 2529 est
1440 2474 1653 2530 dilectio
1691 2475 1799 2529 fra-

217 2568 398 2627 terna,
429 2574 533 2631 qua
556 2560 886 2616 consulimus
911 2560 1167 2617 fratribus
1194 2563 1608 2632 simplicioribus
1626 2605 1639 2629 ,
1671 2580 1798 2634 qua-

216 2659 376 2707 tenus
417 2668 510 2708 eos
542 2653 595 2707 in
623 2652 889 2725 aliquibus
928 2671 1034 2709 non
1069 2655 1495 2711 scandalizemus
1518 2696 1535 2724 ,
1565 2656 1796 2712 aediﬁca-

212 2744 421 2799 tionem
451 2743 632 2799 habet.
658 2744 714 2798 ln
742 2761 847 2814 qua
877 2746 1096 2811 virtute,
1123 2745 1174 2799 id
1204 2754 1284 2801 est
1313 2747 1596 2812 charitate,
1633 2747 1793 2802 etiam

215 2832 339 2888 alite
384 2833 613 2889 virtutes
648 2835 1193 2904 comprehenduntur,
1223 2837 1480 2905 patientia
1524 2838 1790 2904 videlicet,

214 2925 518 2992 humilitas,
544 2927 830 2997 cordisque
858 2927 1196 2997 simplicitas.
1233 2927 1389 2983 Sicut
1413 2929 1556 2982 enim
1582 2929 1789 2992 vinum,

211 3033 322 3072 non
380 3025 736 3088 temperatum
794 3017 1116 3072 admislione
1159 3016 1386 3088 alicujus
1458 3017 1788 3084 dulcedinis,

1899 2020 2071 2090 inulti,
2102 2025 2325 2096 paganis
2363 2025 2446 2079 vel
2474 2024 2795 2080 Christianis
2825 2025 3203 2095 nuncupativc,
3235 2033 3295 2079 ut
3322 2024 3473 2097 Moyo

1899 2114 2006 2180 Ses,
2037 2115 2122 2170 cui
2164 2118 2366 2171 dictum
2408 2125 2493 2172 est
2538 2135 2550 2170 :
2591 2115 2849 2171 Constitui
2892 2125 2940 2170 te
2983 2116 3135 2170 deum
3174 2114 3471 2171 Pharaonis

1900 2204 2095 2273 (Exod.
2136 2207 2253 2279 vn),
2282 2217 2337 2263 et
2374 2207 2441 2263 de
2469 2208 2663 2279 quibus
2694 2207 2928 2264 dicitur:
2960 2206 3074 2279 Ego
3097 2206 3229 2273 dixi,
3250 2207 3327 2262 dii
3348 2208 3471 2262 estis

1900 2294 2072 2368 (Psal.
2096 2298 2304 2370 LXXXI).
3458 2298 3467 2329 ⁵

1972 2386 2137 2442 Nobis
2162 2398 2334 2442 tamen
2360 2387 2613 2458 apostolis
2654 2388 2880 2459 aliisque
2921 2388 3188 2456 fidelibus,
3216 2404 3353 2443 unus
3392 2396 3470 2444 est

1894 2473 2036 2530 Deus
2063 2475 2243 2543 Pater,
2272 2478 2716 2541 substantialiter,
2747 2493 2811 2531 ea:
2848 2495 2949 2549 quo
2993 2480 3168 2533 omnia
3194 2487 3465 2543 constant,

1895 2573 1949 2619 et
1973 2581 2003 2620 a
2027 2581 2133 2636 quo
2167 2568 2426 2639 originem
2458 2576 2648 2623 cuncta
2677 2576 3040 2637 sumpserunt,
3068 2580 3116 2622 et
3143 2585 3235 2621 nos
3266 2568 3319 2622 in
3342 2565 3433 2620 illo
3451 2608 3467 2630 ,

1895 2657 2261 2723 subsistimus,
2290 2658 2401 2713 sive
2424 2658 2477 2712 in
2505 2657 2677 2722 illum,
2696 2658 2849 2727 quasi
2878 2658 3018 2712 intra
3045 2657 3192 2711 illum
3220 2657 3468 2713 subsisti-

1893 2764 2032 2812 mus,
2066 2749 2189 2818 quia
2233 2750 2407 2806 omnis
2435 2760 2681 2803 creatura
2721 2749 2862 2804 intra
2907 2750 3056 2804 illum
3100 2750 3385 2815 consistit,
3413 2756 3468 2803 et

1893 2839 2007 2909 ipse
2040 2849 2122 2894 est
2150 2849 2301 2894 extra
2327 2842 2510 2895 omnia
2545 2850 2600 2895 et
2623 2842 2995 2905 intra'omuia,
3023 2852 3070 2895 et
3106 2858 3241 2895 unus
3287 2840 3470 2895 Domi-

1892 2946 1989 2984 nus
2026 2930 2182 2985 Iesus
2212 2930 2470 2996 Christus,
2499 2948 2621 2987 cum
2649 2933 2808 2986 Patre
2833 2944 2887 2986 et
2914 2932 3116 3002 Spiritu
3145 2942 3355 2996 sancto,
3378 2949 3469 3002 per

1890 3037 2041 3090 quem
2088 3021 2369 3075 Dominum
2422 3021 2605 3075 .lesum
2658 3023 2832 3075 omnia
2864 3021 3005 3075 facta
3060 3031 3206 3088 sunt,
3269 3022 3470 3077 subau-

211 3122 303 3169 aut
362 3113 524 3168 etiam
578 3128 751 3183 aquae,
799 3121 1033 3169 mentem
1081 3115 1284 3181 elevat,
1327 3122 1383 3170 et
1426 3115 1567 3169 sicut
1611 3115 1790 3170 omnia
1889 3113 1994 3177 dis,
2026 3122 2073 3167 et
2100 3129 2199 3167 nos
2219 3128 2312 3182 per
2334 3114 2524 3181 ipsum,
2550 3114 2717 3167 creati
2741 3128 2927 3167 sumus
2960 3121 3015 3167 et
3040 3113 3320 3182 redempti.

211 3221 367 3287 mera
403 3215 458 3262 et
500 3222 632 3277 pura
660 3221 765 3261 non
798 3206 869 3260 ita
910 3206 1243 3261 delectantur
1290 3207 1427 3261 sicut
1464 3206 1786 3262 commista:

208 3297 288 3353 sic
338 3297 564 3352 scientia
591 3296 770 3352 divina
811 3295 897 3351 vel
932 3296 1165 3350 humana
1198 3312 1303 3351 non
1338 3304 1422 3352 est
1453 3295 1628 3361 utilis,
1661 3296 1787 3367 quia

208 3374 451 3441 mentem
506 3385 559 3439 in
594 3386 898 3455 superbiam
924 3386 1120 3450 elevat,
1150 3385 1251 3440 nisi
1300 3394 1595 3457 temperata
1628 3385 1790 3443 fuerit

208 3475 503 3531 dilectione
541 3474 793 3545 proximi,
827 3476 1127 3530 humilitate
1158 3490 1395 3547 quoque,
1423 3476 1679 3546 patientia
1700 3485 1785 3531 at-

206 3582 319 3639 que
340 3566 700 3637 simplicitate.
734 3568 885 3623 Tunc
923 3578 1100 3622 autem
1143 3568 1370 3623 scientia
1397 3584 1589 3639 magna
1617 3578 1702 3624 est
1734 3577 1787 3624 et

208 3658 315 3714 sibi
355 3656 502 3713 utilis
548 3658 592 3712 si
620 3658 887 3713 charitate
924 3658 1236 3713 huntilietur
1306 3674 1429 3715 cum
1478 3674 1581 3730 qua
1622 3659 1785 3714 etiam

207 3749 442 3818 amplius
466 3750 680 3805 crescit.

279 3839 342 3895 Si
382 3842 499 3911 quis
537 3849 710 3893 autem
733 3841 996 3894 existimat
1016 3858 1070 3894 se
1096 3840 1228 3895 scire
1248 3840 1469 3912 aliquid,
1496 3842 1549 3896 id
1568 3848 1653 3897 est
1673 3857 1788 3897 om-

205 3928 300 3980 nia
328 3926 525 3981 munda
553 3941 693 3991 esse,
723 3935 777 3980 et
801 3928 943 3997 quod
969 3928 1112 3981 licita
1142 3927 1385 3983 fidelibus
1409 3930 1519 3983 sint
1545 3929 1612 3983 ad
1633 3939 1787 3984 uten-

206 4020 381 4081 dum,
402 4016 630 4071 nondum
652 4018 882 4086 cognovit
921 4017 1355 4087 quemadmodum
1396 4028 1630 4087 oporteat
1667 4036 1785 4073 eum

202 4107 385 4171 scire,
437 4106 489 4160 id
537 4114 620 4160 est
685 4107 918 4161 nondum
994 4107 1301 4162 considerat
1369 4109 1511 4177 quod
1571 4110 1787 4179 expedit

203 4199 375 4255 ctiam
402 4197 588 4254 multis
609 4197 768 4259 licitis
792 4197 1065 4254 abstinere
1092 4208 1311 4269 propter
1340 4201 1649 4256 scandalum
1676 4199 1787 4255 fra-

205 4300 378 4346 trurn.

283 4377 345 4433 Si
396 4378 512 4449 quis
552 4389 725 4433 autem
770 4378 940 4450 diligit
992 4378 1156 4432 Deum
1207 4389 1260 4435 et
1294 4395 1456 4434 causa
1505 4381 1785 4438 charitatis

202 4467 490 4524 scientiam
517 4469 747 4539 mitigat,
776 4469 859 4522 hic
885 4469 1117 4538 cognitus
1151 4478 1225 4522 est
1277 4468 1339 4522 ab
1363 4486 1445 4533 eo,
1481 4470 1532 4524 id
1562 4479 1646 4525 est
1694 4472 1786 4526 hic

202 4569 292 4617 est
320 4558 523 4623 electus
552 4560 618 4614 ab
639 4575 723 4614 eo.

276 4650 357 4704 De
379 4651 506 4704 escis
528 4661 699 4703 autem
720 4666 836 4720 quia
856 4648 1009 4703 idolis
1036 4650 1374 4703 immomnlur
1391 4692 1405 4716 ,
1428 4652 1620 4705 scimus
1659 4651 1781 4721 quia

202 4740 337 4798 nihil
358 4749 430 4794 est
454 4739 649 4793 idolum
674 4741 728 4792 in
751 4738 962 4792 mundo.
999 4737 1122 4791 ldos
1147 4738 1329 4793 Griece
1355 4739 1544 4794 Latine
1587 4740 1783 4794 dicitur

201 4833 415 4904 species
437 4830 520 4886 vel
549 4830 738 4894 forma,
770 4830 890 4885 inde
911 4830 1222 4883 diminutive
1245 4830 1463 4896 idolum,
1493 4830 1543 4885 id
1565 4840 1647 4885 est
1671 4830 1782 4885 for-

204 4922 351 4979 mula
378 4937 445 4977 ex
475 4921 655 4990 aliquo
680 4920 916 4984 metallo,
947 4929 1037 4973 aut
1063 4935 1129 4975 ex
1153 4921 1327 4995 lignis,
1353 4925 1465 4978 sive
1490 4924 1775 4995 lapidibus.

202 5016 332 5071 Ideo
368 5029 497 5085 ergo
539 5014 737 5068 idolum
770 5013 902 5087 nihil
947 5021 1047 5079 est,
1080 5014 1203 5084 quia
1241 5016 1454 5071 videtur
1488 5016 1772 5089 imaginem

200 5108 440 5164 hominis
463 5107 680 5171 habere,
709 5115 760 5160 ct
783 5123 888 5160 non
919 5115 1001 5161 est
1030 5107 1190 5161 homo
1215 5122 1229 5160 :
1260 5109 1468 5163 videtur
1488 5110 1773 5181 imaginem

202 5199 434 5268 alicujus
477 5198 666 5253 bestia:
708 5198 907 5252 habere
930 5239 945 5262 ,
977 5204 1031 5251 ct
1066 5212 1169 5250 non
1210 5206 1291 5251 est
1320 5198 1489 5252 bestia
1520 5214 1533 5250 :
1568 5200 1778 5255 videtur

199 5306 383 5357 aures,
410 5291 621 5357 oculos,
655 5306 813 5346 nares
838 5298 892 5346 et
917 5307 976 5345 os
998 5292 1214 5354 habere,
1242 5292 1333 5345 sed
1369 5291 1489 5345 ideo
1514 5292 1646 5345 nihil
1670 5302 1770 5361 est,

199 5380 335 5453 quia
358 5398 462 5438 non
491 5382 659 5448 videt,
686 5398 790 5436 non
822 5383 990 5447 audit,
1016 5398 1121 5437 non
1147 5382 1347 5447 olfacit,
1380 5399 1482 5436 non
1515 5382 1768 5455 loquitur.

198 5472 410 5530 Dicitur
439 5473 599 5528 homo
621 5488 760 5537 esse,
790 5488 897 5527 non
928 5483 1011 5527 est
1036 5472 1225 5527 homo:
1259 5473 1458 5527 dicitur
1473 5473 1612 5528 Deus
1627 5489 1766 5542 esse,

197 5578 313 5619 non
353 5571 439 5619 est
485 5562 657 5629 Deus;
688 5563 914 5632 ideoque
942 5562 1076 5618 nihil
1103 5572 1206 5630 est,
1234 5563 1358 5634 quia
1387 5564 1529 5633 quod
1576 5565 1771 5622 dicitur

195 5671 325 5721 esse
363 5674 471 5714 non
505 5666 621 5724 est;
653 5658 964 5713 adoratores
990 5672 1205 5728 quoque
1247 5656 1585 5726 cultoresque
1629 5655 1767 5726 ejus,

196 5753 361 5815 atque
382 5747 487 5801 cibi
516 5747 607 5817 qui
639 5746 742 5800 illis
763 5754 1147 5801 consecrantur
1166 5787 1181 5812 ,
1207 5746 1340 5801 nihil
1375 5754 1517 5812 sunt,
1547 5745 1669 5816 quia
1701 5746 1766 5799 il-

196 5834 305 5889 lius
330 5836 535 5891 cultura
574 5845 628 5891 et
666 5838 1000 5892 consecratio
1038 5836 1168 5893 facit
1202 5853 1294 5893 eos
1342 5838 1471 5892 nihil
1519 5832 1657 5895 esse.
1692 5838 1767 5892 Ex

1816 3258 1859 3319 C

1810 4615 1861 4674 D

1964 3205 2070 3261 Sed
2095 3222 2197 3260 non
2226 3207 2282 3260 in
2319 3207 2557 3260 omnibus
2582 3215 2655 3260 est
2703 3206 2940 3270 scientia,
2971 3205 3229 3260 subaudis
3254 3204 3380 3270 ista,
3407 3213 3469 3258 ut

1889 3296 2112 3350 credant
2149 3311 2311 3349 unum
2354 3310 2541 3350 verum
2589 3295 2753 3349 Deum
2784 3295 2955 3349 solum
3004 3295 3164 3349 modo
3190 3308 3341 3359 esse,
3372 3295 3465 3363 qui

1891 3384 2183 3439 trinitatem
2209 3384 2367 3439 habet
2390 3385 2442 3439 in
2469 3385 2732 3455 personis,
2764 3392 2818 3438 et
2846 3384 3104 3439 unitatem
3135 3384 3189 3438 in
3213 3384 3464 3440 substan-

1888 3476 1981 3530 tia.
2026 3475 2253 3542 Quidam
2289 3484 2465 3530 autem
2504 3478 2819 3531 conscientia
2852 3492 3016 3548 usque
3041 3492 3176 3530 nunc
3207 3476 3264 3530 in
3305 3475 3464 3529 idolis

1886 3568 2036 3638 quasi
2060 3566 2426 3637 idolothytum,
2452 3568 2504 3622 id
2531 3576 2614 3623 est
2651 3568 2808 3623 idolis
2853 3567 3038 3621 datum
3074 3573 3130 3621 et
3169 3580 3457 3621 consecra-

1889 3665 2021 3721 tum,
2049 3659 2392 3724 manducant,
2417 3667 2465 3712 et
2487 3659 2803 3713 conscientia
2828 3657 3057 3728 ipsorum
3077 3672 3195 3711 cum
3216 3658 3283 3710 sit
3313 3657 3465 3726 inﬁr-

1886 3763 1990 3812 ma,
2019 3746 2293 3817 polluitur,
2317 3748 2574 3816 quoniam
2610 3748 2736 3802 dum
2779 3747 3048 3802 firmiores
3087 3746 3140 3800 in
3172 3746 3277 3801 fide
3308 3747 3461 3801 vide-

1884 3835 1997 3888 rint
2019 3836 2331 3891 recumbere
2350 3837 2517 3901 idolo,
2540 3844 2595 3892 et
2614 3838 2896 3893 comedere
2920 3837 3236 3908 idolothyta,
3261 3836 3464 3907 aliquid

1888 3923 2123 3978 numinis
2154 3933 2210 3978 et
2235 3925 2544 3995 religiosum
2588 3935 2780 3995 putant
2820 3940 2943 3980 esse
2986 3928 3039 3980 in
3074 3927 3250 3981 idolis.
3300 3927 3368 3981 Et
3407 3928 3461 3982 in

1886 4011 1986 4067 hoc
2012 4022 2095 4067 est
2142 4015 2352 4069 illorum
2375 4017 2702 4071 conscientia
2722 4016 2965 4079 infirma,
2992 4013 3074 4068 vel
3097 4015 3221 4082 quia
3263 4024 3459 4084 putan—

1886 4111 1968 4155 tes
1992 4104 2171 4156 omnia
2199 4118 2317 4157 esse
2341 4104 2559 4167 munda,
2579 4104 2870 4157 comedunt
2896 4102 3210 4172 idolothyta,
3231 4101 3317 4156 vel
3333 4105 3461 4172 quia

1884 4192 2083 4262 aliquid
2105 4195 2340 4249 numinis
2364 4196 2591 4249 credunt
2609 4208 2729 4247 esse
2748 4193 2801 4247 in
2821 4193 2997 4247 idolis.

1961 4285 2094 4337 Esca
2142 4295 2317 4338 autem
2361 4301 2454 4339 nos
2503 4301 2607 4339 non
2643 4284 2967 4338 commendat
3006 4283 3149 4350 Deo,
3204 4283 3460 4363 subaudis

1884 4391 2045 4446 quam
2083 4376 2352 4431 credimus
2395 4376 2669 4439 mundam,
2714 4376 2766 4430 id
2804 4385 2909 4441 est,
2940 4392 3045 4430 non
3078 4375 3209 4431 facit
3247 4391 3346 4431 nos
3368 4391 3459 4431 ac-

1884 4467 2175 4536 ccptabilcs
2198 4467 2323 4531 Deo,
2349 4476 2403 4521 et
2431 4466 2727 4521 laudabiles
2755 4467 2894 4537 apud
2918 4467 3086 4533 illum,
3122 4483 3283 4537 neque
3316 4467 3456 4521 enim

1884 4563 1929 4613 si
1953 4576 2054 4613 non
2097 4558 2601 4621 manducaverimus,
2626 4557 2880 4612 subaudis
2904 4558 2972 4611 de
2992 4556 3271 4612 sacriﬁciis
3293 4556 3458 4612 idolo—

1888 4664 2028 4712 rum,
2058 4648 2380 4717 deﬁciemus,
2407 4658 2465 4701 ut
2503 4648 2638 4702 alios
2663 4649 2811 4703 cibos
2837 4664 2942 4703 non
2976 4650 3290 4714 habeamus,
3319 4658 3455 4719 quos

1885 4753 2169 4808 possumus
2196 4740 2540 4803 manducare,
2555 4755 2717 4808 neque
2735 4740 2782 4792 si
2822 4738 3304 4793 manducaverimus
3331 4753 3454 4794 car-

1883 4843 1981 4884 nes
2024 4829 2181 4883 idolis
2223 4838 2588 4891 consecratas,
2646 4829 3047 4895 abundabimus,
3093 4829 3347 4884 subaudis
3393 4837 3455 4883 ut

1882 4922 2107 4976 aliorum
2135 4921 2377 4975 ciborum
2406 4919 2751 4975 refectionem
2784 4935 2889 4981 non
2913 4934 3236 4988 quaeramus.
3290 4926 3297 4933 '

1964 5010 2140 5065 Videte
2164 5021 2334 5065 autem
2368 5026 2431 5065 ne
2453 5012 2587 5080 forte
2628 5010 2739 5064 ha'c
2763 5009 2973 5064 licentia
3014 5019 3183 5064 vestra
3203 5023 3308 5079 qua
3331 5022 3452 5063 cre-

1878 5104 2005 5159 ditis
2029 5104 2208 5157 omnia
2238 5102 2437 5157 munda
2461 5102 2694 5168 mundis,
2723 5110 2779 5157 et
2802 5116 2900 5171 per
2928 5100 3318 5155 invocationem
3348 5115 3448 5153 no-

1876 5196 2037 5250 minis
2074 5195 2273 5250 Christi
2310 5196 2488 5249 omnia
2531 5195 2888 5258 sanctilicari,
2937 5194 3309 5264 oﬂ'endiculum
3353 5192 3448 5260 ﬁat

1876 5288 2096 5358 inﬁrmis
2123 5289 2176 5342 in
2207 5287 2343 5353 fide,
2376 5295 2438 5341 ut
2479 5289 2703 5343 credant
2749 5287 2949 5357 aliquid
2978 5285 3196 5341 deitatis
3235 5297 3356 5339 esse
3391 5284 3444 5339 in

1874 5382 2013 5436 idolo
2059 5390 2117 5436 et
2159 5381 2444 5436 comedant
2488 5391 2707 5451 propter
2748 5380 2851 5435 hoc
2889 5393 3084 5433 carnes
3133 5376 3208 5432 illi
3255 5390 3446 5431 conse-

1872 5481 2065 5528 cratas.

1943 5562 2006 5619 Si
2026 5564 2141 5635 quis
2171 5564 2307 5619 enim
2331 5564 2516 5619 viderit
2552 5579 2669 5616 eum
2704 5562 2845 5634 quod
2872 5561 3024 5615 habet
3061 5560 3357 5625 scientiam,
3386 5558 3440 5613 id

1869 5664 1952 5710 est
1976 5656 2067 5724 qui
2092 5654 2363 5726 perfectus
2399 5662 2483 5709 est
2512 5654 2565 5707 in
2587 5652 2712 5718 ﬁde,
2736 5661 2792 5707 et
2817 5652 2992 5713 credit
3012 5652 3194 5708 omnis
3216 5651 3438 5715 munda,

1870 5746 1924 5800 in
1945 5747 2108 5801 idolio
2152 5747 2547 5810 recumbentem,
2578 5745 2633 5800 id
2672 5754 2772 5807 est,
2805 5744 3170 5801 recumbendo
3213 5743 3440 5799 manda.

1869 5854 2013 5894 care.
2044 5839 2134 5893 Sic
2167 5838 2405 5908 peccatis
2437 5852 2491 5890 ιιι
2534 5836 2749 5902 fratres,
2777 5836 2901 5893 dum
2934 5835 3219 5892 comeditis
3247 5847 3437 5890 eorum
