3950 6346
165 327 260 383 555

857 319 1222 380 EXPOSITIO
1257 319 1327 376 1N
1363 317 1510 376 EPP.
1551 320 1610 376 S.
1647 317 1875 378 PAULI.
1916 349 1986 360 --
2014 317 2082 375 1N
2119 317 2335 376 EPIST.
2375 316 2396 374 l
2431 316 2523 373 AD
2560 315 2719 374 COR.

3325 316 3430 372 554

227 434 488 502 Quoniam
509 433 655 488 debet
676 433 730 486 in
751 449 860 503 spe,
878 431 1136 488 subaudis
1157 431 1367 487 fructus
1384 429 1738 501 percipiendi,
1767 433 1818 493 Α
1845 429 2006 484 nibus
2043 429 2318 499 quaerebat
2356 429 2411 483 in
2450 428 2734 499 praesenti,
2775 428 2972 484 timens
3014 429 3203 484 audire
3243 430 3298 485 in
3341 430 3429 487 die

161 530 239 603 qui
265 537 384 584 arat
412 545 588 582 arare.

222 619 282 676 Si
318 635 414 674 nos
447 619 588 673 vobis
621 615 909 687 spiritalia,
945 616 1203 672 subaudis
1248 616 1414 681 bona,
1463 614 1742 670 seminavi-

160 727 284 775 mus,
310 707 656 780 prtedicando
682 707 912 779 gratiam
929 707 1192 763 videlicet
1227 705 1352 761 ﬁdei
1378 712 1433 761 et
1453 705 1739 772 doctrinae,

159 816 396 872 magnum
425 807 522 865 est,
551 797 596 852 si
624 814 718 852 nos
743 807 915 851 vestra
945 797 1183 851 carnalia
1211 796 1504 851 metamus?
1538 795 1593 849 id
1631 803 1736 864 est,

157 902 209 946 ut
243 906 274 945 a
313 891 470 945 vobis
511 889 844 958 accipiamus
893 888 1232 958 temporalia,
1274 889 1472 958 quibus
1513 887 1774 944 contuli-._

157 996 264 1036 mus
287 980 530 1035 :eterna?
557 978 674 1034 Non
701 979 808 1034 hoc
827 994 1077 1048 magnum
1103 987 1175 1033 est
1202 977 1538 1049 increpative
1561 977 1740 1048 legen-

155 1075 270 1132 dum
298 1083 406 1140 est,
437 1073 532 1129 sed
559 1058 965 1142 interrogative.

215 1167 276 1223 Si
313 1166 442 1231 alii,
478 1164 534 1220 id
566 1177 655 1221 est
693 1162 1160 1235 pseudoapostoli,
1207 1160 1480 1234 potestatis
1523 1171 1736 1231 vestrm,

154 1264 244 1319 hoc
265 1269 358 1316 est
382 1258 655 1316 facultatis
689 1269 886 1314 vestra:
922 1258 1298 1326 bonorumque
1335 1256 1736 1327 temporalium,

154 1355 420 1425 participes
444 1362 598 1418 sunt,
632 1339 796 1423 quare
824 1367 928 1405 non
954 1350 1127 1418 potius
1156 1349 1291 1403 nos?
1327 1349 1608 1414 subaudis,
1647 1347 1740 1420 de-

152 1445 329 1499 bemus
371 1443 697 1512 participare
738 1440 899 1495 bonis
933 1439 1160 1504 vestris,
1203 1439 1296 1508 qui
1340 1453 1495 1494 sacra
1532 1438 1737 1494 monita

152 1533 424 1604 Evangelii
453 1533 608 1588 vobis
641 1531 1025 1602 praedicamus.
1071 1529 1272 1586 Verum
1310 1529 1491 1584 omnia
1529 1529 1737 1584 incom-

152 1626 294 1680 moda
328 1625 664 1680 sustinemus
702 1637 804 1694 ego
841 1629 896 1676 et
939 1621 1240 1686 Barnabas,
1277 1620 1425 1675 sitim
1463 1618 1734 1685 videlicet,

152 1715 337 1770 famem
359 1757 373 1780 ,
403 1715 707 1770 nuditatem
734 1726 1062 1780 omnemque
1092 1710 1466 1779 indigentiam,
1502 1726 1566 1763 ne
1595 1709 1737 1779 quod

1836 521 2026 592 judicii
2065 540 2078 575 :
2111 520 2372 591 Recepisti
2409 521 2696 575 mercedem
2723 530 2890 586 tuam,
2929 521 2973 576 si
3000 521 3282 578 laborasti.
3336 521 3429 579 Vw

1841 615 1978 668 enim
2005 613 2132 667 mihi
2161 623 2258 679 est,
2289 613 2343 668 id
2370 621 2454 668 est
2478 613 2771 686 indigentia
2799 629 2886 668 me
2907 614 3208 684 opprimet,
3247 625 3305 669 et
3329 629 3428 686 pe-

1841 705 2053 760 nuriam
2083 704 2246 760 famis
2274 705 2572 771 sustinebo,
2614 707 2659 760 si
2701 721 2805 760 non
2839 705 3279 776 euangelizavero.
3310 707 3430 764 Non

1840 810 1907 850 ex
1936 811 2032 850 sua
2062 810 2296 864 persona
2324 795 2450 850 talia
2474 796 2626 863 dicit,
2657 797 2751 852 sed
2776 797 2955 867 potius
2989 815 3053 854 ex
3090 798 3306 854 illorum
3335 801 3430 870 qui

1841 885 2046 942 idcirco
2075 887 2448 957 prtedicabant
2481 887 2608 956 quia
2649 902 2756 942 non
2801 889 3073 944 habebant
3108 891 3250 945 unde
3275 890 3430 946 vive-

1838 984 1962 1033 rent
1994 978 2100 1032 nisi
2129 993 2194 1033 ex
2221 977 2624 1048 praedicatione,
2654 979 2882 1051 ideoque
2906 979 3160 1036 favebant
3184 981 3297 1037 suis
3336 997 3432 1037 au-

1840 1071 2127 1127 ditoribus.

1910 1160 1970 1216 Si
1999 1163 2137 1216 enim
2165 1163 2338 1218 valens
2383 1163 2498 1220 sive
2531 1173 2722 1234 sponte
2749 1165 2846 1220 hac
2872 1181 2992 1237 ago,
3020 1165 3076 1221 id
3103 1174 3215 1233 est,
3247 1169 3292 1223 si
3321 1185 3430 1224 non

1839 1253 2204 1324 praedicavero
2246 1263 2469 1326 propter
2509 1265 2756 1327 sumptus
2789 1258 3066 1323 carnales,
3107 1269 3164 1314 et
3197 1260 3432 1314 admini-

1838 1354 2086 1402 stravero
2110 1346 2458 1419 Evangelium
2485 1348 2878 1425 sinemercede
2905 1351 3211 1422 temporali,
3242 1369 3434 1408 merce-

1839 1437 1956 1492 dem
1982 1438 2145 1492 Itabeo
2179 1447 2422 1508 paratam
2463 1455 2493 1494 a
2535 1439 2775 1504 Christo,
2815 1445 3308 1500 remunerationem
3350 1447 3431 1500 vi-

1840 1528 2036 1584 delicet
2073 1536 2356 1597 mternam,
2387 1531 2673 1587 auditurus
2711 1533 2780 1588 ab
2823 1534 2980 1602 ipso:
3013 1534 3166 1589 Intra
3203 1537 3258 1590 in
3292 1551 3446 1608 gnua

1839 1619 1986 1674 dium
2013 1620 2227 1676 Domini
2254 1623 2351 1677 tui.

1914 1710 2048 1776 Quae
2089 1722 2164 1766 est
2191 1729 2313 1783 ergo
2357 1730 2554 1770 merces
2591 1717 2747 1772 mea?
2783 1717 3109 1792 lnterrogat]
3137 1722 3428 1794 Apostolus
3465 1687 3474 1712 ι

152 1806 519 1877 o/fcndiculum
539 1807 722 1860 demus
745 1802 1034 1873 Evangelia
1055 1800 1273 1868 Christi,
1299 1801 1356 1856 id
1378 1809 1482 1866 est,
1508 1816 1575 1855 ne
1597 1801 1740 1856 dica-
1766 1789 1814 1849 Β
1842 1803 2081 1874 seipsum
2110 1819 2230 1874 qua:
2259 1805 2332 1861 sit
2360 1823 2572 1864 merces
2600 1789 3154 1884 praedicationis‘ejus
3185 1789 3244 1871 in
3283 1819 3474 1888 prae-.3

151 1908 224 1954 tur
256 1901 330 1954 de
372 1898 551 1964 nobis,
599 1897 743 1967 quod
784 1910 948 1951 causa
981 1902 1220 1964 quaestus
1259 1902 1318 1949 et
1352 1908 1498 1949 cura:
1529 1901 1735 1963 tempo-

151 1989 263 2045 ralis
284 1990 472 2060 potius
495 1988 850 2059 pratdicemus
871 1984 1242 2054 Evangelium,
1267 1998 1430 2053 quam
1457 1998 1621 2038 causa
1647 1997 1734 2037 sa-

150 2083 262 2139 lutis
285 2085 600 2138 animarum
621 2090 678 2138 et
697 2078 1148 2136 remunerationis
1170 2085 1406 2144 aeternae,
1428 2077 1734 2147 habeatque

149 2173 492 2246 Evangelium
522 2170 730 2227 venale.

211 2267 443 2322 Nescitis
466 2267 717 2338 quoniam
743 2265 834 2336 qui
862 2265 918 2320 in
947 2263 1207 2328 sacraria,
1245 2261 1300 2318 id
1332 2269 1418 2317 est
1454 2259 1509 2316 in
1537 2257 1734 2329 templo

149 2359 431 2422 idolorum,
461 2365 762 2428 operantur,
791 2356 1120 2412 excoriando
1143 2355 1394 2410 victimas
1419 2361 1474 2407 et
1499 2367 1734 2422 conque-

147 2453 328 2516 renda,
362 2467 479 2522 qua:
503 2450 568 2504 de
597 2449 834 2502 sacrario
859 2457 980 2503 sunt
1007 2449 1209 2503 edunt?
1244 2447 1298 2501 id
1333 2455 1416 2501 est
1445 2445 1510 2500 de
1537 2444 1623 2500 his
1654 2443 1734 2498 vi-

149 2552 270 2598 vunt
294 2558 420 2613 qua:
447 2541 521 2596 ibi
553 2540 879 2605 otl‘eruntur,
918 2548 972 2593 et
1005 2554 1126 2609 qua:
1153 2537 1430 2608 pertinent
1454 2535 1521 2590 ad
1551 2550 1734 2590 sacra-

147 2633 297 2696 rium,
329 2641 378 2685 et
403 2631 494 2701 qui
520 2628 705 2694 altari,
734 2628 996 2683 subaudis
1019 2628 1135 2692 Dei,
1177 2627 1470 2681 deserviunt
1503 2625 1556 2680 in
1593 2624 1730 2694 lege,

148 2725 195 2777 id
219 2732 300 2778 est
337 2721 520 2776 Veteri
551 2720 922 2784 Testamento,
952 2735 1071 2774 cum
1107 2717 1265 2772 altari
1297 2717 1636 2787 participant.
1674 2714 1733 2770 Si

147 2815 358 2886 quando
384 2815 757 2870 holocaustum
789 2811 1120 2867 atterebatur
1151 2811 1204 2865 in
1235 2810 1392 2864 altari
1421 2809 1614 2896 domus
1637 2807 1735 2863 Do-

148 2911 301 2975 mini,
333 2917 506 2964 totum
527 2906 729 2962 animal
757 2905 858 2962 sibi
882 2903 1192 2960 vindicabat
1215 2903 1418 2968 altare;
1449 2902 1492 2956 si
1519 2899 1735 2970 quando

145 3016 269 3056 vero
296 3002 537 3056 victimae
567 2998 780 3066 aliaque
817 2995 1086 3052 sacrilicia
1116 2994 1503 3055 offerebantur,
1534 2989 1734 3060 partim

148 3094 525 3148 cremabantur
563 3090 618 3145 in
645 3087 838 3155 altari,
881 3086 1079 3157 partim
1121 3083 1406 3140 sumebant
1442 3081 1735 3137 servitores

146 3201 196 3237 ιιι
221 3196 350 3239 SUOS
379 3198 528 3238 USIIS.

213 3273 299 3326 Ita
332 3281 379 3328 et
410 3271 670 3325 Dominus
698 3267 980 3333 ordinavit,
1023 3265 1074 3322 id
1101 3275 1184 3321 est
1209 3262 1476 3335 disposuit
1501 3270 1555 3318 cl.
1581 3269 1736 3332 pote-

145 3375 338 3420 statem
363 3363 536 3420 dedit.

213 3458 329 3528 Ego
354 3469 531 3512 autem
562 3455 691 3511 licet
714 3460 1035 3525 potestatem
1068 3452 1326 3507 haberem
1353 3450 1419 3505 de
1447 3447 1739 3518 Evangelia

141 3551 354 3615 vivere,
397 3550 543 3605 nullo
584 3551 774 3603 horum
816 3562 936 3617 qua:
982 3547 1229 3616 superius
1268 3544 1379 3599 dixi
1423 3561 1549 3598 usus
1588 3559 1735 3607 sum,

142 3645 272 3714 quia
302 3645 475 3699 nullos
500 3652 750 3713 sumptus
777 3657 807 3695 a
842 3641 997 3695 vobis
1025 3638 1246 3708 accepi,
1288 3646 1350 3692 ut
1388 3637 1739 3707 Evangelium

139 3753 254 3793 non
281 3737 514 3793 facerem
537 3736 748 3801 venale,
771 3745 826 3791 et
846 3750 942 3790 vos
963 3734 1132 3788 libere
1155 3745 1367 3803 possem
1391 3731 1736 3800 redarguere.

149 3829 285 3883 Νοή
320 3841 487 3884 autem
525 3830 704 3901 scripsi
742 3831 854 3884 Itwc
890 3838 948 3882 ut
982 3827 1055 3881 ita
1088 3828 1219 3896 fiant
1255 3828 1310 3880 in
1345 3842 1444 3879 me.
1482 3825 1743 3880 Poterant

139 3919 226 3975 illi
261 3920 443 3976 dicere
469 3940 482 3974 :
510 3915 643 3976 Vere
671 3921 793 3977 ideo
821 3919 1114 3992 Apostolus
1146 3918 1273 3972 talia
1318 3917 1539 3987 scripsit
1563 3917 1738 3982 nobis,

135 4017 201 4063 ut
231 4011 382 4080 quod
410 4022 565 4066 antea
592 4027 701 4067 non
729 4011 941 4081 accepit
983 4025 1014 4064 a
1061 4009 1247 4073 nobis,
1288 4008 1446 4063 modo
1487 4007 1738 4077 accipiat,

138 4114 199 4161 ut
224 4105 421 4162 demus
457 4108 507 4162 ei
546 4122 668 4178 qua:
693 4106 1002 4162 necessaria
1029 4113 1175 4160 sunt.
1202 4103 1282 4158 Ad
1312 4103 1429 4159 lucc
1456 4103 1544 4157 ille
1572 4121 1585 4156 :
1623 4102 1741 4159 Non

135 4195 284 4265 ideo,
319 4198 515 4269 inquit,
553 4199 657 4255 ista
685 4199 827 4262 dico,
872 4207 930 4252 ut
975 4197 1118 4268 quod
1156 4197 1421 4251 hactenus
1462 4212 1569 4250 non
1615 4194 1738 4260 feci,

133 4304 286 4345 nunc
313 4289 494 4345 facere
527 4290 804 4360 incipiam,
840 4289 936 4344 sed
965 4297 1024 4343 ut
1050 4303 1146 4344 vos
1178 4288 1244 4342 ad
1269 4287 1591 4343 charitatem
1618 4301 1742 4356 pro-

132 4399 356 4440 vocem.
397 4384 605 4439 Banum
639 4393 712 4440 est
747 4385 884 4439 enim
917 4385 1044 4438 nti/ti
1082 4383 1249 4454 magis
1282 4399 1384 4438 non
1419 4384 1554 4437 mori
1577 4382 1736 4444 fame,

133 4475 250 4542 siti,
289 4476 566 4540 nuditate,
607 4491 764 4546 quam
809 4484 863 4528 ut
902 4474 1124 4545 gloriam
1153 4491 1343 4539 meam,
1383 4489 1545 4542 quam
1581 4488 1746 4543 spero.

132 4580 222 4620 me
251 4573 610 4635 recepturum
637 4579 736 4634 pro
762 4565 1011 4620 mercede
1035 4563 1456 4634 praedicationis,
1480 4563 1595 4634 quis
1617 4581 1739 4618 eva—

133 4664 251 4709 cuet
278 4655 403 4710 sive
428 4655 694 4718 destruat,
735 4654 913 4709 dando
942 4653 1076 4709 mihi
1113 4668 1358 4706 munera.
1405 4652 1558 4707 Tunc
1595 4652 1741 4708 enim

131 4749 310 4818 gloria
345 4747 492 4803 illius
526 4755 917 4812 evacuaretur,
949 4747 994 4801 si
1037 4746 1340 4801 mercedem
1377 4745 1650 4816 accipiens
1687 4745 1742 4800 in

129 4838 427 4908 praesenti,
457 4853 564 4892 non
592 4846 839 4907 speraret
877 4837 1180 4892 mercedem
1217 4836 1378 4890 aliam
1408 4836 1658 4906 accipere
1689 4837 1741 4891 in

128 4926 415 4991 futurum,
444 4941 546 4982 nec
572 4927 920 4996 redargueret
943 4925 1341 4995 delinquentes.

202 5016 367 5070 Nam
384 5015 483 5070 etsi
505 5015 948 5086 euangelizavera,
964 5015 1220 5071 subaudis
1236 5015 1572 5071 solummodo
1594 5031 1751 5086 prop-

127 5115 214 5162 ter
251 5107 394 5172 hoc,
425 5113 487 5159 ut
512 5113 736 5176 propter
759 5105 1132 5160 assiduitatem
1169 5105 1565 5176 praedicationis
1601 5122 1747 5162 mer-

126 5200 332 5252 cedem
371 5199 426 5252 in
459 5197 713 5267 praesenti
744 5198 1026 5267 accipiam,
1080 5205 1135 5253 et
1177 5197 1390 5252 laudem
1418 5198 1485 5252 ab
1516 5197 1750 5252 homini-

123 5290 252 5356 bus,
291 5305 412 5342 non
441 5298 516 5341 est
553 5288 681 5341 mihi
710 5286 903 5358 gloria,
934 5287 1192 5341 subaudis
1220 5295 1421 5340 ceterua
1449 5286 1499 5340 in
1525 5285 1706 5341 futuro
1733 5304 1745 5340 :

125 5379 435 5434 necessitas
463 5379 620 5441 enim,
665 5377 923 5432 subaudis
954 5376 1336 5442 manducandi,
1376 5376 1624 5441 bibendi,
1653 5393 1749 5431 ve-

123 5471 346 5528 stiendi
373 5511 391 5535 ,
431 5469 563 5523 mihi
607 5469 877 5522 incumbit.
926 5468 1156 5538 Ideoque
1197 5468 1450 5538 prrcdico,
1499 5470 1754 5539 quoniam

125 5563 282 5616 unde
313 5561 542 5625 vivam,
571 5559 788 5612 aliunde
819 5573 926 5613 non
962 5558 1153 5612 habeo.
1193 5556 1320 5612 Haec
1355 5557 1406 5612 in
1437 5558 1756 5627 quibusdam

123 5656 376 5717 ﬂebant,
415 5653 560 5708 sicut
591 5652 642 5705 in
673 5649 1169 5721 pseudoapostolis,
1220 5649 1312 5714 sed
1353 5650 1406 5704 iu
1443 5649 1612 5705 Paulo
1649 5667 1756 5706 non

124 5758 280 5814 erat,
323 5745 430 5815 qui
466 5757 642 5812 neque
682 5741 1010 5805 mercedem,
1049 5755 1224 5811 neque
1251 5740 1460 5799 laudem
1489 5741 1557 5796 ab
1585 5743 1758 5798 homi-

537 5835 802 5895 PATROL.
851 5832 1104 5897 CXVII.

1839 1897 2000 1963 senti,
2028 1906 2085 1952 et
2110 1899 2260 1966 dicit,
2294 1899 2406 1970 jam
2438 1901 2689 1972 inquiens
2713 1921 2725 1957 :
2750 1901 2886 1960 Volo
2915 1915 3105 1976 sponte
3129 1909 3428 1977 praedicare

1836 1986 2210 2058 Evangelium,
2242 2005 2362 2060 quae
2395 1999 2480 2046 est
2519 2003 2728 2050 merces
2765 2011 2885 2052 mea
2928 1997 2982 2052 in
3029 2002 3321 2070 praesenti?
3359 2004 3432 2058 Et

1836 2081 2128 2150 respondet
2161 2082 2276 2151 ipse
2312 2082 2440 2150 sibi,
2477 2093 2571 2139 aut
2609 2086 2769 2142 alicui
2800 2088 3159 2162 interroganti
3189 2109 3308 2164 qum
3343 2106 3431 2152 est

1835 2187 2048 2228 merces
2079 2174 2206 2228 tua?
2238 2173 2366 2230 Haec
2392 2185 2476 2231 est
2505 2192 2717 2234 merces
2742 2195 2862 2236 mea
2888 2183 2942 2236 in
2973 2188 3226 2254 prtesenti
3258 2197 3314 2244 et
3340 2189 3426 2245 in-

1836 2269 2026 2328 tentio,
2056 2272 2112 2316 ut
2137 2259 2483 2335 Evangelium
2507 2270 2803 2338 prtcdicans
2826 2273 3106 2342 ﬁdelibus,
3145 2281 3429 2336 omnibus-

1833 2370 1940 2424 que
1973 2356 2161 2412 audire
2194 2357 2521 2426 volentibus,
2561 2363 2674 2418 sine
2706 2376 2918 2437 sumptu
2952 2387 3147 2438 ponam
3177 2372 3426 2446 Evange-

1835 2447 1984 2514 lium,
2039 2450 2297 2505 subaudis
2341 2451 2395 2506 in
2441 2455 2698 2512 cordibus
2737 2471 2946 2526 eorum,
2985 2470 3044 2516 ut
3079 2480 3182 2518 non
3213 2466 3424 2530 abutar,

1836 2539 1950 2594 sive
1983 2555 2092 2596 non
2124 2549 2246 2596 utar
2269 2553 2518 2612 potestate
2547 2562 2664 2601 mea
2702 2549 2756 2602 in
2791 2548 3078 2622 Evangelia
3111 2569 3273 2624 quam
3303 2572 3427 2612 cum

1836 2628 1957 2685 aliis
1988 2632 2247 2702 apostolis
2275 2634 2470 2701 habeo,
2505 2637 2560 2691 id
2597 2647 2682 2694 est
2727 2655 2794 2696 ne
2832 2643 3093 2713 accipiam
3128 2646 3330 2719 aliquid
3357 2653 3427 2706 ab

1837 2723 2198 2791 auditoribus,
2226 2727 2480 2796 quoniam
2503 2745 2698 2802 magna
2719 2749 2930 2794 merces
2957 2738 3091 2795 mihi
3117 2751 3429 2800 reservatur

1837 2828 1868 2868 a
1904 2813 2141 2870 Christo.

1910 2904 2055 2960 Nam
2079 2924 2196 2961 cum
2222 2907 2354 2964 liber
2381 2928 2566 2982 essem,
2600 2930 2706 2972 non
2735 2917 2911 2974 solum
2940 2923 3237 2980 secundum
3269 2936 3428 2984 natu—

1840 3009 1956 3049 ram
1979 3037 1993 3062 ,
2029 3005 2213 3068 utpote
2251 2998 2318 3054 de
2345 3016 2542 3070 genere
2579 3007 3016 3074 patriarcharum
3055 3013 3425 3081 descendens.

1839 3105 2029 3146 verum
2046 3093 2208 3147 etiam
2225 3111 2288 3148 ex
2303 3098 2540 3152 omnibus
2556 3101 2786 3169 negotiis
2802 3103 3100 3172 hominum,
3117 3107 3249 3162 nihil
3268 3109 3337 3164 ab
3349 3111 3429 3164 eis

1841 3181 2175 3251 accipiendo,
2201 3187 2452 3252 omnium,
2480 3189 2739 3260 subaudis
2764 3192 3044 3250 hominum
3063 3186 3188 3260 ,me
3221 3215 3427 3254 servum

1841 3273 1940 3343 feci
1984 3280 2353 3346 supportando
2396 3295 2615 3347 omnes,
2659 3283 2824 3338 veluti
2867 3286 3043 3342 bonus
3080 3302 3428 3358 procurator,

1840 3367 2066 3423 subaudi
2105 3380 2390 3441 supportat
2429 3373 2695 3441 infirmos,
2737 3378 2975 3433 maxime
3008 3396 3126 3448 vos,
3163 3399 3197 3439 ο
3227 3385 3425 3440 Corin—

1841 3459 1958 3512 thii!
1983 3475 2081 3529 per
2100 3477 2274 3516 meam
2298 3463 2637 3534 patientiam.
2663 3466 2788 3522 Feci
2813 3477 2994 3525 autem
3019 3473 3122 3528 hoc
3145 3489 3250 3530 non
3277 3477 3429 3532 calli-

1839 3549 2026 3638 ditatis
2063 3552 2286 3616 astutia,
2338 3555 2433 3608 sed
2475 3557 2854 3627 compatieutis
2894 3561 3114 3632 all‘ectu,
3153 3576 3213 3622 ut
3255 3567 3432 3638 plures

1841 3635 2205 3708 lucrifacerem
2234 3639 2474 3698 Christo.

1914 3727 1983 3782 Et
2012 3730 2184 3799 [actus
2208 3749 2326 3786 sum
2352 3733 2559 3791 Judazis
2590 3747 2841 3810 tanquam
2877 3740 3134 3810 Indicus,
3174 3747 3435 3806 subaudis

1842 3819 1976 3891 legis
2001 3821 2337 3888 observator,
2369 3827 2546 3883 adhuc
2575 3832 2843 3887 tendendo
2865 3843 3028 3902 caput
3059 3836 3116 3890 in
3145 3837 3431 3907 Cenchris,

1841 3932 1962 3985 quae
1986 3926 2068 3970 est
2096 3926 2286 3987 portus
2309 3919 2585 3986 Corinthi,
2622 3921 2895 3980 oll‘crendo
2934 3943 3157 3983 munera
3196 3930 3252 3984 in
3291 3944 3431 3987 tem-

1843 4007 1930 4078 plo
1959 4007 2376 4080 Hierosolymis,
2415 4013 2711 4067 secundum
2751 4016 2895 4084 quod
2939 4018 2992 4071 in
3035 4017 3260 4076 Actibus
3302 4037 3434 4091 apo-

1844 4100 2103 4156 stolorum
2129 4102 2377 4171 habetur,
2405 4107 2619 4176 quando
2637 4109 2949 4178 puri/iratus
2970 4113 3204 4167 ascendit
3225 4115 3278 4170 in
3303 4124 3434 4169 tem-

1843 4193 1987 4264 plum
2015 4194 2152 4265 (Act.
2183 4196 2321 4268 χχι),
2363 4207 2420 4253 et
2457 4200 2896 4257 circumcidendo
2927 4203 3274 4261 Timotheum
3299 4223 3431 4278 pro-

1844 4292 1965 4354 pter
1991 4282 2228 4351 Judteos,
2259 4297 2316 4341 ut
2357 4287 2578 4344 Judreas
2612 4289 2848 4346 lucrarer
2875 4291 3092 4349 Christo
3113 4337 3127 4360 ,
3157 4310 3186 4350 a
3217 4297 3433 4352 cultura

1845 4371 2093 4428 videlicet
2119 4374 2272 4444 legis,
2299 4375 2366 4429 ad
2399 4378 2628 4448 gratiam
2657 4381 3000 4448 perducendo
3025 4383 3323 4456 Evangelii.

1916 4462 2016 4516 llis
2043 4464 2131 4535 qui
2153 4465 2248 4518 sub
2271 4464 2380 4536 lege
2408 4477 2553 4534 sunt,
2587 4469 2638 4523 id
2667 4479 2752 4524 est
2787 4485 2816 4524 a
2858 4470 3239 4540 Samaritauis,
3275 4477 3437 4546 quin-

1849 4570 1954 4624 que
1985 4556 2152 4612 lil'ros
2177 4557 2308 4627 legis
2343 4558 2685 4625 habentibus,
2727 4562 2952 4618 veniens
2991 4564 3059 4618 ad
3101 4563 3222 4621 illos
3259 4566 3438 4624 factus

1850 4661 1969 4702 sum
2006 4648 2086 4702 eis
2119 4649 2270 4718 quasi
2293 4651 2389 4702 sub
2411 4649 2521 4721 lege
2550 4668 2734 4717 essem,
2769 4653 2821 4706 id
2845 4662 2931 4709 est
2955 4654 3112 4724 quasi
3142 4655 3441 4715 carnaliter

1850 4737 1954 4808 legi
1995 4739 2255 4794 servirem
2278 4779 2293 4803 ,
2347 4756 2465 4793 cum
2506 4741 2614 4811 ipse
2651 4759 2752 4797 non
2787 4760 2949 4799 essem
2989 4747 3084 4800 sub
3122 4746 3230 4818 lege
3265 4747 3438 4820 Moysi

1855 4831 2058 4895 animo,
2087 4831 2178 4885 sed
2208 4831 2310 4886 sub
2358 4833 2534 4903 gratia
2562 4833 2861 4906 Evangelii,
2886 4846 2943 4890 ut
2969 4828 3056 4892 eoi
3081 4838 3170 4908 qui
3209 4839 3303 4892 sub
3328 4839 3438 4909 lege

1849 4931 1996 4976 erant
2019 4920 2399 4992 lucrifacerem.
2424 4923 2552 4978 Feci
2573 4931 2753 4980 autem
2773 4927 2876 4982 hoc
2887 4941 2994 4982 non
3008 4927 3295 4982 simulandi
3317 4943 3440 4983 ver-

1856 5015 2018 5080 sutia,
2035 5014 2126 5069 sed
2143 5015 2505 5084 compatiendi
2526 5016 2919 5072 misericordia.
2957 5017 3056 5072 His
3083 5019 3173 5089 qui
3197 5019 3307 5072 sine
3329 5017 3440 5088 lege

1854 5115 2026 5172 erant,
2041 5105 2094 5160 id
2115 5113 2198 5160 est
2221 5105 2531 5176 gentilibus,
2551 5107 2727 5164 factus
2748 5124 2888 5173 sum,
2918 5117 3167 5180 tanquam
3193 5111 3305 5164 sine
3329 5111 3441 5182 lege

1855 5219 2015 5257 essem
2035 5220 2053 5268 ;
2073 5203 2460 5259 consentiendo
2473 5203 2751 5275 gentilium
2767 5203 3100 5275 philosophis
3115 5205 3254 5274 apud
3273 5205 3441 5261 Athe-

1803 5361 1822 5376 .
1857 5309 1976 5358 nas,
1999 5308 2164 5348 unum
2195 5293 2363 5349 Deum
2388 5309 2509 5349 esse
2537 5294 2628 5364 qui
2660 5304 2854 5349 cuncta
2881 5292 3104 5360 fecerat,
3142 5302 3196 5347 et
3226 5294 3440 5351 animas

1859 5384 2192 5440 immortales
2213 5399 2355 5450 esse,
2384 5392 2438 5440 et
2466 5385 2712 5440 homines
2741 5385 2810 5440 ab
2840 5399 2948 5440 uno
2974 5383 3084 5440 Deo
3112 5385 3440 5456 principium

1858 5472 2174 5542 sumpsisse,
2210 5472 2360 5527 visus
2401 5480 2486 5528 est
2525 5472 2607 5527 eis
2644 5472 2798 5542 quasi
2841 5487 2980 5528 unus
3018 5486 3086 5527 ex
3123 5472 3276 5543 ipsis,
3317 5473 3446 5530 licet

1860 5563 2000 5618 idola
2033 5579 2138 5618 nan
2165 5564 2439 5628 adoraret,
2474 5563 2841 5636 paulatimque
2869 5563 3233 5621 trahebat'eos
3259 5565 3324 5621 ad
3353 5567 3445 5624 illa

1861 5670 1980 5726 quae
2009 5657 2187 5711 minus
2210 5655 2519 5723 credebant,
2558 5657 2795 5712 suadens
2817 5664 2876 5712 ut
2899 5656 2953 5712 in
2983 5671 3106 5713 eum
3137 5659 3442 5734 crederent,

1859 5764 1951 5818 per
1974 5763 2124 5820 quem
2151 5749 2328 5804 omnia
2355 5747 2495 5819 facta
2523 5756 2664 5818 sunt,
2701 5747 2754 5806 id
2784 5757 2866 5805 est
2895 5748 2950 5803 in
2980 5747 3182 5820 Filium.
3490 5745 3492 5748 ’

2894 5841 2972 5910 18
