3936 6446
438 398 548 458 555

909 380 1777 451 HAYMONIS‘IlALBERSTAT.
1820 386 2037 445 EPlSC.
2078 385 2227 442 OI’P.
2271 384 2449 442 PARS
2486 384 2528 441 1.
2565 416 2636 427 -
2669 383 3023 443 COMMENT'.
3064 382 3234 439 BIBL.

3615 379 3735 435 556

512 512 716 570 Factus
752 529 866 568 sum
903 512 1148 580 inﬁrmis,
1185 510 1384 566 Judaeis
1410 518 1465 565 et
1494 510 1743 581 gcntibus
1779 509 1831 563 in
1869 521 2030 563 sensu
2058 507 2107 567 Α
2132 504 2497 574 perveniendo
2521 504 2589 559 ad
2614 504 2885 568 bravium,
2912 501 3213 571 accipiebat
3240 498 3388 554 solus
3412 511 3740 553 remunera-

438 617 491 664 et
520 606 817 669 intellectu,
859 604 951 674 qui
994 619 1185 675 magna
1216 618 1322 657 non
1349 610 1599 674 poterant
1622 616 1837 671 capere,
1876 599 2029 669 inﬁr-

440 715 581 764 mus,
609 695 975 769 comparando
1001 703 1056 751 et
1082 695 1415 766 coaequando
1450 708 1536 748 me
1562 692 1774 747 illorum
1802 690 2033 747 inﬁrmi-

441 787 539 844 tati
571 794 626 843 et
645 785 1102 857 pusillanimitati,
1128 791 1186 838 ut
1214 782 1449 853 inﬁrmos
1476 797 1638 839 sensu
1670 791 1725 837 et
1754 781 2030 837 intellectu

440 876 800 946 lucrifacerem
833 874 961 929 talia
990 874 1356 945 praedicando,
1384 889 1505 945 quae
1539 888 1726 929 eorum
1754 871 2032 941 capacita-

443 968 480 1021 ti
509 964 903 1037 congruebant,
919 971 977 1019 et
998 978 1119 1034 quae
1146 962 1247 1034 ipsi
1273 978 1468 1033 capere
1490 969 1760 1033 poterant,
1791 959 2031 1014 omnibus

444 1053 701 1111 subaudis
714 1052 967 1125 gentibus
978 1051 1286 1122 Judaeisque
1299 1051 1477 1106 omnia
1492 1050 1740 1120 superius
1754 1049 1919 1105 dicta.

512 1144 712 1200 Factus
745 1161 863 1200 sum
890 1144 1133 1213 inﬁrmus
1165 1142 1411 1198 videlicet
1438 1141 1677 1211 inﬁrmis,
1704 1138 1919 1195 Judaaus
1939 1137 2031 1194 Ju-

438 1237 591 1302 dmis,
624 1236 1007 1293 Samaritanus
1032 1234 1412 1299 Samaritauis,
1439 1233 1531 1303 qui
1551 1232 2029 1303 repromissionem

440 1328 509 1382 de
537 1326 756 1383 Christo
783 1327 1194 1397 exspectabant,
1231 1324 1522 1397 gentilibus
1545 1324 1779 1396 gentilis,
1824 1334 1879 1378 ut
1920 1339 2032 1378 om-

445 1436 533 1474 nes
560 1417 731 1473 salvos
759 1418 984 1488 {acerem
1013 1418 1358 1489 praedicando
1384 1417 1488 1473 illis
1510 1419 1736 1473 verbum
1768 1417 1884 1472 Dei.

516 1511 709 1566 Omnia
737 1519 930 1566 autem‘
940 1511 1079 1581 facio
1105 1521 1316 1583 propter
1340 1511 1705 1582 Evangelium,
1729 1511 1782 1565 id
1805 1520 1887 1566 est
1908 1526 2031 1581 pro-

441 1611 564 1672 pter
585 1603 857 1660 Christum
879 1590 1336 1676 cui'Evangelium
1366 1605 1734 1661 testimonium
1757 1606 2029 1675 perbibet,

441 1704 501 1749 ut
529 1696 789 1768 particeps
817 1696 954 1766 ejus,
984 1696 1038 1751 id
1064 1704 1147 1752 est
1175 1697 1450 1775 particeps
1469 1697 1746 1768 Evangelii
1767 1738 1781 1762 ,
1815 1698 2028 1768 eﬁiciar.

445 1786 538 1847 Sic
569 1788 822 1845 videntur
847 1789 964 1844 haec
987 1789 1153 1845 verba
1183 1804 1400 1856 sonare,
1432 1799 1488 1845 et
1519 1789 1598 1844 sic
1624 1788 1868 1859 loquitur
1886 1788 2031 1860 Apo-

426 1878 637 1959 stolus,
685 1879 839 1949 quasi
880 1878 1230 1950 Evangelium
1278 1878 1506 1934 rationis
1554 1894 1720 1950 capax
1762 1880 1853 1946 sit,
1874 1884 1949 1935 'ac
1985 1880 2029 1935 si

444 1970 691 2026 diceret:
731 1968 804 2025 Ut
840 1970 1113 2041 particeps
1158 1969 1433 2041 Evangelii
1473 1968 1699 2036 etliciar,
1748 1970 1801 2025 id
1847 1980 1944 2026 est
1973 1980 2031 2026 ut

442 2060 665 2132 praemia
711 2075 832 2131 qua:
870 2059 924 2114 in
963 2059 1257 2130 Evangelio
1294 2060 1717 2131 promittuntur,
1765 2060 1819 2114 iu
1865 2075 2031 2131 regno

443 2152 706 2208 caelorum
734 2151 993 2221 consequi
1025 2166 1257 2206 merear.

472 2302 481 2307 -
519 2252 749 2308 Nescitis
780 2255 917 2323 quod
944 2252 997 2306 hi
1028 2253 1118 2322 qui
1144 2252 1198 2306 in
1221 2253 1394 2307 stadio
1418 2261 1665 2316 currunt,
1708 2268 1884 2306 omnes
1916 2254 2032 2324 qui-

444 2342 559 2397 dem
602 2351 840 2407 currunt,
889 2340 980 2395 sed
1029 2357 1164 2396 unus
1204 2342 1391 2413 accipit
1421 2342 1697 2397 bravium?
1734 2341 1936 2397 Volcns
1977 2352 2031 2398 et

445 2432 761 2487 desiderans
797 2431 1048 2502 egregius
1089 2432 1431 2502 praedicator,
1473 2430 1785 2489 Corinthios
1815 2448 2033 2489 omnes—

435 2538 549 2595 que
591 2522 780 2578 ﬁdeles
814 2536 1112 2593 provocare
1143 2524 1211 2578 ad
1253 2538 1469 2580 cursum
1510 2525 1668 2579 boum
1701 2513 2033 2595 operationis

426 2622 711 2684 quatenus
742 2610 955 2667 fortiter
1007 2613 1309 2669 iusudando
1343 2613 1650 2684 pertingere
1686 2615 1754 2669 ad
1786 2616 2031 2671 bravium

442 2712 660 2756 acterna:
685 2701 987 2757 vocationis
1014 2710 1346 2761 mereantur.
1378 2703 1480 2757 Dat
1510 2702 1636 2758 inde
1668 2706 2033 2775 comparatio-

435 2806 568 2846 nem
587 2832 600 2858 ,
639 2789 794 2860 cujus
824 2791 1075 2863 exemplo
1105 2793 1431 2848 accedamus
1463 2794 1530 2849 ad
1568 2795 1847 2850 victoriam
1876 2805 2035 2852 aeter-

442 2899 570 2938 nam
606 2885 948 2954 captandam,
986 2884 1276 2954 inquiens:
1313 2885 1543 2941 Nescitis
1583 2886 1720 2956 quod
1761 2888 1814 2942 hi
1851 2888 1939 2959 qui
1978 2889 2035 2943 in

442 2973 615 3029 stadio
647 2981 886 3040 currunt,
915 2982 1023 3030 etc.
1050 2973 1175 3030 Fuit
1204 2975 1437 3045 quodam
1468 2984 1709 3047 tempore
1738 2976 1890 3048 gigas
1915 2978 2034 3048 qui-

443 3066 568 3122 dam
608 3066 828 3121 nomine
871 3066 1164 3135 Hercules,
1208 3069 1349 3139 apud
1398 3067 1615 3125 Graecos
1663 3068 2032 3137 fortissimus,

443 3156 700 3226 omnique
731 3156 933 3212 virtute
960 3158 1203 3229 corporis
1234 3152 1520 3225 roboretis,
1547 3160 1788 3230 agilitate
1818 3176 2035 3231 quoque

2134 596 2335 651 tionem
2362 611 2474 651 suae
2499 596 2758 652 victoriae.
2792 597 2846 651 In
2874 602 3066 663 nostro
3089 602 3269 648 autem
3299 606 3463 647 cursu
3484 631 3502 657 ,
3533 605 3743 645 omnes

2133 684 2223 756 qui
2250 686 2387 741 bene
2420 686 2715 751 currerint,
2736 685 3022 757 praemium
3054 683 3142 739 sui
3169 681 3376 739 laboris
3398 681 3735 752 percipient,

2131 791 2231 832 nec
2273 775 2531 833 dolebunt
2573 792 2633 832 se
2669 777 2944 832 incassum
2980 773 3325 839 cucurrisse,
3364 788 3489 827 eum
3535 786 3741 826 omnes

2132 867 2223 938 qui
2271 867 2642 937 pervenerint,
2693 866 3190 922 remunerationem
3240 862 3580 933 acceperint.
3644 861 3743 916 ille

2133 974 2266 1015 vero
2297 974 2437 1014 unus
2476 958 2748 1030 signiﬁcat
2787 974 3071 1013 numerum
3102 956 3421 1024 electorum,
3446 956 3549 1027 qui
3579 969 3740 1011 com-

2130 1052 2415 1122 paratione
2446 1052 2798 1121 rcproborum
2833 1050 3191 1121 parvissimus
3227 1049 3368 1115 erit,
3408 1049 3544 1105 licet
3586 1050 3641 1103 in
3678 1064 3741 1105 se

2132 1142 2193 1197 ﬁt
2215 1142 2506 1212 perfectus.
2534 1142 2687 1198 Unde
2714 1143 2976 1197 Dominus
2997 1140 3131 1195 dicit
3155 1159 3171 1195 :
3199 1140 3358 1195 Multi
3382 1150 3507 1195 sunt
3536 1141 3739 1206 eocati,

2130 1235 2286 1304 pauci
2312 1251 2428 1288 vero
2463 1234 2613 1289 electi
2655 1234 2883 1307 (Matth.
2911 1234 3047 1304 xx);
3081 1234 3235 1304 quasi
3276 1233 3478 1288 diceret
3518 1251 3537 1286 :
3586 1233 3739 1287 Multi

2133 1326 2399 1397 incipiunt
2436 1342 2683 1393 currere,
2726 1328 2821 1382 sed
2866 1335 2993 1382 ante
3036 1327 3293 1382 deﬁciunt
3329 1332 3387 1382 et
3420 1327 3742 1383 lassescuut

2132 1436 2293 1492 quam
2317 1421 2636 1493 perveniant
2656 1422 2721 1476 ad
2744 1421 3014 1487 bravium,
3038 1422 3307 1492 paucique
3333 1429 3457 1476 sunt
3480 1422 3577 1491 qui
3604 1436 3743 1491 per-

2132 1513 2357 1568 veniunt
2386 1513 2452 1566 ad
2485 1512 2719 1582 palmam
2759 1514 3021 1568 victoriae.
3073 1513 3356 1585 Signiﬁcat
3397 1515 3546 1569 enim
3588 1531 3743 1571 unus

2134 1604 2239 1669 ille,
2276 1604 2542 1659 unitatem
2574 1612 2774 1659 sanctae
2804 1604 3061 1659 Ecclesia:
3090 1620 3211 1673 quae
3237 1612 3323 1660 est
3350 1620 3552 1675 corpus
3575 1604 3741 1660 Chri-

2134 1696 2223 1752 sti.
2254 1695 2580 1766 Quicunque
2602 1696 2802 1751 etenim
2827 1696 3022 1750 unitati
3047 1696 3305 1752 Ecclesiae
3329 1695 3437 1751 ﬁde
3463 1696 3741 1767 bonisque

2132 1788 2388 1860 operibus
2418 1796 2579 1858 etque
2610 1789 3017 1859 perseverantia
3050 1787 3377 1858 junguntur,
3421 1787 3496 1842 illi
3539 1802 3740 1857 perve-

2134 1880 2283 1936 nient
2329 1880 2397 1934 ad
2437 1879 2696 1950 palmam.
2734 1881 2810 1935 De.
2849 1894 2955 1950 qua
3006 1880 3213 1933 unitate
3251 1879 3383 1933 dicit
3424 1878 3739 1934 Dominus:

2134 1972 2304 2028 Nemo
2333 1973 2569 2027 ascendit
2600 1974 2653 2027 iu
2682 1972 2888 2038 corium,
2927 1973 3030 2027 nisi
3058 1974 3147 2043 qui
3176 1971 3442 2026 descendit
3480 1973 3546 2026 de
3580 1977 3735 2037 calo,

2133 2060 2305 2116 Filius
2343 2063 2571 2117 hominis
2599 2064 2688 2134 qui
2723 2074 2797 2117 est
2831 2064 2883 2117 in
2921 2046 3047 2117 ctefo
3079 2063 3258 2134 (Joan.
3292 2063 3402 2134 tu),
3442 2078 3568 2118 cum
3605 2078 3735 2118 cor-

2129 2172 2263 2227 pore
2290 2157 2539 2214 videlicet
2567 2173 2687 2220 suo,
2715 2158 2859 2227 quod
2885 2165 2970 2212 est
2993 2157 3258 2212 Ecclesia.

2204 2249 2292 2305 Sic
2322 2250 2534 2312 eiu-rite,
2571 2266 2604 2303 o
2647 2250 2832 2319 ﬁdeles
2879 2250 2932 2303 in
2978 2249 3123 2314 ﬁde,
3167 2256 3314 2304 recte
3358 2248 3640 2303 credendo
3683 2256 3736 2303 et

2131 2341 2270 2396 bene
2296 2340 2547 2405 vivendo,
2590 2350 2645 2393 ut
2684 2340 3139 2411 comprehendatis
3187 2339 3425 2410 palmam
3474 2339 3737 2411 perennis

2132 2432 2605 2488 remunerationis.
2646 2430 2891 2487 Sollicite
2919 2447 2984 2487 ac
3009 2431 3244 2486 viriliter
3282 2431 3401 2486 vult
3437 2429 3734 2501 Apostolus

2132 2530 2193 2579 ut
2227 2537 2549 2589 curramus,
2593 2523 2717 2592 quia
2758 2538 2955 2594 magna
3002 2530 3086 2578 est
3133 2521 3428 2593 promissio
3465 2521 3537 2577 ad
3571 2537 3732 2593 quam

2133 2615 2427 2671 tendimus.

2208 2706 2390 2762 Omnis
2437 2707 2574 2761 enim
2625 2708 2715 2778 qui
2742 2708 2794 2761 in
2823 2723 3009 2778 agone,
3049 2706 3104 2762 id
3132 2712 3215 2762 est
3248 2706 3302 2761 in
3337 2707 3641 2763 certamine
3677 2716 3733 2764 et

2132 2813 2333 2870 pugna,
2361 2797 2623 2852 contendit
2650 2798 2764 2855 sive
2794 2798 3046 2863 desudat,
3070 2798 3135 2851 ab
3158 2797 3400 2852 omnibus
3429 2800 3730 2853 se‘abstinet

2135 2904 2256 2961 quae
2284 2888 2558 2945 contraria
2588 2896 2717 2944 sunt
2748 2889 2930 2944 cursui
2963 2888 3126 2945 illius.
3152 2888 3228 2943 Illi
3255 2889 3488 2960 juvenes
3534 2892 3630 2959 qui
3667 2904 3733 2946 se

2136 2980 2206 3036 ad
2232 2994 2450 3036 cursum
2476 2980 2857 3050 praeparabant
2886 2980 2955 3035 ab
2975 2980 3231 3035 omnibus
3251 2981 3396 3036 escis
3417 2990 3473 3037 et
3493 2983 3729 3051 potibus,

2136 3068 2497 3138 omnibusque
2538 3069 2700 3124 rebus
2732 3068 3111 3133 abstinebant,
3138 3084 3259 3139 quae
3296 3070 3563 3142 impedire
3587 3081 3735 3143 pote-

2136 3171 2264 3216 rant
2288 3176 2507 3215 cursum
2530 3160 2763 3215 illorum.
2796 3159 2905 3216 Nec
2927 3161 3099 3221 solum
3120 3161 3287 3216 animi
3313 3177 3343 3216 a
3373 3164 3729 3227 comestione,

442 3262 537 3303 seu
576 3247 864 3303 velocitate
891 3250 1098 3319 pedum
1147 3248 1201 3304 in
1251 3266 1414 3306 cursu
1456 3250 1829 3307 velocissimus
1872 3259 2035 3321 atque
2060 3226 2108 3290 (ἶ
2136 3260 2193 3305 et
2218 3249 2483 3320 superﬂua
2508 3250 2780 3320 potatione
2808 3266 3007 3321 corpus
3035 3251 3408 3318 refrenabant,
3451 3253 3547 3307 sed
3572 3253 3728 3307 etiam

442 3340 876 3412 pernicissimos,
908 3340 1000 3410 qui
1031 3355 1139 3396 uno
1169 3341 1411 3397 anhelitu
1441 3342 1631 3406 currit,
1667 3350 1830 3410 atque
1851 3344 1933 3412 (ut
1961 3342 2037 3396 ita

444 3431 708 3502 dlC‘thS)
737 3430 1039 3502 pervolavit
1065 3440 1284 3487 centum
1313 3432 1504 3504 viginti
1536 3432 1775 3502 quinque
1801 3449 1994 3504 passus
2018 3452 2032 3489 :

436 3524 632 3593 sicque
657 3523 841 3579 subdit
865 3538 973 3577 uno
1008 3523 1063 3580 in
1105 3524 1245 3591 loco,
1285 3525 1429 3595 quod
1464 3527 1698 3596 spatium
1730 3527 2037 3601 suilcursus

427 3604 682 3669 stadium
712 3614 1025 3686 appellavit,
1052 3630 1079 3668 a
1107 3616 1301 3671 stando
1326 3636 1337 3669 :
1365 3624 1421 3671 et
1445 3625 1531 3672 est
1556 3626 1744 3673 octava
1769 3633 1894 3689 pars
1917 3620 2036 3675 mil-

437 3705 611 3759 .liarii.
631 3703 780 3759 'lnde
805 3706 1146 3773 postmodum
1176 3706 1544 3771 inolevit_mos
1575 3709 1717 3778 apud
1745 3708 1961 3765 Graecos
1983 3720 2038 3765 et

446 3799 786 3851 consuetudo
813 3793 1095 3861 diuturna,
1125 3803 1185 3850 ut
1215 3808 1281 3849 ex
1313 3795 1540 3867 singulis
1572 3798 1811 3865 urbibus,
1845 3800 2037 3855 castclo

433 3886 534 3953 'lis,
566 3885 796 3957 oppidis,
824 3900 1033 3945 necnon
1057 3895 1112 3942 et
1134 3888 1354 3955 villulis,
1373 3889 1605 3960 juvenes
1627 3905 1684 3946 se
1705 3900 2033 3962 praeparent,

431 3988 715 4052 quatenus
738 3979 1062 4036 adveniente
1084 3979 1379 4038 festivitate
1407 3982 1654 4049 deorum,
1679 3993 1899 4054 possent
1921 4001 2038 4040 cur-

442 4085 567 4126 rere
606 4069 840 4126 ad~illud
872 4070 1130 4137 stadium,
1179 4073 1321 4143 quod
1365 4075 1780 4130 mensurabatur
1818 4084 2035 4131 centum

438 4160 634 4233 viginti
663 4161 906 4232 quinque
932 4161 1200 4232 passibus.
1232 4162 1364 4218 Post
1393 4165 1546 4237 cujus
1571 4174 1770 4222 metam
1800 4168 2037 4237 ponebas

437 4260 537 4307 itur
562 4268 754 4307 aurum
780 4252 867 4307 vel
891 4262 1200 4324 argentum,
1224 4264 1312 4310 aut
1340 4270 1512 4327 equus
1534 4258 1649 4313 sive
1671 4259 1913 4329 pallium,
1943 4268 2038 4316 aut

438 4342 667 4413 aliquod
707 4344 1021 4413 praemium,
1079 4345 1225 4416 quod
1266 4346 1499 4403 bravium
1546 4348 1735 4406 Graeco
1775 4352 2036 4408 vocabulo

438 4432 749 4500 dicebatur,
776 4433 967 4489 Latine
991 4449 1118 4492 vero
1136 4436 1314 4508 palma
1331 4440 1560 4494 victoria:
1581 4441 1835 4512 appellari
1859 4450 2039 4512 potest

443 4523 532 4599 vel
558 4539 788 4588 corona,
819 4526 1144 4597 cunctisque
1172 4530 1479 4585 astantibus
1523 4530 1653 4586 viris
1691 4541 1747 4586 et
1788 4534 2032 4588 mulieri-

448 4614 573 4680 bus,
623 4616 690 4670 ad
736 4617 1103 4686 spectaculum
1151 4620 1280 4677 illud
1318 4623 1618 4683 currebant
1653 4640 1890 4680 omnes:
1937 4627 2031 4681 sed

448 4724 588 4765 unus
614 4710 705 4781 qui
734 4711 881 4780 prior
903 4714 1179 4782 currebat,
1204 4716 1507 4786 accipiebat
1528 4717 1797 4782 bravium,
1821 4719 2034 4774 caeteris

448 4801 505 4856 in
535 4816 733 4858 vanum
762 4805 1140 4873 currentibus;
1164 4808 1293 4877 quia
1320 4809 1719 4865 uibilutilitatis
1741 4813 2034 4881 praestabat

446 4892 530 4947 eis
576 4907 706 4949 suus
745 4904 956 4957 cursus,
1004 4896 1110 4952 nisi
1148 4898 1315 4954 risum
1358 4910 1413 4956 et
1453 4902 1778 4957 cachinnum
1822 4903 2034 4973 populis

442 4984 782 5051 excitabant,
807 4986 906 5042 sibi
930 4996 1113 5045 autem
1136 4993 1516 5049 verecundiam
1544 5009 1815 5066 magnam.
1841 4994 2034 5051 Altiori

445 5094 577 5136 vero
600 5081 982 5155 intelligentia,
1017 5099 1115 5156 per
1143 5087 1398 5153 stadium,
1437 5103 1533 5158 per
1565 5089 1708 5158 quod
1740 5089 1813 5144 illi
1841 5106 2031 5147 curre-

449 5171 600 5237 bant,
632 5171 891 5230 debemus
918 5174 1217 5245 intelligere
1246 5177 1404 5232 ﬁdem
1441 5188 1679 5237 nostram
1711 5181 1849 5235 intra
1878 5181 2031 5252 cujus

451 5270 651 5316 metam
677 5276 904 5318 currere
924 5264 1180 5334 jubemur
1208 5266 1275 5320 ab
1303 5267 1526 5321 exordio
1562 5268 1684 5324 ﬁdei
1715 5277 1912 5325 nostrae
1941 5286 2032 5326 us-

447 5367 553 5422 que
581 5352 649 5407 ad
679 5356 966 5410 termiumn
999 5356 1158 5427 hujus
1185 5357 1323 5423 vitm,
1348 5374 1628 5429 quousque
1652 5362 2031 5431 perveniamus

448 5441 516 5494 ad
555 5441 801 5498 bravium
846 5447 1257 5515 repromissum,
1300 5447 1368 5503 de
1407 5465 1514 5519 quo
1560 5451 1819 5507 Dominus
1855 5453 2025 5509 dicit:

450 5531 555 5597 Qui
588 5540 983 5603 perseveraverit
1038 5555 1199 5620 usque
1252 5541 1306 5594 in
1347 5540 1504 5610 ﬁnem
1528 5584 1541 5608 ,
1598 5544 1682 5598 hic
1721 5545 1895 5601 salrus
1933 5549 2033 5601 erit

447 5622 663 5697 (Matth.
689 5628 856 5699 xxvi).
883 5628 994 5686 lloc
1018 5641 1198 5688 tamen
1225 5633 1389 5690 distat
1414 5635 1556 5692 inter
1578 5638 1789 5694 illorum
1814 5656 2031 5698 cursum

445 5722 502 5769 et
533 5725 800 5786 nostrum,
835 5722 978 5791 quod
1008 5723 1079 5779 ibi
1109 5739 1300 5781 omnes
1325 5727 1417 5796 qui
1449 5730 1518 5784 ad
1548 5729 1650 5785 hoc
1676 5738 1830 5786 erant
1855 5734 2032 5804 parati

446 5808 760 5877 currebant,
798 5812 892 5867 sed
925 5828 1065 5869 unus
1090 5816 1179 5886 qui
1208 5834 1317 5888 pne
1343 5822 1553 5876 caeteris
1579 5824 1853 5893 currebat,
1884 5826 2033 5894 prior

2139 3343 2366 3399 laminas
2409 3338 2693 3414 plumbeas
2718 3344 2971 3401 noctibus
3000 3338 3273 3415 ponebant
3301 3346 3453 3400 circa
3494 3346 3729 3411 lumbos,

2137 3448 2206 3489 ne
2237 3432 2435 3487 [luxum
2458 3434 2694 3489 libidinis
2720 3449 2818 3505 per
2842 3450 3090 3490 somnum
3112 3444 3453 3505 paterentur,
3478 3437 3725 3506 quoniam

2138 3523 2305 3580 libido
2332 3524 2557 3579 nimium
2590 3523 2834 3581 debilitat
2854 3541 3073 3598 corpus;
3101 3535 3156 3582 et
3182 3527 3225 3581 si
3252 3527 3327 3582 illi
3359 3544 3554 3584 omnes
3577 3530 3645 3585 ita
3670 3546 3727 3584 se

2137 3618 2534 3688 praeparabant,
2564 3635 2687 3674 cum
2715 3622 2918 3676 scirent
2940 3638 3108 3676 unum
3137 3624 3512 3679 coronandum
3535 3666 3551 3689 ,
3580 3636 3631 3679 ct
3654 3627 3725 3681 illi

2138 3708 2472 3765 solummodo
2500 3712 2884 3782 repromissum
2909 3714 3155 3769 bravium
3185 3716 3278 3786 qui
3310 3716 3464 3786 prior
3501 3720 3720 3782 veniret,

2136 3800 2262 3857 licet
2301 3816 2491 3857 omnes
2520 3813 2641 3872 post
2673 3802 2819 3858 illunt
2853 3805 2921 3859 ad
2952 3806 3205 3860 eumdem
3234 3806 3414 3861 locum
3455 3810 3724 3879 pervenis-

2137 3901 2282 3962 sent,
2316 3904 2520 3965 quanto
2536 3897 2706 3967 magis
2728 3897 2885 3952 nobis
2904 3906 2987 3953 est
3006 3898 3384 3955 abstinendum
3400 3900 3473 3955 ab
3483 3901 3724 3956 omnibus

2136 4001 2255 4056 qua:
2275 4001 2493 4043 cursum
2520 3996 2761 4043 nostrum
2780 3988 3039 4060 impedire
3065 3999 3308 4062 possunt,
3333 4007 3460 4048 cum
3480 3995 3721 4050 omnibus

2137 4080 2292 4135 nobis
2318 4081 2584 4148 promissa
2614 4082 2686 4136 sit
2722 4082 2866 4137 salus
2900 4086 3142 4139 asterna?
3171 4084 3227 4140 Si
3266 4087 3571 4156 qumrimus
3599 4103 3721 4159 ergo

2137 4188 2168 4227 a
2197 4173 2393 4242 quibus
2425 4173 2586 4229 rebus
2612 4174 2903 4231 debeamus
2943 4177 3247 4245 abstinere,
3271 4188 3327 4233 et
3358 4196 3483 4250 qum
3510 4196 3716 4237 cursum

2140 4265 2385 4320 nos'trum
2430 4266 2737 4337 incipiendo
2793 4279 3052 4339 superent
3091 4277 3147 4324 et
3176 4256 3472 4327 'retrahant
3524 4288 3556 4327 a
3601 4288 3716 4344 pro-

2140 4358 2309 4413 misso
2336 4360 2545 4423 bravio,
2571 4359 2967 4431 interrogemus
2992 4360 3330 4431 Apostolum,
3346 4372 3402 4418 et
3430 4365 3547 4435 ipse
3572 4365 3718 4420 nobis

2146 4449 2543 4505 demonstrabit
2565 4451 2657 4505 illo
2684 4451 2737 4505 in
2766 4452 2904 4518 loco,
2921 4453 3013 4508 ubi
3033 4455 3164 4510 dicit
3193 4472 3206 4509 :
3240 4455 3530 4528 Manifesta
3554 4468 3716 4513 autem

2135 4552 2256 4598 sunt
2282 4559 2438 4613 opera
2467 4542 2641 4597 carnis
2675 4557 2693 4595 :
2728 4544 3051 4601 adulterium
3092 4546 3377 4613 videlicet,
3420 4551 3713 4617 fornicatio,

2136 4634 2494 4698 immunditia,
2525 4633 2739 4690 luxuria
2764 4632 2904 4707 (Gal.
2936 4636 3012 4707 v).
3043 4636 3148 4693 Ista
3184 4648 3240 4695 el
3267 4640 3354 4696 itis
3377 4641 3575 4696 similia
3599 4656 3717 4696 coa-

2140 4726 2309 4780 traria
2334 4732 2459 4780 sunt
2482 4734 2669 4781 nostro
2690 4728 2894 4783 cursui.
2926 4727 2996 4782 Et
3018 4728 3098 4783 illi
3115 4729 3346 4800 quidem,
3374 4733 3469 4802 qui
3501 4741 3715 4787 currunt

2142 4818 2280 4873 intra
2314 4818 2573 4883 stadium,
2605 4817 2724 4874 ideo
2752 4828 2977 4874 currunt
3001 4831 3053 4875 ut
3072 4821 3462 4893 corruptibilem
3477 4840 3711 4878 coronata

2140 4909 2420 4978 arripiant,
2466 4923 2560 4961 nos
2584 4919 2758 4963 autem
2785 4910 2907 4967 ideo
2934 4912 3203 4968 currimus
3231 4914 3373 4967 intra
3404 4927 3580 4970 metas
3600 4914 3713 4969 ﬁdei

2141 5008 2371 5065 nostrae,
2400 5008 2460 5055 ut
2487 5016 2742 5057 coronam
2783 5004 3142 5076 incorruptam
3181 5006 3532 5076 accipiamus.
3570 5005 3713 5075 Quod

2137 5092 2385 5161 superius
2418 5093 2708 5163 appellavit
2738 5094 2981 5149 bravium
3021 5096 3213 5151 Graeco
3240 5098 3536 5163 vocabulo,
3579 5113 3712 5153 nunc

2139 5192 2297 5239 vocat
2318 5183 2507 5241 Latine
2538 5201 2823 5255 soronam;
2861 5186 3074 5244 illorum
3105 5206 3302 5245 corona
3334 5200 3392 5245 et
3412 5205 3712 5246 remanem-

2139 5276 2216 5329 tio
2264 5278 2630 5347 corruptibilis
2676 5286 2816 5346 erat,
2846 5280 2899 5335 id
2929 5288 3014 5336 est
3055 5280 3394 5350 temporalis,
3436 5282 3563 5352 quia
3597 5297 3709 5337 cum

2080 5434 2095 5445 _
2141 5374 2378 5439 tempore
2400 5369 2683 5424 transibat.
2710 5367 2871 5427 Verbi
2895 5372 3065 5442 gratia
3095 5387 3107 5425 :
3149 5372 3709 5442 accipiebantaurum,

2139 5467 2452 5530 argentum,
2506 5461 2651 5531 quod
2703 5463 3057 5533 corruptibilc
3106 5471 3255 5528 erat,
3314 5464 3439 5534 quia
3477 5464 3543 5519 de
3574 5473 3707 5517 terra

2136 5553 2479 5617 sumebatur,
2530 5562 2584 5609 et
2616 5555 2667 5608 in
2700 5564 2899 5610 terram
2934 5558 3320 5613 revertebatur.
3370 5557 3708 5628 Accipiebant

2139 5653 2314 5697 vestes
2336 5684 2349 5709 ,
2404 5660 2524 5714 qua:
2549 5654 2816 5702 vetustate
2842 5655 2898 5705 et
2924 5648 3081 5703 tineis
3115 5649 3589 5703 consumebantur.
3610 5646 3709 5702 As-

2135 5732 2406 5803 cipiebant
2442 5750 2639 5806 equum
2661 5778 2676 5805 ,
2726 5738 2817 5808 qui
2858 5739 3311 5810 corrumpebatur
3339 5754 3438 5810 per
3460 5747 3704 5805 mortem,

2135 5834 2189 5880 et
2231 5836 2581 5902 consumptus
2609 5845 2640 5884 a
2680 5830 2986 5900 vermibus,
3030 5834 3085 5889 in
3114 5831 3391 5903 pulverem
3430 5827 3696 5892 trausibal.
