3936 6442
211 376 311 434 ωῗ

896 371 1260 438 EXPOSITIO
1298 371 1367 428 1N
1403 371 1550 434 EPP.
1590 370 1646 426 S.
1691 369 1767 435 PA

1861 369 1914 426 .l.
1950 400 2022 412 —
2058 371 2125 428 IN.
2165 369 2385 442 EDIST.
2428 372 2567 451 ιΑξ)
2605 370 2761 452 con.
2819 379 2822 382 '

3346 377 3454 438 558

210 486 444 545 Dabatur
471 483 550 542 eis
564 498 767 546 corona
785 486 1024 542 terrenis
1051 496 1108 550 et
1136 484 1600 548 marcescibilibus
1622 480 1772 538 ﬁori-
1799 487 1852 546 Α
1876 481 2165 554 Apostolus
2211 483 2344 540 alias
2375 485 2452 540 ait
2481 504 2493 540 :
2520 484 2723 556 Spin’tu
2768 487 3058 564 ambulate,
3097 497 3147 542 et
3179 488 3453 573 ,deslderia

206 576 304 648 bus
341 583 626 640 conserta,
675 575 770 630 sed
822 576 977 645 quasi
1005 584 1198 630 ventus
1245 575 1528 629 transibat.
1579 571 1774 628 Nostra

205 678 383 722 autem
409 679 609 721 corona
629 673 684 720 et
705 665 1070 720 remuneratio
1098 663 1520 735 iueorruptibilis
1547 671 1630 736 est
1655 678 1782 738 quae.

205 759 347 814 nulla
374 757 748 814 immutatione
780 768 1175 828 corrumpetur.
1208 757 1333 830 .Nec
1369 757 1475 828 erit
1514 757 1773 812 adornata
1809 821 1817 829 ,

205 852 666 926 marcescibilibus
691 850 915 934 ﬁoribus
945 861 1130 906 nostra
1160 867 1360 919 corona
1378 892 1395 919 ,
1438 851 1533 906 sed
1572 851 1628 906 in
1658 865 1774 906 mo-
1811 919 1813 921 ι

203 946 325 1006 dum
353 942 900 1014 regalisdiadEmatis
925 943 1141 997 aeternis
1159 942 1388 1013 gemmis
1421 949 1692 1008 conserta,
1716 941 1773 996 in
1806 1010 1818 1017 _

201 1043 456 1090 aatemum
493 1033 844 1105 spiritualiter
871 1033 1028 1088 nobis
1058 1033 1384 1088 servabitur.
1419 1032 1612 1088 Nostra
1643 1048 1772 1104 ergo

201 1142 394 1183 corona
430 1135 487 1182 et
516 1127 884 1183 remuneratio
927 1127 1040 1209 ipse
1078 1127 1221 1182 Deus
1262 1128 1603 1197 omnipotens
1643 1129 1770 1194 erit,
1809 1189 1815 1196 ,

199 1225 251 1272 et
273 1217 854 1287 contetnplatiototius
891 1215 1202 1284 Trinitatis,
1231 1219 1474 1282 videntes
1503 1219 1670 1290 Deum
1695 1219 1769 1288 si—
1809 1266 1814 1278 .

197 1307 300 1362 cuti
330 1317 432 1372 est,
455 1307 508 1361 in
522 1323 628 1378 quo
650 1308 968 1364 habebimus
989 1309 1152 1364 vitam
1172 1309 1289 1365 sine
1310 1310 1416 1366 ﬁne
1437 1325 1769 1379 mansuram,
1807 1365 1813 1374 ,

195 1414 518 1468 omnemque
539 1400 931 1456 beatitudinem
961 1410 1122 1471 atque
1143 1401 1454 1457 satietatem
1477 1418 1490 1466 ;
1514 1402 1769 1472 quoniam

196 1489 436 1558 videntes
473 1489 733 1560 fulgidum
771 1492 974 1546 erimus
1005 1490 1227 1578 fulgidi,
1271 1492 1514 1546 videntes
1553 1493 1772 1548 beatum

193 1581 398 1646 erimus
422 1581 588 1646 beati,
614 1581 857 1636 videntes
881 1581 1240 1644 immortalem
1264 1581 1468 1637 erimus
1487 1581 1788 1650 immorta-_

194 1672 288 1737 les,
306 1671 600 1742 felicesque
617 1688 712 1742 per
726 1673 908 1727 omnia
927 1672 1140 1726 szeeula.
1161 1673 1500 1743 Quapropter
1513 1673 1769 1730 debemus
1797 1739 1803 1745 ,

193 1778 412 1830 currere
453 1763 755 1828 credendo,
798 1763 1098 1833 sperando,
1141 1764 1525 1830 desiderando;
1572 1778 1769 1840 corpus

1863 575 2048 629 «carnis
2076 574 2190 630 sive
2221 577 2464 645 corporis
2498 593 2560 630 ne
2580 577 2863 647 perﬁciatis
2892 559 3036 648 (Gal.
3075 578 3150 650 v).
3179 559 3452 650 'Ex'cuj'us

1873 665 1952 721 rei
1974 681 2140 736 causa
2161 666 2446 740 Apostolus
2471 682 2667 740 corpus
2691 683 2848 722 suum
2873 667 3146 737 domabat,
3170 669 3452 730 refrenans
3498 727 3506 752 ί

1873 756 2008 822 illud
2045 773 2076 828 a
2120 747 2300 828 pravis
2335 756 2801 836 delectationibus,
2845 761 3095 829 protinus
3136 761 3451 820 manifestat

1872 849 2128 914 subdens,
2150 865 2212 902 ne
2235 849 2388 918 forte,
2418 849 2610 919 inquit,
2631 845 2890 928 cum'aliis
2904 838 3316 934 pra'dicauerim,
3341 843 3452 925 ipse

1873 942 2119 1014 reprobus
2146 943 2368 1023 efﬁciar.
2399 942 2608 998 Probus
2633 941 2833 1008 dicitur
2860 929 3015 999 laude
3034 929 3319 1023 qdignuset
3355 933 3450 1018 ap-

1869 1021 2168 1104 probatus,
2199 1034 2342 1088 unde
2369 1041 2560 1108 contra
2595 1033 2873 1104 improbus
2896 1021 3054 1090 laude
3084 1021 3337 1116 indignus
3363 1039 3449 1120 di-
3495 1111 3500 1120 ‘

1870 1125 2033 1191 citur,
2059 1133 2114 1180 et
2142 1141 2249 1181 non
2275 1125 2556 1195 probatus.
2584 1124 2673 1196 Sic
2711 1126 2852 1182 dicet
2879 1126 3139 1185 Dominus
3164 1116 3407 1201 reprobis
3431 1147 3448 1186 :

1875 1213 2065 1282 Nescio
2101 1233 2188 1270 vos
2229 1215 2443 1288 (Matth.
2485 1216 2672 1288 xxxv),
2708 1216 2760 1272 id
2805 1227 2908 1284 est,
2951 1235 3059 1274 non
3099 1224 3340 1292 approbo
3382 1225 3452 1280 ad
3495 1209 3503 1228 ³

1872 1321 2046 1362 meam
2073 1295 2283 1376 partem
2309 1307 2602 1377 pertinere,
2618 1307 2714 1380 vel
2739 1323 2844 1364 non
2876 1310 3114 1384 approbo
3136 1325 3232 1390 vos
3259 1313 3453 1382 dignos
3493 1295 3502 1390 ι’

1871 1396 2028 1452 laude
2067 1412 2207 1453 esse.
2253 1397 2472 1454 Timens
2521 1400 2684 1470 igitur
2730 1400 3020 1471 Apostolus
3070 1402 3350 1482 reprobari
3396 1413 3501 1484 et_

1871 1488 2123 1560 indignus
2149 1489 2309 1544 laude
2337 1504 2633 1560 apparere,
2665 1491 2879 1546 dicebat
2909 1509 2923 1545 :
2956 1491 3082 1547 Ideo
3107 1495 3305 1565 castigo
3335 1511 3453 1548 cor-1
3493 1561 3496 1570 Ι

1869 1597 1967 1652 pus
1999 1598 2169 1636 meum
2190 1621 2206 1648 ,
2237 1589 2291 1636 et
2317 1583 2546 1654 subjicio
2571 1573 2814 1639 servituti
2834 1625 2848 1648 ,
2887 1599 2956 1640 ne
2985 1573 3242 1642 forteialii
3269 1589 3452 1658 perci-

1869 1673 2019 1743 piant
2039 1671 2272 1742 palmam
2304 1672 2546 1728 victoria:
2575 1674 2959 1744 praedicatione
3002 1691 3119 1730 mea
3145 1676 3324 1732 edocti
3347 1717 3363 1744 ,
3395 1686 3452 1732 et
3489 1675 3499 1758 ι’

1870 1783 1970 1840 ego
1999 1768 2113 1840 ipse
2142 1767 2348 1823 alienus
2373 1768 2600 1825 existam
2637 1783 2667 1822 a
2695 1768 2853 1824 laude
2876 1778 2930 1824 et
2953 1770 3174 1840 praemio
3201 1785 3452 1826 remune-

190 1853 534 1923 castigando,
575 1845 930 1925 eleemosynis
971 1853 1302 1921 insudando',
1342 1855 1664 1911 ambulando
1704 1856 1768 1911 de
1796 1850 1844 1910 B
1872 1859 2122 1924 rationis,
2178 1859 2402 1914 audiens
2449 1875 2481 1934 _a
2529 1848 2756 1915 Damino
2805 1877 2818 1912 :
2862 1858 3114 1931 Recepisti
3162 1861 3449 1915 mercedem
3492 1845 3497 1865 ⁵

191 1943 375 2004 uirtute
418 1945 474 2008 in
521 1943 793 2015 virtutem,
855 1943 1016 1997 donec
1076 1944 1312 1999 videatur
1355 1963 1388 2000 a
1437 1945 1584 2000 nobis
1629 1945 1767 2000 Deus

187 2033 405 2088 deorum
433 2034 484 2088 in
513 2035 642 2090 Sion
671 2033 844 2106 (Psal.
871 2035 1119 2106 ωωιιιι).
1149 2035 1258 2092 Nec
1283 2036 1546 2093 debemus
1570 2037 1766 2112 despe-

190 2141 308 2200 rare
333 2125 400 2180 de
420 2127 640 2198 prmio
665 2125 939 2202 promisso
958 2125 1098 2181 sicut
1126 2127 1415 2198 Apostolus
1447 2143 1554 2184 non
1579 2128 1767 2199 despe-

189 2216 365 2279 rabat,
387 2231 512 2271 cum
543 2217 751 2272 diceret
775 2235 796 2272 ς
969 2288 972 2292 η

255 2307 372 2377 Ego
402 2306 563 2378 igitur
586 2309 661 2361 sic
683 2325 840 2363 curro
861 2351 874 2375 ,
905 2308 1046 2364 infra
1077 2311 1338 2384 terminos
1368 2309 1490 2368 ﬁdei
1524 2315 1661 2368 bene
1687 2313 1766 2367 vi-

184 2398 392 2464 vendo,
434 2415 539 2453 non
566 2401 715 2470 quasi
744 2401 799 2454 ia
841 2402 1130 2469 incertum,
1164 2403 1289 2474 quia
1320 2419 1425 2459 non
1470 2405 1656 2461 dubito
1699 2406 1765 2461 de
1797 2468 1804 2480 ι

181 2489 621 2564 remuneratione
655 2501 864 2549 certum
891 2494 1096 2550 habens
1121 2497 1253 2565 quid
1280 2497 1350 2552 sit
1375 2498 1506 2553 mihi
1534 2500 1766 2570 promis-

181 2596 316 2639 sum.
347 2581 423 2650 llli
451 2581 542 2652 qui
573 2583 870 2649 currebant
895 2585 947 2639 in
975 2586 1172 2653 stadio,
1199 2587 1250 2641 in
1277 2587 1540 2644 incertum
1576 2605 1786 2664 curre-_

181 2673 346 2742 bant,
377 2673 502 2743 quia
535 2689 641 2728 non
673 2685 829 2750 erant
849 2677 1026 2731 securi
1073 2677 1136 2732 de
1165 2679 1406 2748 praemio.
1437 2679 1544 2736 Sed
1574 2689 1632 2736 ut
1663 2699 1763 2753 nos

178 2767 313 2822 certi
350 2767 520 2834 simus
546 2767 614 2822 de
639 2770 1106 2835 remuneratione,
1137 2771 1369 2841 exempli
1410 2788 1572 2828 causa
1607 2780 1762 2844 ponit

175 2873 235 2914 se
264 2859 561 2930 Apostolus
582 2860 644 2914 in
677 2860 943 2926 medium,
971 2871 1238 2931 quatenus
1269 2863 1418 2918 illum
1451 2865 1753 2921 imitemur:

179 2949 268 3005 Sic
291 2967 475 3031 pugno
495 2991 510 3016 ,
538 2967 643 3005 non
673 2951 824 3022 quasi
853 2968 1024 3005 aerem
1071 2954 1377 3021 verberans,
1421 2956 1679 3014 elevando
1707 2967 1761 3014 et.
1793 2941 1802 3026 ,ι

179 3043 501 3113 deponendo
534 3043 801 3115 gladium,
835 3043 981 3100 velut
1006 3046 1202 3102 stultus
1231 3047 1385 3104 miles
1407 3051 1496 3120 qui
1529 3066 1636 3106 non
1666 3066 1762 3122 po-
1791 3107 1796 3115 ,

170 3133 307 3189 situs
335 3141 528 3188 contra
550 3136 762 3190 hostem
782 3135 1031 3191 verberat
1058 3152 1258 3205 aerem,
1289 3139 1538 3210 agitando
1557 3149 1612 3196 et
1635 3143 1757 3196 bra-

170 3226 357 3287 cbium
380 3233 435 3280 et
455 3224 714 3296 gladium,
741 3225 928 3282 volens
950 3241 1212 3297 apparere
1236 3213 1530 3298 prteliator.
1557 3231 1755 3288 Paulus

170 3332 298 3386 ergo
334 3317 606 3388 pugnabat
649 3325 840 3372 contra
885 3333 1074 3374 aereas
1105 3328 1440 3389 potestates,
1471 3322 1538 3378 de
1562 3323 1757 3393 quibus

164 3399 413 3479 loquitur
440 3407 496 3478 in
531 3408 778 3479 Epistola
809 3409 877 3463 ad
919 3409 1216 3480 Ephesios;
1254 3413 1530 3485 pugnabat
1567 3421 1758 3470 contra

170 3501 553 3571 philosophos,
597 3507 655 3555 et
706 3516 915 3571 magos,
960 3509 1017 3556 et
1057 3502 1312 3559 bestiales
1360 3504 1641 3570 homines,
1689 3505 1756 3560 de
1794 3566 1796 3568 _

166 3595 374 3664 quibus
401 3593 455 3648 in
488 3593 730 3665 Epistola
758 3595 931 3664 prima
961 3595 1092 3650 dicit
1125 3596 1192 3651 ad
1221 3596 1531 3653 Corinthios
1559 3613 1573 3652 :
1603 3595 1661 3652 Si
1684 3595 1778 3652 ad'

164 3683 365 3739 bestias
400 3686 625 3756 pugnavi
675 3685 866 3757 Ephesi
903 3685 956 3757 (I
987 3685 1110 3740 Cor.
1149 3689 1260 3758 xv).
1316 3675 1599 3761 Pugnabat
1652 3678 1751 3744 au-

168 3779 277 3828 tem
306 3787 417 3827 non
449 3773 715 3845 materiali
747 3774 945 3845 gladio,
981 3776 1072 3830 sed
1099 3777 1464 3846 pradicando,
1491 3779 1752 3834 miracula
1787 3849 1790 3852 ι

163 3852 452 3929 faciendo,
505 3864 741 3930 orando,
775 3864 1101 3936 jejunando,
1141 3867 1297 3922 bonis
1338 3865 1752 3938 operibus'insi-

163 3957 384 4012 stendo.
410 3955 502 4009 llle
524 3954 846 4024 praedicator
863 3958 1116 4011 verberat
1140 3972 1343 4022 aerem,
1374 3959 1465 4027 qui
1486 3959 1602 4014 sine
1625 3958 1752 4014 eﬁ‘e—

165 4057 260 4104 ctu
292 4046 690 4117 pnedicationis
714 4047 990 4116 praedicat,
1032 4047 1283 4102 videlicet
1312 4048 1474 4103 verba
1517 4057 1754 4104 tantum-

166 4139 340 4195 modo
381 4137 684 4208 proferens,
719 4154 825 4194 non
862 4139 1117 4208 operibus
1140 4156 1434 4209 exornans,
1471 4141 1563 4212 qui
1610 4141 1752 4196 aliud

162 4229 438 4303 praedicat
479 4239 641 4300 atque
671 4229 815 4286 aliud
857 4233 991 4304 agit,
1040 4241 1094 4287 et
1134 4234 1234 4289 hoc
1285 4235 1426 4302 quod
1475 4234 1750 4305 praedicat,

162 4320 453 4390 miraculis
478 4331 531 4377 et
555 4313 816 4392 exemplis
845 4339 951 4378 non
983 4324 1229 4386 roborat;
1251 4323 1539 4395 Apostolus
1568 4334 1749 4381 autem

165 4427 358 4470 aerem
409 4429 518 4470 non
566 4414 904 4482 verberabat,
935 4416 1058 4487 quia
1094 4417 1148 4471 in
1193 4431 1391 4472 vanum
1431 4419 1595 4474 verba
1641 4434 1749 4475 non

1870 1958 2039 2016 tuam,
2070 1965 2137 2006 ne
2162 1949 2302 2006 forte
2331 1951 2494 2006 etiam
2517 1949 2638 2006 aliis
2659 1950 2883 2018 curatis,
2913 1950 3028 2022 ipse
3053 1965 3365 2007 remaneam
3391 1952 3448 2006 in

1868 2041 2108 2097 vulnere.

2491 2174 2719 2232 CAPUT
2761 2175 2824 2230 Χ.

1940 2309 2080 2365 Nolo
2117 2309 2253 2364 enim
2299 2325 2386 2364 vos
2415 2309 2660 2380 ignorare
2683 2309 2908 2379 fratres,
2951 2311 3210 2367 subaudis
3239 2321 3441 2383 myste-
3491 2309 3496 2318 ’

1867 2399 2008 2455 rium
2033 2401 2139 2472 hoc
2170 2400 2314 2479 quod
2341 2401 2492 2456 vobis
2515 2417 2581 2455 ex
2614 2409 2767 2471 parte
2797 2402 3050 2470 narrabo,
3079 2404 3322 2474 quoniam
3344 2421 3446 2474 pa-
3493 2411 3495 2416 ‘

1864 2499 1966 2544 tres
1992 2490 2178 2557 nostri,
2203 2488 2372 2570 Judazi
2403 2489 2652 2545 videlicet
2687 2490 2754 2546 de
2783 2507 3012 2562 quorum
3045 2494 3302 2563 progenie
3334 2494 3445 2548 ori-

1845 2581 2043 2653 .ginem
2074 2581 2234 2646 duco,
2264 2597 2440 2635 omnes
2469 2570 2578 2636 sub.
2601 2581 2734 2636 nube
2762 2582 2999 2651 fuerunt,
3030 2599 3149 2653 qua:
3173 2585 3447 2653 praecede-

1859 2673 1954 2730 bat
1979 2687 2072 2748 eos
2097 2672 2330 2752 desuper
2353 2687 2451 2743 per
2463 2673 2626 2739 diem,
2657 2683 2705 2728 et
2729 2691 2903 2730 omnes
2930 2692 3072 2730 mare
3096 2678 3440 2742 transierunt,
3493 2673 3498 2686 '

1861 2768 1986 2838 quia
2017 2776 2247 2823 mortem
2279 2777 2612 2824 evaserunt“

1931 2858 2001 2912 Et
2036 2875 2212 2914 omnes
2249 2861 2304 2914 in
2341 2859 2542 2930 Moyse,
2573 2861 2626 2916 id
2654 2871 2738 2918 est
2759 2877 2858 2932 per
2886 2861 3104 2934 Moysen
3133 2863 3434 2926 ductorem,

1859 2949 2107 3020 baptismi
2131 2961 2250 3006 sunt
2279 2953 2333 3005 in
2357 2953 2488 3006 nube
2511 2962 2558 3007 et
2584 2954 2638 3007 in
2665 2955 2830 3021 mari,
2863 2955 2915 3010 id
2940 2963 3022 3010 est
3053 2971 3084 3010 a
3111 2965 3285 3012 morte
3312 2966 3442 3012 sunt

1859 3039 2093 3112 liberati.
2141 3040 2407 3122 Quantum
2449 3042 2518 3097 ad
2563 3043 2846 3098 veritatem
2898 3044 3136 3098 historia:
3180 3046 3438 3115 pertinet,
3487 3045 3492 3054 '

1855 3131 2028 3197 Judazi
2072 3135 2411 3205 egredientes
2449 3135 2514 3190 de
2559 3135 2826 3206 Egyplo,
2876 3139 2974 3193 sub
3014 3138 3158 3193 nube
3198 3138 3437 3204 fuerunt,
3484 3157 3491 3164 ·

1783 3199 1827 3262 C
1859 3225 1984 3295 quia
2008 3199 2176 3281 nubes
2195 3242 2293 3297 per
2313 3226 2454 3282 diem
2474 3199 2821 3310 gradiebatur
2838 3229 2952 3284 sive
2975 3227 3251 3284 ferebatur
3275 3199 3440 3300 super

1857 3327 1951 3370 eos
1999 3312 2199 3388 (Nam.
2253 3314 2368 3387 ιι).
2423 3315 2620 3372 Altiori
2665 3324 2847 3372 autem
2897 3333 3093 3384 sensu,
3141 3321 3436 3375 secundum

1853 3403 2224 3471 Ambrosium,
2253 3406 2358 3460 sub
2387 3406 2530 3462 nube
2553 3405 2775 3462 fuerunt
2791 3448 2807 3473 ,
2828 3409 2955 3479 quia
2984 3410 3166 3465 omnia
3191 3425 3312 3480 qua:
3337 3426 3434 3481 ge-

1856 3505 1937 3552 sta
1967 3504 2094 3552 sunt
2120 3496 2226 3552 illis
2262 3497 2316 3552 in
2347 3498 2678 3555 obscuritate
2708 3508 2766 3555 et
2803 3500 2857 3555 in
2888 3500 3061 3572 ﬁgura
3107 3500 3248 3558 facta
3284 3514 3434 3559 sunt.
3479 3513 3484 3518 '

1854 3586 1910 3640 ln
1939 3587 2040 3642 hoc
2069 3603 2234 3655 vero,
2275 3588 2402 3658 quia
2434 3589 2575 3644 nube
2598 3590 2724 3645 tecti
2759 3601 2912 3659 sunt,
2955 3593 3284 3649 adversariis
3323 3595 3436 3650 suis

1853 3677 2146 3750 Egyptiis,
2183 3680 2398 3749 quando
2436 3682 2608 3738 nubes
2637 3695 2694 3738 se
2721 3682 3048 3753 interposuit
3069 3683 3213 3740 inter
3242 3685 3362 3741 illos
3383 3695 3439 3740 et
3477 3689 3481 3694 '

1853 3768 2159 3841 Egyptios,
2174 3779 2227 3824 et
2251 3761 2402 3840 aquae
2415 3767 2634 3828 fuerunt
2654 3788 2686 3826 a
2708 3772 2943 3830 dexteris
2964 3783 3018 3829 et
3037 3789 3068 3828 a
3095 3775 3357 3842 sinistris;
3380 3785 3437 3832 et

1851 3861 2192 3930 postmodum
2232 3863 2460 3932 protecti
2499 3875 2625 3918 sunt
2663 3880 2762 3934 per
2793 3867 2933 3921 diem
2971 3869 3039 3922 ab
3076 3867 3192 3937 ipsa
3233 3869 3375 3923 nube
3402 3885 3436 3923 a

1854 3950 2032 4005 calore
2071 3952 2230 4016 solis,
2275 3953 2399 4006 dum
2447 3969 2478 4007 a
2515 3963 2688 4009 morte
2731 3956 2985 4024 prmsenti
3027 3956 3242 4012 liberati
3286 3969 3432 4025 sunt,

1853 4040 2114 4110 baptizati
2152 4042 2402 4097 dicuntur
2433 4028 2602 4099 fuisse
2645 4059 2743 4114 per
2761 4033 2999 4117 'Moysen
3033 4045 3088 4101 in
3128 4047 3269 4101 nube
3313 4063 3432 4116 qua:
3478 4063 3480 4068 '

1843 4141 1970 4188 'erat
2007 4141 2129 4204 post
2155 4133 2299 4203 ipsos
2335 4143 2391 4188 et
2415 4134 2469 4189 in
2508 4135 2644 4190 mari
2683 4151 2782 4205 per
2813 4135 2964 4205 cujus
2997 4136 3231 4190 medium
3260 4145 3434 4192 trans-

1853 4225 2051 4281 ierunt.
2095 4225 2222 4282 Sive
2264 4227 2430 4283 etiam
2471 4228 2528 4283 in
2571 4228 2674 4284 boc
2713 4229 2967 4284 dicuntur
3023 4228 3279 4299 baptizati
3335 4244 3434 4299 per
3472 4221 3476 4226 ’

1853 4317 2071 4391 Moysen
2111 4319 2166 4374 in
2199 4319 2341 4374 nube
2370 4314 2424 4376 et
2451 4320 2506 4375 in
2545 4321 2716 4388 mari,
2748 4321 2872 4391 quia
2903 4321 3084 4376 omnia
3119 4336 3240 4392 quae
3283 4321 3432 4376 facta

1852 4421 1981 4469 sunt
2008 4412 2114 4468 illis
2139 4413 2192 4469 in
2219 4413 2412 4484 ﬁgura,
2451 4414 2607 4470 nobis
2635 4415 2889 4470 eveniunt
2915 4414 2968 4468 in
2997 4415 3245 4470 veritate.
3290 4413 3430 4470 Nam

163 4504 497 4575 proferebat,
545 4505 822 4575 complens
867 4514 921 4562 et
946 4506 1207 4564 roborans
1232 4523 1396 4578 opere
1437 4511 1578 4579 quod
1611 4526 1750 4580 prze-
1779 4543 1830 4604 Β
1855 4506 1996 4562 sicut
2015 4505 2090 4560 illi
2111 4521 2210 4577 per
2226 4505 2442 4579 Moysen
2465 4507 2654 4562 ducem
2680 4521 2744 4604 ex
2771 4505 3007 4579 Egypto
3032 4506 3242 4604 liberati
3266 4515 3424 4575 sunt,
3464 4511 3470 4517 '

163 4596 389 4651 dicabat
408 4611 523 4651 ore.

239 4686 350 4742 Sed
391 4675 590 4760 castigo
631 4704 819 4760 corpus
846 4707 1048 4758 meum,
1083 4691 1338 4747 subaudis
1383 4691 1437 4747 in
1478 4691 1669 4750 labore
1692 4703 1750 4749 et

164 4790 445 4842 aerumna,
474 4777 528 4831 in
557 4776 700 4832 fame
721 4789 776 4833 et
804 4780 916 4846 siti,
943 4781 993 4834 in
1011 4781 1232 4855 jejuniis
1254 4792 1308 4838 et
1323 4783 1542 4854 vigiliis,
1567 4785 1749 4841 multis

163 4867 382 4923 caeteris
413 4869 632 4935 talibus,
661 4881 706 4925 et
731 4871 784 4925 in
799 4873 1093 4927 servitutem
1119 4875 1312 4946 redigo,
1345 4875 1400 4930 id
1420 4884 1504 4931 est
1532 4892 1748 4950 servum

165 4957 307 5024 illud.
345 4957 482 5014 facio
517 4959 647 5014 mihi
685 4969 766 5028 ut,
811 4964 954 5032 quod
999 4965 1234 5034 prtedico
1285 4967 1464 5021 verbis
1514 4983 1618 5022 non
1657 4968 1749 5024 de-

161 5056 376 5126 struam
404 5047 677 5119 operibus,
715 5051 806 5105 sed
829 5051 1010 5120 potius
1034 5053 1264 5107 serviam
1291 5056 1470 5110 verbis
1491 5063 1543 5109 et
1565 5071 1746 5111 exem-

161 5135 270 5205 plis
302 5137 386 5192 bis
422 5139 617 5207 quibus
647 5143 898 5210 prmdico.
932 5141 1214 5214 Castigare
1262 5159 1460 5214 corpus
1487 5155 1569 5200 est
1607 5147 1744 5202 mul-

165 5223 237 5293 tis
293 5225 723 5283 tribulationibus
781 5246 898 5300 quae
956 5233 1206 5302 superius
1262 5235 1738 5303 enumeravimus,

161 5313 433 5393 amigere;
463 5327 546 5372 est
569 5318 656 5372 illa
684 5321 735 5376 ei
753 5321 879 5376 dare
900 5337 1020 5392 quae
1042 5324 1111 5378 ad
1145 5321 1308 5378 vitam
1334 5332 1590 5379 mternam
1616 5341 1742 5396 pro-

162 5405 389 5474 ﬁciunt,
423 5424 530 5464 non
583 5411 650 5465 ad
681 5413 881 5468 luxum.
931 5415 1194 5472 Servituti
1238 5433 1366 5473 vero
1399 5418 1735 5487 subducitur,

161 5495 291 5553 dum
323 5514 426 5554 non
458 5517 611 5556 suam
651 5504 1064 5562 delectationem
1091 5509 1338 5578 perlicit,
1368 5510 1462 5564 sed
1489 5510 1738 5564 volunta-

161 5597 270 5644 tem
303 5591 544 5659 spiritus,
572 5593 624 5649 id
654 5605 736 5650 est
759 5597 1196 5655 rationabilitatis
1219 5600 1432 5655 animae.
1460 5601 1549 5656 Sic
1580 5602 1738 5657 debet

157 5681 528 5752 unusquisque
584 5683 819 5739 ﬁdelium
869 5703 1060 5757 agere,
1123 5690 1432 5760 castigando
1489 5692 1739 5748 videlicet

157 5787 357 5842 corpus
383 5793 567 5843 suum,
599 5786 653 5834 et
675 5781 918 5836 servituti
947 5781 1307 5856 subjicienda,
1339 5784 1566 5855 impleas
1593 5786 1736 5855 quod

1852 4603 1908 4650 et
1938 4603 2163 4651 mortem
2200 4604 2487 4652 evaserunt
2511 4611 2607 4667 per
2634 4596 2826 4651 nubem
2853 4607 2909 4651 et
2939 4611 3108 4665 mare,
3150 4597 3221 4653 ita
3252 4606 3306 4653 et
3327 4613 3426 4655 nos

1849 4704 1950 4760 per
1999 4689 2276 4744 Christum
2321 4697 2377 4744 et
2438 4703 2535 4759 per
2588 4689 2818 4760 gratiam
2870 4689 3044 4744 sancti
3096 4688 3330 4760 Spiritus
3370 4690 3426 4746 in

1849 4779 2169 4850 baptismate
2193 4795 2224 4833 a
2255 4790 2428 4834 morte
2465 4779 2744 4850 originalis
2779 4781 2986 4850 peccati
3015 4788 3069 4836 et
3105 4781 3331 4837 actualis
3363 4781 3429 4836 li-

1850 4869 2187 4924 berabimur:
2223 4869 2434 4941 Moyses
2459 4872 2602 4924 enim
2633 4868 2906 4926 Christum
2927 4871 3225 4942 signiﬁcat,
3254 4873 3426 4927 nubes
3458 4889 3462 4894 '

1851 4957 2113 5029 Spiritum
2163 4971 2438 5026 sanctum,
2497 4976 2646 5015 mare
2692 4961 2932 5017 Rubrum
2980 4966 3110 5033 (per
3159 4963 3302 5032 quod
3331 4962 3426 5016 'illi

1850 5049 2179 5104 transeundo
2199 5066 2229 5104 a
2255 5060 2427 5106 morte
2448 5060 2572 5106 sunt
2595 5052 2826 5123 liberati)
2847 5054 3110 5124 baptisma
3132 5052 3420 5125 signiﬁcat,

1849 5143 1989 5211 quod
2012 5143 2205 5198 rubore
2231 5145 2509 5215 sanguinis
2531 5145 2732 5201 Christi
2755 5158 3102 5203 consecratur
3117 5189 3131 5214 ,
3162 5162 3260 5218 per
3278 5148 3420 5219 quod

1847 5248 1946 5288 nos
1974 5249 2002 5286 a
2031 5243 2201 5290 morte
2224 5244 2425 5290 aeterna
2455 5235 2768 5291 liberamur.
3073 5254 3079 5259 ·
3265 5257 3273 5266 ο
3454 5239 3464 5268 ⁵

1917 5323 1984 5377 Et
2007 5341 2182 5379 omnes
2208 5326 2441 5380 eamdem
2462 5344 2632 5381 escam
2649 5327 2932 5398 spiritalem
2949 5327 3419 5395 manducaverunt,

1843 5426 1890 5471 et
1919 5433 2094 5471 omnes
2134 5417 2368 5472 eumdem
2401 5424 2578 5488 potum
2615 5418 2900 5489 spiritalem
2930 5419 3184 5474 biberunt.
3221 5419 3416 5475 Manno

1841 5507 1984 5577 quod
2015 5508 2081 5562 de
2111 5508 2282 5574 cmlo,
2317 5503 2376 5564 id
2413 5518 2498 5564 est
2531 5510 2598 5564 de
2630 5511 2733 5565 isto
2761 5526 2885 5565 aere
2913 5511 2993 5566 eis
3015 5511 3197 5566 datum
3222 5520 3332 5578 est,
3364 5521 3422 5569 et

1839 5615 2035 5671 aquam
2065 5617 2183 5671 quae
2206 5602 2271 5657 de
2298 5611 2451 5673 petra
2474 5601 2628 5659 ﬂuxit
2647 5644 2662 5669 ,
2695 5604 2825 5660 dicit
2849 5604 3108 5675 spiritalia
3138 5619 3256 5662 esse
3285 5623 3300 5672 ;
3333 5605 3418 5661 vel

1840 5695 1964 5764 quia
2024 5695 2336 5765 spiritaliter
2403 5697 2745 5768 intelligenda
2807 5707 2988 5754 sunt:
3038 5698 3416 5770 signiﬁcabant

1840 5785 1982 5841 enim
2008 5801 2202 5856 corpus
2226 5797 2280 5840 et
2316 5786 2630 5859 sanguinem
2670 5788 2880 5844 Domini
2911 5789 3052 5860 quod
3087 5790 3243 5847 modo
3282 5803 3410 5844 con-
