3936 6442
446 376 556 436 559

911 375 1002 431 HA
1016 372 1272 457 YMONIS
1314 372 1800 432 HALBERSTAT.
1842 370 2028 429 EPISC

2134 372 2256 431 lPP.
2295 374 2479 433 PARS
2519 376 2561 434 1.
2597 407 2670 422 --
2693 376 3055 439 COMMENT.
3090 381 3265 440 BlBL.

3626 387 3735 448 530

448 496 697 548 secratur
738 497 794 545 et
839 488 1137 560 percipitur
1180 487 1233 542 in
1284 487 1559 553 Ecclesia,
1616 488 1703 544 vel
1755 486 1882 559 quia
1929 500 2038 542 non
2068 495 2119 557 Α
2145 489 2371 558 spiritali
2401 504 2768 564 consequente
2812 495 3072 553 bibebant
3124 498 3398 569 illi,quia
3426 500 3737 574 ubicunque

447 583 722 638 mundana
751 578 873 652 lege
899 588 953 634 et
979 578 1379 635 consuetudine
1405 592 1592 649 parata
1623 588 1778 644 sunt,
1810 578 1905 633 sed
1926 579 2039 633 vir-

449 682 568 730 tute
592 672 687 727 Dei
716 671 834 727 sine
861 670 1241 726 commistione
1265 670 1678 735 elementorum,
1713 685 1869 741 aquae
1889 670 2042 725 vide~

444 765 576 823 licet
616 773 672 821 et
698 762 906 819 farinae.
946 762 1028 819 Ad
1068 770 1283 837 tempus
1325 765 1574 821 videlicet
1601 774 1783 820 creata
1829 772 1913 821 est
1947 764 2037 820 illa

444 868 572 912 esca
596 863 758 925 atque
785 853 869 909 eis
896 853 1044 919 data,
1073 862 1128 909 et
1166 869 1304 924 aqua
1332 854 1586 911 similiter
1611 870 1720 911 non
1742 838 2036 910 consuetu-

443 946 572 1001 dine
622 944 930 1011 mundana,
979 946 1075 1001 sed
1120 944 1323 1001 virtute
1370 945 1599 1017 spiritali
1649 944 2039 1016 omnipotentis

444 1036 578 1104 Dei,
607 1037 690 1094 eis
727 1035 987 1107 proﬂuxit
1012 1052 1077 1092 ex
1110 1046 1284 1108 petra.
1316 1036 1524 1092 Idcirco
1556 1046 1610 1092 et
1639 1037 1733 1124 ille
1756 1037 1913 1108 panis
1941 1052 2036 1092 an-

446 1129 692 1201 gelorum
706 1129 886 1186 dictus
905 1137 1010 1194 est,
1024 1129 1150 1199 quia
1175 1130 1373 1184 virtute
1394 1129 1784 1199 omnipotentis
1814 1129 1906 1184 Dei
1930 1144 2036 1200 qua

444 1202 622 1289 angeli
646 1219 837 1274 vivunt
860 1203 915 1273 et
938 1217 1241 1273 subsistunt
1261 1218 1378 1273 sine
1398 1217 1585 1274 labore
1609 1204 1814 1289 aliquo,
1840 1234 1902 1274 ea
1927 1219 2037 1274 vir-

447 1321 564 1365 tute
590 1321 810 1366 creatus
837 1316 921 1365 est
950 1309 1042 1364 ille
1069 1309 1224 1365 cibus
1245 1348 1260 1375 ,
1288 1317 1345 1364 et
1381 1310 1660 1380 appositus
1689 1320 1775 1365 est
1812 1310 1893 1366 eis
1920 1310 2039 1366 sine

446 1402 631 1471 aliquo
651 1401 838 1461 labore
868 1401 1104 1456 illorum.
1129 1399 1242 1458 Hoc
1271 1402 1433 1458 etiam
1457 1401 1786 1473 signiﬁcans,
1812 1403 1941 1473 quia
1969 1403 2039 1459 de

449 1498 607 1555 coriis
638 1506 902 1554 venturus
931 1505 1051 1553 erat
1080 1496 1352 1563 Christus,
1392 1496 1690 1567 spiritualis
1727 1498 1883 1568 panis
1902 1539 1915 1564 ,
1942 1497 2036 1568 qui

447 1596 803 1667 spiritualiter
827 1601 1097 1667 pasceret.
1142 1593 1296 1650 Unde
1336 1600 1391 1648 et
1435 1608 1634 1647 manna
1670 1593 1847 1663 prima
1877 1590 2031 1656 feria,

445 1691 567 1748 sive
589 1690 768 1762 prima
789 1689 1031 1753 sabbati,
1063 1701 1183 1757 quae
1204 1699 1347 1741 nunc
1369 1684 1440 1741 ob
1460 1684 1822 1762 reverentiam
1856 1684 2037 1739 Domi-

442 1760 1031 1839 niczeﬁresurrectionis
1058 1778 1173 1833 dies
1204 1776 1487 1831 Dominica
1514 1784 1761 1841 vocatur,
1780 1760 2036 1846 .primum

2137 581 2422 639 deﬁciebat
2449 585 2531 641 eis
2576 587 2873 644 humanum
2913 589 3208 652 auxilium,
3245 590 3435 646 aderat
3462 591 3733 661 Christus,

2135 687 2398 748 priestans
2425 679 2757 752 suﬁ‘ragium,
2787 683 2941 754 cujus
2963 684 3204 754 potentia
3237 684 3350 754 (qui
3383 694 3469 741 est
3496 686 3736 743 Verbum

2137 767 2231 823 Dei
2258 768 2457 843 Patris)
2493 771 2707 827 liberati
2733 782 2860 829 sunt
2897 772 2966 829 de
2996 782 3145 830 terra
3174 773 3426 847 Egypti,
3447 786 3507 831 et
3541 777 3599 831 in
3628 787 3737 833 ter-

2136 878 2254 918 ram
2283 866 2719 935 repromissionis
2755 869 3068 925 introducti.
3096 868 3335 943 ideoque
3350 873 3581 941 dicitur,
3610 889 3736 930 cois-

2136 966 2427 1026 sequentes
2454 973 2568 1025 eos,
2597 959 2725 1028 quia
2752 959 3108 1017 subveniebat
3129 962 3227 1017 eis.
3257 962 3368 1019 Nec
3387 965 3542 1020 enim
3569 977 3730 1037 petra

2136 1059 2334 1115 aquam
2359 1047 2508 1102 dedit
2530 1048 2676 1102 illam
2709 1064 2815 1104 una
2844 1050 2984 1115 vice,
3016 1051 3110 1106 sed
3138 1050 3390 1109 Christus
3418 1070 3519 1124 per
3543 1065 3731 1126 poten-

2135 1137 2268 1192 tiam
2295 1153 2470 1194 suam.
2496 1139 2803 1197 Notandum
2825 1143 2893 1198 ab
2912 1142 3177 1213 Apostolo
3197 1146 3376 1200 omnia
3399 1146 3505 1203 ista
3526 1148 3734 1205 idcirco

2135 1241 2258 1284 esse
2287 1229 2449 1294 dicta,
2475 1247 2544 1287 ne
2572 1233 2694 1301 quis
2715 1232 2817 1287 sibi
2845 1233 2898 1288 in
2927 1234 3251 1304 baptismate
3274 1236 3533 1301 conﬁdat,
3559 1238 3733 1294 autin

2136 1333 2259 1375 esca
2285 1328 2341 1375 et
2366 1328 2496 1390 potu
2534 1322 2801 1393 spiritali,
2842 1330 2902 1377 ut
2928 1323 3097 1379 Deum
3128 1334 3283 1394 putet
3302 1325 3409 1381 sibi
3430 1341 3661 1397 parcere
3683 1328 3732 1382 si

2134 1414 2440 1483 peccaverit
2484 1414 2860 1482 criminaliter,
2903 1416 3010 1472 nisi
3056 1417 3377 1486 pmnitentia
3422 1417 3587 1490 digna
3627 1419 3735 1475 hoc

2136 1506 2514 1575 promeruerit.
2541 1505 2888 1578 Quapropter
2918 1510 3175 1566 omnibus
3206 1522 3292 1567 est
3314 1513 3648 1582 vigilandum
3674 1523 3730 1570 et

2138 1593 2493 1651 laborandum
2509 1636 2523 1663 ,
2563 1597 2823 1667 quoniam
2849 1607 3065 1671 tempus
3091 1601 3225 1658 vitae
3246 1611 3452 1658 nostra:
3474 1603 3735 1661 brevissi-

2138 1701 2285 1742 mum
2315 1696 2420 1744 ρει.

2209 1778 2317 1834 διά
2348 1796 2449 1835 non
2479 1781 2534 1836 in
2562 1744 2803 1853 pluribus
2838 1801 3020 1841 eorum
3062 1785 3439 1857 beaeplaritum
3474 1796 3554 1842 est
3591 1786 3722 1843 Deo.

441 1874 593 1929 venit
620 1872 685 1928 de
699 1871 837 1927 coelo
865 1870 932 1925 ad
967 1867 1312 1924 saturitatem
1340 1865 1547 1938 populi.
1578 1864 1833 1920 Bibebant
1858 1874 2032 1919 autem
2064 1859 2109 1918 B
2138 1873 2402 1942 Quoniam
2428 1875 2583 1931 mum
2608 1885 2831 1948 ρι-ορωι.
2859 1878 3230 1934 inﬁdelitatem
3262 1881 3459 1936 ,ποι-ωε
3506 1889 3637 1937 sum
3674 1881 3730 1937 ίη

441 1968 510 2022 de
548 1964 803 2037 spiritali,
836 1963 1099 2019 subaudis
1128 1970 1281 2032 petra
1300 2000 1315 2024 ,
1343 1966 1683 2042 consequente
1725 1973 1811 2012 eos
1839 1956 2032 2013 eadem

442 2070 616 2129 petra.
646 2056 819 2113 Judaei
844 2065 901 2111 et
926 2054 1147 2125 quidam
1176 2051 1500 2122 simplicium
1525 2049 1811 2104 doctorum
1838 2063 1904 2103 ex
1928 2048 2035 2104 hoc

438 2152 564 2206 loco
619 2147 863 2203 fabulose
911 2146 1209 2216 disputant,
1257 2140 1504 2197 volentes
1558 2137 1832 2216 aﬁlrmare
1887 2138 2032 2208 quod

438 2250 730 2314 postquam
756 2238 967 2310 Moyses
998 2215 1271 2307 percussit
1300 2230 1450 2303 virga
1479 2229 1564 2286 bis
1591 2215 1795 2285 silicem
1814 2267 1830 2293 ,
1859 2217 2029 2321 popu-

439 2332 796 2404 lusque'bibit
824 2346 888 2385 ac
911 2329 1157 2401 jumenta
1178 2367 1193 2392 ,
1238 2339 1455 2396 semper
1487 2331 1673 2379 secuta
1712 2322 1783 2376 sit
1817 2319 1914 2376 eos
1940 2319 2030 2376 illa

437 2434 591 2497 petra
610 2465 624 2489 ,
656 2431 712 2479 et
737 2419 1043 2490 ubicunque
1059 2416 1307 2490 ﬁgebant
1331 2414 1564 2472 tentoria
1582 2454 1597 2479 ,
1628 2410 1947 2468 volvebatnr
1973 2410 2028 2464 in

436 2515 675 2572 medium
739 2518 1085 2575 castrorum,
1155 2505 1303 2562 nullo
1353 2504 1634 2561 hominum
1694 2500 2028 2573 impellente,

435 2607 692 2664 emittens
718 2603 1050 2676 largissimus
1080 2599 1283 2654 rivulos
1323 2597 1390 2652 ad
1421 2596 1727 2652 satietatem
1759 2592 2028 2664 populiet

434 2705 826 2773 iumentorum.
860 2694 1057 2750 Dicunt
1089 2698 1271 2746 autem
1317 2687 1504 2743 tandiu
1536 2688 1639 2741 hoc
1668 2683 1878 2739 factum
1908 2695 2029 2738 esse

437 2807 536 2865 per
565 2788 927 2862 quadraginta
957 2798 1153 2849 annos,
1181 2794 1353 2852 usque
1378 2779 1506 2835 dum
1534 2777 1782 2832 venirent
1808 2776 1860 2829 in
1884 2783 2027 2830 terra

437 2876 673 2949 Madian,
705 2881 794 2938 ubi
819 2880 1076 2936 foderunt
1101 2883 1315 2947 puteos,
1346 2873 1667 2927 invenerunt
1691 2882 1889 2938 aquam
1912 2865 2028 2945 dul-

437 2992 555 3033 cem
579 2974 712 3031 satis
741 2970 1078 3040 abundeque.
1111 2963 1341 3032 Quidam
1373 2962 1536 3017 etiam
1567 2959 1891 3015 somniando
1919 2956 2022 3011 ﬁn-

436 3076 571 3139 gunt
593 3065 735 3137 quod
762 3070 925 3118 tantre
952 3057 1235 3131 parvitatis
1259 3054 1421 3110 fuerit
1446 3052 1535 3107 ille
1568 3051 1738 3121 lapis,
1770 3061 1830 3104 ut
1856 3047 2023 3103 Maria

436 3154 595 3217 soror
618 3154 983 3228 Moysi’l‘crret
999 3149 1155 3206 illum
1186 3148 1239 3203 in
1269 3153 1488 3217 pectore
1517 3157 1616 3199 suo
1644 3157 1742 3212 per
1764 3139 1910 3196 illam
1937 3153 2024 3193 va-

622 3213 988 3303 solitudinem.
1008 3241 1142 3298 "Sed
1178 3239 1254 3295 illi
1269 3213 1382 3309 qui
1417 3236 1544 3291 talia
1572 3235 1906 3304 contingunt,
1936 3232 2020 3288 di-
2050 3213 2097 3279 Ο

436 3352 568 3400 cant
589 3338 701 3411 ubi,
725 3349 778 3396 et
808 3338 1023 3411 quando
1052 3335 1135 3390 vel
1162 3332 1433 3403 quomodo
1459 3330 1755 3386 secundum
1784 3328 2021 3382 litteram

436 3437 716 3509 impletum
743 3435 832 3498 sit,
850 3429 993 3502 quod
1017 3423 1684 3493 secundum'Septuaginta
1701 3423 2024 3489 interpretes

438 3529 493 3583 in
517 3526 732 3582 cantico
757 3521 926 3593 Moysi
965 3518 1231 3575 habetur:
1262 3514 1400 3582 Quia
1428 3521 1692 3569 suxeruut
1715 3510 1818 3565 mel
1839 3510 1904 3565 de
1935 3523 2027 3579 pe-

437 3631 523 3675 tra
548 3659 562 3684 ,
593 3616 880 3685 oleumque
915 3613 980 3668 de
1013 3609 1168 3665 ﬁrma
1208 3616 1362 3680 petra
1384 3647 1398 3672 ,
1437 3613 1492 3660 et
1536 3613 1665 3660 tunc
1698 3601 2025 3673 przebendus

438 3723 695 3765 assensus
717 3700 860 3777 quod
885 3711 1072 3760 secuta
1098 3700 1169 3758 sit
1191 3715 1285 3756 eos
1309 3697 1500 3769 petra?
1522 3695 1592 3750 At
1613 3709 1736 3749 cum
1760 3705 2023 3762 nusquam

436 3804 493 3857 in
524 3798 708 3856 Veteri
757 3796 1105 3853 Testamento
1144 3794 1246 3849 hoc
1294 3792 1494 3846 factum
1538 3786 1765 3859 reperiri
1804 3784 2021 3856 poterit,

437 3891 759 3948 submittant
784 3901 974 3944 vocem
1012 3894 1068 3941 et
1095 3884 1358 3940 inclinent
1387 3895 1574 3937 aurem
1611 3890 1672 3935 ut
1711 3875 2026 3948 spiritaliter

437 3987 536 4041 ista
563 3991 853 4055 penetrare
874 3976 1110 4043 valeant,
1131 3975 1388 4046 quoniam
1411 3973 1648 4029 litteram
1680 3971 1732 4025 in
1760 3969 1849 4025 bis
1870 3966 2022 4039 sequi

434 4093 540 4136 non
568 4081 812 4147 possunt.
836 4065 1000 4136 Nam,
1030 4070 1171 4125 sicut
1202 4067 1453 4123 doctores
1484 4063 1728 4127 tradunt,
1755 4060 1899 4117 Oreb
1929 4073 2023 4129 pe-

434 4184 520 4230 tra
551 4186 713 4244 quam
744 4168 956 4242 Moyses
976 4163 1260 4237 percussit,
1292 4174 1447 4217 mons
1470 4156 1842 4227 estlapideus,
1865 4154 2024 4226 cujus

434 4268 578 4322 latus
619 4262 879 4335 percussit
926 4259 1155 4331 Moyses.
1201 4258 1542 4328 Quapropter
1592 4253 1785 4309 melius
1829 4258 1915 4308 εει
1961 4257 2026 4306 ιιι

434 4353 752 4427 spiritaliter
809 4351 912 4405 ista
966 4348 1367 4419 intelligamus,
1416 4344 1557 4400 sicut
1605 4351 1663 4398 et
1716 4340 2019 4412 superiora.

436 4444 592 4501 Unde
622 4432 681 4499 et
710 4440 1002 4513 Apostolus
1038 4438 1338 4511 spiritalem
1378 4434 1613 4506 appellat
1638 4434 1885 4489 eamdem
1929 4448 2024 4504 pe-

437 4522 578 4590 tram
634 4532 759 4603 quia
817 4530 1135 4603 spiritaliter
1185 4536 1268 4585 est
1315 4526 1681 4598 intelligenda.
1740 4522 2022 4596 Signilicat

435 4628 582 4686 enim
612 4627 906 4693 Christum,
941 4625 1082 4681 sicut
1111 4621 1392 4695 sequentia
1432 4617 1782 4675 manifestam
1814 4632 1828 4671 :
1858 4615 2021 4671 Petra

438 4729 635 4788 autem,
664 4719 859 4790 inquit,
895 4727 1005 4773 erat
1034 4714 1295 4772 Christus.
1332 4710 1447 4768 Non
1480 4710 1638 4777 dixit,
1670 4718 1820 4781 petra
1849 4708 2019 4780 signi-

440 4814 642 4887 ﬁcabat
677 4812 973 4876 Christum,
1002 4806 1376 4879 scd'tanquam
1404 4804 1457 4861 in
1485 4806 1716 4862 veritate
1750 4814 1895 4861 esset
1932 4820 2025 4877 pe‘

434 4920 519 4965 tra
540 4894 807 4971 Christus,
852 4921 974 4960 cum
1000 4903 1187 4971 utique
1209 4914 1309 4971 per
1329 4898 1690 4954 substantiam
1720 4914 1827 4952 non
1856 4905 2022 4962 esset,

433 5002 531 5059 sed
560 5007 658 5076 per
681 4997 1147 5072 signiﬁcationem.
1175 4992 1438 5049 Similiter
1467 4990 1692 5062 loquens
1717 4991 1783 5046 de
1815 4990 2023 5045 duobus

441 5096 568 5155 ﬁliis
594 5093 847 5156 librabat,
879 5105 985 5144 non
1016 5086 1178 5152 dixit,
1210 5085 1323 5141 inec
1372 5084 1680 5156 signilicant
1702 5081 2021 5138 duo'Tesla-

438 5182 643 5252 menta,
693 5185 785 5238 sed
823 5200 835 5237 :
885 5180 1013 5235 Hart:
1055 5189 1174 5233 sunt
1219 5178 1325 5233 duo
1367 5176 1719 5232 Testamenta.
1774 5174 2023 5232 Christus

408 5288 567 5355 ,crg'o
603 5296 700 5351 per
743 5274 1193 5347 signiﬁcationem
1225 5278 1445 5343 propter
1473 5268 1782 5324 ﬁrmitatem
1814 5275 1895 5322 est
1933 5280 2024 5338 pe-

437 5385 555 5438 tra,
613 5387 719 5427 non
757 5384 854 5441 per
886 5364 1276 5431 substantiam;
1321 5370 1377 5419 et
1417 5376 1554 5432 aqua
1596 5358 1689 5414 illa
1731 5374 1850 5428 quae
1892 5356 2025 5412 ﬁuc-

433 5466 528 5521 bat
567 5480 634 5519 ex
661 5471 817 5534 petra
859 5457 1200 5531 signiﬁcabat
1223 5453 1528 5512 doctrinam
1574 5449 1777 5507 Christi
1815 5459 1867 5506 et
1897 5467 2020 5521 gra-

435 5558 567 5612 tiam
598 5554 834 5625 Spiritus
863 5550 1067 5617 sancti,
1109 5549 1178 5603 de
1205 5562 1313 5618 qua
1336 5545 1453 5616 ipse
1478 5543 1532 5598 in
1555 5540 1847 5613 Evangelia
1872 5560 1885 5595 :
1915 5542 2061 5608 Qui-

429 5650 564 5716 sitit,
595 5648 763 5704 veniat
787 5645 855 5700 ad
885 5660 965 5699 me
992 5653 1039 5699 et
1071 5640 1209 5696 bibat
1235 5636 1417 5710 (Joau.
1446 5634 1544 5705 vn)
1565 5676 1580 5703 ,
1610 5642 1716 5691 etc.
1750 5632 2021 5704 Spirilalis

430 5739 648 5813 quoque
678 5749 741 5813 et_
760 5754 1097 5825 consequens
1125 5744 1282 5821 petra
1325 5731 1552 5799 dicitur,
1580 5731 1706 5803 quia
1746 5728 2019 5787 Christum

431 5836 849 5907 subsequentem
892 5824 1207 5907 spiritaliter
1237 5826 1598 5903 signiﬁcabat.
1632 5824 1706 5881 De
1737 5840 1839 5898 qua
1870 5832 2017 5894 petra

2132 1980 2341 2031 eremo,
2386 1981 2493 2021 non
2539 1966 2900 2037 intelligentes
2943 1968 3267 2024 beneﬁcium
3307 1968 3427 2039 Dei,
3483 1971 3728 2040 quadra-

2134 2058 2560 2128 ginta-videlicet
2583 2059 2775 2115 millia.

2204 2148 2338 2204 lIa’c
2374 2160 2548 2205 autem
2593 2151 2777 2206 omnia
2807 2165 2928 2221 qua:
2953 2151 3187 2208 dicimus
3227 2152 3295 2209 de
3335 2153 3525 2217 nube,
3562 2153 3728 2219 mari,

2134 2238 2322 2312 Moysi,
2354 2254 2508 2301 esca,
2552 2248 2682 2311 potu
2711 2249 2767 2295 et
2792 2249 2943 2310 petra
2965 2281 2981 2308 ,
3010 2242 3065 2296 in
3099 2241 3275 2313 ﬁgura
3303 2242 3447 2312 facta
3473 2252 3597 2297 sunt
3629 2259 3727 2297 ao-

2130 2331 2248 2399 εει-ἰ,
2283 2331 2334 2387 id
2358 2340 2440 2388 est
2477 2342 2674 2387 nostra:
2702 2333 2983 2400 veritatis;
3011 2335 3207 2404 quibus
3234 2336 3287 2390 in
3324 2336 3559 2393 veritate
3590 2352 3721 2391 con-

2130 2419 2369 2490 tigerunt
2401 2428 2455 2475 et
2491 2430 2712 2476 manent
2734 2422 2893 2477 modo
2913 2463 2927 2487 ,
2951 2424 3076 2493 quia
3100 2424 3152 2480 in
3178 2424 3491 2496 exernplum
3510 2426 3723 2481 illorum

2130 2512 2309 2568 educti
2356 2528 2544 2568 sumus
2586 2514 2653 2570 de
2680 2513 2946 2586 Egyplo,
2976 2516 3043 2572 de
3071 2532 3258 2573 errore
3283 2519 3539 2575 videlicet
3565 2519 3725 2589 hujus

2130 2602 2335 2658 mundi.
2363 2602 2431 2657 Ut
2456 2596 2564 2659 non
2584 2605 2748 2660 simus
2771 2607 3187 2676 concupiscentcs
3210 2607 3497 2671 malorum,
3525 2609 3720 2665 subau-

2129 2692 2216 2748 dis
2243 2691 2482 2747 ciborum
2510 2701 2565 2749 et
2586 2694 2861 2760 vitiorum,
2887 2695 3021 2750 sicut
3055 2706 3102 2750 ct
3130 2695 3230 2761 illi,
3258 2696 3308 2751 id
3333 2705 3418 2750 est
3430 2690 3720 2762 ’lsraelitz,

2129 2785 2523 2854 concupierunt,
2554 2800 2748 2840 carnes
2766 2793 2820 2841 et
2840 2800 3108 2857 peponcs,
3135 2794 3193 2841 et
3219 2800 3281 2841 ea
3302 2803 3431 2857 qua:
3462 2789 3520 2850 in
3546 2787 3720 2861 digy-

2126 2882 2221 2945 pto
2243 2874 2552 2930 habuerunt
2578 2876 2629 2929 in
2652 2891 2808 2931 usum
2836 2875 3173 2932 comedendi.
3203 2877 3310 2931 ista
3338 2877 3393 2931 in
3415 2879 3722 2948 superiori-

2129 2966 2233 3023 bus
2267 2966 2506 3037 Apostoli
2554 2968 2735 3024 verbis
2781 2969 3032 3038 pendent,
3070 2969 3159 3024 ubi
3200 2970 3333 3025 dlcit
3376 2971 3563 3027 omnia
3602 2986 3723 3042 qua:

2131 3055 2334 3112 Iudaeis
2394 3058 2739 3129 contigerunt
2787 3060 2841 3114 in
2890 3068 3074 3115 nostra
3122 3060 3292 3133 ﬁgura
3348 3062 3719 3134 praecessisse,

2127 3148 2267 3205 sicut
2288 3157 2341 3204 et
2368 3150 2645 3219 sequentia
2672 3149 3042 3218 manifestam,
3058 3159 3116 3208 et
3141 3154 3193 3207 iu
3218 3164 3460 3209 nostram
3488 3154 3719 3210 salutem

2127 3241 2328 3312 scripta
2358 3256 2514 3308 esse,
2541 3251 2601 3297 ut
2627 3257 2736 3298 non
2772 3244 2942 3299 simus
2970 3245 3421 3315 concupiscentes
3451 3247 3720 3302 malum

2128 3332 2376 3389 ciborum
2402 3334 2790 3404 vitiorumque.
2818 3335 3054 3402 Qumstio
3094 3344 3197 3399 est,
3225 3351 3347 3390 cum
3374 3336 3550 3392 Iudici
3576 3338 3717 3392 mul-

2127 3428 2415 3485 titudinem
2458 3427 2773 3483 animalium
2813 3436 2868 3484 et
2909 3444 3169 3500 pecomm
3209 3444 3400 3485 secum
3432 3430 3720 3493 baberent,

2126 3534 2297 3591 quare
2318 3520 2932 3587 desiderarent'carnes,
2960 3530 3016 3577 et
3043 3536 3213 3591 quare
3237 3537 3343 3576 non
3372 3523 3719 3578 comedet-ent

2126 3627 2320 3667 carnes
2343 3611 2657 3667 animalium
2672 3612 2698 3666 ?
2717 3612 2848 3681 Quae
2871 3614 2974 3669 hoc
3000 3614 3161 3669 modo
3182 3613 3430 3679 solvitur,
3453 3613 3584 3683 quia
3611 3629 3721 3668 non

2127 3703 2509 3760 desiderabant
2540 3704 2615 3758 illi
2646 3719 2843 3759 carnes
2870 3719 3149 3773 pecorum,
3176 3705 3271 3759 sed
3301 3719 3499 3761 carnes
3538 3707 3720 3760 aviun

2127 3796 2539 3866 concupiebant,
2567 3797 2765 3867 quibus
2790 3796 2936 3851 soliti
2964 3795 3182 3871 fuerant
3203 3797 3346 3852 vesci
3379 3798 3439 3852 in
3462 3797 3719 3870 Egypto.

2125 3890 2279 3946 Nilus
2299 3891 2444 3946 enim
2466 3889 2676 3955 ﬂuvius,
2703 3891 2758 3946 in
2776 3890 3049 3947 littoribus
3072 3891 3183 3946 suis
3203 3899 3258 3946 et
3279 3890 3619 3962 pabustribus
3646 3894 3722 3949 lo-

2127 3982 2208 4038 cis
2230 3981 2396 4038 multa
2421 3998 2618 4053 genera
2650 3982 2829 4037 avium
2857 3983 3041 4049 habet,
3062 3990 3115 4038 et
3136 3982 3258 4037 talia
3279 3982 3465 4053 qualia
3488 4000 3597 4040 non
3618 3986 3717 4041 ba-

2070 4132 2083 4146 .
2125 4072 2323 4128 bentur
2350 4073 2402 4127 in
2433 4073 2665 4129 circuitu
2690 4074 2918 4129 aliorum
2941 4071 3242 4129 ﬂuminum.
3270 4073 3570 4145 Fugiamus
3590 4090 3724 4145 ergo

2127 4166 2622 4235 concupiscentiam
2649 4165 2867 4232 malam,
2890 4175 2945 4222 et
2968 4181 3267 4237 pugnemus
3295 4174 3487 4221 contra
3513 4182 3635 4223 eam
3666 4169 3723 4222 in

2125 4268 2386 4327 quantum
2415 4257 2677 4323 valemus,
2710 4258 2836 4329 quia
2866 4258 2947 4329 (ut
2983 4259 3176 4314 beatus
3201 4258 3539 4329 Augustinus
3567 4260 3720 4329 dicit)

2126 4358 2182 4405 et
2212 4350 2264 4404 in
2292 4350 2451 4405 nobis
2478 4364 2695 4422 quoque
2731 4351 3105 4420 experimento
3141 4350 3373 4421 probare
3402 4365 3718 4420 possumus,

2126 4440 2253 4511 quia
2281 4452 2379 4511 per
2417 4440 2914 4511 concupiscentiam
2954 4438 3154 4494 malam
3183 4439 3367 4494 omnia
3406 4440 3556 4495 mala
3584 4440 3719 4495 ﬁunt

2126 4537 2290 4599 atque
2318 4538 2623 4602 patrantur.
2638 4529 3154 4601 Concupiscentiam
3176 4539 3341 4585 auten
3371 4530 3573 4585 malam
3599 4531 3722 4586 ideo

2128 4623 2261 4685 dixi,
2291 4623 2417 4693 quia
2443 4631 2530 4678 est
2572 4632 2627 4678 et
2668 4623 3104 4694 concupiscentia
3150 4622 3313 4688 bona,
3342 4622 3411 4678 de
3437 4636 3548 4692 qua
3590 4623 3720 4679 dicit

2131 4711 2385 4768 Salomon
2418 4730 2431 4767 :
2468 4711 2597 4778 Fili,
2637 4713 2943 4784 concupisce
2980 4712 3292 4782 sapientiam
3326 4709 3499 4784 (Eccl.
3542 4711 3608 4780 ι).
3650 4710 3720 4765 Et

2130 4804 2417 4860 Psalmista
2443 4823 2456 4860 :
2490 4803 2798 4876 Concupivit
2829 4806 3008 4860 anima
3042 4821 3155 4859 mea
3185 4803 3486 4858 desiderare
3510 4803 3719 4873 justi/i-

2130 4897 2358 4950 cationes
2399 4906 2519 4951 tuas
2568 4894 2743 4967 (Psal.
2788 4893 2997 4964 cxvnl).
3042 4892 3495 4963 Concupiscentia
3538 4901 3719 4947 autem

2131 4987 2275 5043 mala
2297 4997 2405 5054 est,
2436 5003 2557 5059 quae
2580 4988 2818 5061 suggerit
2843 4987 3000 5043 nobis
3025 4995 3085 5041 ut
3107 4986 3561 5055 concupiscamus
3573 4986 3723 5043 cibos

2128 5079 2344 5135 illicitos
2372 5087 2423 5134 et
2457 5081 2598 5135 ultra
2639 5081 2892 5146 modum,
2932 5087 2991 5133 ut
3033 5077 3295 5133 iaciamus
3327 5077 3711 5149 homicidium,

2126 5172 2347 5236 furtum,
2378 5183 2436 5228 ut
2459 5181 2833 5243 perpetremus
2859 5169 3205 5235 adulterium,
3231 5177 3284 5225 et
3303 5179 3504 5223 cmtcra
3536 5167 3723 5236 hujus-

2126 5263 2293 5319 modi.
2330 5262 2563 5334 ideoque
2607 5261 2898 5333 Apostolus
2934 5260 3121 5317 volens
3161 5275 3260 5315 nos
3301 5258 3565 5314 sollicitos
3592 5256 3721 5325 τιά-

2128 5358 2280 5421 dere,
2309 5356 2477 5411 donat
2504 5355 2661 5410 nobis
2686 5354 2988 5423 exemplum
3020 5352 3233 5407 illorum
3256 5347 3600 5412 Judzeorum,
3624 5349 3720 5417 qui

2126 5462 2225 5518 per
2255 5445 2750 5516 concupiscentiam
2781 5442 3121 5500 offenderunt
3151 5441 3321 5497 Deum
3347 5439 3403 5495 in
3428 5453 3633 5503 eremo,
3662 5443 3722 5490 et

2120 5538 2413 5609 perierunt.

2198 5639 2383 5713 Neque
2405 5638 2703 5695 idololatrre
2732 5636 3046 5711 eﬂiciamini,
3069 5636 3204 5690 sicut
3225 5631 3440 5706 quidam
3477 5628 3716 5685 illorum.

2126 5715 2398 5786 Subaudis
2427 5730 2519 5801 qui
2548 5728 2775 5783 vitulum
2811 5725 3112 5781 adorabunt
3156 5723 3223 5777 ad
3263 5729 3499 5777 montem
3538 5717 3716 5773 Sinai.

2128 5824 2578 5891 Quemadmodum
2608 5822 2873 5896 scriptum.
2898 5828 2994 5886 est,
3023 5817 3075 5872 iu
3108 5815 3326 5899 Exodo:
3356 5811 3482 5868 ldos
3503 5810 3719 5872 Once.
3744 5849 3748 5852 ‹
