3936 6508
205 468 286 525 531
827 458 1195 520 EXPOSITIO
1232 457 1303 516 IN
1336 456 1491 514 EPP.
1535 455 1595 513 S.
1638 450 1871 512 PAULI.
1906 483 1980 496 —
2015 452 2087 510 ιΝ
2124 454 2343 513 EPIST.
2382 455 2404 513 1
2437 454 2531 512 AD
2564 453 2721 514 COR.

3362 458 3469 514 562

203 584 384 644 dicitur
413 580 623 653 species
662 579 780 636 sive
814 575 1027 652 forma,
1059 576 1185 631 inde
1230 573 1553 631 diminutive
1580 571 1778 628 dicitur
1801 573 1856 635 Α
1881 570 1973 642 qui
2007 581 2165 630 erant
2197 574 2253 629 in
2307 572 2509 647 Moyse,
2559 574 2702 632 sicut
2746 542 2872 646 ipse
2897 574 3109 649 Moyses
3147 576 3315 634 dicit;
3352 576 3468 633 Nos

202 675 388 734 idolum
420 672 651 728 formula
677 687 743 727 ex
784 671 968 740 aliquo
993 668 1231 731 metallo,
1255 667 1371 722 sive
1408 678 1473 723 ex
1502 663 1769 735 lapidibus

199 769 273 826 vel
294 767 453 840 ignis.
483 765 669 820 Latria
694 779 910 835 quoque
931 763 1120 819 Graeco
1147 760 1406 818 vocabulo
1427 760 1624 814 dicitur
1651 774 1767 813 ser-

196 861 346 926 titus,
369 873 496 930 qua:
521 854 879 926 omnipotenti
904 855 1013 909 Deo
1033 853 1133 908 soli
1162 852 1440 921 competit.
1464 850 1540 904 Ex
1573 849 1771 919 quibus

195 951 489 1010 nominibus
519 948 861 1019 componitur
885 957 941 1002 et
967 946 1166 1001 dicitur
1192 942 1509 1006 idololatra,
1536 941 1628 996 ille
1669 940 1763 1012 qui

196 1047 444 1104 honorem
513 1050 567 1098 et
642 1042 960 1097 servitutem
1014 1053 1179 1109 quam
1235 1035 1590 1104 omnipotenti
1648 1033 1761 1089 Deo

196 1138 284 1194 soli
312 1136 471 1191 debet
505 1132 795 1197 exhibere,
826 1130 984 1185 idolis
1027 1128 1311 1200 impendit.
1365 1128 1517 1184 Unde
1554 1137 1612 1182 et
1652 1126 1772 1182 ido-

191 1225 394 1281 lolatria
446 1224 564 1294 ipsa
603 1237 697 1278 res
741 1229 844 1275 est.
888 1218 1039 1275 Sedit
1082 1218 1306 1289 populus
1359 1217 1681 1271 manducare
1721 1224 1771 1270 et

191 1317 375 1384 bibere,
419 1326 467 1371 et
496 1324 897 1371 resurrcxerunt
944 1312 1144 1368 ludere.
1200 1311 1447 1367 Veterem
1489 1311 1771 1367 historiam

191 1408 276 1465 hic
310 1407 482 1481 tangit
512 1405 807 1477 Apostolus
838 1424 852 1461 :
886 1405 1104 1476 Egressi
1136 1404 1231 1459 ﬁlii
1258 1402 1421 1461 israel
1452 1404 1517 1459 de
1538 1402 1775 1475 .Egypto

188 1500 310 1556 dum
352 1498 729 1570 pervenissent
771 1499 841 1554 ad
880 1497 1031 1552 Sinai
1062 1506 1325 1559 montem,
1368 1495 1550 1566 Moyse
1585 1509 1775 1549 ascen-

189 1592 342 1650 dente
386 1602 626 1650 montem
654 1594 722 1649 ad
750 1592 939 1657 Deum,
961 1600 1021 1648 et
1048 1599 1297 1647 morante
1338 1586 1628 1660 aliquantis
1665 1585 1778 1639 die-

184 1687 322 1750 bus,
370 1694 740 1741 convenerunt
776 1685 846 1740 ad
904 1684 1122 1747 Aaron,
1175 1690 1423 1752 petentes
1466 1687 1525 1733 ut
1572 1676 1801 1731 faceret'

186 1776 264 1831 eis
289 1775 440 1839 deos,
469 1775 559 1845 qui
594 1775 715 1830 illos
754 1774 1151 1844 praecederent.
1187 1772 1429 1826 dicentes
1458 1786 1470 1823 :
1504 1765 1617 1821 Fac
1653 1765 1776 1820 deos

182 1872 273 1943 qui
313 1870 613 1942 prrrcedaat
654 1886 770 1925 nos.
817 1868 990 1940 Moysi
1030 1867 1187 1931 enim,
1229 1865 1318 1936 qui
1363 1861 1543 1918 eduxit
1579 1876 1673 1914 nos
1712 1858 1776 1912 de

1867 664 2000 736 quid
2041 666 2273 720 sumus?
2313 665 2439 722 Non
2490 680 2673 723 contra
2701 684 2795 724 nos
2833 678 2909 724 est
2932 685 3170 725 murmur
3213 680 3465 737 uestrum,

1868 755 1965 811 sed
1996 766 2179 813 contra
2213 757 2493 814 Dominum
2531 757 2729 830 (Exod.
2764 760 2898 832 xvi).
2934 759 3184 817 Christus
3204 762 3349 819 enim
3372 763 3465 833 qui

1870 854 1955 903 est
1969 845 2203 904 Verbum
2217 847 2391 906 Patris
2405 849 2519 919 ipse
2532 858 2651 905 erat
2666 849 2720 904 in
2736 849 2936 922 Moyse,
2952 859 3007 908 et
3022 852 3135 923 ipse
3147 852 3469 923 loquebatur

1872 955 1971 1011 per
1998 955 2061 996 os
2089 939 2231 1012 ejus.
2261 941 2329 999 Et
2350 943 2567 1013 quando
2590 944 2872 1000 tentabant
2895 943 3136 1018 Moysen,
3166 956 3223 1003 et
3247 947 3466 1017 quando

1875 1029 2287 1086 murmurabant
2329 1040 2521 1088 contra
2551 1031 2731 1098 illum,
2756 1042 2953 1090 contra
3012 1034 3182 1092 Deum
3230 1052 3470 1092 murmu-

1874 1123 2086 1179 rabant.
2134 1122 2241 1180 Sed
2270 1124 2405 1194 quid
2427 1124 2657 1197 contigit
2686 1124 2832 1182 illis?
2864 1126 2935 1183 Et
2960 1144 2992 1182 a
3031 1129 3354 1199 serpentibus
3380 1146 3469 1201 pa—

1874 1212 2074 1269 rierunt
2118 1214 2321 1286 ignitis,
2361 1216 2466 1286 qui
2494 1224 2801 1286 utrumque.
2823 1217 3139 1284 faciebant,.
3161 1227 3218 1274 et
3254 1222 3469 1276 morde-

1876 1304 2035 1372 bant,
2070 1306 2613 1379 mordendoquoque
2640 1325 2907 1366 venenum
2948 1310 3324 1368 infundebant.
3360 1313 3466 1370 lie-

1875 1397 2026 1453 ducit
2051 1399 2274 1467 ergosad
2302 1400 2622 1455 memoriam
2660 1400 2788 1456 talia
2818 1394 3195 1473 Apostolus'et
3223 1418 3467 1459 commot-

1876 1497 1989 1555 net,
2033 1504 2103 1545 ne
2132 1505 2232 1545 nos
2261 1489 2325 1545 in-
2361 1492 2552 1546 eadem
2591 1506 2756 1547 causa
2804 1492 3321 1549 inventi-tradantur
3356 1494 3469 1549 dia-

1875 1582 2021 1649 bolo,
2052 1582 2206 1654 cujus
2232 1583 2459 1656 ﬁguram
2491 1597 2775 1657 serpentes
2810 1588 3102 1645 habebant.

1952 1675 2136 1749 Neque
2196 1680 2688 1747 murmuraveritis,
2734 1678 2989 1737 subaudis
3042 1692 3231 1738 contra
3275 1683 3468 1748 Deum,

1877 1784 2055 1840 neque
2092 1778 2291 1827 contra
2328 1772 2583 1842 praelatos
2634 1779 2691 1828 et
2736 1783 2998 1831 rectores.
3056 1773 3208 1831 Sicut
3254 1778 3471 1849 quidam

1875 1861 2092 1925 illorum
2117 1874 2596 1920 murmuraverunt.
2644 1864 2861 1922 Dathan
2885 1866 3137 1924 videlicet
3158 1878 3216 1924 et
3238 1868 3467 1934 Abiron,

187 1963 440 2035 .Egypto,
464 1964 722 2018 nescimus
745 1961 871 2033 quid
897 1959 1146 2015 acciderit
1169 1955 1367 2021 (Exod.
1396 1953 1596 2025 xxxu).
1626 1952 1777 2006 Tunc
1806 1957 1853 2018 B
1880 1956 2122 2028 sociique
2163 1972 2375 2023 eorum,
2426 1967 2618 2017 contra
2662 1957 2883 2031 Moysen
2931 1967 2988 2015 ει
3028 1958 3232 2017 Aaron,
3268 1960 3339 2016 Ει
3382 1979 3470 2029 με,

183 2059 319 2114 sicut
357 2058 583 2114 historia
628 2062 847 2119 narrat,
877 2052 1149 2122 accipiens
1177 2050 1355 2104 Aaron
1384 2045 1452 2101 ab
1480 2046 1561 2102 eis
1589 2043 1772 2099 armil-

184 2150 260 2206 las
294 2158 350 2205 et
379 2151 595 2206 inaures
616 2189 632 2215 ,
664 2147 793 2204 fecit
832 2146 955 2201 inde
985 2142 1207 2199 vitulum
1233 2138 1583 2203 coniiatiiem,
1612 2149 1773 2206 quem

180 2241 431 2299 colebant
462 2240 736 2312 Egyptii,
787 2237 1079 2307 statimque
1112 2232 1444 2289 :ediiicantes
1486 2243 1611 2283 aras
1650 2233 1776 2281 ante

181 2334 361 2402 illum,
390 2332 805 2389 immolaverunt
830 2329 882 2385 ei
902 2327 1133 2391 hostias,
1164 2325 1405 2380 dicentes
1430 2338 1444 2375 :
1479 2320 1531 2375 Ii
1558 2327 1679 2376 sunt
1701 2316 1775 2371 dii

178 2425 278 2492 tui,
319 2422 511 2490 Israel,
543 2430 650 2479 etc.
688 2420 1075 2491 Completoque
1105 2414 1394 2480 sacriﬁcio,
1425 2412 1682 2469 sederunt
1707 2408 1776 2464 ad

179 2513 619 2572 manducandum
648 2520 703 2568 et
729 2510 1044 2576 bibendum,
1071 2523 1139 2564 ac
1161 2505 1503 2578 postmodum
1525 2515 1777 2560 surrexe-

177 2612 324 2660 ruut-
349 2602 536 2659 ludere
561 2603 628 2659 ad
656 2602 867 2658 diversa
896 2598 1018 2673 joca
1045 2608 1101 2655 et
1132 2600 1199 2653 ad
1226 2598 1448 2660 choros,
1473 2603 1527 2650 et
1554 2593 1777 2662 insuper

174 2700 465 2765 eruperunt
511 2689 789 2748 fornicari.
841 2690 1183 2761 Quapropter
1222 2685 1511 2741 multitudo
1560 2682 1773 2739 illorum

176 2781 469 2839 interfecta
497 2790 582 2838 est
607 2799 637 2837 a
671 2782 931 2837 fratribus
959 2780 1071 2834 suis
1091 2819 1105 2843 ,
1134 2777 1356 2849 jubente
1375 2774 1556 2846 Moyse
1584 2781 1640 2828 et
1674 2773 1776 2827 Do-

174 2872 331 2931 mino
362 2871 595 2927 volente.
626 2870 781 2939 Quod
824 2871 1029 2926 factum
1062 2868 1183 2924 ideo
1212 2866 1441 2937 replicat
1463 2862 1773 2934 Apostolus,

178 2974 377 3022 utnon
407 2965 693 3025 crederent
724 2961 995 3026 Corinthii
1018 2975 1080 3016 se
1110 2960 1381 3013 immunes
1402 2969 1522 3012 esse
1561 2954 1630 3009 ab
1674 2954 1778 3008 hoc

170 3058 542 3127 crimine,qui
565 3058 621 3113 in
653 3057 815 3112 idolio
839 3054 1215 3126 epulabantur.
1239 3048 1529 3106 idololatra
1562 3058 1777 3116 quoque

170 3156 263 3205 est
283 3148 473 3204 omnis
496 3162 699 3202 avarus
742 3147 839 3216 qui
882 3156 1165 3201 nummum
1211 3139 1368 3211 quasi
1418 3138 1584 3194 Deum
1622 3135 1775 3202 colit,

173 3241 387 3298 timens
415 3238 562 3294 illum
598 3239 867 3293 amittere.

1876 2053 2082 2109 rierunt
2138 2059 2204 2111 ab
2263 2057 2710 2125 exterminatore,
2761 2058 2873 2113 Deo
2918 2056 3004 2113 vel
3053 2058 3195 2129 igne.
3257 2054 3468 2111 Dalban

1878 2144 2024 2200 enim
2062 2155 2119 2202 et
2145 2146 2352 2202 Abiron
2395 2163 2520 2204 cum
2559 2149 2709 2204 omni
2764 2149 2925 2204 domo
2971 2165 3066 2205 sua
3120 2148 3467 2204 cxterminati

1877 2243 2004 2290 sunt
2030 2236 2096 2291 de
2120 2236 2405 2307 superﬁcie
2424 2246 2582 2294 terrae
2607 2254 2640 2293 a
2661 2236 2793 2303 Deo,
2817 2239 2942 2309 quia
2961 2238 3306 2309 praecipiente
3333 2235 3467 2299 Deo.
3522 2309 3529 2316 ν

1878 2326 2029 2384 vivos
2062 2329 2346 2399 deglntivit
2368 2345 2474 2405 eos.
2510 2340 2694 2398 terra;
2729 2324 3055 2402 fueruntque
3102 2338 3230 2387 ante
3270 2329 3469 2400 sepulti

1878 2432 2045 2487 quam
2073 2420 2299 2486 mortui,
2324 2421 2584 2490 quoniam
2616 2421 2758 2477 sicut
2788 2421 3068 2491 Scriptura
3098 2428 3309 2486 narrat,
3354 2420 3466 2473 vivi

1878 2508 2275 2565 descenderunt
2302 2511 2356 2565 in
2399 2509 2707 2578 infernum;
2740 2511 2873 2568 socii
2902 2526 3034 2567 vero
3083 2510 3320 2575 illorum,
3371 2509 3467 2579 qui

1876 2597 1933 2654 in
1982 2598 2099 2670 ipsa
2142 2601 2549 2674 conspiratione
2599 2600 2808 2658 similes
2847 2602 3197 2669 exstiterunt,
3233 2602 3301 2657 ab
3343 2600 3469 2673 igne

1875 2690 2096 2751 caelesti
2142 2693 2490 2749 exterminati
2540 2702 2689 2750 sunt.
2744 2692 3084 2750 Murmurare
3145 2702 3323 2748 autem
3381 2680 3469 2747 e'st

1875 2780 2197 2854 plerumque
2223 2781 2362 2839 falso
2414 2783 2484 2839 ad
2512 2774 2744 2839 invicem
2771 2783 2837 2838 de
2860 2782 3166 2854 praepositis
3191 2790 3354 2851 atque
3377 2796 3466 2836 re-

1874 2873 2122 2928 etoribus
2177 2874 2333 2944 queri
2377 2882 2434 2931 et
2466 2873 2703 2930 causari.
2749 2873 3076 2945 Plerumque
3115 2873 3278 2928 etiam
3332 2871 3473 2928 solet

1876 2978 2126 3020 murmur
2154 2963 2271 3020 ﬁeri
2306 2962 2454 3033 justa
2494 2979 2562 3020 ex
2604 2978 2792 3031 causa,
2843 2964 3062 3035 quando
3107 2962 3313 3035 praelati
3360 2979 3469 3019 non

1878 3054 2199 3126 simpliciter
2220 3065 2476 3126 recteque
2501 3054 2629 3127 erga
2657 3056 2904 3112 subditos
2945 3057 3224 3112 incedunt.
3255 3055 3466 3110 Tamen

1877 3160 2203 3218 quocunque
2238 3145 2399 3202 modo
2426 3155 2687 3203 nascatur
2716 3155 2771 3203 et
2801 3146 2916 3212 ﬁat,
2936 3146 3136 3202 malum
3167 3154 3284 3212 est;
3311 3153 3368 3200 et
3388 3160 3469 3200 va:

1878 3234 1955 3290 illi
1986 3250 2093 3306 quo
2128 3236 2401 3292 excitante
2451 3236 2716 3308 provenit,
2765 3245 2947 3291 utrum
2996 3237 3068 3292 sit
3098 3234 3355 3307 praelatus
3400 3249 3469 3291 an

249 3332 446 3403 Neque
480 3330 825 3403 {orniceman
853 3329 987 3384 sicut
1015 3326 1338 3398 quidamxex
1366 3323 1493 3395 ipsis
1524 3319 1774 3393 [ονηῖοαεὶ
1800 3305 1846 3370 c
1876 3305 2169 3396 subjectus.
2227 3326 2367 3382 Dicit
2409 3305 2555 3382 enim
2605 3327 2796 3382 beatus
2847 3305 3183 3398 Augustinus
3231 3325 3359 3396 quia
3408 3324 3495 3382 in.

166 3431 324 3490 sunt,
357 3421 616 3478 subaudis
639 3436 763 3477 cum
795 3417 1136 3484 Madianitis,
1157 3426 1206 3472 et
1231 3412 1535 3471 ceciderunt
1558 3430 1663 3467 una
1687 3409 1776 3465 die

169 3515 371 3588 uiginti
399 3515 503 3570 tria
540 3513 730 3569 millia.
771 3512 888 3569 Hoc
916 3513 970 3568 in
1006 3523 1150 3568 terra
1182 3509 1392 3564 Madian
1422 3505 1622 3563 factum
1665 3512 1791 3570 est,‘

160 3618 227 3662 et
247 3601 368 3665 hoc
394 3606 715 3662 retributum
741 3615 826 3663 est
852 3604 962 3661 illis
999 3602 1233 3675 quando.
1253 3616 1311 3659 se
1339 3617 1465 3659 cum
1508 3600 1772 3656 Madiani-

165 3700 246 3755 tis
274 3696 835 3764 commaculaverunt,
875 3696 1164 3752 adorantes
1208 3694 1442 3765 primum
1474 3691 1618 3765 idola
1649 3700 1776 3747 ante

163 3790 325 3847 ostia
358 3789 638 3846 domorum
680 3791 918 3849 illarum.
969 3789 1107 3845 Nam
1134 3788 1356 3844 Balaam
1403 3788 1607 3844 ariolus
1635 3789 1776 3847 ﬁlius

160 3879 349 3945 Beor,
389 3892 621 3935 cernens
650 3880 864 3935 animos
890 3878 1204 3935 Judaeornm
1246 3894 1447 3949 pronos
1486 3878 1555 3935 ad
1602 3879 1778 3935 libidi-

159 3986 338 4037 item,
364 3977 422 4026 et
450 3969 721 4042 proclives
751 3971 818 4024 ad
852 3969 996 4024 idola
1030 3969 1276 4035 colenda,
1307 3970 1565 4025 seductus
1604 3979 1660 4026 et
1687 3986 1779 4026 ca-

156 4073 314 4135 ptus
340 4076 530 4116 amore
547 4060 900 4129 pecuniarum
926 4060 1071 4115 dedit
1092 4058 1255 4116 Baiae
1281 4060 1393 4131 regi
1418 4059 1779 4116 Moabitarum

139 4162 360 4222 .atque
417 4149 833 4204 Madianitarum
915 4149 1241 4217 consilium,
1298 4158 1359 4205 ut
1422 4150 1783 4206 constitueret

148 4239 405 4317 puellas
424 4236 744 4307 juvenculas
781 4247 836 4295 et
865 4238 1179 4296 meretrices
1209 4239 1265 4294 in
1295 4239 1578 4297 domorum
1605 4238 1779 4306 ostiis,

154 4337 440 4399 comptas
469 4336 794 4385 ornamento
823 4328 1155 4396 meretricio,
1189 4336 1245 4385 et
1269 4336 1396 4385 ante
1423 4329 1562 4385 ostia
1590 4329 1781 4385 domo-

153 4436 309 4478 rum
347 4418 487 4474 idola
533 4427 589 4474 et
629 4433 773 4484 aras,
807 4429 866 4476 ut
892 4419 1172 4476 venientes
1199 4418 1479 4486 lsraelitte,
1525 4428 1785 4490 caperent.

154 4520 271 4566 tur
305 4522 501 4565 amore
531 4508 854 4576 illarum,et
885 4510 1099 4566 coirent
1138 4525 1262 4566 cum
1293 4508 1421 4589 illis,
1455 4510 1530 4564 ita
1577 4518 1779 4577 tamen,

153 4612 230 4658 ut
287 4600 536 4673 primum
590 4601 886 4661 adorarent
939 4600 1080 4657 idola
1107 4617 1137 4660 ε,
1163 4617 1273 4673 quo
1316 4601 1481 4669 facto,
1532 4601 1780 4673 cognovit

152 4668 311 4768 ipse
342 4691 476 4751 iram
503 4692 597 4747 Dei
626 4700 813 4749 contra
844 4692 966 4750 illos
993 4668 1377 4750 excitandam.“
1400 4692 1555 4750 Unde
1577 4668 1779 4749 factum
1804 4668 1861 4729 Β

1876 3418 2026 3474 nulla
2060 3417 2165 3474 alia
2190 3433 2357 3475 causa
2398 3418 2473 3473 ita
2496 3415 2836 3474 oll‘enderunt
2860 3416 3032 3473 Judaei
3058 3418 3226 3473 Deum
3253 3416 3308 3473 in
3344 3429 3469 3472 ere-

1880 3525 2003 3578 mo,
2033 3508 2175 3566 sicut
2201 3508 2255 3565 in
2290 3508 2736 3576 murmuratione,
2780 3510 3036 3580 quoniam
3062 3523 3279 3579 semper
3314 3523 3465 3563 mur-

1878 3610 2185 3660 muratores
2244 3602 2587 3659 exstiterunt.
2637 3601 2978 3673 Quapropter
3036 3600 3336 3658 cavendum
3383 3609 3470 3655 est

1878 3693 2031 3751 omni
2061 3695 2222 3751 modo
2248 3695 2317 3750 ab
2354 3690 2729 3762 hujuscemodi
2769 3692 2919 3759 vitio,
2967 3706 3036 3748 ne
3071 3690 3268 3747 similia
3311 3690 3473 3747 nobis

1879 3786 2157 3844 eveniant.
2432 3789 2436 3793 ‘
3310 3834 3315 3839 ,

1953 3877 2280 3934 Ηιεσξᾶιιιεηι
2302 3877 2501 3946 omnia,
2526 3877 2773 3949 superius
2798 3878 2942 3935 dicta
2967 3876 3033 3933 de
3050 3874 3396 3947 serpentibus
3415 3882 3475 3931 et

1884 3969 1951 4024 de
1988 3969 2131 4037 igne,
2177 3969 2269 4039 qui
2318 3983 2418 4025 eos
2450 3969 2732 4024 devoravit
2788 3970 2842 4023 in
2886 3969 3060 4038 ﬁgura
3104 3967 3471 4036 contingebant

1882 4058 2009 4113 illis.
2041 4057 2332 4113 Videamus
2357 4060 2631 4129 quomodo
2658 4067 2941 4129 serpentes
2966 4056 3119 4127 igniti
3165 4056 3362 4125 quibus
3389 4054 3474 4109 illi

1884 4148 2071 4205 traditi
2118 4158 2266 4215 sunt,
2314 4149 2368 4203 in
2413 4149 2582 4220 figura
2624 4148 2878 4215 fuerunt;
2911 4156 2966 4204 et
3011 4160 3235 4217 serpens
3262 4160 3468 4210 aeneus,

1884 4241 1977 4312 qui
2024 4254 2339 4310 suspensus.
2373 4249 2457 4296 est
2493 4256 2522 4295 a
2556 4239 2777 4311 Moyse:
2819 4254 2940 4311 quae
2976 4238 3070 4310 qui
3114 4235 3470 4308 aspiciebant,

1884 4333 2218 4391 sanabuntur
2241 4333 2431 4407 (Num.
2462 4335 2598 4407 xxi).
2631 4333 2922 4405 Serpentes
2944 4332 3018 4387 illi
3048 4332 3140 4403 qui
3171 4329 3470 4387 mordenda

1885 4438 2155 4482 venenum
2200 4425 2580 4492 infundebant,
2610 4425 2885 4481 daemones
2925 4423 3323 4497 signiﬁcabant,
3376 4420 3473 4492 qui

1887 4517 2224 4589 suggerendo
2265 4518 2425 4574 nobis
2457 4531 2739 4574 venenum
2761 4515 3057 4573 mortiferae
3093 4514 3470 4572 delectationis

1887 4608 2195 4667 infundunt.
2241 4610 2450 4679 Quibus
2504 4612 2671 4666 etiam
2722 4609 3011 4674 tradimur,
3067 4608 3114 4663 si
3160 4616 3468 4677 serpentem

1887 4716 2098 4757 aeneum
2126 4702 2181 4757 in
2217 4701 2362 4774 ligno
2397 4702 2719 4773 pendentem
2759 4714 2867 4777 non
2905 4698 3252 4770 aspiciamus,
3300 4697 3353 4752 id
3382 4705 3469 4751 est

145 4796 259 4848 est
291 4795 368 4843 ιιι
388 4786 579 4859 viginti
601 4787 703 4844 tria
730 4787 898 4843 millia
922 4789 993 4844 ab
1016 4788 1141 4858 igne
1160 4787 1782 4845 emiesticonsumeren-

150 4892 292 4949 tur,
336 4886 395 4936 et
422 4894 560 4952 pene
582 4894 775 4937 omnes
810 4881 1103 4952 perissent,
1148 4881 1254 4937 nisi
1296 4880 1532 4938 Phinees
1570 4880 1784 4937 zelatns

147 4975 303 5032 zelo
344 4970 822 5037 Dei,confodisset
865 4971 1089 5042 cuspide
1116 4972 1295 5027 virum
1334 4970 1622 5029 Hebraeum
1656 4986 1780 5027 cum

146 5067 548 5128 Hadianitide
594 5076 779 5123 scorto
833 5067 886 5123 in
933 5066 1066 5123 locis
1113 5066 1468 5138 genitalibus,
1500 5066 1656 5138 cujus
1700 5066 1780 5122 rei

141 5173 364 5219 causa
411 5158 617 5228 quievit
652 5160 734 5215 ira
764 5158 860 5215 Dei
896 5173 926 5213 a
951 5157 1169 5230 populo.
1220 5157 1525 5213 Notandum
1566 5170 1784 5228 quoque

142 5254 311 5326 quia
353 5264 462 5305 non
495 5250 670 5308 solum
698 5250 775 5306 illi
815 5250 1069 5306 dicuntur
1109 5264 1233 5305 esse
1270 5247 1650 5315 fornicatores,
1690 5241 1783 5318 qui

138 5356 523 5417 quocunque
549 5342 711 5398 modo
744 5341 1019 5398 libidinem
1045 5356 1200 5397 suam
1229 5340 1468 5413 explent,
1494 5340 1591 5396 sed
1617 5339 1783 5395 etiam

142 5440 241 5498 illi
283 5435 397 5507 qui
420 5450 519 5507 per
546 5434 650 5491 alia
677 5436 806 5493 vitia
830 5451 861 5491 a
886 5434 1001 5491 Deo.
1028 5434 1314 5500 recedunt,
1334 5433 1400 5489 de
1425 5432 1623 5504 quibus
1652 5431 1785 5488 dicit

136 5526 488 5588 Psalmista
532 5543 548 5586 :
611 5525 809 5582 Perdes
854 5543 1029 5582 omnes
1079 5527 1173 5597 qui
1222 5524 1553 5596 fornicamur
1600 5525 1693 5579 abs
1735 5535 1784 5580 te

137 5618 376 5696 (Psal.
414 5621 640 5691 urvu),
664 5618 721 5674 id
746 5627 850 5685 est,
880 5618 975 5689 qui
996 5619 1256 5675 recedunt
1282 5634 1313 5674 a
1337 5626 1411 5674 te.

233 5711 457 5783 Neque
498 5721 753 5767 tentemus
783 5706 1079 5779 Christum,
1131 5712 1263 5767 sicut
1307 5703 1521 5783 quidam
1573 5710 1782 5767 illorum

133 5800 546 5870 (curaverunt,
596 5804 852 5862 subaudis
891 5794 1132 5877 Moysen,
1172 5794 1265 5875 qui
1293 5803 1498 5863 Christi
1550 5805 1780 5879 ﬁguram

128 5894 441 5976 gerebat.
480 5892 599 5953 γει·
638 5896 800 5955 etiam
854 5897 1032 5970 ipsum
1075 5896 1366 5977 Christum
1416 5908 1776 5971 tentaverunt,

1887 4790 2181 4869 Christum.
2212 4789 2449 4863 Serpens
2474 4806 2658 4848 aeneus
2685 4789 2776 4863 qui
2808 4789 3212 4847 similitudinem
3243 4802 3467 4859 serpens

1888 4885 1958 4940 tis
1984 4883 2235 4948 habebat,
2264 4883 2360 4939 sed
2386 4893 2566 4939 tamen
2586 4897 2856 4941 venenum
2880 4897 2988 4939 non
3026 4881 3285 4947 habebat,
3306 4893 3468 4950 quem

1887 4976 1980 5047 qui
2027 4975 2384 5047 aspiciebant,
2432 4986 2662 5033 mortem
2718 4974 3068 5047 temporalem
3119 4991 3150 5029 a
3202 4971 3471 5054 morsibus

1889 5068 2220 5138 serpentium
2245 5069 2566 5124 evadebant.
2594 5067 2871 5125 Christum
2896 5066 3170 5139 signiﬁcat
3208 5080 3431 5137 serpens
3449 5106 3466 5130 ,

1885 5160 2028 5217 sicut
2053 5159 2167 5230 ipse
2199 5161 2335 5216 dixit
2359 5174 2374 5215 :
2397 5157 2544 5216 Sicut
2585 5159 2792 5231 Moyses
2819 5159 3067 5215 exultavit
3102 5169 3387 5229 serpentem
3413 5155 3470 5211 in

1883 5255 2108 5323 deserto,
2140 5257 2216 5311 ita
2243 5255 2467 5310 exaltari
2494 5264 2693 5327 oportet
2723 5253 2919 5309 Filium
2947 5253 3197 5318 hominis,
3219 5260 3273 5305 ut
3296 5250 3469 5306 omnis
3533 5314 3539 5320 ,

1884 5347 1975 5418 qui
2009 5345 2173 5402 credit
2217 5346 2273 5401 in
2318 5361 2436 5400 eum
2469 5362 2571 5401 non
2612 5354 2790 5417 pereat
2835 5343 3019 5417 (Joan.
3060 5342 3167 5415 ιιι).
3200 5340 3473 5398 Similitu-

1886 5438 2063 5495 dinem
2096 5452 2226 5509 ergo
2248 5437 2516 5508 serpentis
2536 5436 2726 5493 habuit
2748 5436 2838 5493 ille
2864 5451 3107 5508 serpens,
3137 5435 3229 5492 sed
3263 5449 3469 5491 veneno

1888 5527 2084 5595 caruit,
2099 5529 2224 5598 quia
2238 5526 2486 5584 Christus
2500 5527 2905 5584 similitudinem
2921 5526 3137 5599 quidem
3153 5524 3332 5582 carnis
3345 5540 3473 5599 pec-

1889 5619 1996 5676 cati
2022 5618 2233 5685 habuit,
2250 5620 2347 5675 sed
2372 5618 2583 5690 peccati
2613 5632 2821 5674 veneno
2841 5617 3037 5674 caruit.
3069 5615 3290 5673 Perboc
3320 5616 3467 5671 enim
3538 5686 3545 5692 η

1889 5710 2033 5783 quod
2051 5725 2232 5767 aeneus
2262 5708 2379 5775 fuit,
2400 5709 2672 5781 signiﬁcat
2699 5709 3056 5765 aeternitatem
3087 5707 3312 5773 Christi,
3342 5707 3470 5779 quia
3548 5706 3551 5707 ⁷

1888 5818 1964 5861 tes
2010 5802 2255 5861 durabile
2283 5802 2560 5859 metallum
2589 5810 2693 5858 est.
2743 5799 3051 5876 Suspensus
3088 5809 3173 5860 est
3211 5801 3263 5855 in
3295 5798 3485 5879 ligno,‘

1890 5909 1946 5961 et
1979 5895 2230 5961 Christus
2260 5897 2314 5956 in
2362 5896 2540 5956 crucis
2560 5895 2817 5971 patibulo.
2854 5896 2954 5968 Qui
2988 5896 3136 5953 illum
3170 5891 3472 5969 aspiciebat
