3936 6444
440 454 549 512 565

915 441 1269 506 ΗΑῪΜΟΝΙὸ
1308 443 1789 502 HALBERSTAT.
1832 442 2046 500 EPiSC.

2158 439 2240 494 ut.-
2277 425 2458 494 PARS
2496 437 2539 492 ι.
2582 468 2653 481 -
2685 425 3046 495 COMMENT.
3084 440 3261 495 BlBL.

3632 441 3737 497 56}

426 564 741 630 sanabatur
783 586 812 626 a
848 555 1212 625 morsibus‘et
1256 573 1466 621 Veneno
1506 549 1854 634 serpentum;
1893 576 2027 630 quo-
2059 562 2106 618 Α
2135 556 2386 621 ctoriam,
2413 556 2563 612 sicut
2581 555 2810 628 praebuit
2848 553 3009 610 beato
3052 534 3366 618 Job,'Petro
3398 567 3643 622 quoque,
3675 553 3730 607 in

425 665 592 720 -niam
637 661 941 732 quicunque
977 655 1180 712 Christi
1226 655 1532 726 passionem
1565 669 1686 708 cum
1731 650 2034 706 reverentia

448 757 516 811 ad
543 753 860 810 memoriam
889 751 1155 806 reducunt
1201 758 1255 804 et
1303 747 1571 818 aspiciunt
1612 745 1783 811 illum,
1823 744 1889 798 ad
1931 743 2036 799 hoc

444 857 508 904 ut
537 844 861 902 mortiﬁcent
886 858 1115 914 corpora
1145 857 1240 897 sua
1271 855 1394 895 cum
1410 839 1556 893 vitiis
1584 847 1638 920 et
1653 835 2035 906 concupiscen-

433 941 560 1003 tiis,
591 939 871 994 salvantur
895 952 925 991 a
949 931 1388 1018 suggestionibus
1405 931 1726 991 daemonum,
1751 929 1806 983 et
1829 927 2040 981 veneno

443 1039 626 1094 pravae
673 1022 1075 1087 delectationis,
1119 1028 1204 1075 ‘et'
1234 1019 1456 1088 insuper
1507 1031 1537 1070 a
1583 1022 1762 1070 morte
1810 1021 2033 1069 attenta.

443 1118 588 1188 Ignis
610 1130 741 1172 vero
771 1115 862 1171 ille
890 1113 982 1185 qui
1015 1111 1296 1169 devoravit
1342 1117 1794 1172 murmuratores,
1834 1105 2039 1177 signifi-

446 1217 536 1264 cat
591 1209 770 1280 ignem
817 1213 1104 1271 :rternum,
1149 1203 1241 1274 qui
1291 1199 1573 1256 devorabit
1619 1213 1808 1254 omnes
1842 1198 2038 1252 similia

448 1306 694 1369 agentes.
749 1295 960 1365 Scripta
1009 1301 1132 1348 sunt
1186 1300 1358 1346 autem
1384 1289 1456 1344 ad
1504 1285 1906 1359 corr‘eptionem'
1942 1303 2038 1341 no-

448 1399 640 1451 stram,
684 1386 739 1442 id
769 1377 888 1451 est,
937 1385 1004 1438 ad
1046 1381 1481 1438 emendationem
1518 1388 1577 1434 "et
1606 1372 2040 1433 meliorationem

436 1487 718 1543 nostram,
745 1487 808 1532 ut
829 1474 936 1533 nos
965 1490 1066 1546 per
1095 1473 1222 1529 talia
1245 1472 1604 1542 cerrigam'ur.
1649 1469 1717 1524 In
1758 1485 1887 1540 quos
1911 1468 2041 1537 ﬁnes

451 1569 767 1625 sa’culorum
787 1569 1120 1623 devenerunt.
1151 1563 1209 1619 in
1244 1577 1346 1618 nos
1373 1562 1509 1618 ﬁnes
1537 1560 1857 1618 saeculorum
1884 1560 2044 1614 deve-

447 1669 669 1726 nerunt,
703 1659 826 1729 quia
851 1659 963 1730 jam
1001 1672 1098 1713 nos
1124 1657 1178 1711 in
1209 1655 1315 1716 ﬁne
1345 1654 1527 1711 seaculi
1556 1653 1717 1726 positi
1750 1667 1958 1716 sumus,
1987 1652 2043 1706 in

453 1752 644 1806 ultima
672 1751 879 1806 scilicet
906 1757 1081 1806 aetate.
1116 1748 1235 1804 Non
1275 1755 1404 1803 sunt
1427 1746 1652 1817 propter
1683 1746 1805 1802 illos
1839 1745 2043 1814 scripta

460 1853 520 1896 ut
549 1843 647 1912 ipsi
687 1842 949 1912 legerent,
994 1841 1087 1911 qui
1137 1839 1262 1894 talia
1311 1848 1534 1909 agentes
1572 1839 1698 1894 talia
1727 1844 2043 1893 meruerunt

2137 662 2299 702 cruce
2328 655 2384 702 et
2413 647 2677 711 Andnere,
2706 644 3010 700 Laurentio
3025 657 3242 714 quoque
3287 657 3453 712 super
3493 642 3733 696 craticu-

2136 738 2265 805 lam,
2282 738 2575 809 multisque
2596 737 2716 792 aliis
2738 735 3090 807 martyribus.
3119 733 3253 803 Quis
3277 734 3423 789 enim
3452 733 3736 788 hominum

2135 839 2320 900 posset
2338 830 2560 886 credere
2582 829 2724 900 quod
2746 829 2908 883 homo
2931 826 3178 882 mortalis
3198 825 3324 880 talia
3355 833 3544 895 posset
3576 827 3738 880 susti-
3831 823 3834 826 ’

2137 938 2289 987 nere,
2320 937 2439 992 quae
2465 904 2728 978 sustinuit
2751 919 3084 975 Laurentius
3103 935 3202 991 per
3232 918 3571 990 adiutorium
3596 917 3739 973 Dei?

2139 1012 2502 1086 Quapropter,
2534 1015 2660 1070 dum
2693 1014 2831 1069 tales
2858 1022 2913 1069 et
2942 1012 3252 1084 huiusmodi
3281 1005 3438 1066 nobis
3461 995 3734 1067 tentatio:-

2135 1122 2236 1161 nes
2263 1105 2687 1176 atllictiouesqne
2713 1105 3057 1177 proveniunt,
3088 1104 3350 1159 debemus
3381 1104 3486 1158 ista
3519 1105 3591 1159 ad
3627 1119 3740 1158 rne-

2139 1198 2371 1252 moriam
2394 1199 2676 1262 reducere,
2708 1211 3034 1266 omnemque
3048 1212 3198 1267 spem
3217 1206 3461 1250 nostram
3495 1196 3549 1250 in
3573 1195 3740 1251 Deum

2131 1287 2370 1358 jactare,
2404 1297 2465 1344 ut
2496 1289 2612 1359 ipse
2645 1289 2803 1344 nobis
2829 1286 2991 1342 faciat
3039 1296 3361 1358 proventum
3393 1280 3637 1352 evenire,
3669 1287 3741 1342 ci-

2141 1382 2248 1435 tius
2278 1379 2579 1448 liberando,
2610 1388 2705 1435 aut
2742 1379 2908 1434 etiam
2935 1379 3179 1434 victoria:
3229 1377 3578 1433 tolerantiam
3606 1394 3744 1448 pre»

2142 1475 2342 1530 bendo.

2214 1563 2284 1619 Ut
2313 1565 2654 1636 prudentibus
2689 1562 2894 1634 loquor,
2940 1579 3026 1616 vos
3051 1563 3152 1632 ipsi
3175 1562 3440 1632 jnsiicale,
3473 1561 3530 1616 id
3553 1571 3639 1617 est
3662 1563 3744 1615 di-

2103 1655 2110 1664 ’
2146 1656 2404 1722 scernite,
2446 1657 2584 1726 quod
2611 1656 2769 1709 dico:
2801 1662 2983 1708 utrum
3013 1669 3201 1708 verum
3229 1664 3284 1708 ct
3315 1655 3521 1729 bonum
3547 1655 3746 1719 dicam,

2144 1764 2320 1806 necne
2331 1789 2346 1804 .

2218 1824 2792 1908 Calix'benedictionis,
2817 1842 2902 1895 cui
2931 1841 3284 1896 benedicimus
3315 1857 3490 1894 nonne
3513 1857 3744 1894 commu-

456 1932 721 2000 rccipere,
749 1931 842 2000 qui
872 1931 985 2001 jam
1024 1931 1153 1987 olim
1176 1929 1373 1984 mortui
1400 1937 1577 1994 erant,
1617 1929 1709 1984 sed
1737 1943 1836 1998 pro
1859 1936 2043 1983 nostra
2073 1912 2124 1974 Β
2150 1933 2346 1988 nicatio
2374 1933 2646 2003 sanguinis
2681 1930 2880 1986 Christi
2925 1932 3043 1986 est?
3078 1931 3287 1987 Idcirco
3334 1931 3578 2002 primum
3623 1933 3746 1986 cali-

456 2026 632 2081 salute
661 2034 716 2080 et
736 2025 1016 2090 utilitate,
1045 2031 1108 2079 ut
1136 2023 1181 2079 si
1215 2023 1268 2076 in
1311 2023 1504 2077 timore
1532 2030 1587 2078 et
1615 2021 1669 2076 in
1697 2021 1920 2076 servitio
1950 2019 2050 2074 Dei

451 2117 818 2173 manserimus
876 2115 1100 2188 gloriam
1171 2114 1276 2169 illis
1319 2112 2045 2183 promissam'accipiamus,

452 2218 661 2264 terram
688 2208 941 2264 videlicet
962 2205 1423 2277 repromissionis,
1477 2219 1598 2276 qua:
1630 2203 1902 2275 significat
1933 2218 2048 2259 cm-

452 2299 648 2356 lestem
679 2299 931 2378 patriam.
979 2297 1154 2367 Sique
1183 2297 1362 2351 minus
1401 2303 1495 2351 aut
1551 2295 1711 2350 aliter
1753 2294 2046 2366 egerimus,

451 2389 872 2459 geminabuntur
917 2388 1072 2443 nobis
1099 2400 1278 2458 paena
1315 2387 1555 2452 illorum,
1585 2386 1841 2457 quoniam
1875 2385 2052 2456 major

452 2478 644 2534 notitia
674 2477 812 2550 legis
837 2478 956 2549 plus
981 2479 1111 2533 facit
1140 2477 1413 2533 hominem
1443 2492 1618 2532 reum.
1884 2497 1886 2499 >

525 2569 715 2642 Itaque
749 2572 835 2641 qui
867 2588 921 2625 se
965 2571 1230 2625 existimat
1267 2560 1426 2634 stare:
1459 2569 1515 2623 in
1547 2567 1872 2624 rectitudine
1902 2565 2047 2633 fidei,

450 2659 716 2731 bonisque
743 2662 1025 2732 operibus,
1056 2669 1110 2716 et
1152 2661 1206 2714 in
1237 2659 1488 2725 scientia,
1519 2674 1626 2728 qua
1667 2659 1842 2714 credit
1865 2659 2048 2715 omnia

454 2765 578 2806 esse
627 2751 850 2816 munda,
895 2751 1063 2805 videat
1108 2767 1170 2804 ne
1217 2749 1391 2813 cadat,
1433 2749 1486 2803 in
1513 2749 1837 2819 superbiam,
1870 2757 1965 2803 aut
1994 2749 2050 2804 in

454 2841 771 2896 scandalum
819 2840 1027 2896 fratris.
1067 2840 1176 2898 Isto
1221 2841 1275 2896 in
1309 2841 1428 2898 loco
1459 2841 1621 2896 tacite
1651 2855 1716 2896 ac
1745 2840 2053 2911 specialiter

455 2933 696 3002 perculit
729 2947 844 2998 eos,
887 2931 979 3003 qui
1011 2940 1402 3002 praesumentes
1437 2931 1504 2988 de
1534 2947 1630 2986 sua
1661 2931 1911 2997 scientia,
1942 2946 2050 3002 qua

452 3023 662 3078 licitum
689 3038 811 3080 esse
836 3031 1034 3095 putant
1061 3024 1245 3079 omnia
1273 3023 1454 3088 edere,
1487 3024 1614 3093 quia
1640 3024 1820 3078 omnia
1847 3023 2048 3078 munda

457 3125 585 3171 sunt
631 3117 871 3183 mundis,
925 3115 1316 3171 recumbebant
1354 3115 1408 3169 in
1462 3116 1661 3182 idoliis,
1709 3124 1765 3170 et
1816 3115 2052 3171 edebant

457 3219 653 3264 carnes
681 3205 1028 3286 idolothytas,
1059 3206 1201 3261 unde
1242 3204 1748 3260 scandalizabantur
1784 3204 2050 3260 infirmio-

429 3313 545 3370 ,τρε
573 3295 791 3362 fratres,
817 3298 910 3366 qui
959 3296 1204 3354 videntes
1247 3295 1367 3350 illos
1396 3295 1524 3351 talia
1556 3309 1740 3366 agerc,
1785 3295 2053 3366 putabant

458 3389 665 3458 aliquid
709 3388 947 3443 numinis
987 3403 1108 3442 esse
1144 3396 1199 3442 et
1235 3387 1452 3443 deitatis
1500 3389 1554 3442 in
1586 3387 1763 3453 idolis,
1791 3395 1954 3457 atque
1996 3387 2052 3442 in

459 3479 597 3533 cibis
644 3477 750 3532 illis
790 3477 1147 3532 consecratis.
1178 3475 1516 3531 Generaliter
1551 3484 1730 3530 autem
1759 3477 2053 3532 ad-omnes

455 3573 696 3641 pertinet
725 3569 1032 3642 quoddicit
1057 3588 1071 3626 :
1108 3569 1212 3636 Qui
1242 3579 1352 3626 stat
1382 3571 1435 3624 in
1471 3569 1575 3626 (ide
1604 3579 1657 3626 et
1682 3572 1840 3628 bonis
1871 3573 2052 3644 operi-

459 3664 584 3730 bus,
616 3663 796 3720 videat
823 3677 894 3720 ne
911 3663 1096 3720 cadat.

536 3753 775 3808 Tentatio
796 3770 882 3809 vos
914 3770 1018 3808 non
1043 3754 1418 3825 apprehendat,
1451 3755 1552 3809 nisi
1578 3756 1831 3823 humana,
1864 3757 1917 3812 id
1947 3766 2050 3824 est;

460 3861 582 3916 qua:
641 3860 804 3917 opere
851 3863 958 3901 non
998 3846 1313 3917 perficitur.
1363 3846 1614 3903 Tentatio
1673 3850 1908 3904 humana
1969 3859 2054 3906 est

457 3935 663 3992 malum
696 3937 958 4008 cogitare,
995 3945 1051 3992 et
1078 3936 1134 3990 in
1166 3937 1330 3992 corde
1359 3937 1684 3994 tentationcs
1713 3939 1913 3994 multas
1932 3940 2056 4012 per;

455 4029 591 4100 peti.
625 4028 900 4085 Diabolica
928 4043 1056 4084 vero
1087 4028 1314 4084 tentatio
1342 4036 1427 4084 est
1463 4029 1766 4086 certamine
1795 4031 2053 4086 teutatio-

458 4119 546 4177 nis
592 4119 648 4175 in
694 4134 861 4190 opere
903 4118 1158 4190 superari
1188 4125 1244 4174 et
1271 4119 1473 4175 malum
1508 4121 1796 4191 perficere.
1838 4121 2052 4178 Concu-

458 4211 673 4282 piscere
704 4211 988 4267 mulierem
1015 4212 1254 4266 humana
1284 4212 1512 4268 tentatio
1547 4223 1634 4268 est
1668 4228 1682 4266 :
1730 4213 2053 4269 adulterium

458 4316 593 4357 vero
641 4301 755 4356 sive
794 4301 1207 4357 fornicationem
1250 4309 1565 4372 perpetrare
1593 4303 1916 4358 diabolicum
1949 4313 2052 4359 est.

463 4391 557 4447 Sic
589 4391 654 4445 de
701 4393 913 4448 exteris
944 4393 1090 4448 vitiis
1139 4391 1568 4462 intelligendum.
1622 4392 1827 4448 Fidelis
1877 4404 2053 4449 autem

459 4479 605 4542 Deus
632 4491 727 4547 est,
758 4483 847 4552 qui
879 4499 981 4537 non
1006 4484 1238 4554 patietur
1274 4499 1361 4538 vos
1401 4484 1592 4537 tentari
1630 4501 1790 4554 supra
1825 4485 1879 4538 id
1913 4485 2053 4556 quod

460 4572 692 4635 potestis,
750 4573 1010 4629 subaudis
1053 4574 1341 4636 sustinere.
1392 4571 1596 4629 Fidelis
1651 4575 1856 4630 dicitur
1910 4577 2053 4631 Deus

461 4677 606 4729 esse,
670 4664 923 4733 quoniam
982 4664 1246 4735 quidquid
1302 4665 1552 4734 promisit
1607 4664 1855 4720 fidelibus
1906 4667 2050 4732 suis,

462 4769 629 4823 opere
657 4754 979 4825 complevit;
1011 4756 1246 4827 complet
1269 4771 1483 4828 quoque
1513 4759 1788 4828 quotidie,
1821 4767 2052 4816 et'com-

459 4845 649 4917 plebit.
680 4846 935 4902 Promisit
962 4847 1306 4919 diligentibus
1331 4864 1390 4908 se
1421 4865 1586 4922 regna
1612 4851 1856 4906 coelestia
1874 4866 2058 4907 :com‘

463 4938 634 5009 plebit
662 4939 816 5007 illud,
847 4939 974 5010 quia
1023 4941 1172 4996 dabit
1215 4941 1314 4996 eis.
1352 4941 1586 5012 Ideoque
1632 4957 1738 4998 non
1790 4943 2059 5014 permittit

466 5046 562 5086 eos
593 5032 790 5087 tentari
834 5048 997 5104 supra
1034 5033 1087 5087 id
1125 5033 1268 5106 quod
1311 5035 1544 5090 humana
1580 5035 1844 5108 fragilitas
1882 5045 2060 5107 potest

467 5124 632 5181 ferre.
666 5124 773 5180 Sed
817 5126 972 5194 faciet
1022 5143 1140 5181 cum
1177 5130 1463 5182 tentatione
1515 5131 1673 5183 etiam
1727 5142 2055 5200 proventum,

462 5213 520 5268 id
550 5223 631 5269 est
658 5217 942 5283 auxilium,
968 5228 1022 5270 ut
1045 5219 1255 5286 possitis
1278 5219 1565 5284 sustinere;
1591 5220 1642 5274 id
1675 5229 1780 5285 est,
1813 5221 1944 5277 illud
1977 5222 2057 5277 fa-

474 5307 581 5364 ciet
614 5309 922 5377 pervenire,
951 5309 1093 5379 quod
1133 5317 1310 5379 potest
1336 5310 1570 5364 humana
1602 5310 1742 5366 ferre
1771 5310 2057 5383 fragilitas,

465 5397 716 5458 videlicet
737 5414 768 5453 a
792 5399 1092 5470 tentatione
1116 5408 1170 5454 et
1193 5398 1541 5454 tribulatione
1567 5400 1729 5456 citius
1758 5401 2057 5472 liberanda,

472 5486 614 5542 sicut
636 5487 1096 5559 legimusfactum
1132 5489 1200 5544 de
1227 5489 1388 5544 beato
1423 5489 1718 5558 Abraham,
1749 5495 1967 5563 quando
1993 5495 2062 5552 li-

466 5578 691 5633 beratus
717 5581 782 5635 de
809 5581 941 5640 urbe
963 5579 1358 5645 Chaldaeorum,
1373 5595 1581 5636 necnon
1597 5582 1661 5638 de
1688 5583 1859 5640 tribus
1881 5587 2064 5656 pueris

470 5671 526 5726 in
550 5673 782 5739 camino,
821 5683 870 5730 et
904 5675 969 5729 de
992 5674 1232 5740 Daniele,
1258 5675 1475 5743 quando
1491 5675 1690 5733 missus
1712 5680 1860 5735 estin
1884 5679 2061 5736 lacum

473 5764 712 5828 leonum,
751 5774 806 5820 et
843 5766 906 5821 de
946 5767 1321 5826 innumerabili
1367 5770 1709 5828 multitudine
1737 5782 2060 5844 martyrum,

477 5863 571 5931 aut
599 5855 761 5912 etiam
795 5858 846 5912 in
886 5861 1182 5915 tentatione
1212 5859 1556 5940 tolerantiam
1582 5863 1875 5934 praebendo
1907 5873 1957 5920 et
1989 5867 2066 5921 vi-

2077 3254 2126 3319 C

2152 2023 2270 2081 cem
2294 2023 2615 2088 nominavit,
2641 2022 2766 2092 quia
2795 2009 2985 2092 postea
3019 2022 3084 2076 de
3105 2014 3246 2092 pane
3269 2008 3392 2092 plus
3419 2007 3543 2076 erat
3564 2022 3744 2092 dispu-

2152 2121 2384 2169 taturus.
2411 2111 2562 2168 Calix
2599 2117 2778 2166 autem
2803 2112 3198 2167 benedictionis
3223 2112 3443 2177 dicitur,
3471 2113 3562 2182 qui
3591 2113 3751 2167 bene-

2152 2199 2352 2260 dieitur
2399 2218 2429 2257 a
2459 2199 2832 2258 sacerdotibus
2876 2202 2930 2256 in
2971 2203 3165 2267 altari;
3214 2201 3609 2273 appellatur'et
3642 2203 3749 2272 ipse

2139 2294 2293 2349 calix
2326 2289 2770 2356 communicatio,
2805 2291 2960 2360 quasi
2998 2291 3366 2361 participat’m,
3398 2293 3526 2361 quia
3561 2299 3750 2346 omnes

2153 2385 2558 2442 communicant
2587 2399 2655 2438 ex
2686 2383 2804 2450 illo,
2847 2383 3176 2455 partemque
3232 2396 3458 2440 sumunt
3505 2402 3573 2440 ex
3625 2401 3745 2440 sarr-

2153 2479 2314 2550 guine
2357 2477 2573 2533 Domini
2601 2474 2762 2547 quem
2794 2475 3038 2531 continet
3077 2478 3131 2531 in
3163 2491 3243 2531 se.
3296 2475 3367 2531 Et
3397 2479 3553 2548 panis
3601 2496 3746 2548 qum

2153 2568 2467 2638 frangimus,
2506 2568 2560 2621 in
2589 2566 2770 2633 altari,
2807 2582 2980 2620 nonne
3007 2567 3346 2637 participatio
3379 2551 3620 2638 corporis
3643 2568 3747 2629 Do-

2152 2659 2281 2714 mini
2308 2659 2432 2713 est?
2458 2657 2677 2728 Utique.
2723 2655 2966 2710 Primum
3009 2666 3368 2712 consecratur
3398 2667 3453 2712 et
3485 2659 3750 2713 benediri—

2152 2757 2242 2803 tur
2270 2746 2300 2802 a
2328 2748 2700 2802 sacerdotibus
2729 2733 2785 2802 et
2811 2737 3015 2816 Spiritu
3050 2736 3259 2808 sancto,
3296 2757 3348 2802 et
3377 2749 3574 2802 deinde
3614 2748 3749 2802 fran-

2153 2840 2299 2912 gitur
2323 2856 2444 2894 cum
2479 2837 2591 2908 jam
2624 2839 2752 2895 iicct
2791 2839 2950 2908 panis
2976 2839 3253 2904 videatur,
3281 2841 3333 2895 in
3367 2823 3603 2895 veri-tate
3633 2843 3746 2895 cor-

2152 2944 2254 3000 pus
2275 2928 2475 2984 Christi
2491 2937 2592 2983 est.
2611 2928 2688 2982 Ex
2711 2943 2816 2998 quo
2834 2943 2975 2998 pane
2989 2929 3300 3000 quicunque
3319 2934 3752 2995 communicant,

2153 3035 2357 3090 corpus
2375 3019 2578 3077 Christi
2609 3013 2798 3074 edunt.

2182 3119 2184 3122 ’
2227 3110 2487 3177 Quoniam
2512 3127 2650 3165 unus
2677 3101 3360 3182 panis,subaudistristi,
3380 3125 3427 3168 et
3453 3132 3618 3170 unum
3644 3133 3751 3168 cor-

2155 3219 2254 3274 pus
2279 3202 2476 3258 Christi
2517 3202 2670 3256 inulti
2702 3219 2884 3257 sumus
2914 3245 2929 3268 ,
2971 3205 3060 3274 qui
3105 3206 3442 3261 comedimus
3475 3207 3624 3260 illum
3657 3197 3747 3278 pa-

2157 3308 2301 3359 nem,
2351 3308 2479 3348 caro
2534 3288 2964 3362 quam"Verbum
3013 3296 3107 3350 Dei
3153 3295 3332 3351 Patris
3365 3300 3664 3368 assumpsit
3701 3301 3750 3354 in

2153 3393 2310 3440 utero
2331 3385 2577 3455 virginali
2606 3386 2660 3439 in
2691 3387 2900 3442 unitate
2923 3401 3033 3442 sum
3068 3391 3336 3458 persorne,
3375 3398 3432 3444 et
3463 3392 3630 3459 panis
3659 3388 3744 3461 qui

2155 3484 2512 3530 consecratur
2539 3476 2592 3529 in
2626 3475 2891 3541 Ecclesia,
2919 3493 3084 3531 unum
3128 3494 3325 3550 corpus
3354 3479 3564 3536 Christi
3605 3481 3747 3536 sunt.

2157 3564 2310 3622 Sicut
2337 3567 2480 3622 enim
2513 3567 2598 3621 illa
2647 3582 2776 3623 caro
2809 3583 3009 3638 corpus
3038 3569 3240 3626 Christi
3268 3580 3374 3636 est,
3407 3572 3483 3625 ita
3523 3573 3630 3627 iste
3657 3589 3749 3642 pa-

2154 3657 2242 3714 nis
2270 3658 2463 3712 transit
2491 3658 2546 3712 in
2575 3673 2772 3729 corpus
2804 3659 3032 3725 Christi,
3063 3677 3164 3714 nec
3199 3669 3329 3715 sunt
3359 3661 3467 3716 duo
3490 3672 3745 3734 corpora,

2156 3750 2251 3805 sed
2295 3765 2460 3804 unum
2491 3765 2710 3820 corpus.
2767 3750 3079 3805 Divinitatis
3111 3751 3256 3805 enim
3302 3750 3597 3821 plenitudo
3636 3759 3750 3824 quat

2154 3841 2257 3896 fuit
2283 3843 2334 3896 in
2377 3841 2487 3908 illo,
2521 3842 2694 3913 replet
2716 3851 2770 3896 et
2798 3843 2961 3897 istum
2992 3858 3219 3912 panem,
3253 3851 3308 3897 et
3346 3844 3462 3914 ipsa
3502 3840 3758 3900 divinitas

2156 3931 2321 3989 Verbi
2357 3949 2478 4004 quae
2517 3933 2705 4004 implet
2741 3930 2938 3989 coelum
2969 3941 3024 3988 et
3063 3942 3284 3999 terram,
3318 3943 3373 3990 et
3410 3937 3597 3990 omnia
3640 3943 3754 4006 quae

2156 4024 2213 4080 in
2244 4024 2326 4079 eis
2347 4033 2492 4090 sunt,
2525 4025 2639 4094 ipsa
2671 4021 2843 4095 replet
2865 4019 3063 4095 corpus
3086 4023 3308 4089 Christi,
3343 4026 3488 4095 quod
3520 4041 3549 4080 a
3573 4025 3758 4081 multis

2158 4115 2532 4171 sacerdotibus
2572 4130 2672 4185 per
2693 4111 3008 4172 universum
3034 4117 3244 4180 orbem]
3265 4117 3666 4198 sanctiﬁcatur,
3705 4127 3755 4173 et

2157 4208 2289 4263 facit
2314 4223 2480 4264 unum
2513 4223 2713 4279 corpus
2755 4208 2956 4264 Christi
2997 4224 3119 4264 esse
3151 4227 3163 4262 :
3197 4219 3252 4263 et
3281 4209 3423 4265 sicut
3459 4210 3558 4266 ille
3598 4203 3753 4281 panis

2156 4310 2212 4356 et
2239 4303 2458 4372 sanguis
2504 4301 2556 4356 in
2595 4317 2794 4371 corpus
2834 4301 3038 4359 Christi
3081 4311 3401 4369 transeunt,
3446 4303 3524 4358 ita
3569 4318 3755 4358 omnes

2155 4392 2246 4462 qui
2282 4392 2334 4447 in
2368 4383 2608 4448 Ecclesia
2633 4382 2793 4463 digne
2819 4390 3109 4447 comedunt
3155 4393 3316 4458 illud;
3358 4407 3530 4468 unum
3564 4409 3756 4464 corpus

2155 4485 2355 4540 Christi
2388 4494 2534 4550 sunt,
2559 4486 2698 4544 sicut
2724 4477 3005 4554 ipse-dicit
3043 4503 3055 4539 :
3087 4479 3192 4550 Qui
3223 4474 3513 4540 manduca!
3546 4473 3754 4540 carnem

2157 4593 2324 4631 meam
2352 4587 2397 4631 et
2430 4577 2554 4630 bibit
2599 4591 2772 4630 meum
2799 4577 3108 4655 sanguinem
3135 4579 3189 4631 in
3230 4593 3311 4631 me
3338 4586 3538 4642 manet,
3580 4587 3632 4629 et
3667 4593 3755 4646 ego

2159 4670 2211 4723 in
2232 4685 2291 4722 eo
2320 4668 2500 4739 (Joan.
2524 4651 2851 4738 v1)..'l'ameri
2880 4667 2970 4722 illa
2989 4651 3124 4724 caro
3162 4683 3327 4738 quam
3355 4670 3676 4738 assumpsit,
3703 4676 3753 4721 et

2159 4761 2261 4814 iste
2309 4761 2498 4831 panis,
2545 4759 2831 4828 omnisque
2880 4759 3157 4826 Ecclesia,
3222 4775 3328 4815 non
3394 4759 3608 4815 faciunt
3657 4761 3758 4814 tria

2161 4865 2387 4922 corpora
2420 4851 2657 4918 Christi,
2691 4851 2785 4907 sed
2808 4857 2975 4905 unum
3007 4856 3233 4922 corpus;
3263 4851 3608 4933 etlsicut'qui
3636 4868 3756 4906 eor-

2160 4945 2280 5016 pori
2309 4952 2363 4998 et
2391 4945 2636 5015 sanguini
2665 4943 2879 4999 Demini
2906 4932 3332 5012 communicant,
3358 4941 3528 4998 unum
3559 4932 3760 5015 corpus

2163 5053 2286 5092 cum
2313 5053 2379 5092 eo
2407 5036 2714 5092 eiii‘ciuntur
2744 5056 2756 5090 :
2797 5038 2878 5092 sic
2909 5045 2963 5092 et
3002 5037 3094 5106 qui
3127 5037 3534 5092 communicant
3577 5039 3754 5092 scien-

2166 5135 2249 5182 ter
2267 5126 2332 5181 de
2356 5125 2670 5197 idolothytis
2693 5143 2857 5182 mium
2880 5143 3002 5182 cum
3026 5127 3242 5182 diabolo
3261 5141 3461 5198 corpus
3479 5129 3755 5192 existunt;

2167 5235 2444 5289 omnesque
2487 5221 2577 5290 qui
2616 5219 2680 5273 de
2705 5236 2807 5274 uno
2833 5235 2988 5289 pane,
3023 5219 3076 5274 id
3124 5227 3208 5274 est
3246 5219 3312 5273 de
3361 5216 3469 5274 uno
3529 5216 3756 5290 corpore

2167 5309 2394 5375 Christi,
2424 5320 2470 5364 et
2498 5311 2566 5365 de
2585 5311 2774 5366 eodem
2798 5327 2900 5364 uno
2929 5310 3110 5375 calice,
3135 5310 3249 5364 sive
3276 5310 3570 5380 sanguine,
3592 5310 3758 5378 parti-

2171 5401 2434 5472 cipamus,
2464 5401 2515 5457 id
2535 5409 2617 5457 est
2642 5412 2823 5472 partes
2849 5401 3166 5472 accipimus,
3192 5417 3356 5456 unum
3379 5389 3574 5471 corpus
3595 5400 3756 5455 Chri-

2169 5494 2241 5550 sti
2266 5494 2549 5550 cilicimur.
3152 5517 3162 5525 -
3321 5485 3326 5488 ’

2252 5584 2451 5651 Videte,
2487 5586 2682 5656 inquit,
2714 5585 2779 5639 id
2821 5593 2923 5650 est,
2967 5586 3324 5651 considerate,
3360 5585 3532 5639 Israel
3574 5597 3764 5638 sec-una

2170 5683 2296 5736 dum
2321 5696 2550 5747 carnem,
2580 5681 2631 5736 id
2663 5689 2767 5748 est,
2791 5681 2915 5751 quia
2943 5680 3235 5735 carnaliter
3258 5679 3407 5742 vivit,
3431 5688 3486 5735 et
3511 5678 3764 5735 carnales

2173 5771 2382 5830 hostias
2409 5772 2587 5829 adhuc
2617 5771 2795 5829 oﬂ'ert.
2829 5771 2979 5828 Tunc
3011 5772 3271 5842 temporis
3297 5772 3509 5841 quando
3532 5767 3761 5842 Aposto-i

2172 5865 2256 5922 lus
2271 5865 2373 5921 ista
2389 5865 2733 5938 loquebatur,
2747 5865 2922 5922 adhuc
2939 5873 3058 5920 erat
3075 5863 3329 5935 templum
3348 5857 3756 5934 liiemsOlymis,
