3936 6438
176 413 274 470 5‘35

811 411 1177 471 EXPOSITIO
1214 415 1281 470 IN
1321 417 1467 473 EPP.
1510 422 1569 477 S.
1607 412 1838 476 PAULI.
1869 443 1941 454 —
1979 412 2047 468 1N
2085 411 2300 469 EPIS'I‘.
2340 412 2363 468 ι
2399 411 2492 467 AD
2527 409 2684 468 COR.
2750 414 2759 423 '

3337 398 3443 468 536

178 531 228 586 iu
256 541 362 599 quo
383 526 643 584 oﬂ‘erebat
662 528 834 584 Israel
858 530 1153 586 carnaliter
1174 531 1358 588 vivens
1384 534 1591 593 hostias
1620 537 1750 592 Deo.
1779 529 1834 592 Α
1858 529 2055 586 dicitur
2078 546 2109 584 a
2147 531 2451 596 mactanda,
2484 544 2549 585 eo
2587 528 2730 598 quod
2766 526 2835 582 ibi
2871 534 3180 581 mactantur
3218 541 3434 583 carnes.

176 618 456 676 Carnalem
482 628 662 675 autem
706 619 855 676 illum
885 622 1135 692 appellat,
1166 625 1290 693 quia
1317 626 1486 697 legem
1520 626 1754 683 carnali-

178 721 256 768 ter
299 710 515 767 volebat
548 712 841 767 observare
875 730 890 779 ;
942 713 1022 767 vel
1058 715 1126 769 ad
1172 714 1530 772 dill'erentiam
1589 717 1752 773 Israel

175 802 454 875 spiritalis,
482 803 577 873 qui
620 802 733 872 jam
758 814 971 860 veteres
1013 806 1235 861 umbras
1263 821 1369 861 non
1404 809 1749 877 sequebatur,

173 911 236 953 ex
263 895 417 967 cujus
445 909 674 950 numero
719 904 839 951 erat
884 896 1026 952 idem
1057 897 1367 967 Apostolus.
1417 898 1541 955 Vult
1570 907 1751 956 autem

174 988 457 1043 ostendere
501 986 824 1054 Corinthiis,
856 989 982 1059 quia
1027 990 1169 1046 sicut
1213 989 1289 1045 illi
1337 999 1495 1047 erant
1532 992 1665 1048 socii
1699 999 1755 1048 et

175 1078 462 1149 participes
489 1078 697 1145 altaris,
730 1079 821 1151 qui
849 1080 1205 1137 comedebant
1241 1096 1305 1136 ea
1354 1097 1474 1153 quae
1511 1082 1565 1137 in
1595 1081 1752 1137 altari

175 1168 557 1236 atterebantur,
583 1170 656 1226 ita
689 1179 747 1227 et
772 1171 863 1226 isti
891 1171 1156 1227 Corinthii
1193 1173 1537 1229 comedentos
1562 1188 1753 1228 earncs

174 1263 524 1334 idolothytas,
554 1264 689 1320 socii
715 1273 872 1320 erant
894 1265 1305 1322 dtcmoniorum.
1328 1263 1481 1320 Unde
1498 1273 1553 1320 et
1574 1265 1754 1334 sequi-

174 1365 257 1409 tur
285 1369 301 1409 :
351 1355 541 1411 Nonne
559 1358 651 1424 qui
674 1356 834 1412 edunt
860 1358 1080 1425 hostias,
1120 1358 1381 1413 subaudis
1405 1357 1751 1414 victimarum

174 1444 222 1499 in
261 1443 405 1515 lege,
432 1445 714 1517 participes
743 1456 862 1500 sunt
906 1446 1131 1501 altaris?
1166 1446 1306 1503 Sunt
1342 1447 1551 1518 utique.
1584 1448 1659 1503 ita
1699 1456 1754 1503 et

173 1553 262 1591 vos
307 1536 402 1608 qui
434 1537 595 1593 editis
622 1538 677 1592 in
723 1537 887 1594 idolio
928 1554 1122 1595 carnes
1177 1539 1336 1595 idolis
1384 1547 1749 1604 consecratas,

170 1629 461 1699 participes
483 1629 617 1688 estis
647 1630 937 1686 idolorum.

236 1719 383 1787 Quid
404 1736 531 1791 ergo
546 1721 572 1775 ?
592 1721 712 1776 dico
734 1722 873 1793 quod
895 1723 1051 1778 idolis
1076 1720 1405 1778 immolatum
1436 1726 1502 1778 sit
1526 1723 1749 1795 aliquid,

166 1820 252 1864 aut
279 1810 424 1881 quod
448 1810 647 1865 idolum
681 1812 748 1866 sit
775 1811 1019 1883 aliquid?
1042 1813 1159 1868 Non
1189 1814 1291 1869 hoc
1320 1814 1442 1870 dico
1479 1816 1623 1885 quod
1650 1814 1752 1869 alié-

1800 667 1811 677 ,
1854 621 1982 679 Ideo
2016 632 2198 679 autem
2244 622 2533 694 Apostolus
2559 619 2855 691 prohibuit,
2887 627 2948 673 ut
2974 634 3083 690 non
3133 619 3435 690 interroga-

1853 722 1979 772 rent
2012 714 2217 784 aliquid
2245 714 2312 769 de
2352 712 2629 776 carnibus,
2669 719 2850 766 utrum
2880 718 3213 765 consecrata:
3256 718 3441 765 essent

1855 805 2012 862 idolis
2059 820 2255 872 necne,
2280 804 2407 875 quia
2454 802 2502 859 si
2548 802 2962 873 interrogarent,
2996 801 3206 855 diceret
3234 799 3321 855 illc
3350 802 3437 855 in-

1855 896 2105 953 sultando
2152 905 2210 951 et
2270 893 2567 951 deridendo
2625 893 2717 962 qui
2777 893 3140 964 interrogatus
3198 890 3374 946 fuerat
3423 905 3441 945 :

1855 991 2055 1049 Omnes
2085 993 2202 1048 istae
2239 1004 2432 1047 carnes
2484 1005 2618 1061 quas
2656 990 2880 1045 cernitis
2918 990 2971 1044 in
3001 989 3247 1053 macello,
3282 989 3441 1045 idolis

1855 1083 2114 1140 dedicata:
2161 1092 2307 1139 sunt.
2361 1084 2419 1139 Si
2482 1082 2674 1152 aliquis
2733 1081 2970 1137 fidelium
3034 1083 3146 1137 hcce
3212 1084 3443 1139 audiens

1852 1186 2043 1247 postea
2080 1162 2308 1241 emeret,
2358 1174 2628 1231 derideret
2649 1190 2772 1230 eum
2813 1174 2902 1229 ille
2954 1188 3197 1245 paganus
3246 1175 3300 1229 in
3342 1191 3437 1230 sua

1854 1274 2035 1323 mente
2073 1278 2130 1323 et
2175 1267 2530 1331 conscientia,
2569 1267 2794 1322 dicens:
2835 1264 2993 1332 Ecce,
3035 1265 3162 1335 quid
3194 1264 3319 1321 fecit
3352 1266 3440 1321 ille

1851 1357 2217 1424 Christianus,
2261 1359 2352 1429 qui
2388 1373 2474 1414 me
2501 1342 2823 1429 prohibebat
2849 1354 3044 1412 offerre
3075 1354 3232 1412 idolis
3277 1356 3437 1410 victi-

1853 1465 1972 1504 mas
2016 1449 2171 1521 quasi
2198 1449 2417 1514 malum,
2462 1449 2622 1504 modo
2656 1448 2789 1504 emit
2838 1462 3034 1504 carnes
3091 1455 3448 1503 consecratas

1855 1542 2029 1608 idolis,
2060 1550 2115 1597 et
2141 1541 2375 1597 comedit
2400 1549 2459 1596 ut
2485 1549 2720 1597 sanctas.
2757 1539 2870 1595 Nisi
2902 1539 3102 1608 aliquid
3127 1538 3363 1594 numinis
3383 1539 3442 1594 in

1854 1634 2014 1691 idolis
2049 1644 2422 1707 cognosceret,
2459 1648 2799 1705 nequaquam
2847 1632 2949 1687 hoc
3000 1638 3200 1702 ageret.
3254 1630 3440 1699 Quan-

1852 1726 1943 1781 diu
1995 1725 2122 1780 talia
2167 1726 2355 1781 videro
2407 1741 2533 1782 eunt
2586 1725 2913 1789 facientem,
2945 1738 3053 1779 non
3086 1722 3329 1778 transibo
3372 1723 3441 1775 ad

1853 1816 2352 1872 Christianismum.

166 1899 290 1962 quid
322 1898 415 1967 sit,
451 1901 579 1970 quia
626 1899 826 1955 idolum
868 1901 1000 1956 nihil
1039 1911 1143 1969 est,
1187 1912 1243 1957 et
1270 1904 1413 1974 quod
1451 1905 1499 1959 ei
1526 1904 1751 1960 oﬁ'ertur
1786 1886 1831 1949 Β
1928 1904 1987 1961 Si
2011 1908 2127 1977 quis
2166 1907 2458 1977 inﬁdelium
2491 1917 2639 1963 vacat
2684 1924 2785 1972 vos,
2822 1907 2889 1962 ad
2933 1920 3167 1971 coenam,
3199 1914 3247 1958 et
3284 1904 3441 1958 cultis

168 1988 297 2042 nihil
335 1998 437 2043 est.
464 1988 739 2061 Quidquid
767 1991 820 2044 in
853 1990 942 2045 illo
972 2005 1080 2046 non
1107 2001 1209 2056 est,
1234 1992 1320 2046 vel
1342 1992 1414 2048 illi
1441 2009 1545 2047 non
1574 1994 1755 2049 adita:-

165 2088 246 2135 ret
267 2081 365 2151 qui
394 2082 556 2137 habet
580 2097 726 2148 esse,
748 2083 882 2137 nihil
907 2092 1011 2137 est.
1039 2083 1098 2139 In
1131 2084 1233 2139 hoc
1257 2082 1459 2140 idolum
1484 2083 1617 2139 nihil
1647 2093 1750 2152 est,

163 2172 288 2239 quia
338 2172 502 2227 habet
549 2166 842 2245 imaginem
890 2174 1144 2240 hominis,
1194 2175 1289 2231 sed
1311 2191 1420 2231 non
1452 2186 1536 2233 est
1564 2177 1751 2244 homo,

162 2262 289 2330 quia
348 2277 523 2334 neque
570 2280 788 2321 sensum
839 2280 1015 2336 neque
1044 2276 1247 2321 motum
1278 2268 1480 2324 habet:
1513 2269 1600 2323 vel
1627 2269 1753 2338 quia

162 2352 369 2409 dicitur
391 2354 547 2422 deus,
574 2365 629 2411 et
660 2372 766 2412 non
794 2367 880 2412 est
908 2357 1073 2424 deus;
1103 2358 1301 2413 dicitur
1327 2344 1584 2421 Hercules
1610 2375 1753 2427 esse,

165 2445 259 2500 sed
304 2460 415 2500 non
446 2454 549 2501 est.
582 2446 651 2502 Et
692 2448 835 2503 sicut
862 2448 1061 2507 idolum
1094 2449 1227 2504 nihil
1257 2441 1361 2518 est,
1390 2451 1464 2505 ita
1490 2452 1635 2522 quod
1679 2452 1759 2507 illi

160 2538 480 2595 immolatur
503 2539 639 2595 nihil
669 2549 774 2596 est.

172 2664 183 2679 .
233 2626 382 2683 Nolo
425 2639 602 2684 autem
634 2647 721 2686 ros
773 2632 941 2687 socios
1001 2633 1120 2702 ﬁeri
1157 2634 1557 2688 dwmoniorum.
1605 2634 1756 2691 Tunc

164 2722 372 2779 ﬁebant
413 2726 547 2781 socii
571 2724 985 2794 dmmortiorum,
1015 2728 1233 2799 quando
1252 2728 1611 2784 comedebant
1641 2729 1755 2783 ido-

162 2813 395 2886 lothyta,
430 2823 484 2871 et
535 2817 755 2887 quando
797 2818 1131 2874 voluntatem
1176 2818 1390 2874 illorum
1437 2819 1751 2888 implebant.

164 2904 286 2961 Non
338 2907 551 2976 potestis
579 2907 821 2974 calicem,
866 2908 917 2962 id
946 2916 1030 2963 est
1056 2908 1394 2978 sanguinem,
1427 2907 1639 2963 Domini
1679 2910 1756 2962 bi-

1854 1996 1952 2061 ire,
1980 1996 2236 2051 subaudis
2262 1997 2327 2051 ad
2353 1997 2570 2052 domum
2599 1995 2734 2065 ejus.
2772 1995 2888 2051 Non
2912 1994 3172 2066 prmcepit
3203 1994 3305 2060 ire,
3336 2010 3442 2050 nec

1855 2086 2157 2156 prohibuit,
2196 2087 2292 2143 sed
2333 2088 2583 2157 prmstitit
2629 2087 2921 2143 licentiam.
2950 2085 3120 2141 Coena
3158 2092 3382 2140 vocatur
3409 2102 3440 2139 a

1855 2176 2235 2231 communione
2276 2177 2637 2241 vescentium,
2690 2175 2867 2246 quasi,
2924 2188 3210 2229 commune
3257 2173 3444 2227 eonvi-

1856 2265 2022 2330 vium,
2073 2272 2129 2320 et
2180 2266 2484 2323 communis
2515 2279 2641 2321 esca
2683 2266 2798 2320 sive
2836 2263 3079 2320 refectio.
3140 2264 3316 2320 [οινόν
3361 2264 3444 2319 di-

1855 2364 1985 2412 cunt
2034 2355 2208 2412 Grmci
2241 2371 2547 2412 commune.
2582 2355 2735 2413 Unde
2760 2363 2815 2412 et
2842 2354 3307 2411 communicantes
3358 2354 3439 2410 di-

1856 2456 2070 2516 cuntur,
2098 2464 2164 2505 eo
2196 2451 2341 2520 quod
2370 2450 2749 2517 communiter,
2781 2449 2835 2504 id
2867 2457 2949 2504 est
3000 2447 3226 2518 pariter,
3262 2461 3443 2518 come-
3514 2476 3521 2521 ε

1857 2540 2076 2597 debant.
2135 2539 2289 2610 Apud
2316 2548 2531 2596 veteres
2573 2541 2717 2595 enim
2770 2542 3103 2596 consuetudo
3151 2548 3271 2594 erat
3308 2541 3441 2603 hora
3512 2556 3521 2563 κ

1857 2646 1996 2688 nona
2025 2645 2264 2698 camare,
2306 2646 2413 2687 non
2462 2631 2515 2686 in
2546 2631 2881 2696 abscondito,
2916 2632 3009 2685 sed
3050 2631 3104 2685 in
3134 2629 3441 2701 propatulo,

1857 2736 1925 2777 ne
1952 2721 2298 2791 singularitas
2327 2721 2597 2775 luxuriam
2627 2721 2890 2792 gigneret.

1928 2810 1988 2865 Si
2016 2813 2131 2880 quis
2183 2819 2357 2865 autent
2386 2809 2616 2865 dixerit:
2648 2809 2762 2863 Hoc
2806 2807 3134 2863 immolatum
3157 2817 3231 2861 est
3262 2806 3440 2872 idolis,

1860 2899 1913 2954 id
1959 2909 2043 2955 est
2100 2899 2257 2953 idolis
2302 2907 2386 2955 est
2439 2907 2847 2963 consecratum,
2914 2898 3073 2953 nolite
3123 2898 3445 2953 manducare

160 2994 299 3062 ιιι-ε,
352 2996 610 3052 subaudis
640 3006 787 3053 recte
825 2998 969 3054 sicut
1017 2998 1285 3053 bibendus
1318 3005 1426 3065 est,
1453 3007 1501 3052 ει
1536 2997 1754 3052 calicem
1856 2999 2067 3060 propter
2086 2991 2459 3045 conscientiam
2483 2991 2703 3044 alterius
2729 2990 2819 3060 qui
2836 2989 3097 3058 judicavit
3127 2999 3180 3045 et
3205 2989 3441 3044 circnma

158 3088 573 3155 da’mom'orum.
609 3089 662 3144 id
687 3097 792 3155 est,
813 3090 1056 3159 corporis
1086 3088 1300 3144 Domini
1323 3089 1601 3160 participes
1621 3104 1753 3154 esse,
1858 3080 2140 3147 stantium,
2168 3096 2235 3136 ne
2276 3097 2371 3137 vos
2395 3082 2702 3149 derideant,
2729 3083 2868 3138 sicut
2893 3098 3059 3152 supra
3094 3082 3297 3137 dictum
3338 3092 3441 3137 est.

162 3186 338 3242 recte,
370 3184 418 3231 et
446 3193 638 3233 mensa:
669 3179 1070 3245 dwmoniorum,
1099 3181 1189 3249 qui
1220 3178 1376 3235 idolis
1399 3178 1600 3233 libatis.
1631 3177 1746 3233 Non
1796 3245 1824 3249 _
1862 3170 1927 3226 Ut
1958 3172 2085 3244 quid
2114 3174 2253 3228 enim
2285 3173 2497 3227 libertas
2554 3189 2690 3239 mea,
2728 3189 2833 3244 qua
2878 3174 3039 3228 credo
3094 3174 3274 3228 omnia
3323 3188 3444 3228 esse

161 3270 400 3342 potestis
431 3285 630 3327 mensae
656 3272 1044 3328 dmmoniorum
1089 3245 1239 3328 cibos
1272 3270 1572 3326 comedere.
1601 3267 1754 3324 Sicut
1780 3245 1826 3309 (ἶ
1858 3263 2076 3327 munda,
2119 3263 2418 3334 judicatur,
2468 3264 2521 3319 id
2573 3273 2657 3320 est
2684 3264 3113 3336 reprehenditur,
3166 3265 3230 3319 ab
3271 3265 3444 3320 aliena

162 3377 271 3418 non
310 3363 541 3433 potestis
576 3371 728 3419 recte
764 3364 972 3420 duobus
1015 3363 1249 3420 dominis
1278 3361 1503 3427 servire,
1536 3362 1615 3416 sic
1649 3377 1755 3417 non
1856 3356 2197 3421 conscientia,
2231 3355 2283 3411 id
2304 3365 2388 3412 est
2414 3375 2427 3412 :
2456 3357 2501 3412 si
2531 3371 2632 3426 ego
2655 3357 2922 3412 manduco
2943 3357 3145 3424 omnia,
3167 3358 3296 3429 quid
3322 3352 3469 3427 ρει-α’

162 3454 398 3523 potestis
420 3464 710 3524 utrumque
731 3465 878 3511 recte
905 3470 1097 3526 agere,
1138 3462 1193 3511 et
1214 3454 1427 3511 diabolo
1452 3454 1675 3520 servire,
1701 3463 1756 3509 et
1856 3446 1995 3501 tinet
2023 3447 2089 3501 ad
2116 3445 2350 3519 aliquem
2387 3455 2447 3502 ut
2478 3462 2563 3504 me
2586 3447 2969 3519 reprehendat,
3008 3447 3093 3502 vel
3122 3447 3252 3517 quid
3289 3456 3448 3503 nocet

160 3544 388 3599 Christo
414 3544 648 3615 placere,
675 3554 731 3601 et
755 3562 954 3616 corpus
984 3544 1100 3615 ejus
1129 3548 1287 3618 digne
1316 3561 1551 3601 sumere.

1865 3533 1974 3603 ejus
1996 3536 2389 3605 reprehensio?

232 3635 323 3688 An
351 3633 668 3688 temulantur
696 3635 1022 3691 Demittunt?
1053 3636 1233 3708 jungit
1272 3651 1332 3690 se
1356 3634 1670 3702 Corinthiis,
1701 3644 1757 3692 et
1930 3627 1992 3683 Si
2029 3645 2150 3699 ergo
2180 3645 2297 3683 cum
2325 3631 2517 3700 gratia,
2549 3629 2807 3687 subaudis
2854 3632 2970 3696 Dei,
3012 3632 3295 3703 ρανιὶσὶρο,
3331 3631 3448 3687 sive

160 3727 415 3800 loquitur
456 3742 525 3783 ex
567 3743 799 3798 persona
823 3730 1034 3785 illorum
1058 3732 1149 3801 qui
1180 3731 1434 3785 dicebant
1466 3748 1477 3783 :
1504 3728 1757 3800 Nunquid
1856 3719 2155 3786 manduco,
2190 3722 2315 3790 quid
2346 3722 2675 3793 blasphemor
2707 3741 2802 3793 pro
2846 3741 2905 3778 eo
2951 3725 3092 3795 quod
3118 3726 3317 3795 gratias
3347 3741 3447 3795 ago

160 3835 274 3875 non
299 3819 580 3875 miramur
604 3820 928 3874 Dominum?
954 3820 1011 3874 ιιι
1040 3821 1143 3874 hoc
1162 3832 1293 3889 ergo
1316 3819 1458 3888 quod
1481 3821 1759 3888 pergimus
1861 3810 2003 3864 Deo?
2029 3810 2101 3865 Ex
2128 3826 2357 3880 persona
2381 3812 2592 3868 illorum
2614 3814 2877 3885 loquitur,
2900 3816 2991 3885 qui
3017 3817 3144 3871 talia
3169 3816 3446 3881 dicebant,

160 3912 234 3966 ad
270 3910 524 3981 exempla
553 3910 840 3973 idolorum,
871 3920 925 3964 et
957 3910 1293 3966 comedimus
1317 3910 1389 3963 ibi
1416 3925 1536 3964 cum
1566 3909 1759 3963 inlide-

160 4005 333 4071 libus,
363 4019 501 4075 quos
527 4004 773 4059 volumus
801 4004 1003 4059 lucrari
1043 4004 1110 4058 ad
1137 4002 1439 4068 Christum,
1480 4002 1759 4056 imitamur

157 4098 485 4161 Dominum,
517 4095 609 4165 qui
641 4095 708 4149 ad
756 4095 945 4151 domos
981 4094 1390 4165 publicanorum
1422 4104 1478 4148 et
1500 4099 1759 4163 peccato-

158 4204 295 4245 rum
329 4187 600 4252 veniebat,
633 4195 692 4242 ut
712 4188 1054 4243 occasionem
1081 4186 1304 4242 haberet
1334 4185 1579 4241 docendi.
1605 4183 1759 4239 Nun-

155 4278 299 4351 quid
352 4278 596 4348 fortiores
642 4277 736 4332 illo
773 4278 994 4332 sumus?
1022 4276 1187 4345 Quasi
1234 4277 1475 4333 diceret:
1508 4275 1757 4347 Nunquid

159 4372 431 4428 fortiores
477 4371 568 4427 illo
593 4371 728 4428 estis
770 4372 823 4426 in
854 4373 954 4428 hac
990 4371 1178 4441 parte?
1220 4370 1336 4426 Non
1379 4370 1529 4426 estis.
1572 4369 1627 4425 ln
1656 4369 1759 4425 hoc

158 4463 430 4520 volebant
458 4460 711 4518 fortiores
750 4477 869 4518 esse
894 4462 1131 4527 Christo,
1165 4461 1290 4533 quia
1319 4460 1571 4517 volebant
1598 4475 1758 4531 agere

159 4557 320 4630 quod
352 4557 467 4628 ipse
495 4572 603 4612 non
626 4556 776 4612 fecit.
813 4557 889 4613 Illi
919 4557 1064 4612 enim
1090 4557 1241 4612 ibant
1268 4556 1336 4612 ad
1367 4556 1555 4612 domos
1589 4570 1755 4627 paga-

160 4663 390 4714 norum,
419 4646 694 4703 Christum
721 4663 824 4703 non
856 4647 1082 4718 legimus
1107 4647 1415 4717 porrexisse
1449 4647 1515 4701 ad
1537 4645 1757 4701 domum

160 4738 403 4809 alicujus
428 4740 661 4811 gentilis.
693 4739 918 4803 Omnia,
948 4740 1203 4796 subaudis
1224 4739 1505 4804 alimenta,
1536 4738 1671 4792 mihi
1696 4736 1759 4791 li-

159 4842 255 4890 cet
281 4832 448 4889 edere
479 4833 776 4889 secundum
823 4841 1094 4898 naturam,
1123 4833 1219 4889 sed
1246 4847 1356 4889 non
1382 4830 1566 4888 omnia
1596 4845 1758 4901 expe-

158 4923 348 4989 diunt,
378 4924 429 4978 id
456 4932 561 4990 est,
589 4938 693 4980 non
722 4924 903 4979 omnia
935 4932 1061 4979 sunt
1087 4924 1256 4979 utilia.

238 5014 441 5071 Omnia
474 5017 603 5070 mihi
627 5016 805 5083 licent,
837 5016 928 5070 sed
960 5033 1064 5070 non
1095 5017 1272 5070 omnia
1295 5017 1585 5086 a’diﬁcanl,
1628 5019 1787 5105 alios.

160 5109 219 5163 in
272 5105 397 5170 fide,
439 5108 533 5163 sed
576 5108 757 5179 potius
781 5109 1067 5164 destruunt
1091 5108 1366 5179 simplices
1396 5126 1491 5180 per
1518 5112 1749 5166 scanda-

158 5199 302 5255 lum.

239 5294 420 5350 Nemo
446 5295 587 5366 quod
627 5311 779 5350 suum
809 5305 885 5351 cst
926 5295 1305 5352 tantummodo
1328 5304 1552 5365 quierat,
1579 5295 1633 5350 in
1659 5296 1762 5352 hac

160 5395 333 5458 parte
362 5388 696 5444 comedenda
735 5389 947 5455 omnia,
998 5390 1088 5444 sed
1131 5389 1270 5460 quod
1296 5387 1546 5455 alterius,
1585 5388 1640 5445 id
1679 5398 1764 5445 est

160 5480 318 5552 quod
368 5479 789 5551 simplicioribus
820 5479 1038 5553 prodest
1087 5498 1101 5536 :
1152 5481 1295 5538 sicut
1349 5478 1603 5538 Christus
1652 5496 1761 5538 non

161 5572 426 5644 quresivit
447 5588 563 5639 sua,
591 5573 686 5629 sed
723 5584 929 5630 nostra.
1678 5578 1683 5583 “

238 5662 417 5720 Omne
439 5665 577 5737 quod
616 5666 669 5719 in
710 5665 949 5733 macello,
997 5667 1052 5723 id
1092 5674 1175 5724 est
1214 5668 1269 5723 in
1298 5673 1562 5734 mercato,
1600 5667 1761 5732 venit,

161 5757 288 5815 sive
316 5758 589 5823 venditur,
620 5759 958 5827 manducate,
991 5759 1122 5815 nihil
1146 5762 1525 5832 interrogantes
1553 5769 1762 5832 propter

162 5849 548 5909 conscientiam
585 5851 728 5909 illius
760 5866 921 5924 quem
951 5851 1436 5925 interrogaveritis.
1476 5850 1762 5911 Maccllum

1859 3900 2015 3969 quasi
2060 3899 2410 3973 subjungeret
2436 3902 2725 3973 Apostolus
2761 3922 2773 3957 :
2822 3904 2939 3959 Non
2969 3904 3177 3959 debetis
3228 3907 3331 3960 hoc
3361 3906 3446 3961 di—

1860 4003 2005 4054 cere,
2038 3990 2163 4045 lieet
2200 3992 2555 4049 sanctillcetis
2592 3993 2723 4047 illud
2750 3995 2892 4064 quod
2930 3994 3144 4049 sumitis
3172 3996 3448 4065 signaculo

1859 4078 2059 4143 crucis,
2091 4089 2146 4135 et
2175 4080 2515 4138 invocatione
2555 4084 2792 4140 nominis
2824 4085 3039 4140 Domini
3078 4103 3091 4139 :
3129 4092 3311 4141 tamen
3338 4101 3449 4141 non

1862 4170 1981 4226 ideo
2037 4171 2244 4228 debetis
2284 4174 2589 4239 comedere,
2634 4176 2761 4245 quia
2812 4176 3220 4246 blasphematur
3249 4179 3451 4235 exinde

1860 4277 2055 4320 nomen
2085 4264 2316 4329 Domini,
2352 4273 2407 4321 et
2428 4281 2524 4322 vos
2547 4267 3017 4337 blasphemamini.

1934 4372 2124 4428 Omnia
2156 4376 2211 4429 in
2233 4375 2453 4447 gloriam
2490 4376 2582 4432 Dei
2610 4377 2789 4446 facile,
2822 4378 2873 4432 id
2911 4386 2993 4433 est
3020 4378 3072 4433 in
3104 4379 3448 4435 invocatione

1862 4467 2098 4522 nominis
2129 4467 2244 4532 Dei,
2276 4476 2331 4523 et
2360 4484 2483 4524 cum
2514 4470 2821 4537 honestate,
2852 4483 2911 4526 ut
2939 4472 3079 4526 Deus
3120 4472 3453 4542 gloriﬁcetur

1862 4572 1958 4630 per
2010 4575 2124 4615 vos.
2167 4560 2421 4631 Legimus
2467 4563 2702 4631 quodam
2753 4563 2911 4629 loco,
2963 4562 3105 4633 quod
3142 4578 3265 4619 cum
3319 4578 3452 4634 quo.-

1866 4651 1986 4706 dam
2030 4660 2273 4722 tempore
2320 4652 2539 4722 quidam
2587 4654 2880 4710 humuncio
2910 4670 3009 4725 pro
3040 4655 3201 4711 nimia
3234 4654 3453 4710 tristitia

1865 4743 2123 4799 voluisset
2166 4760 2225 4799 se
2264 4744 2458 4815 laqueo
2491 4743 2842 4816 suspendere,
2896 4755 2951 4802 et
2982 4746 3209 4802 dixisset
3239 4764 3253 4802 :
3282 4747 3450 4813 Deus,

1867 4835 2058 4905 adjuva
2104 4852 2209 4902 me,
2253 4838 2396 4907 quod
2438 4839 2662 4894 verbum
2704 4854 2919 4911 semper
2947 4840 3000 4894 in
3046 4856 3144 4895 usu
3197 4841 3453 4906 habebat,

1870 4925 2043 4981 astitit
2078 4925 2268 4982 beatus
2302 4927 2501 4982 Paulus
2549 4928 2855 4999 apostolus,
2893 4928 3146 4999 inquiens
3182 4949 3193 4983 :
3230 4929 3451 4994 Infelix,

1869 5016 2213 5086 temetipsum
2236 5016 2529 5088 illaqueare
2554 5019 2635 5073 vis
2660 5028 2714 5073 et
2745 5034 2940 5074 nomen
2967 5020 3177 5074 Domini
3204 5020 3460 5074 invocare

1869 5107 2187 5178 praesumis?
2218 5106 2323 5163 Sed
2372 5108 2501 5163 illud
2554 5109 2679 5179 quia
2720 5110 3004 5173 invocasti,
3056 5119 3174 5164 esto
3227 5108 3361 5164 liber
3392 5108 3459 5163 ab

1871 5198 1973 5253 hac
1997 5197 2213 5254 tristitia
2246 5208 2299 5255 et
2340 5210 2512 5256 morte
2535 5201 2812 5273 pncscnti,
2841 5202 2966 5271 quia
2988 5202 3169 5257 omnia
3200 5216 3461 5273 prospere

1870 5290 1969 5346 tibi
2004 5290 2313 5348 succedent.

1941 5381 2066 5438 Sine
2094 5384 2401 5455 offensione,
2447 5387 2496 5439 id
2539 5395 2624 5440 est
2658 5387 2774 5442 sine
2800 5386 3059 5443 seandalo
3085 5394 3139 5441 et
3168 5387 3460 5456 reprehen-

1871 5474 2225 5541 sionc,estote
2247 5474 2474 5544 Iudicis,
2506 5477 2597 5546 qni
2620 5477 2759 5532 idola
2780 5487 3159 5542 exsecrantur,
3195 5488 3242 5532 et
3292 5478 3457 5548 genti-

1774 5608 1779 5613 .
1871 5568 1988 5636 bus,
2021 5567 2267 5624 ﬁdelibus
2296 5579 2351 5624 et
2394 5571 2558 5625 etiam
2592 5570 2898 5626 infidelibus
2929 5585 2943 5624 :
2978 5569 3129 5625 Sicut
3173 5582 3218 5625 et
3243 5587 3337 5641 ego
3363 5587 3456 5641 per

1870 5665 2070 5727 omnia,
2120 5665 2377 5718 subaudis
2420 5679 2539 5733 qua:
2574 5663 2732 5727 facio,
2786 5663 3022 5719 omnibus
3057 5663 3258 5735 placeo.
3318 5662 3455 5720 Cum

1867 5753 2157 5826 Apostolus
2186 5754 2320 5809 alias
2342 5755 2486 5811 dii-at
2510 5774 2522 5807 :
2549 5753 2610 5812 Si
2635 5755 2931 5811 hominibus
2956 5753 3237 5826 placerem,
3261 5752 3459 5810 Christi

1868 5863 2046 5931 servus
2088 5864 2191 5905 non
2232 5864 2392 5905 essem
2442 5845 2584 5922 (Gal.
2617 5846 2683 5920 ι),
2745 5847 3095 5919 quzerendum
3151 5855 3235 5906 est
3286 5860 3456 5919 quare
