3936 6452
445 415 551 475 567

821 421 824 425 ’
912 407 1267 468 HAYMONlS
1306 404 1792 468 HALBERSTAT.
1833 403 2049 461 EPISC.
2091 402 2245 461 OPP.
2285 403 2474 462 PARS
2506 405 2549 461 l.
2581 435 2652 449 --
2689 401 3051 460 COMMENT.
3088 401 3264 471 BIBL.

3628 404 3736 463 5%

446 531 614 589 modo
644 528 737 585 hic
765 527 910 584 dicat
936 538 997 583 se
1031 525 1282 581 omnibus
1328 523 1625 595 peremnia
1665 522 1918 594 placere?
1946 521 2028 577 Ad
2057 521 2387 593 Aproﬂuxit
2431 543 2449 580 ι
2478 524 2648 591 gloria
2674 538 2891 595 quoque
2941 523 3037 580 Dei
3075 532 3178 590 est,
3217 524 3345 595 quia
3392 523 3736 595 gloriﬁcatur

450 624 598 697 quod
623 622 929 686 dicendum,
954 618 1081 690 quia
1107 619 1200 673 ubi
1236 618 1389 683 dicit,
1426 618 1471 673 si
1504 617 1815 673 hominibus
1855 616 2033 685 place-

450 731 593 782 rem,
621 714 872 771 homines
913 712 985 768 ibi
1013 709 1182 766 voluit
1212 709 1437 781 intelligi
1476 708 1787 773 haereticos,
1820 706 2034 762 Judaeos

450 805 760 862 incredulos
776 844 791 869 ,
820 817 1062 875 paganos
1096 809 1153 857 et
1177 812 1575 872 persecutores.
1612 799 1712 855 Hic
1737 807 1917 853 autem
1941 799 2033 855 ubi

445 895 600 964 dicit,
620 896 877 954 omnibus
900 909 959 950 se
978 893 1211 964 placere,
1243 891 1667 948 subaudiendum
1696 899 1782 946 est
1799 890 2036 946 boniset

446 986 718 1059 religiosis
741 985 891 1040 viris.
917 983 977 1039 Si
1016 982 1346 1046 hominibus,
1371 981 1566 1050 inquit,
1592 979 1903 1036 infidelibus
1920 980 2034 1050 pla-

447 1092 649 1143 cerem,
673 1075 876 1132 Neroni
922 1072 1148 1136 scilicet,
1178 1071 1467 1136 htereticis,
1494 1069 1693 1126 Iudaeis
1717 1070 2030 1138 incredulis,

446 1175 504 1223 et
548 1166 1011 1239 persecutoribus,
1067 1163 1291 1220 Christi,
1312 1178 1503 1218 servus
1539 1177 1646 1217 non
1676 1176 1873 1229 essem,
1904 1163 2032 1233 quia

445 1257 729 1315 Christum
754 1269 1060 1328 negassem.
1094 1254 1301 1309 Tamen
1335 1252 1461 1309 licet
1489 1252 1595 1309 illis
1620 1268 1729 1309 non
1764 1253 2029 1323 placeam,

445 1349 762 1407 hominibus
825 1356 1006 1406 tamen
1045 1346 1203 1402 bonis
1238 1353 1295 1399 et
1332 1344 1600 1416 religiosis
1634 1345 1826 1415 placeo
1859 1363 1872 1398 :
1907 1342 2033 1399 Non

444 1456 687 1510 quarens
723 1438 863 1510 quod
887 1438 1016 1492 milii
1037 1435 1136 1491 soli
1169 1433 1297 1489 utile
1324 1443 1419 1500 est,
1451 1435 1578 1503 quia
1613 1434 2031 1504 non'accipioa

342 1516 343 1519 A
446 1528 602 1584 vobis
622 1528 828 1584 victum
850 1536 906 1582 ct
931 1526 1332 1591 vestimentum,
1353 1524 1444 1579 sed
1469 1525 1608 1598 quod
1624 1524 1821 1590 multis,
1847 1533 1903 1578 ut
1925 1523 2033 1579 sal-

445 1621 498 1674 vi
525 1621 679 1690 ﬁant.
729 1618 882 1675 Sicut
909 1618 1159 1676 Christus
1187 1634 1294 1675 non
1321 1620 1569 1696 quaesivit
1606 1635 1723 1686 sua,
1761 1619 1887 1688 quia
1932 1634 2031 1689 pro

445 1726 506 1767 se
528 1710 828 1782 ﬂagellatus
857 1726 964 1768 non
992 1719 1096 1777 est,
1127 1720 1442 1782 consputus,
1470 1728 1664 1783 passus
1687 1719 1743 1767 et
1764 1719 2029 1778 mortuus,

444 1822 548 1863 nec
587 1807 835 1877 quaesivit
863 1821 984 1872 sua,
1014 1807 1110 1863 sed
1162 1816 1385 1863 nostra:
1418 1806 1493 1860 ita
1518 1804 1720 1859 Paulus
1761 1819 1870 1859 non
1912 1810 2031 1857 erat

442 1900 664 1970 propria
705 1899 878 1955 salute
915 1906 1204 1956 contentus
1229 1939 1244 1966 ,
1277 1899 1402 1969 quia
1446 1911 1554 1952 non
1586 1895 1863 1965 quaerebat
1886 1892 2030 1965 quod

443 1989 546 2044 soli
574 1988 677 2045 sibi
718 1989 852 2044 utile
898 1996 1038 2054 erat,
1088 1989 1185 2043 sed
1233 1988 1377 2057 quod
1427 1987 1574 2052 aliis,
1606 1985 1878 2041 sustinens
1930 1998 2030 2055 pro

444 2080 680 2139 aliorum
724 2082 902 2140 salute
932 2081 1167 2139 libenter
1197 2079 1364 2138 multa
1392 2081 1620 2136 adversa
1654 2087 1708 2134 et
1736 2077 1959 2149 probra.

1058 2235 1285 2293 CAPUT
1336 2235 1428 2291 XI.

513 2344 817 2403 Imitatores
844 2348 943 2402 mei
978 2355 1160 2413 estote,
1199 2348 1331 2402 sicut
1361 2356 1410 2405 et
1440 2363 1533 2417 ego
1559 2346 1752 2401 Citriin
1777 2363 1792 2411 ;
1833 2345 1886 2401 id
1912 2353 2026 2412 est,

442 2436 588 2499 sicut
612 2452 712 2511 ego
734 2438 978 2492 imitator
1002 2436 1204 2492 Christi
1245 2452 1397 2502 sum,
1414 2452 1524 2491 non
1560 2451 1810 2504 quaerens
1830 2435 2031 2491 solum-

442 2529 606 2584 modo
634 2528 779 2599 quod
808 2528 942 2584 mihi
969 2526 1099 2582 utile
1126 2537 1230 2590 est,
1257 2527 1350 2582 sed
1370 2526 1515 2595 quod
1545 2525 1733 2581 alteri:
1758 2526 1833 2579 ita
1861 2534 1918 2581 et
1934 2541 2032 2583 vos

443 2636 534 2677 me
548 2620 856 2677 imitamini.
882 2620 1037 2676 Sicut
1055 2620 1200 2674 enim
1222 2620 1364 2675 Deus
1383 2619 1546 2674 Pater
1560 2617 1710 2673 misit
1728 2616 2026 2682 Christum,

443 2722 508 2768 ut
530 2713 756 2784 apostoli
800 2711 919 2781 ejus
947 2720 1130 2783 essent
1152 2711 1470 2775 imitatores,
1504 2710 1577 2764 ita
1607 2707 1858 2764 Christus
1883 2708 2034 2765 misit

447 2804 604 2860 nobis
628 2804 899 2875 apostolos
924 2813 984 2860 ut
1014 2818 1201 2858 eorum
1229 2803 1530 2858 imitatores
1554 2801 1745 2856 simus.

515 2896 702 2952 Laudo
729 2906 905 2953 autem
934 2913 1042 2963 vos,
1068 2897 1280 2967 fratres,
1309 2897 1449 2968 quod
1479 2913 1572 2967 per
1596 2896 1773 2950 omnia
1800 2896 1905 2950 mei
1924 2912 2032 2951 me—

443 3003 621 3042 mores
654 2988 793 3042 estis.
827 2987 1037 3043 lronice
1066 2986 1168 3042 ista
1199 2987 1333 3043 dicit
1361 2995 1451 3052 ;et
1475 2985 1619 3056 quod
1643 2985 1854 3041 videtur
1880 2985 2028 3041 θεητ-

438 3096 616 3147 mare,
642 3081 886 3152 increpat
909 3089 963 3136 et
986 3081 1233 3152 denegat,
1260 3080 1417 3151 quasi
1448 3080 1656 3136 diceret
1684 3095 1697 3132 :
1730 3079 1846 3134 Non
1871 3079 2029 3136 laudo

441 3187 561 3239 vos,
599 3173 731 3244 quia
761 3189 869 3229 non
918 3172 1052 3229 estis
1112 3172 1216 3228 mei
1256 3185 1547 3238 memores,
1597 3184 1773 3241 neque
1828 3170 2028 3226 tenetis

438 3274 714 3336 praecepta
740 3280 867 3335 quae
888 3265 1090 3321 tradidi
1118 3264 1293 3319 vobis.

416 3374 427 3382 ’
520 3355 654 3410 Volo
695 3364 871 3411 autem
895 3372 987 3410 vos
1022 3356 1156 3409 scire
1181 3355 1321 3425 quod
1356 3354 1523 3417 omnis
1559 3354 1658 3409 viri
1692 3361 1845 3424 caput
1869 3350 2026 3407 Clario

438 3455 555 3502 atus
608 3455 703 3500 est.
731 3444 922 3501 Omnis
949 3445 1049 3499 viri
1089 3452 1251 3514 caput
1276 3452 1360 3499 est
1382 3444 1651 3508 Christus,
1686 3443 1739 3497 id
1770 3450 1854 3497 est
1881 3442 2028 3512 prin-

442 3546 647 3609 cepset
663 3537 838 3607 origo,
867 3536 991 3606 quia
1014 3534 1197 3592 abillo
1219 3536 1310 3605 qui
1336 3544 1419 3591 est
1438 3534 1675 3590 Verbum
1703 3534 1797 3589 Dei
1826 3534 2027 3601 Patris,

442 3637 663 3687 creatus
704 3637 825 3695 est;
854 3636 909 3683 et
954 3642 1063 3683 non
1103 3627 1276 3683 solum
1319 3627 1617 3684 secundum
1655 3626 2024 3693 divinitatem,

443 3719 541 3776 sed
589 3718 755 3773 etiam
800 3717 1103 3774 secundum
1134 3717 1277 3787 quod
1327 3718 1491 3772 horno
1541 3724 1646 3781 est,
1705 3726 1760 3771 et
1808 3731 2027 3771 carnem

444 3820 688 3870 nostram
738 3812 1054 3882 assumpsit,
1086 3822 1252 3881 caput
1291 3818 1345 3866 et
1383 3811 1637 3880 princeps
1663 3817 1748 3865 est
1776 3808 2027 3865 omnibus

442 3904 774 3961 hominibus.
810 3903 978 3974 Caput
1023 3911 1196 3957 autem
1234 3901 1491 3966 mulieris,
1516 3902 1568 3955 id
1600 3909 1686 3956 est
1724 3900 1939 3955 initium
1974 3907 2030 3954 et

438 3995 696 4069 princeps
723 3994 989 4060 mulieris,
1030 3994 1114 4049 vir
1142 4002 1247 4061 est,
1276 3995 1407 4066 quia
1440 3995 1507 4050 de
1543 4000 1694 4051 costa
1741 3991 1859 4063 ejus
1885 3991 2027 4047 facta

438 4097 545 4158 est,
565 4097 623 4147 et
648 4088 767 4160 ejus
805 4088 1059 4159 potestati
1084 4088 1348 4159 subjecta.
1384 4086 1556 4159 Caput
1577 4103 1695 4143 vero
1719 4084 1936 4152 Christi,
1972 4085 2030 4142 id

437 4193 524 4242 est
559 4184 714 4256 origo
738 4192 798 4240 et
821 4183 1145 4255 principium
1177 4182 1343 4248 illius,
1381 4182 1524 4238 Deus
1567 4181 1732 4237 Pater
1770 4190 1872 4249 est,
1903 4181 2028 4251 quia

440 4278 510 4333 ab
537 4276 630 4333 illo
660 4277 823 4332 habet
843 4276 1106 4347 originem
1138 4281 1192 4330 et
1217 4274 1562 4346 principium,
1591 4282 1700 4328 tam
1734 4273 2028 4331 secundum

440 4368 781 4425 divinitatem
820 4384 981 4438 quam
1012 4367 1305 4422 secundum
1328 4368 1745 4422 immanitatem.

2059 1872 2105 1931 B

2137 613 2279 667 Deus
2317 628 2417 683 per
2453 613 2557 669 hoc
2603 612 2744 683 quod
2812 614 3089 669 hominem
3140 614 3523 670 rationabilem
3580 615 3730 672 fecit.

2134 703 2366 774 ideoque
2391 720 2498 759 non
2520 705 2681 761 debet
2701 705 2885 760 velare
2903 713 3093 775 caput,
3115 713 3176 759 ut
3194 706 3450 761 ostendat
3472 722 3582 761 non
3610 722 3735 763 esse

2135 796 2408 851 subditum
2431 795 2666 861 mulieri,
2699 794 2795 851 sed
2821 804 3152 867 potestatem
3172 796 3379 852 habere
3397 811 3567 866 super
3586 813 3730 854 eam.

2136 885 2329 942 Mulier
2357 895 2538 941 autem
2569 884 2812 954 subjecta
2850 893 2934 941 est
2959 887 3102 949 viro,
3132 886 3271 942 sicut
3301 887 3591 956 sequentia
3618 905 3733 944 ma-

2136 976 2395 1031 nilestant
2422 995 2434 1030 :
2468 976 2664 1031 Mulier
2687 985 2864 1031 autem
2887 976 3058 1048 gloria
3080 979 3180 1033 uiri
3219 991 3316 1045 est,
3344 978 3473 1048 quia
3511 994 3583 1034 ex
3616 981 3733 1050 ipso

2134 1068 2276 1125 facta
2296 1079 2381 1126 est
2407 1088 2419 1124 :
2448 1069 2532 1126 vel
2565 1070 2691 1141 quia
2714 1069 2958 1141 subjecta
2989 1078 3077 1127 est
3103 1072 3176 1138 ei,
3201 1079 3257 1128 et
3282 1072 3338 1127 in
3367 1072 3472 1128 hoc
3501 1072 3731 1144 gloriam

2136 1165 2300 1221 habet
2319 1166 2420 1221 vir.

2208 1257 2332 1312 Non
2351 1258 2489 1313 enim
2510 1259 2610 1325 vir,
2632 1260 2842 1330 primus
2862 1259 3059 1335 Adam,
3079 1275 3145 1315 ea:
3168 1258 3389 1314 muliere
3402 1269 3505 1323 est,
3527 1259 3732 1329 factus,

2132 1347 2224 1404 sed
2246 1347 2435 1402 mulier
2462 1365 2528 1404 ea:
2545 1350 2678 1404 viro.
2704 1349 2912 1406 Etenim
2942 1367 3049 1405 non
3067 1358 3148 1405 est
3169 1361 3377 1405 creatus
3402 1351 3505 1421 uir,
3533 1351 3727 1417 Adam,

2132 1447 2346 1509 propter
2369 1437 2643 1494 mulierem
2671 1480 2686 1506 ,
2719 1441 2844 1511 quia
2874 1442 3107 1497 necdum
3138 1448 3258 1496 erat
3289 1440 3490 1497 mulier
3520 1451 3732 1508 creata,

2132 1529 2224 1583 sed
2249 1528 2440 1584 mulier
2474 1540 2687 1601 propter
2732 1532 2924 1598 virum,
2982 1530 3039 1587 id
3086 1540 3171 1587 est
3198 1532 3267 1586 ad
3296 1532 3561 1588 auxilium
3605 1534 3730 1587 viri.

2133 1616 2287 1684 Ideo,
2332 1619 2592 1676 subaudis
2640 1628 2699 1675 ut
2732 1629 3085 1693 recognoscat
3140 1637 3201 1678 se
3238 1622 3441 1678 mulier
3488 1624 3593 1678 sub
3629 1625 3735 1679 viri

2131 1728 2252 1769 esse
2273 1722 2562 1785 potestate,
2596 1716 2743 1771 debet
2764 1716 2955 1772 mulier
2977 1715 3208 1772 velamen
3235 1718 3430 1773 habere
3457 1734 3620 1789 super
3646 1736 3737 1772 ea-

2130 1818 2222 1879 put
2257 1824 2409 1862 suum
2441 1817 2655 1879 propter
2704 1808 2934 1880 angelos.
2985 1808 3225 1880 Angelus
3277 1810 3491 1876 Graece,
3538 1810 3731 1866 Latine

2135 1897 2333 1954 dicitur
2358 1897 2599 1965 nuntius;
2624 1914 2732 1969 quo
2757 1899 3022 1956 vocabulo
3042 1899 3159 1954 vult
3177 1899 3469 1955 ostendere
3499 1900 3736 1970 Aposto-

2132 1986 2235 2054 lus,
2268 1987 2572 2058 episcopos,
2617 1987 2948 2056 sacerdotes,
2988 2001 3289 2057 omnesque
3317 1988 3545 2043 ordines
3589 1989 3728 2043 alta-

2134 2080 2231 2146 ris,
2260 2079 2352 2150 qui
2384 2079 2559 2150 angeli
2588 2079 2788 2135 debent
2807 2094 2926 2135 esse
2948 2079 3319 2135 annuntiando
3341 2080 3558 2150 populis
3603 2081 3735 2150 quin!

2135 2169 2365 2227 debeant
2389 2179 2579 2239 petere
2606 2176 2661 2225 et
2685 2169 2814 2240 quid
2850 2170 3045 2225 vitare.
3082 2170 3311 2240 Pwpter
3340 2170 3478 2225 istos
3508 2170 3732 2242 angelos

2135 2261 2335 2318 debent
2358 2260 2615 2317 mulieres
2642 2268 2849 2317 stantes
2876 2262 2928 2316 in
2951 2261 3182 2317 ecclesia
3209 2260 3384 2315 velata
3412 2260 3621 2315 habere
3641 2276 3734 2316 ca-

2133 2352 2272 2422 pita,
2310 2368 2381 2409 ne
2412 2352 2709 2422 respiciens
2749 2351 2948 2422 aliquis
2971 2352 3186 2407 illorum
3216 2352 3289 2406 ad
3328 2351 3613 2422 populum,
3640 2366 3732 2407 ca-

2133 2444 2318 2515 piatur
2343 2443 2412 2498 ad
2457 2458 2700 2498 amorem
2738 2443 3141 2513 pulchritudine
3176 2442 3411 2497 illarum.
3474 2443 3730 2498 Dicamus

2134 2541 2190 2589 et
2214 2531 2533 2601 aliterjuxta
2554 2532 2931 2604 Augustinum,
2955 2540 3011 2588 et
3034 2533 3142 2588 hoc
3164 2532 3309 2602 quod
3329 2531 3488 2597 dicit,
3510 2532 3599 2586 vir
3618 2547 3729 2587 non

2136 2625 2298 2691 debet
2320 2626 2504 2682 velare
2530 2633 2718 2695 caput,
2756 2625 3011 2695 quoniam
3048 2625 3227 2696 imago
3252 2633 3336 2679 est
3370 2624 3490 2690 Dei,
3533 2624 3733 2679 mulier

2135 2726 2318 2773 autem
2361 2717 2523 2773 debet
2554 2716 2735 2771 velare
2775 2725 2938 2787 caput
2978 2724 3198 2787 propter
3233 2715 3458 2787 angelos
3503 2715 3730 2771 :virou

2136 2810 2192 2867 in
2233 2810 2336 2864 hoc
2364 2810 2507 2877 loco,
2533 2824 2649 2865 uno.
2682 2810 2841 2865 modo
2867 2824 3156 2880 possumus
3185 2810 3495 2881 intelligere
3531 2823 3729 2880 quem,

2139 2902 2274 2957 libet
2298 2901 2740 2972 praedicatorem,
2767 2900 3091 2973 spiritalem,
3116 2910 3171 2957 et
3195 2901 3424 2957 viriliter
3453 2909 3726 2972 agentem,

2136 2992 2290 3063 cujus
2339 3000 2502 3064 caput
2531 3000 2617 3050 est
2660 2994 2775 3064 ipsa
2805 2993 2924 3062 ejus
2959 2992 3258 3064 sapientia;
3292 2992 3418 3062 quia
3458 2992 3607 3046 sicut
3642 3006 3731 3045 ca-

2133 3095 2233 3155 put
2283 3084 2423 3155 regit
2458 3092 2653 3139 caetera
2702 3083 2966 3151 membra,
3021 3085 3093 3140 ita
3139 3084 3230 3139 illa
3279 3084 3418 3155 regit
3464 3090 3731 3138 mentem.

2132 3174 2281 3231 Istud
2305 3183 2487 3245 caput,
2522 3176 2729 3233 scilicet
2758 3177 3078 3247 sapientiam
3107 3192 3213 3231 non
3244 3177 3413 3233 debet
3431 3176 3626 3232 velare
3650 3177 3734 3231 vir

2132 3265 2460 3338 prmdicator
2513 3265 2659 3331 talis,
2704 3266 2834 3336 quia
2873 3280 2982 3321 non
3038 3267 3201 3322 debet
3250 3267 3429 3322 celare
3480 3265 3638 3321 illam
3674 3273 3732 3320 et

2132 3356 2489 3422 abscondere,
2528 3355 2627 3411 sed
2660 3354 2783 3411 aliis
2825 3356 3207 3423 manifestare,
3236 3356 3498 3421 docendo,
3527 3356 3729 3427 praedi-

2132 3447 2325 3513 cando,
2353 3446 2618 3516 bonisque
2657 3446 2912 3517 operibus
2933 3446 3238 3503 inStstendo
3260 3447 3422 3502 debet
3444 3462 3507 3502 se
3534 3447 3731 3501 inrita.-

2130 3540 2294 3597 bilem
2319 3539 2582 3610 prtebcre.
2612 3538 2719 3595 Per
2743 3537 3025 3593 mulierem
3054 3546 3234 3593 autem
3277 3539 3536 3594 debemus
3558 3537 3728 3593 intel-

2131 3631 2298 3703 ligere
2345 3630 2642 3702 quemlibet
2693 3630 2749 3684 in
2796 3629 3039 3686 Ecclesia
3082 3629 3422 3695 muliebriter
3454 3638 3512 3685 et
3555 3629 3733 3685 stulte

2133 3731 2403 3794 agentem.
2434 3720 2600 3790 Cujus
2646 3730 2813 3791 caput
2861 3729 2946 3777 est
2978 3721 3095 3793 ipsa
3139 3720 3261 3791 ejus
3303 3720 3622 3792 ignorantia
3679 3729 3735 3776 et

2132 3812 2385 3878 stultitia,
2421 3827 2584 3882 quam
2626 3828 2735 3867 non
2787 3813 2948 3868 dchct
2974 3814 3096 3869 aliis
3127 3813 3180 3867 in
3228 3814 3516 3884 propatulo
3548 3815 3733 3870 mani-

2133 3902 2353 3969 festare,
2410 3917 2480 3959 ne
2521 3917 2582 3959 se
2619 3901 2935 3958 imitabilem
2986 3903 3199 3969 reddat,
3252 3903 3345 3959 sed
3383 3904 3545 3959 debet
3576 3904 3732 3960 illam

2133 4002 2316 4065 tegere
2342 4033 2357 4059 ,
2384 4002 2441 4049 et
2481 3994 2549 4048 ad
2595 3992 2821 4063 angelos
2842 3994 2959 4066 (qui
3010 4002 3067 4050 et
3097 3993 3199 4048 viri
3248 3993 3649 4065 appellantur),
3680 3997 3735 4052 id

2132 4093 2219 4140 est
2243 4085 2311 4139 ad
2341 4084 2725 4155 praedicatores
2749 4084 2976 4151 referre,
3003 4093 3064 4141 ut
3089 4084 3305 4140 illorum
3324 4112 3329 4117 ~
3348 4084 3735 4142 exhortatione

2132 4187 2190 4234 et
2218 4178 2466 4234 doctrina
2497 4177 2703 4233 salvari
2722 4178 2931 4248 possit;
2964 4178 3046 4233 vel
3090 4178 3256 4235 debet
3280 4194 3432 4237 suam
3462 4180 3734 4250 insipien-

2088 4292 2097 4297 ·
2132 4270 2265 4324 tiam
2319 4278 2374 4324 ct
2415 4269 2779 4341 ignorantiam
2817 4269 2999 4325 velare
3048 4279 3273 4341 propter
3315 4272 3735 4341 praedicatores,

515 4457 701 4514 Omnis
732 4458 831 4523 εἰν,
868 4458 918 4511 in
972 4456 1237 4522 Ecclesia,
1285 4464 1568 4511 orans‘aut
1597 4457 1930 4526 prapltetans,
1976 4455 2030 4512 id
2076 4510 2085 4519 ,

443 4562 527 4610 εει
557 4551 756 4607 docens
777 4549 1073 4621 prophetas
1086 4548 1171 4604 vel
1194 4547 1514 4618 explanans,
1537 4546 1703 4602 velato
1726 4546 1917 4617 capite,
1937 4547 2027 4601 de-

442 4654 643 4716 turpat,
666 4644 719 4700 id
748 4651 833 4699 est
859 4641 1201 4707 dehonestat,
1230 4649 1384 4712 caput
1412 4656 1564 4695 suum
1597 4638 1718 4693 :vel
1748 4653 1932 4703 orans,
1974 4638 2028 4693 id

441 4742 527 4790 est
548 4733 886 4789 Dominicam
919 4731 1226 4787 orationem
1262 4729 1465 4793 dicens,
1496 4726 1847 4799 prophetans,
1873 4727 1926 4783 id
1946 4737 2030 4782 cst

442 4824 742 4898 symbolum
782 4822 1149 4893 apostolorum
1206 4821 1465 4884 recitans,
1528 4818 1617 4873 ubi
1672 4819 2028 4897 prophetatur

441 4918 706 4973 adventus
734 4913 939 4970 Christi
961 4913 1029 4968 ad
1051 4911 1336 4982 judicium.
1371 4910 1432 4967 Si
1460 4928 1563 4966 non
1584 4909 1790 4965 velatur
1809 4910 2020 4977 mulier,

438 5008 625 5071 idest,
667 5004 712 5061 si
759 5018 865 5059 non
888 5002 1005 5057 vult
1046 5003 1260 5074 operire
1297 5009 1460 5074 caput
1493 5017 1652 5056 suum
1683 5001 1872 5068 linteo,
1903 5011 2016 5057 ton-

436 5100 647 5157 deatur.
690 5094 868 5163 Quare
918 5095 1175 5166 prmcepit
1220 5096 1326 5152 hoc
1351 5095 1675 5166 Apostolus?
1713 5095 1839 5165 quia
1884 5094 2027 5150 mala

390 5222 391 5231 ι
440 5189 776 5247 consuetudo
797 5195 918 5243 erat
947 5195 1075 5242 tunc
1099 5187 1378 5259 temporis,
1409 5187 1538 5258 quia
1565 5187 1821 5244 nolebant
1863 5187 2027 5257 capil-

439 5268 523 5342 los
561 5285 733 5356 ligare
771 5290 828 5338 ει
870 5289 1035 5353 caput
1062 5282 1361 5353 cooperire.
1403 5282 1472 5336 Et
1502 5297 1571 5335 ne
1600 5281 1713 5350 ipsa
1758 5278 2026 5351 profluxio

388 5418 393 5423 ο
440 5378 758 5450 capillorum
787 5384 1047 5449 provocet
1090 5376 1341 5433 homines
1378 5375 1446 5430 ad
1474 5389 1717 5430 amorem
1764 5373 2024 5441 libidinis,

440 5470 564 5527 ideo
582 5468 841 5540 praecepit
867 5467 1048 5524 velare
1075 5467 1297 5538 capillos
1327 5475 1383 5522 et
1405 5465 1595 5537 ligare.

519 5558 615 5614 Vir
640 5560 850 5633 quidem
883 5576 986 5614 non
1006 5558 1150 5614 debet
1184 5557 1354 5614 uelare
1374 5566 1557 5629 caput,
1574 5558 1822 5629 quoniam
1849 5559 2025 5632 imago

440 5658 488 5705 et
519 5648 691 5720 gloria
734 5648 832 5704 Dei
855 5659 953 5704 est.
980 5647 1150 5705 Homo
1172 5648 1349 5720 imago
1373 5656 1458 5703 est
1486 5647 1604 5714 Dei,
1627 5647 1751 5717 quia
1788 5648 1927 5705 sicut
1956 5650 2025 5706 ab

442 5756 549 5797 uno
568 5740 685 5797 Deo
701 5741 885 5797 omnia
910 5740 1175 5811 originem
1195 5748 1561 5811 sumpserunt,
1592 5747 1647 5795 et
1676 5740 1744 5795 ab
1772 5739 1861 5795 illo
1882 5739 2025 5798 facta

2058 4597 2107 4657 D

436 5840 588 5900 nsunt,
612 5833 688 5888 ita
712 5832 782 5888 ab
804 5847 910 5889 uno
929 5832 1145 5890 homine
1162 5832 1335 5893 Adam
1355 5846 1514 5891 omne
1537 5846 1708 5903 genus
1726 5832 2023 5891 humanum
2070 5854 2083 5879 ε

2132 4363 2259 4433 quia
2294 4362 2400 4417 illis
2428 4376 2491 4417 se
2517 4361 2681 4417 debet
2707 4360 3015 4417 humiliare.
3042 4360 3216 4418 Aliter
3243 4378 3257 4414 :
3291 4360 3477 4418 Homo
3507 4378 3579 4419 ex
3617 4381 3737 4420 cor-

2132 4469 2289 4524 pore,
2313 4454 2491 4507 anima
2516 4462 2571 4507 et
2599 4462 2782 4508 mente
2805 4452 3076 4520 consistit,
3098 4469 3218 4524 quae
3246 4462 3303 4510 et
3324 4455 3735 4513 rationabilitas

2134 4545 2330 4599 animae
2368 4543 2585 4599 dicitur.
2621 4542 2757 4598 Cum
2785 4558 2952 4599 unum
2981 4543 3054 4599 sit
3077 4543 3260 4598 anima
3301 4551 3358 4599 et
3384 4560 3561 4609 mens,
3591 4546 3736 4602 divi-

2132 4635 2327 4691 damus
2349 4634 2437 4690 hic
2475 4635 2714 4689 animam
2742 4648 2863 4704 quae
2885 4634 3129 4690 vivificat
3149 4650 3371 4705 corpus,
3400 4645 3454 4692 et
3483 4648 3734 4695 mentem

2132 4743 2253 4799 quae
2290 4728 2430 4800 regit
2456 4728 2713 4794 animam,
2742 4729 2870 4799 quia
2897 4728 3028 4784 facit
3059 4727 3423 4788 differentiam
3447 4732 3597 4788 inter
3627 4735 3731 4790 bo-

2129 4836 2261 4876 num
2290 4827 2344 4875 et
2364 4819 2596 4886 malum,
2620 4819 2762 4876 inter
2784 4820 2916 4876 vitia
2944 4829 2999 4876 et
3020 4820 3269 4877 virtutes.
3302 4821 3412 4878 Per
3446 4824 3631 4879 virum
3678 4828 3733 4881 in

2129 4912 2235 4967 hoc
2256 4910 2375 4967 loco
2405 4910 2983 4982 debemusintelligere
3005 4912 3304 4968 secundum
3334 4913 3730 4985 Augustinum,

2130 5004 2607 5060 rationabilitatem
2655 5005 2851 5059 animai
2877 5013 3099 5071 nostrae,
3143 5006 3196 5061 id
3232 5012 3321 5060 est
3338 5016 3583 5064 mentem.
3607 5025 3734 5079 qua:

2134 5097 2315 5166 imago
2341 5096 2435 5152 Dei
2455 5104 2540 5152 est
2565 5113 2579 5160 ;
2605 5097 2734 5167 quia
2751 5096 2891 5152 sicut
2908 5098 3059 5153 Deus.
3070 5097 3175 5153 scit
3194 5096 3557 5153 differentiam
3580 5101 3734 5157 inter

2132 5190 2336 5246 bonum
2364 5197 2420 5245 et
2446 5189 2673 5256 malum,
2696 5190 2767 5244 ita
2788 5198 2846 5246 et
2872 5206 3025 5246 mens
3051 5207 3151 5262 pro
3173 5192 3390 5249 modulo
3410 5208 3529 5249 suo.
3556 5194 3735 5265 Cujus

2133 5284 2238 5339 viri
2266 5291 2426 5353 caput
2445 5323 2460 5349 ,
2498 5283 2552 5339 id
2577 5291 2660 5339 cst
2689 5284 2888 5339 mentis
2923 5284 3036 5340 sive
3084 5285 3546 5353 rationabilitatis,
3575 5291 3731 5360 quod

2133 5388 2304 5428 unum
2350 5380 2456 5439 est,
2492 5372 2610 5444 ipsa
2657 5374 2799 5429 bona
2833 5374 2950 5446 ejus
2990 5374 3219 5431 intentio
3263 5385 3368 5442 est,
3411 5393 3575 5447 quam
3614 5396 3731 5436 non

2134 5465 2295 5523 debet
2325 5464 2508 5521 velare
2532 5481 2547 5532 ;
2571 5466 2699 5536 quia
2735 5482 2844 5523 non
2866 5466 3026 5525 debet
3050 5466 3199 5522 illam
3229 5467 3509 5524 refrenare
3537 5485 3568 5523 a
3590 5486 3733 5527 con-

2134 5558 2485 5631 templatione
2509 5558 2625 5624 Dei,
2657 5560 2755 5616 sed
2786 5567 2991 5629 quanto
3019 5559 3253 5629 amplius
3280 5561 3349 5616 de
3386 5561 3500 5617 Deo
3524 5562 3733 5618 intelli-

2133 5650 2231 5722 git,
2284 5658 2435 5707 tanto
2485 5649 2720 5721 amplius
2769 5650 2929 5707 debet
2973 5650 3118 5705 illam
3177 5651 3515 5720 permittere,
3558 5662 3732 5709 ut‘se

2133 5744 2312 5801 elevet
2343 5744 2413 5801 ad
2435 5744 2949 5816 contemplationem
2973 5743 3106 5810 Dei,
3137 5741 3310 5801 donec
3330 5746 3625 5814 perveniat.
3657 5748 3733 5803 ad

2134 5836 2237 5901 hoc
2264 5844 2321 5892 ut
2342 5836 2678 5909 quodmodo
2718 5836 2864 5894 videt
2893 5836 2966 5893 in.”
2977 5849 3069 5908 spe
3095 5843 3150 5891 et
3188 5833 3246 5891 in
3273 5835 3524 5908 speculo,
3550 5850 3732 5910 quan-
