3936 6438
193 406 295 465 869

865 398 1233 458 EXPOSITIO
1268 396 1338 454 IN
1378 396 1524 453 EPP.
1567 394 1625 451 S.
1667 391 1896 451 PAULI.
1933 423 2006 434 —
2036 394 2108 450 IN
2144 394 2363 452 EPIST.
2402 395 2425 451 l
2461 395 2556 452 AD
2592 395 2753 453 (ΞΟΠ.

3355 397 3462 454 570

197 522 370 592 doque
416 516 599 575 videat
635 517 690 572 in
730 529 811 582 re,
841 513 1215 586 contemplans
1264 510 1433 568 Deum
1461 510 1619 566 sicuti
1664 516 1768 565 est.
1799 511 1850 570 Α
1876 504 2035 561 annis
2058 505 2247 574 quinta
2278 504 2414 562 feria
2439 515 2567 564 ante
2609 506 2751 565 diem
2781 507 3024 573 Paschae,
3066 507 3466 566 conveniebant
3545 498 3553 502 ’

194 613 298 669 Per
321 607 605 664 mulierem
639 621 929 677 possumus
977 605 1278 676 intelligere
1333 601 1593 665 animam,
1626 598 1781 668 cujus

197 709 357 771 caput
369 708 454 755 est
474 698 726 763 intentio,
742 711 848 768 qua
862 696 1177 768 plerumque
1201 693 1429 751 intendit
1443 690 1673 749 terrenis
1695 706 1783 747 re-

197 792 298 848 bus
323 788 460 843 ultra
484 787 724 843 modum.
753 786 907 854 Quod
936 795 1113 855 caput,
1144 784 1199 840 id
1231 795 1499 854 estquam
1527 781 1782 837 intentio-

197 894 321 935 nem
347 876 607 933 debemus
630 876 831 943 velare,
857 877 983 946 quia
1009 877 1267 932 debemus
1308 874 1455 930 illam
1480 872 1779 938 refrenare,

197 984 266 1027 ne
292 969 432 1025 ultra
455 970 673 1026 modum
700 969 754 1024 in
786 968 1019 1024 terrenis
1049 970 1210 1024 rebus
1240 982 1297 1024 se
1317 975 1563 1037 occupet.
1586 966 1782 1020 Anima

197 1061 341 1115 enirn
373 1075 493 1129 qua:
521 1058 760 1115 viviﬁcat
807 1044 1026 1129 corpus,
1060 1058 1379 1129 plerumque
1411 1072 1475 1112 ea
1514 1056 1786 1114 desiderat

197 1148 339 1203 ultra
375 1163 536 1220 quam
565 1162 788 1203 necesse
818 1147 908 1215 sit,
940 1146 995 1202 in
1023 1147 1219 1219 quibus
1243 1146 1543 1204 delectatur
1584 1161 1784 1217 corpus

197 1239 341 1310 quod
372 1245 585 1293 terrena
618 1238 832 1309 quarrit.

281 1327 647 1384 Verumtamen
676 1345 837 1402 neque
858 1308 943 1384 υἱῖ
956 1328 1067 1385 sine
1090 1327 1329 1396 muliere,
1357 1327 1617 1384 subaudis
1636 1342 1788 1384 crea-

198 1428 285 1476 tus
325 1427 412 1476 est
451 1420 506 1476 in
551 1421 841 1491 praesentia
887 1420 1003 1485 Dei,
1063 1437 1225 1492 neque
1266 1420 1456 1476 mulier
1493 1420 1604 1476 sine
1652 1421 1785 1487 viro,

196 1512 458 1571 subaudis
489 1521 672 1568 creata
692 1520 799 1580 est,
823 1513 878 1567 in
903 1512 1149 1580 Domino,
1171 1513 1223 1568 id
1254 1522 1337 1569 est
1352 1528 1449 1582 per
1475 1494 1783 1569 Dominum:

265 1605 407 1662 Nam
449 1605 589 1661 sicut
634 1606 852 1672 mulier,
886 1606 1020 1673 Eva,
1059 1605 1124 1660 de
1178 1607 1309 1673 viro,
1343 1606 1395 1661 id
1433 1613 1516 1661 est
1542 1606 1609 1661 de
1637 1613 1786 1660 costa

196 1695 350 1762 Adte,
390 1696 464 1749 ita
494 1705 543 1750 et
567 1697 662 1762 vir,
706 1694 861 1762 Cain,
908 1713 1002 1767 per
1028 1695 1302 1751 mulierem
1334 1696 1564 1753 exstitit.
1593 1693 1786 1749 Omnia

198 1796 399 1854 autem,
438 1787 695 1842 subaudis
741 1802 944 1860 genera
983 1787 1286 1851 hominum,
1330 1802 1395 1841 ex
1445 1784 1554 1839 Deo
1602 1792 1787 1840 creata

1880 612 2070 653 omnes
2098 597 2166 653 ad
2193 598 2493 655 Ecclesiam
2512 640 2529 667 ,
2562 615 2629 657 ac
2662 600 2871 658 nobiles
2909 602 3110 674 Quique
3136 610 3192 658 et
3219 610 3465 672 potentes

1854 688 2184 772 ~divitesque
2221 689 2535 757 veniebant,
2582 700 2639 747 et
2679 690 2999 748 deferebant
3041 684 3238 764 singuli
3267 707 3463 763 panem

1882 787 1939 838 et
1978 781 2199 846 vinum,
2241 789 2297 838 et
2350 782 2551 838 dabant
2595 784 2884 851 sacerdoti,
2926 786 3070 841 unde
3115 794 3467 842 consecraret

1882 888 2080 943 corpus
2129 882 2187 930 et
2247 875 2565 947 sanguinem
2607 874 2845 932 Domini.
2888 876 3237 934 Consecratis
3279 886 3463 932 autem

1882 966 2157 1038 mysteriis
2200 981 2231 1021 a
2280 967 2563 1025 sacerdote
2604 969 2855 1036 Domini,
2904 969 3275 1039 unusquisque
3320 966 3464 1038 quod

1883 1057 2149 1113 detulerat
2173 1058 2476 1129 accipiebat
2501 1059 2731 1130 desuper
2769 1059 2928 1113 altari
2959 1060 3353 1128 :sumebatque
3381 1066 3465 1111 ta-

1883 1152 1989 1207 cite
2035 1166 2158 1206 cum
2209 1152 2352 1218 suis,
2410 1160 2471 1207 ut
2521 1152 2969 1224 supervenientes
3009 1167 3116 1207 non
3161 1151 3470 1206 invenirent

1883 1243 2026 1314 quod
2073 1242 2319 1309 ederent,
2367 1252 2422 1299 et
2445 1244 2589 1299 unde
2626 1243 3135 1308 communicarent;
3177 1243 3465 1297 autetiam

1884 1334 2159 1393 deferebat
2200 1350 2359 1392 omne
2387 1336 2532 1407 quod
2567 1336 2823 1392 attulerat
2861 1335 2929 1390 ad
2962 1335 3181 1390 domum
3213 1348 3387 1396 suam,
3411 1340 3470 1387 ut

1884 1441 2007 1483 cum
2038 1426 2150 1481 suis
2166 1425 2303 1496 illud
2325 1437 2582 1484 sumeret.
2608 1426 2688 1483 0b
2715 1427 2870 1497 cujus
2894 1425 2970 1481 rei
2997 1440 3222 1481 causam
3258 1434 3469 1495 magnae

1885 1520 2253 1576 dissensiones
2294 1520 2437 1575 inter
2481 1520 2607 1576 illos
2645 1528 2831 1584 erant,
2875 1535 3014 1590 quas
3066 1518 3472 1573 seminaverunt

1883 1610 2342 1682 pseudoapostoli,
2367 1611 2445 1666 ita
2471 1620 2530 1665 ut
2551 1626 2675 1666 cum
2700 1626 2809 1665 una
2830 1609 3205 1665 benedictione
3225 1608 3469 1663 omnium

1884 1702 2189 1758 oblationes
2214 1710 2544 1758 consecrata:
2574 1710 2781 1765 essent,
2813 1699 3013 1772 singuli
3040 1715 3168 1753 suas
3196 1697 3471 1767 accipien—

1888 1802 1989 1859 tes,
2016 1808 2137 1863 qua:
2159 1807 2477 1848 communes
2497 1792 2802 1848 debuerant
2832 1805 2977 1855 esse,
2994 1789 3288 1843 maximam
3320 1801 3473 1841 vere»

198 1887 347 1947 sunt,
376 1878 630 1935 videlicet
659 1879 852 1946 Adam,
898 1880 1010 1936 Eva
1055 1864 1111 1935 et
1150 1879 1315 1946 Cain;
1357 1879 1443 1935 vel
1483 1879 1682 1944 omnia,
1729 1879 1785 1935 id
1813 1869 1860 1931 Β
1887 1883 2138 1939 cundiam
2183 1882 2456 1937 inferrent
2492 1882 2578 1939 his
2618 1882 2749 1953 qui,
2775 1889 2835 1934 ut
2865 1879 3101 1945 assolet,
3133 1895 3238 1932 non
3269 1876 3469 1931 attule-

198 1980 282 2029 est
313 1987 540 2042 corpora
590 1972 829 2027 virorum
875 1981 931 2027 et
968 1985 1200 2042 corpora
1242 1969 1553 2037 mulierum,
1594 1970 1789 2027 animae

199 2063 457 2119 videlicet
482 2062 722 2118 virorum
752 2077 816 2117 ac
841 2061 1150 2117 mulierum.

282 2151 388 2208 Vos
418 2152 519 2225 ipsi
547 2152 812 2225 judicate,
849 2151 900 2206 id
938 2159 1042 2217 est,
1080 2149 1376 2207 discernite
1406 2164 1527 2222 qua:
1549 2148 1793 2212 dicturus

198 2259 258 2300 δυ
266 2260 343 2299 m.

184 2326 187 2329 ’
273 2333 492 2390 Mulieri
532 2352 627 2405 pro
663 2333 944 2401 velamine,
976 2332 1031 2389 id
1063 2339 1148 2388 est
1176 2346 1277 2404 pro
1306 2338 1655 2400 ornamento,
1679 2332 1791 2387 dati

199 2435 324 2480 sunt
353 2424 552 2494 capilli.

272 2517 338 2573 Si
371 2519 489 2588 quis
528 2528 702 2572 autem
747 2518 952 2574 videtur
981 2518 1338 2574 contentiosus
1375 2535 1507 2584 esse,
1537 2525 1597 2573 ut
1621 2518 1786 2585 dicat,

200 2624 305 2680 ego
334 2624 454 2663 sum
491 2607 665 2674 Pauli,
699 2624 798 2680 ego
833 2608 1043 2679 Apollo,
1085 2624 1187 2664 nec
1219 2609 1334 2665 vult
1376 2610 1579 2665 nostris
1604 2610 1795 2667 admo-

202 2701 508 2757 nitionibus
538 2716 755 2773 parere,
787 2719 903 2769 nos,
928 2700 1104 2758 Judaei
1146 2701 1432 2758 credentes
1456 2709 1513 2756 et
1536 2702 1790 2772 apostoli,

201 2794 367 2849 talem
394 2794 822 2850 consuetudinem
852 2811 955 2850 non
991 2794 1269 2861 habemus,
1294 2802 1353 2849 ut
1377 2796 1790 2860 contendamus,

202 2888 336 2960 quia
363 2887 447 2942 lex
482 2889 617 2942 iram
663 2896 718 2942 et
756 2887 1157 2942 contentionem
1184 2885 1452 2956 prohibet,
1497 2902 1660 2956 neque
1690 2884 1793 2939 Ec-

200 2977 371 3034 clesia
399 2977 515 3043 Dei,
547 2993 667 3051 qua:
689 2977 1037 3046 Evangelium
1062 2976 1245 3033 habet.

191 3060 197 3064 ’
277 3069 403 3126 Hoc
429 3080 602 3126 autem
630 3071 878 3142 prtccipio
923 3086 1026 3125 non
1054 3068 1320 3137 laudans,
1364 3068 1627 3125 subaudis
1650 3068 1794 3140 quod

201 3164 558 3222 contenditis.

278 3252 528 3309 Primam
560 3253 768 3327 quidem
805 3252 1225 3309 convenientibus
1251 3252 1391 3309 vobis
1419 3253 1473 3308 in
1500 3249 1791 3319 ecclesiam,
1821 3223 1866 3286 (ἶ

204 3356 262 3405 et
291 3353 619 3403 conventum
650 3344 887 3403 fidelium
929 3347 983 3401 in
1031 3346 1329 3402 Dominicis
1360 3347 1570 3414 diebus,
1609 3347 1792 3414 audio,

205 3438 280 3494 ab
336 3436 421 3493 his
455 3436 547 3508 qui
599 3444 727 3492 sunt
768 3435 1021 3500 Chloens,
1053 3437 1344 3502 scissaras,
1376 3435 1429 3491 id
1470 3444 1555 3492 est
1588 3435 1798 3491 dissen-

205 3529 399 3586 siones
452 3534 506 3583 et
557 3525 882 3592 discordias,
927 3542 1037 3582 esse
1086 3526 1223 3581 inter
1268 3543 1393 3593 vos,
1441 3536 1489 3581 et
1538 3542 1603 3581 ex
1648 3535 1798 3598 parte

206 3618 395 3683 credo,
421 3618 494 3673 ita
521 3633 642 3674 esse
669 3628 729 3673 ut
754 3618 936 3673 audio.

284 3708 435 3766 Nam
473 3720 693 3784 oportet,
721 3711 774 3768 id
801 3718 905 3778 est,
929 3725 1152 3767 necesse
1189 3717 1292 3776 est,
1332 3710 1555 3766 ha’reses
1589 3715 1719 3775 esse,
1742 3720 1799 3767 ut

206 3814 260 3860 et
301 3803 392 3875 qui
420 3812 563 3870 sunt,
591 3804 733 3858 inter
754 3818 871 3868 vos,
894 3802 1118 3874 probati,
1151 3802 1205 3856 in
1246 3801 1352 3856 fide
1380 3801 1645 3872 bonisque
1673 3815 1802 3872 0pc-

207 3895 394 3959 ribus,
442 3894 707 3963 manifesti
732 3893 887 3962 ﬁant,
936 3900 991 3947 et
1016 3899 1315 3962 appareant
1353 3882 1525 3948 etiam
1560 3892 1651 3962 qui
1694 3892 1804 3947 sint

208 3983 526 4056 imperfecti
568 3991 624 4037 et
660 3983 920 4054 duplices.
957 3981 1049 4038 Sic
1086 3982 1347 4037 Dominus
1374 3982 1506 4043 dicit
1537 3981 1591 4035 in
1622 3982 1802 4036 Evan-

210 4076 366 4150 gelio
419 4091 435 4130 :
494 4071 716 4128 Necesse
762 4080 836 4127 est
894 4081 950 4126 ut
1003 4072 1209 4126 veniant
1263 4070 1518 4126 scandala
1573 4070 1801 4142 (Matth.

210 4164 403 4238 xvm),
438 4163 490 4220 id
536 4172 641 4231 est,
671 4180 775 4220 non
803 4171 989 4235 potest
1021 4162 1178 4218 aliter
1211 4176 1351 4217 esse.
1385 4162 1451 4217 Et
1476 4177 1663 4218 revera
1697 4178 1808 4218 ma-

212 4276 385 4337 gnam
410 4259 697 4316 utilitatem
725 4259 1098 4333 praestiterunt
1127 4256 1361 4313 haereses
1384 4264 1585 4312 sancta)
1617 4256 1805 4313 Eccle-

214 4355 346 4419 sim,
374 4368 482 4409 non
510 4366 611 4424 per
638 4367 722 4419 se,
743 4350 839 4408 sed
861 4350 990 4407 dum
1019 4349 1273 4405 doctores
1292 4349 1690 4415 excitaverunt,
1713 4348 1808 4421 qui

214 4444 382 4517 quasi
411 4445 770 4502 dormierunt.
804 4441 1155 4515 Nequaquam
1190 4441 1335 4496 enim
1370 4448 1574 4495 tantam
1596 4441 1806 4511 cepiam

211 4540 487 4595 librorum
527 4537 751 4594 haberet
780 4544 970 4593 sancta
1005 4534 1270 4601 Ecclesia,
1310 4543 1365 4590 et
1399 4543 1602 4590 tantam
1627 4536 1810 4608 cogni—

218 4631 431 4688 tionem
459 4628 525 4684 de
550 4628 680 4696 Deo,
714 4627 819 4683 nisi
846 4628 1085 4684 haereses
1111 4635 1314 4683 cxorL'e
1334 4634 1539 4694 essent,
1561 4643 1592 4682 a
1613 4628 1811 4700 quibus

216 4718 497 4776 excitatus
542 4725 626 4775 est
686 4716 1072 4791 Hieronymus,
1125 4716 1485 4788 Augustinus,
1551 4715 1812 4784 Hilarius,

218 4810 548 4880 Gregorius,
588 4809 790 4881 aliique
831 4808 1004 4865 sancti
1046 4808 1316 4876 doctores,
1352 4807 1446 4879 qui
1486 4807 1656 4863 multa
1683 4823 1814 4865 con-

220 4904 572 4974 scripserunt
602 4915 794 4959 contra
822 4900 1128 4957 ha-reticos.

303 4994 736 5051 Convenientibus
778 4993 917 5050 vobis
953 4994 1010 5047 in
1032 5009 1220 5059 unum,
1247 4992 1366 5065 jam
1399 5009 1501 5048 non
1527 5003 1603 5049 est
1630 4991 1814 5049 Domi-

225 5087 408 5144 nicam
435 5101 635 5141 caenam
665 5084 1007 5140 manducare.
1032 5082 1199 5139 Cinna
1221 5083 1507 5139 Dominica
1544 5085 1688 5140 dicta
1706 5091 1812 5153 est,

222 5196 303 5239 eo
334 5179 480 5251 quod
530 5179 647 5251 ipso
692 5178 782 5234 die
832 5177 1086 5234 Salvator
1133 5194 1259 5233 cum
1300 5177 1579 5248 discipulis
1627 5192 1812 5234 coena-

226 5272 397 5338 verit,
418 5271 694 5343 complens
713 5270 925 5328 Veteris
947 5270 1277 5326 Testamenti
1298 5270 1519 5342 pascha,
1539 5278 1596 5325 et
1620 5280 1819 5341 myste-

228 5364 380 5423 rium
426 5364 671 5435 corporis
711 5371 767 5419 et
807 5362 1084 5434 sanguinis
1127 5362 1240 5419 suis
1281 5362 1501 5418 tradens
1534 5361 1811 5433 apostolis.

228 5455 505 5515 Corinthii
545 5454 660 5527 (qui
696 5462 752 5511 et
791 5454 1015 5512 Achaici
1055 5453 1141 5510 vel
1188 5453 1394 5526 Acbaai)
1440 5456 1720 5512 venientes
1747 5458 1815 5512 ad

229 5549 402 5609 ﬁdem
440 5549 643 5606 Christi
690 5564 788 5621 per
824 5549 1258 5622 prmdicationem
1304 5549 1532 5619 apostoli
1571 5548 1749 5617 Pauli,
1785 5564 1818 5606 a

230 5655 350 5711 quo
391 5639 535 5695 inter
569 5646 765 5696 caetera
811 5654 931 5709 qua:
958 5638 1222 5694 Dominus
1260 5638 1410 5708 fecit,
1447 5639 1610 5695 etiam
1630 5655 1817 5697 sacra-

232 5739 486 5789 mentum
531 5746 701 5788 ctenze
730 5728 1024 5786 Dominica:
1061 5738 1437 5801 perceperant,
1465 5739 1587 5801 post
1613 5731 1821 5790 disces-

1890 1983 2033 2042 rant,
2070 1975 2198 2030 licet
2245 1974 2512 2033 haberent
2550 1988 2565 2028 :
2613 1983 2709 2028 aut
2734 1973 2821 2028 his
2859 1972 3024 2026 etiam
3053 1970 3147 2040 qui
3176 1986 3282 2025 non
3307 1969 3475 2023 babe-

1887 2067 2024 2123 bant
2059 2067 2206 2137 quod
2246 2064 2522 2123 afferrent.
2568 2063 2686 2120 Hoc
2730 2072 2913 2119 autem
2957 2061 3229 2118 faciebant
3279 2060 3473 2126 multi,

1889 2167 2178 2231 postquam
2228 2157 2297 2212 ab
2348 2157 2470 2213 aliis
2513 2157 2619 2212 cibi
2664 2154 2929 2224 crapulati
2976 2162 3151 2208 erant.
3202 2152 3476 2221 lstamque

1891 2252 2265 2322 acceptioncm
2303 2249 2681 2314 Eucharistise,
2707 2247 3044 2302 Dominicam
3074 2259 3287 2301 cannam
3316 2259 3477 2299 voca-

1889 2343 1969 2397 vit
1994 2340 2285 2412 Apostolus
2314 2356 2421 2395 uno
2449 2339 2627 2395 modo.
2663 2338 2836 2393 Aliter
2863 2356 2876 2391 :
2905 2337 3061 2393 Soliti
3085 2351 3298 2406 quoque
3320 2343 3477 2390 erant

1891 2434 2186 2492 convenire
2222 2432 2410 2488 eodem
2442 2431 2530 2487 die
2569 2430 2635 2485 ad
2677 2429 2978 2486 Ecclesium
3026 2442 3216 2483 omnes
3258 2426 3475 2491 divites,

1889 2532 2137 2598 potentes
2168 2532 2226 2579 et
2257 2521 2490 2587 nobiles,
2513 2530 2569 2576 et
2602 2534 2910 2591 praeparare
2936 2518 3040 2574 sibi
3071 2518 3125 2572 in
3155 2516 3398 2573 Ecclesia
3421 2524 3478 2573 et

1892 2621 1947 2677 in
1974 2618 2182 2674 foribus
2212 2614 2469 2670 Ecclesia:
2499 2621 2664 2684 atque
2701 2613 2859 2666 atriis
2886 2610 3029 2665 illius
3048 2608 3239 2680 epulas
3266 2616 3320 2663 et
3351 2623 3482 2664 con-

1891 2708 2056 2773 vivia,
2085 2714 2144 2761 et
2177 2703 2450 2774 crapulari
2478 2711 2537 2758 et
2583 2699 2850 2757 inebriari
2886 2713 3059 2769 usque
3100 2696 3168 2752 ad
3198 2712 3480 2768 veSperarn

1891 2802 2284 2859 manducantes
2319 2805 2376 2852 et
2415 2796 2664 2851 bibentes
2711 2794 2766 2848 in
2789 2798 3082 2864 compecto
3105 2805 3402 2861 pauperum
3425 2796 3483 2844 et

1893 2909 2212 2965 egenorum,
2239 2891 2331 2961 qui
2366 2905 2471 2943 non
2500 2886 2775 2943 habebant
2812 2884 2953 2939 unde
2976 2883 3079 2940 sibi
3108 2889 3482 2954 praepararent

1893 2983 2111 3049 similia,
2142 2980 2274 3037 nihil
2313 2978 2649 3047 accipiebant
2674 2976 2743 3029 ab
2781 2975 2886 3029 illis
2912 2973 3167 3028 divitibus
3202 2980 3257 3029 et
3292 2980 3481 3043 poten-

1894 3077 2066 3141 tibus,
2112 3075 2207 3130 sed
2241 3070 2692 3142 prteSIolabantur
2725 3065 2895 3137 jejuni
2937 3076 3150 3136 tempus
3176 3081 3300 3121 eum
3328 3079 3483 3121 vere-

1898 3167 2112 3228 cundia,
2166 3178 2273 3234 quo
2320 3161 2559 3233 placeret
2606 3158 2713 3214 illis
2758 3157 3019 3213 divitibus
3073 3166 3128 3211 et
3170 3155 3482 3226 potentibus

1897 3257 2143 3317 benedici
2183 3271 2381 3326 corpus
2418 3251 2620 3308 Christi
2665 3267 2696 3307 a
2737 3248 3107 3305 sacerdotibus
3145 3247 3284 3303 unde
3330 3262 3481 3302 com-

1897 3350 2258 3407 municarent.
2300 3344 2506 3415 lmpleti
2532 3351 2713 3398 autem
2743 3340 2822 3396 illi
2850 3340 3046 3395 divites
3065 3339 3319 3394 omnibus
3346 3338 3483 3394 cibis

1897 3452 1955 3499 et
1989 3440 2209 3511 potibns
2247 3452 2419 3508 usque
2460 3435 2526 3490 ad
2563 3433 2848 3497 vomitum,
2883 3431 3223 3501 accipiebant
3263 3431 3331 3485 ad
3362 3429 3486 3484 ulti-

1900 3549 2047 3591 mum
2092 3539 2429 3589 sacramenta
2459 3526 2704 3597 corporis
2743 3532 2800 3580 et
2837 3523 3115 3593 sanguinis
3148 3521 3372 3586 Christi,
3401 3519 3485 3574 di-

1899 3635 2087 3686 centes
2127 3645 2141 3681 :
2183 3625 2275 3680 Sic
2305 3622 2526 3678 tradidit
2563 3619 2816 3677 Christus
2835 3616 3113 3688 discipulis
3146 3616 3259 3671 suis
3288 3615 3488 3670 nostris

1901 3719 2213 3776 doctoribus
2243 3725 2297 3772 et
2324 3713 2615 3786 magistris
2650 3726 2848 3782 corpus
2880 3718 2936 3765 et
2973 3708 3288 3779 sanguinem
3330 3721 3489 3761 suum

1900 3818 2026 3881 post
2059 3809 2289 3864 aliorum
2327 3806 2572 3860 ciborum
2612 3803 3046 3873 perceptionem,
3063 3808 3119 3855 et
3156 3798 3235 3854 sic
3261 3812 3360 3852 nos
3388 3811 3487 3852 vo-

1902 3898 2081 3953 lumus
2102 3897 2228 3952 illud
2253 3909 2489 3950 sumere.
2513 3892 2667 3961 Quod
2690 3891 2912 3946 audiens
2932 3889 3249 3959 Apostolus,
3274 3884 3494 3957 scripsit

1905 3993 1986 4047 eis
2015 3991 2155 4044 inter
2177 3996 2373 4042 caetera
2414 3985 2515 4039 ista
2550 3998 2669 4053 quae
2697 3984 2749 4037 in
2785 3981 3037 4052 prmscnti
3083 3980 3370 4043 habentur,
3398 3993 3493 4032 vo-

1906 4082 2024 4137 lens
2049 4096 2143 4137 eos
2170 4077 2482 4142 convenire,
2525 4074 2776 4145 inquiens
2812 4092 2824 4126 :
2859 4071 3316 4127 Convenicntibus
3339 4070 3495 4125 vobis

1907 4173 1964 4229 in
1995 4187 2159 4227 unum
2196 4170 2247 4224 in
2294 4168 2556 4234 Ecclesia,
2593 4166 2706 4237 jam
2748 4180 2857 4220 non
2899 4173 2985 4220 est
3021 4163 3355 4220 Dominicam
3383 4178 3494 4223 cm-

1907 4278 2032 4320 nam
2062 4259 2408 4326 manducare,
2448 4258 2501 4313 id
2530 4266 2615 4314 est
2654 4270 2761 4311 non
2786 4262 2872 4310 est
2895 4255 3050 4311 vobis
3077 4254 3283 4310 licitum
3314 4255 3498 4312 Domi»

1909 4352 2086 4409 nicam
2152 4363 2364 4405 caenam
2435 4347 2613 4404 taliter
2676 4346 3038 4413 manducare,
3105 4346 3342 4418 qualiter
3399 4362 3496 4403 vos

1908 4440 2272 4499 manducatis.
2319 4438 2543 4495 Cinnam
2597 4446 2781 4493 autem
2823 4437 3156 4493 Dominicam
3208 4437 3497 4509 dupliciter

1911 4548 2197 4608 possumus
2243 4531 2544 4602 intelligere
2590 4528 2916 4599 appellatam
2947 4544 3068 4585 esse
3104 4529 3176 4586 ab
3213 4529 3495 4600 Apostolo,

1912 4624 1999 4681 vel
2032 4622 2436 4696 perceptionem
2473 4618 2724 4675 videlicet
2752 4618 3130 4687 Eucharistite,
3164 4621 3230 4676 de
3256 4636 3361 4692 qua
3388 4621 3500 4678 sin-

1913 4717 2025 4790 guli
2065 4717 2168 4773 sibi
2208 4715 2560 4772 vindicabant
2596 4721 2783 4783 partes
2826 4714 3099 4783 proprias,
3125 4728 3263 4783 quas
3297 4713 3499 4769 attule-

1915 4816 2063 4874 rant,
2093 4806 2215 4863 aliis
2241 4822 2348 4862 non
2378 4804 2923 4871 communicantibus,
2948 4813 3042 4859 aut
3064 4806 3232 4862 etiam
3251 4805 3498 4862 eamdem

1914 4899 2313 4957 Eucharistiam
2361 4906 2485 4972 post
2528 4896 2665 4954 alios
2708 4897 3203 4971 cibos_sumentes.
3259 4897 3351 4952 Vel
3391 4897 3501 4954 alio
3558 4968 3561 4973 ἱ

1916 4992 2101 5058 modo,
2130 5006 2344 5048 ctenam
2385 4989 2598 5047 Domini
2637 4988 2873 5060 appellat
2917 4989 3040 5045 illas
3075 4990 3501 5060 praeparationes

1919 5085 2293 5142 conviviorum
2312 5093 2367 5141 et
2396 5084 2698 5155 epularum,
2728 5099 2864 5153 quas
2892 5082 3009 5139 sine
3038 5083 3301 5139 charitate
3322 5098 3502 5140 sume-

1920 5176 2071 5259 bant,
2126 5191 2235 5232 non
2280 5176 2471 5232 dantes
2517 5175 2643 5232 inde
2691 5176 3038 5246 pauperibus.
3089 5174 3502 5234 Sacramenturn

1920 5270 2085 5343 igitur
2113 5271 2359 5343 corporis
2377 5269 2582 5327 Christi
2609 5285 2641 5325 a
2665 5271 3047 5327 communione
3083 5282 3238 5326 coena
3263 5269 3504 5339 appella-

1922 5376 2030 5433 tur,
2071 5367 2199 5437 quia
2238 5381 2525 5423 commune
2550 5365 2711 5422 debet
2735 5381 2858 5423 esse
2890 5363 3142 5420 omnibus
3177 5363 3424 5422 fidelibus
3449 5376 3507 5422 et

1912 5456 2098 5527 justis.
2127 5457 2246 5515 Uno
2274 5459 2420 5514 enim
2449 5473 2590 5529 pane
2622 5456 2947 5515 universitas
2972 5455 3230 5512 Ecclesia:
3253 5456 3504 5527 designa-

1872 5572 1879 5578 ’
1922 5560 2030 5607 tur.
2070 5551 2176 5608 Per
2211 5552 2265 5608 id
2309 5552 2458 5609 enim
2492 5552 2638 5624 quod
2675 5566 2843 5607 unum
2884 5565 3095 5617 sumus,
3125 5549 3192 5607 de
3230 5564 3340 5607 uno
3367 5564 3509 5620 pane

1924 5656 2114 5699 omnes
2138 5656 2239 5700 nos
2264 5658 2480 5700 sumere
2503 5649 2737 5713 Oportet.
2759 5641 2911 5698 Licet
2935 5642 3081 5698 enim
3104 5657 3136 5698 a
3167 5640 3349 5697 multis
3375 5656 3505 5712 par-

1925 5735 2073 5793 tibus
2095 5734 2373 5794 deferatur
2419 5735 2510 5793 ille
2551 5735 2732 5808 panis,
2759 5743 2815 5792 et
2847 5752 2887 5792 a
2915 5736 3100 5794 multis
3133 5734 3511 5794 sacerdotibus

234 5839 363 5883 sum
409 5823 553 5882 illius
608 5824 662 5883 in
714 5822 1029 5883 memoriam
1070 5838 1238 5880 coenae
1275 5823 1568 5884 Dominica:
1598 5825 1824 5900 singulis
1878 5846 1881 5849 '
1927 5844 2026 5901 per
2060 5829 2372 5889 universum
2411 5830 2600 5889 orbem
2627 5837 2997 5898 consecretur,
3035 5829 3288 5887 divinitas
3325 5836 3508 5882 tamen
