  <div class='ocr_page' id='page_1' title='image "/cluster/home/n/w/nwhite01/storage/ocr_20150623/117/hvd.32044015466899/291.png"; bbox 0 0 3936 6480; ppageno 0'>
   <div class='ocr_carea' id='block_1_1' title="bbox 507 411 3710 500">
    <p class='ocr_par' dir='ltr' id='par_1_1' title="bbox 507 411 3710 500">
     <span class='ocr_line' id='line_1_1' title="bbox 507 411 3710 500; baseline -0.007 -2"><span class='ocrx_word' id='word_1_1' title='bbox 507 438 608 500; x_wconf 75' lang='lat'><strong>571</strong></span> <span class='ocrx_word' id='word_1_2' title='bbox 970 431 1326 491; x_wconf 61' lang='lat' dir='ltr'><strong>uaruoms</strong></span> <span class='ocrx_word' id='word_1_3' title='bbox 1363 430 1843 488; x_wconf 77' lang='lat' dir='ltr'><strong>HALBERSTAT.</strong></span> <span class='ocrx_word' id='word_1_4' title='bbox 1887 429 2102 487; x_wconf 84' lang='lat' dir='ltr'><strong>EPlSC.</strong></span> <span class='ocrx_word' id='word_1_5' title='bbox 2145 428 2297 487; x_wconf 77' lang='lat' dir='ltr'><strong>opp.</strong></span> <span class='ocrx_word' id='word_1_6' title='bbox 2339 412 2521 485; x_wconf 63' lang='lat' dir='ltr'><strong>rans</strong></span> <span class='ocrx_word' id='word_1_7' title='bbox 2558 412 2602 483; x_wconf 77' lang='grc' dir='ltr'><strong>ι.</strong></span> <span class='ocrx_word' id='word_1_8' title='bbox 2642 414 2710 468; x_wconf 81' lang='lat'><strong>—&#39;—</strong></span> <span class='ocrx_word' id='word_1_9' title='bbox 2749 411 3103 482; x_wconf 75' lang='lat' dir='ltr'><strong>COMMENT.</strong></span> <span class='ocrx_word' id='word_1_10' title='bbox 3141 425 3316 480; x_wconf 63' lang='lat' dir='ltr'><strong>sum.</strong></span> <span class='ocrx_word' id='word_1_11' title='bbox 3631 428 3710 487; x_wconf 59' lang='grc' dir='ltr'><strong>ετξ</strong></span> 
     </span>
    </p>
   </div>
   <div class='ocr_carea' id='block_1_2' title="bbox 509 540 3709 628">
    <p class='ocr_par' dir='ltr' id='par_1_2' title="bbox 509 540 3709 628">
     <span class='ocr_line' id='line_1_2' title="bbox 509 540 3709 628; baseline -0.002 -16"><span class='ocrx_word' id='word_1_12' title='bbox 509 571 632 628; x_wconf 66' lang='lat' dir='ltr'><strong>qua:</strong></span> <span class='ocrx_word' id='word_1_13' title='bbox 675 553 847 625; x_wconf 78' lang='lat' dir='ltr'><strong>replet</strong></span> <span class='ocrx_word' id='word_1_14' title='bbox 889 550 1090 615; x_wconf 80' lang='lat' dir='ltr'><strong>omnia,</strong></span> <span class='ocrx_word' id='word_1_15' title='bbox 1145 546 1311 619; x_wconf 88' lang='lat' dir='ltr'><strong>replet</strong></span> <span class='ocrx_word' id='word_1_16' title='bbox 1365 554 1421 602; x_wconf 89' lang='lat' dir='ltr'><strong>et</strong></span> <span class='ocrx_word' id='word_1_17' title='bbox 1460 546 1884 619; x_wconf 82' lang='lat' dir='ltr'><strong>illtrd,-t‘aeitque</strong></span> <span class='ocrx_word' id='word_1_18' title='bbox 1927 557 1987 602; x_wconf 83' lang='lat' dir='ltr'><strong>ut</strong></span> <span class='ocrx_word' id='word_1_19' title='bbox 2022 548 2092 601; x_wconf 90' lang='lat' dir='ltr'><strong>sit</strong></span> <span class='ocrx_word' id='word_1_20' title='bbox 2122 548 2164 607; x_wconf 81' lang='grc' dir='ltr'><strong>Α</strong></span> <span class='ocrx_word' id='word_1_21' title='bbox 2198 544 2339 610; x_wconf 84' lang='lat' dir='ltr'><strong>Quid</strong></span> <span class='ocrx_word' id='word_1_22' title='bbox 2379 547 2553 600; x_wconf 86' lang='lat' dir='ltr'><strong>dicam</strong></span> <span class='ocrx_word' id='word_1_23' title='bbox 2596 545 2780 600; x_wconf 76' lang='lat' dir='ltr'><strong>vobis?</strong></span> <span class='ocrx_word' id='word_1_24' title='bbox 2807 561 2841 599; x_wconf 94' lang='lat' dir='ltr'><strong>o</strong></span> <span class='ocrx_word' id='word_1_25' title='bbox 2877 544 3162 611; x_wconf 77' lang='lat' dir='ltr'><strong>Corinthii,</strong></span> <span class='ocrx_word' id='word_1_26' title='bbox 3186 540 3248 601; x_wconf 88' lang='lat' dir='ltr'><strong>id</strong></span> <span class='ocrx_word' id='word_1_27' title='bbox 3276 553 3377 610; x_wconf 87' lang='lat' dir='ltr'><strong>est,</strong></span> <span class='ocrx_word' id='word_1_28' title='bbox 3399 546 3517 616; x_wconf 84' lang='lat' dir='ltr'><strong>quid</strong></span> <span class='ocrx_word' id='word_1_29' title='bbox 3538 563 3709 617; x_wconf 86' lang='lat' dir='ltr'><strong>possum</strong></span> 
     </span>
    </p>
   </div>
   <div class='ocr_carea' id='block_1_3' title="bbox 511 637 2096 709">
    <p class='ocr_par' dir='ltr' id='par_1_3' title="bbox 511 637 2096 709">
     <span class='ocr_line' id='line_1_3' title="bbox 511 637 2096 709; baseline -0.008 -6"><span class='ocrx_word' id='word_1_30' title='bbox 511 661 680 703; x_wconf 85' lang='lat' dir='ltr'><strong>unum</strong></span> <span class='ocrx_word' id='word_1_31' title='bbox 726 642 926 700; x_wconf 90' lang='lat' dir='ltr'><strong>Christi</strong></span> <span class='ocrx_word' id='word_1_32' title='bbox 982 654 1195 709; x_wconf 77' lang='lat' dir='ltr'><strong>corpus,</strong></span> <span class='ocrx_word' id='word_1_33' title='bbox 1250 650 1549 707; x_wconf 86' lang='lat' dir='ltr'><strong>omnesque</strong></span> <span class='ocrx_word' id='word_1_34' title='bbox 1592 637 1685 706; x_wconf 93' lang='lat' dir='ltr'><strong>qui</strong></span> <span class='ocrx_word' id='word_1_35' title='bbox 1726 637 1884 705; x_wconf 73' lang='lat' dir='ltr'><strong>digne</strong></span> <span class='ocrx_word' id='word_1_36' title='bbox 1921 637 2096 707; x_wconf 82' lang='lat' dir='ltr'><strong>perci-</strong></span> 
     </span>
    </p>
   </div>
   <div class='ocr_carea' id='block_1_4' title="bbox 511 727 2095 809">
    <p class='ocr_par' dir='ltr' id='par_1_4' title="bbox 511 727 2095 809">
     <span class='ocr_line' id='line_1_4' title="bbox 511 727 2095 809; baseline -0.006 -18"><span class='ocrx_word' id='word_1_37' title='bbox 511 739 669 809; x_wconf 90' lang='lat' dir='ltr'><strong>piunt</strong></span> <span class='ocrx_word' id='word_1_38' title='bbox 717 733 869 798; x_wconf 89' lang='lat' dir='ltr'><strong>illud,</strong></span> <span class='ocrx_word' id='word_1_39' title='bbox 906 744 1072 786; x_wconf 86' lang='lat' dir='ltr'><strong>unum</strong></span> <span class='ocrx_word' id='word_1_40' title='bbox 1112 743 1310 798; x_wconf 87' lang='lat' dir='ltr'><strong>corpus</strong></span> <span class='ocrx_word' id='word_1_41' title='bbox 1347 727 1550 782; x_wconf 91' lang='lat' dir='ltr'><strong>Christi</strong></span> <span class='ocrx_word' id='word_1_42' title='bbox 1589 727 1795 782; x_wconf 87' lang='lat' dir='ltr'><strong>faciunt</strong></span> <span class='ocrx_word' id='word_1_43' title='bbox 1829 744 1934 782; x_wconf 90' lang='lat' dir='ltr'><strong>non</strong></span> <span class='ocrx_word' id='word_1_44' title='bbox 1964 728 2095 792; x_wconf 89' lang='lat' dir='ltr'><strong>duo,</strong></span> 
     </span>
    </p>
   </div>
   <div class='ocr_carea' id='block_1_5' title="bbox 512 818 2094 898">
    <p class='ocr_par' dir='ltr' id='par_1_5' title="bbox 512 818 2094 898">
     <span class='ocr_line' id='line_1_5' title="bbox 512 818 2094 898; baseline -0.006 -16"><span class='ocrx_word' id='word_1_45' title='bbox 512 828 639 898; x_wconf 83' lang='lat' dir='ltr'><strong>quia</strong></span> <span class='ocrx_word' id='word_1_46' title='bbox 669 827 782 896; x_wconf 90' lang='lat' dir='ltr'><strong>ipse</strong></span> <span class='ocrx_word' id='word_1_47' title='bbox 806 824 941 878; x_wconf 83' lang='lat' dir='ltr'><strong>dixit</strong></span> <span class='ocrx_word' id='word_1_48' title='bbox 972 839 985 876; x_wconf 90' lang='lat'>:</span> <span class='ocrx_word' id='word_1_49' title='bbox 1013 818 1118 887; x_wconf 83' lang='lat' dir='ltr'><strong>Qui</strong></span> <span class='ocrx_word' id='word_1_50' title='bbox 1136 819 1423 875; x_wconf 70' lang='lat' dir='ltr'><strong>manduca!</strong></span> <span class='ocrx_word' id='word_1_51' title='bbox 1447 836 1657 873; x_wconf 86' lang='lat' dir='ltr'><strong>carnem</strong></span> <span class='ocrx_word' id='word_1_52' title='bbox 1687 836 1877 886; x_wconf 86' lang='lat' dir='ltr'><strong><em>meam,</em></strong></span> <span class='ocrx_word' id='word_1_53' title='bbox 1901 828 1947 872; x_wconf 88' lang='lat' dir='ltr'><strong>et</strong></span> <span class='ocrx_word' id='word_1_54' title='bbox 1972 819 2094 873; x_wconf 88' lang='lat' dir='ltr'><strong>bibit</strong></span> 
     </span>
    </p>
   </div>
   <div class='ocr_carea' id='block_1_6' title="bbox 511 908 2099 985">
    <p class='ocr_par' dir='ltr' id='par_1_6' title="bbox 511 908 2099 985">
     <span class='ocr_line' id='line_1_6' title="bbox 511 908 2099 985; baseline -0.005 -14"><span class='ocrx_word' id='word_1_55' title='bbox 511 934 683 972; x_wconf 83' lang='lat' dir='ltr'><strong>meum</strong></span> <span class='ocrx_word' id='word_1_56' title='bbox 727 915 1058 985; x_wconf 82' lang='lat' dir='ltr'><strong>sanguinem,</strong></span> <span class='ocrx_word' id='word_1_57' title='bbox 1089 913 1143 966; x_wconf 85' lang='lat' dir='ltr'><strong>in</strong></span> <span class='ocrx_word' id='word_1_58' title='bbox 1173 927 1256 965; x_wconf 88' lang='lat' dir='ltr'><strong>me</strong></span> <span class='ocrx_word' id='word_1_59' title='bbox 1288 920 1485 976; x_wconf 83' lang='lat' dir='ltr'><strong>manet,</strong></span> <span class='ocrx_word' id='word_1_60' title='bbox 1525 920 1572 965; x_wconf 89' lang='lat' dir='ltr'><strong>et</strong></span> <span class='ocrx_word' id='word_1_61' title='bbox 1601 926 1694 980; x_wconf 85' lang='lat' dir='ltr'><strong>ego</strong></span> <span class='ocrx_word' id='word_1_62' title='bbox 1735 911 1791 964; x_wconf 88' lang='lat' dir='ltr'><strong>in</strong></span> <span class='ocrx_word' id='word_1_63' title='bbox 1822 926 1881 965; x_wconf 84' lang='lat' dir='ltr'><strong>eo</strong></span> <span class='ocrx_word' id='word_1_64' title='bbox 1913 908 2099 982; x_wconf 73' lang='lat' dir='ltr'><strong>(Joan.</strong></span> 
     </span>
    </p>
   </div>
   <div class='ocr_carea' id='block_1_7' title="bbox 509 989 2099 1079">
    <p class='ocr_par' dir='ltr' id='par_1_7' title="bbox 509 989 2099 1079">
     <span class='ocr_line' id='line_1_7' title="bbox 509 989 2099 1079; baseline -0.005 -16"><span class='ocrx_word' id='word_1_65' title='bbox 509 1007 612 1079; x_wconf 84' lang='lat' dir='ltr'><strong>vt).</strong></span> <span class='ocrx_word' id='word_1_66' title='bbox 664 1005 982 1073; x_wconf 85' lang='lat' dir='ltr'><strong>Quicunque</strong></span> <span class='ocrx_word' id='word_1_67' title='bbox 1028 1016 1159 1073; x_wconf 83' lang='lat' dir='ltr'><strong>ergo</strong></span> <span class='ocrx_word' id='word_1_68' title='bbox 1199 989 1412 1056; x_wconf 65' lang='lat' dir='ltr'><strong>orenam</strong></span> <span class='ocrx_word' id='word_1_69' title='bbox 1467 990 1681 1056; x_wconf 79' lang='lat' dir='ltr'><strong>Domini</strong></span> <span class='ocrx_word' id='word_1_70' title='bbox 1737 999 1852 1055; x_wconf 82' lang='lat' dir='ltr'><strong>vult</strong></span> <span class='ocrx_word' id='word_1_71' title='bbox 1897 1000 2099 1055; x_wconf 90' lang='lat' dir='ltr'><strong>imitari</strong></span> 
     </span>
    </p>
   </div>
   <div class='ocr_carea' id='block_1_8' title="bbox 510 1096 2103 1176">
    <p class='ocr_par' dir='ltr' id='par_1_8' title="bbox 510 1096 2103 1176">
     <span class='ocr_line' id='line_1_8' title="bbox 510 1096 2103 1176; baseline -0.004 -17"><span class='ocrx_word' id='word_1_72' title='bbox 510 1102 859 1176; x_wconf 88' lang='lat' dir='ltr'><strong>percipiendo</strong></span> <span class='ocrx_word' id='word_1_73' title='bbox 881 1115 1078 1171; x_wconf 91' lang='lat' dir='ltr'><strong>corpus</strong></span> <span class='ocrx_word' id='word_1_74' title='bbox 1106 1099 1270 1165; x_wconf 89' lang='lat' dir='ltr'><strong>illius,</strong></span> <span class='ocrx_word' id='word_1_75' title='bbox 1298 1097 1383 1153; x_wconf 90' lang='lat' dir='ltr'><strong>vel</strong></span> <span class='ocrx_word' id='word_1_76' title='bbox 1406 1099 1568 1153; x_wconf 89' lang='lat' dir='ltr'><strong>etiam</strong></span> <span class='ocrx_word' id='word_1_77' title='bbox 1602 1097 1947 1168; x_wconf 87' lang='lat' dir='ltr'><strong>percipiendo</strong></span> <span class='ocrx_word' id='word_1_78' title='bbox 1966 1096 2103 1152; x_wconf 88' lang='lat' dir='ltr'><strong>alios</strong></span> 
     </span>
    </p>
   </div>
   <div class='ocr_carea' id='block_1_9' title="bbox 506 1188 2099 1261">
    <p class='ocr_par' dir='ltr' id='par_1_9' title="bbox 506 1188 2099 1261">
     <span class='ocr_line' id='line_1_9' title="bbox 506 1188 2099 1261; baseline -0.007 -8"><span class='ocrx_word' id='word_1_79' title='bbox 506 1188 685 1261; x_wconf 85' lang='lat' dir='ltr'><strong>cibos,</strong></span> <span class='ocrx_word' id='word_1_80' title='bbox 715 1192 1082 1249; x_wconf 90' lang='lat' dir='ltr'><strong>communiter</strong></span> <span class='ocrx_word' id='word_1_81' title='bbox 1109 1192 1269 1247; x_wconf 85' lang='lat' dir='ltr'><strong>debet</strong></span> <span class='ocrx_word' id='word_1_82' title='bbox 1302 1205 1367 1245; x_wconf 88' lang='lat' dir='ltr'><strong>ea</strong></span> <span class='ocrx_word' id='word_1_83' title='bbox 1396 1190 1473 1244; x_wconf 90' lang='lat' dir='ltr'><strong>uti</strong></span> <span class='ocrx_word' id='word_1_84' title='bbox 1507 1206 1522 1243; x_wconf 89' lang='lat'><strong>:</strong></span> <span class='ocrx_word' id='word_1_85' title='bbox 1553 1191 1678 1258; x_wconf 82' lang='lat' dir='ltr'><strong>quia</strong></span> <span class='ocrx_word' id='word_1_86' title='bbox 1701 1203 1856 1244; x_wconf 73' lang='lat' dir='ltr'><strong>creua</strong></span> <span class='ocrx_word' id='word_1_87' title='bbox 1887 1188 2099 1243; x_wconf 87' lang='lat' dir='ltr'><strong>Domini</strong></span> 
     </span>
    </p>
   </div>
   <div class='ocr_carea' id='block_1_10' title="bbox 509 1281 2101 1348">
    <p class='ocr_par' dir='ltr' id='par_1_10' title="bbox 509 1281 2101 1348">
     <span class='ocr_line' id='line_1_10' title="bbox 509 1281 2101 1348; baseline -0.005 -4"><span class='ocrx_word' id='word_1_88' title='bbox 509 1288 769 1344; x_wconf 86' lang='lat' dir='ltr'><strong>omnibus</strong></span> <span class='ocrx_word' id='word_1_89' title='bbox 809 1284 1248 1341; x_wconf 80' lang='lat' dir='ltr'><strong>recumbentibus</strong></span> <span class='ocrx_word' id='word_1_90' title='bbox 1293 1283 1596 1339; x_wconf 86' lang='lat' dir='ltr'><strong>communis</strong></span> <span class='ocrx_word' id='word_1_91' title='bbox 1631 1281 1752 1348; x_wconf 81' lang='lat' dir='ltr'><strong>fuit,</strong></span> <span class='ocrx_word' id='word_1_92' title='bbox 1787 1299 1890 1337; x_wconf 92' lang='lat' dir='ltr'><strong>non</strong></span> <span class='ocrx_word' id='word_1_93' title='bbox 1928 1282 2101 1337; x_wconf 90' lang='lat' dir='ltr'><strong>solum</strong></span> 
     </span>
    </p>
   </div>
   <div class='ocr_carea' id='block_1_11' title="bbox 509 1369 2102 1449">
    <p class='ocr_par' dir='ltr' id='par_1_11' title="bbox 509 1369 2102 1449">
     <span class='ocr_line' id='line_1_11' title="bbox 509 1369 2102 1449; baseline -0.004 -12"><span class='ocrx_word' id='word_1_94' title='bbox 509 1383 691 1447; x_wconf 82' lang='lat' dir='ltr'><strong>bonis,</strong></span> <span class='ocrx_word' id='word_1_95' title='bbox 721 1381 815 1436; x_wconf 89' lang='lat' dir='ltr'><strong>sed</strong></span> <span class='ocrx_word' id='word_1_96' title='bbox 848 1369 1011 1435; x_wconf 85' lang='lat' dir='ltr'><strong>etiam</strong></span> <span class='ocrx_word' id='word_1_97' title='bbox 1042 1377 1305 1449; x_wconf 81' lang='lat' dir='ltr'><strong>proditori</strong></span> <span class='ocrx_word' id='word_1_98' title='bbox 1332 1376 1503 1433; x_wconf 61' lang='lat' dir='ltr'><strong>Iudae.</strong></span> <span class='ocrx_word' id='word_1_99' title='bbox 1544 1375 1651 1432; x_wconf 90' lang='lat' dir='ltr'><strong>Sed</strong></span> <span class='ocrx_word' id='word_1_100' title='bbox 1679 1392 1785 1431; x_wconf 92' lang='lat' dir='ltr'><strong>non</strong></span> <span class='ocrx_word' id='word_1_101' title='bbox 1830 1376 2102 1431; x_wconf 88' lang='lat' dir='ltr'><strong>immerito</strong></span> 
     </span>
    </p>
   </div>
   <div class='ocr_carea' id='block_1_12' title="bbox 512 1468 2109 1543">
    <p class='ocr_par' dir='ltr' id='par_1_12' title="bbox 512 1468 2109 1543">
     <span class='ocr_line' id='line_1_12' title="bbox 512 1468 2109 1543; baseline -0.004 -15"><span class='ocrx_word' id='word_1_102' title='bbox 512 1473 711 1543; x_wconf 63' lang='lat' dir='ltr'><strong>quaerit</strong></span> <span class='ocrx_word' id='word_1_103' title='bbox 749 1471 963 1543; x_wconf 85' lang='lat' dir='ltr'><strong>aliquis,</strong></span> <span class='ocrx_word' id='word_1_104' title='bbox 1006 1485 1174 1540; x_wconf 88' lang='lat' dir='ltr'><strong>quare</strong></span> <span class='ocrx_word' id='word_1_105' title='bbox 1217 1468 1466 1523; x_wconf 80' lang='lat' dir='ltr'><strong>Salvator</strong></span> <span class='ocrx_word' id='word_1_106' title='bbox 1499 1476 1703 1535; x_wconf 90' lang='lat' dir='ltr'><strong>noster,</strong></span> <span class='ocrx_word' id='word_1_107' title='bbox 1735 1475 1859 1538; x_wconf 86' lang='lat' dir='ltr'><strong>post</strong></span> <span class='ocrx_word' id='word_1_108' title='bbox 1889 1482 2109 1522; x_wconf 76' lang='lat' dir='ltr'><strong>etenam</strong></span> 
     </span>
    </p>
   </div>
   <div class='ocr_carea' id='block_1_13' title="bbox 513 1559 2105 1636">
    <p class='ocr_par' dir='ltr' id='par_1_13' title="bbox 513 1559 2105 1636">
     <span class='ocr_line' id='line_1_13' title="bbox 513 1559 2105 1636; baseline -0.004 -16"><span class='ocrx_word' id='word_1_109' title='bbox 513 1566 764 1636; x_wconf 87' lang='lat' dir='ltr'><strong>corporis</strong></span> <span class='ocrx_word' id='word_1_110' title='bbox 797 1574 853 1619; x_wconf 91' lang='lat' dir='ltr'><strong>et</strong></span> <span class='ocrx_word' id='word_1_111' title='bbox 882 1562 1161 1632; x_wconf 80' lang='lat' dir='ltr'><strong>sanguinis</strong></span> <span class='ocrx_word' id='word_1_112' title='bbox 1189 1562 1295 1627; x_wconf 92' lang='lat' dir='ltr'><strong>sui,</strong></span> <span class='ocrx_word' id='word_1_113' title='bbox 1326 1569 1668 1616; x_wconf 87' lang='lat' dir='ltr'><strong>sacramenta</strong></span> <span class='ocrx_word' id='word_1_114' title='bbox 1701 1559 1957 1629; x_wconf 83' lang='lat' dir='ltr'><strong>apostolis</strong></span> <span class='ocrx_word' id='word_1_115' title='bbox 1994 1566 2105 1614; x_wconf 90' lang='lat' dir='ltr'><strong>tra-</strong></span> 
     </span>
    </p>
   </div>
   <div class='ocr_carea' id='block_1_14' title="bbox 515 1653 2104 1725">
    <p class='ocr_par' dir='ltr' id='par_1_14' title="bbox 515 1653 2104 1725">
     <span class='ocr_line' id='line_1_14' title="bbox 515 1653 2104 1725; baseline -0.002 -14"><span class='ocrx_word' id='word_1_116' title='bbox 515 1656 737 1722; x_wconf 89' lang='lat' dir='ltr'><strong>diderit,</strong></span> <span class='ocrx_word' id='word_1_117' title='bbox 763 1656 848 1710; x_wconf 85' lang='lat' dir='ltr'><strong>vel</strong></span> <span class='ocrx_word' id='word_1_118' title='bbox 880 1655 1019 1710; x_wconf 88' lang='lat' dir='ltr'><strong>unde</strong></span> <span class='ocrx_word' id='word_1_119' title='bbox 1048 1654 1374 1725; x_wconf 86' lang='lat' dir='ltr'><strong>processerit</strong></span> <span class='ocrx_word' id='word_1_120' title='bbox 1396 1654 1495 1707; x_wconf 89' lang='lat' dir='ltr'><strong>ista</strong></span> <span class='ocrx_word' id='word_1_121' title='bbox 1519 1653 1856 1709; x_wconf 81' lang='lat' dir='ltr'><strong>consuetudo</strong></span> <span class='ocrx_word' id='word_1_122' title='bbox 1878 1653 2104 1708; x_wconf 81' lang='lat' dir='ltr'><strong>univer-</strong></span> 
     </span>
    </p>
   </div>
   <div class='ocr_carea' id='block_1_15' title="bbox 518 1743 2107 1816">
    <p class='ocr_par' dir='ltr' id='par_1_15' title="bbox 518 1743 2107 1816">
     <span class='ocr_line' id='line_1_15' title="bbox 518 1743 2107 1816; baseline -0.002 -15"><span class='ocrx_word' id='word_1_123' title='bbox 518 1748 647 1803; x_wconf 86' lang='lat' dir='ltr'><strong>salis</strong></span> <span class='ocrx_word' id='word_1_124' title='bbox 686 1747 973 1813; x_wconf 59' lang='lat' dir='ltr'><strong>Ecclesia},</strong></span> <span class='ocrx_word' id='word_1_125' title='bbox 1023 1743 1083 1801; x_wconf 88' lang='lat' dir='ltr'><strong>ut</strong></span> <span class='ocrx_word' id='word_1_126' title='bbox 1120 1746 1289 1816; x_wconf 90' lang='lat' dir='ltr'><strong>jejuni</strong></span> <span class='ocrx_word' id='word_1_127' title='bbox 1341 1747 1632 1801; x_wconf 78' lang='lat' dir='ltr'><strong>doceamur</strong></span> <span class='ocrx_word' id='word_1_128' title='bbox 1684 1746 1872 1801; x_wconf 88' lang='lat' dir='ltr'><strong>eadem</strong></span> <span class='ocrx_word' id='word_1_129' title='bbox 1924 1759 2107 1800; x_wconf 87' lang='lat' dir='ltr'><strong>sacra-</strong></span> 
     </span>
    </p>
   </div>
   <div class='ocr_carea' id='block_1_16' title="bbox 510 1835 2104 1907">
    <p class='ocr_par' dir='ltr' id='par_1_16' title="bbox 510 1835 2104 1907">
     <span class='ocr_line' id='line_1_16' title="bbox 510 1835 2104 1907; baseline -0.001 -15"><span class='ocrx_word' id='word_1_130' title='bbox 510 1846 702 1892; x_wconf 82' lang='lat' dir='ltr'><strong>menta</strong></span> <span class='ocrx_word' id='word_1_131' title='bbox 728 1839 1027 1907; x_wconf 75' lang='lat' dir='ltr'><strong>percipere,</strong></span> <span class='ocrx_word' id='word_1_132' title='bbox 1060 1852 1183 1893; x_wconf 91' lang='lat' dir='ltr'><strong>cum</strong></span> <span class='ocrx_word' id='word_1_133' title='bbox 1207 1835 1433 1906; x_wconf 84' lang='lat' dir='ltr'><strong>apostoli</strong></span> <span class='ocrx_word' id='word_1_134' title='bbox 1450 1837 1564 1907; x_wconf 86' lang='lat' dir='ltr'><strong>jam</strong></span> <span class='ocrx_word' id='word_1_135' title='bbox 1602 1837 1799 1892; x_wconf 78' lang='lat' dir='ltr'><strong>ctenati</strong></span> <span class='ocrx_word' id='word_1_136' title='bbox 1827 1851 1893 1890; x_wconf 86' lang='lat' dir='ltr'><strong>ea</strong></span> <span class='ocrx_word' id='word_1_137' title='bbox 1918 1851 2104 1906; x_wconf 83' lang='lat' dir='ltr'><strong>perce-</strong></span> 
     </span>
    </p>
   </div>
   <div class='ocr_carea' id='block_1_17' title="bbox 2196 635 3713 707">
    <p class='ocr_par' dir='ltr' id='par_1_17' title="bbox 2196 635 3713 707">
     <span class='ocr_line' id='line_1_17' title="bbox 2196 635 3713 707; baseline 0.006 -18"><span class='ocrx_word' id='word_1_138' title='bbox 2196 638 2350 692; x_wconf 86' lang='lat' dir='ltr'><strong>vobis</strong></span> <span class='ocrx_word' id='word_1_139' title='bbox 2377 639 2559 693; x_wconf 86' lang='lat' dir='ltr'><strong>dicere</strong></span> <span class='ocrx_word' id='word_1_140' title='bbox 2582 654 2694 707; x_wconf 70' lang='lat' dir='ltr'><strong>pne</strong></span> <span class='ocrx_word' id='word_1_141' title='bbox 2724 637 2891 691; x_wconf 91' lang='lat' dir='ltr'><strong>nimio</strong></span> <span class='ocrx_word' id='word_1_142' title='bbox 2920 637 3137 692; x_wconf 83' lang='lat' dir='ltr'><strong>dolore?</strong></span> <span class='ocrx_word' id='word_1_143' title='bbox 3168 635 3351 691; x_wconf 76' lang='lat' dir='ltr'><strong>Laudo</strong></span> <span class='ocrx_word' id='word_1_144' title='bbox 3378 653 3483 702; x_wconf 78' lang='lat' dir='ltr'><strong>vos,</strong></span> <span class='ocrx_word' id='word_1_145' title='bbox 3509 641 3713 699; x_wconf 78' lang='lat' dir='ltr'><strong>subaudis</strong></span> 
     </span>
    </p>
   </div>
   <div class='ocr_carea' id='block_1_18' title="bbox 2199 728 3712 800">
    <p class='ocr_par' dir='ltr' id='par_1_18' title="bbox 2199 728 3712 800">
     <span class='ocr_line' id='line_1_18' title="bbox 2199 728 3712 800; baseline 0.005 -18"><span class='ocrx_word' id='word_1_146' title='bbox 2199 728 2252 782; x_wconf 90' lang='lat' dir='ltr'><strong>in</strong></span> <span class='ocrx_word' id='word_1_147' title='bbox 2281 730 2383 785; x_wconf 86' lang='lat' dir='ltr'><strong>hoc</strong></span> <span class='ocrx_word' id='word_1_148' title='bbox 2404 731 2547 799; x_wconf 86' lang='lat' dir='ltr'><strong>quod</strong></span> <span class='ocrx_word' id='word_1_149' title='bbox 2572 731 2770 783; x_wconf 89' lang='lat' dir='ltr'><strong>bonum</strong></span> <span class='ocrx_word' id='word_1_150' title='bbox 2791 729 2949 800; x_wconf 81' lang='lat' dir='ltr'><strong>agitis</strong></span> <span class='ocrx_word' id='word_1_151' title='bbox 2976 729 3029 783; x_wconf 89' lang='lat' dir='ltr'><strong>in</strong></span> <span class='ocrx_word' id='word_1_152' title='bbox 3050 728 3369 799; x_wconf 88' lang='lat' dir='ltr'><strong>quibusdam</strong></span> <span class='ocrx_word' id='word_1_153' title='bbox 3388 730 3562 797; x_wconf 85' lang='lat' dir='ltr'><strong>rebus;</strong></span> <span class='ocrx_word' id='word_1_154' title='bbox 3584 733 3627 786; x_wconf 84' lang='lat' dir='ltr'><strong>in</strong></span> <span class='ocrx_word' id='word_1_155' title='bbox 3640 736 3712 789; x_wconf 82' lang='lat' dir='ltr'><strong>troc</strong></span> 
     </span>
    </p>
   </div>
   <div class='ocr_carea' id='block_1_19' title="bbox 2198 818 3712 892">
    <p class='ocr_par' dir='ltr' id='par_1_19' title="bbox 2198 818 3712 892">
     <span class='ocr_line' id='line_1_19' title="bbox 2198 818 3712 892; baseline 0.006 -21"><span class='ocrx_word' id='word_1_156' title='bbox 2198 824 2381 873; x_wconf 90' lang='lat' dir='ltr'><strong>tamen</strong></span> <span class='ocrx_word' id='word_1_157' title='bbox 2405 818 2703 883; x_wconf 81' lang='lat' dir='ltr'><strong>nonluudo,</strong></span> <span class='ocrx_word' id='word_1_158' title='bbox 2731 834 2936 888; x_wconf 86' lang='lat' dir='ltr'><strong>vosque</strong></span> <span class='ocrx_word' id='word_1_159' title='bbox 2958 819 3257 874; x_wconf 78' lang='lat' dir='ltr'><strong>Ecclesium</strong></span> <span class='ocrx_word' id='word_1_160' title='bbox 3282 819 3375 875; x_wconf 87' lang='lat' dir='ltr'><strong>Dei</strong></span> <span class='ocrx_word' id='word_1_161' title='bbox 3397 820 3712 892; x_wconf 80' lang='lat' dir='ltr'><strong>despicabilem</strong></span> 
     </span>
    </p>
   </div>
   <div class='ocr_carea' id='block_1_20' title="bbox 2200 908 3713 986">
    <p class='ocr_par' dir='ltr' id='par_1_20' title="bbox 2200 908 3713 986">
     <span class='ocr_line' id='line_1_20' title="bbox 2200 908 3713 986; baseline 0.003 -19"><span class='ocrx_word' id='word_1_162' title='bbox 2200 910 2403 979; x_wconf 72' lang='lat' dir='ltr'><strong>facilis,</strong></span> <span class='ocrx_word' id='word_1_163' title='bbox 2427 922 2482 968; x_wconf 85' lang='lat' dir='ltr'><strong>et</strong></span> <span class='ocrx_word' id='word_1_164' title='bbox 2501 913 2681 969; x_wconf 86' lang='lat' dir='ltr'><strong>taliter</strong></span> <span class='ocrx_word' id='word_1_165' title='bbox 2699 908 2811 982; x_wconf 87' lang='lat' dir='ltr'><strong>jam</strong></span> <span class='ocrx_word' id='word_1_166' title='bbox 2836 913 2995 978; x_wconf 88' lang='lat' dir='ltr'><strong>ebrii,</strong></span> <span class='ocrx_word' id='word_1_167' title='bbox 3028 927 3227 983; x_wconf 90' lang='lat' dir='ltr'><strong>corpus</strong></span> <span class='ocrx_word' id='word_1_168' title='bbox 3249 912 3454 969; x_wconf 89' lang='lat' dir='ltr'><strong>Domini</strong></span> <span class='ocrx_word' id='word_1_169' title='bbox 3474 915 3713 986; x_wconf 83' lang='lat' dir='ltr'><strong>percipitis,</strong></span> 
     </span>
    </p>
   </div>
   <div class='ocr_carea' id='block_1_21' title="bbox 2200 1002 3145 1075">
    <p class='ocr_par' dir='ltr' id='par_1_21' title="bbox 2200 1002 3145 1075">
     <span class='ocr_line' id='line_1_21' title="bbox 2200 1002 3145 1075; baseline 0 -16"><span class='ocrx_word' id='word_1_170' title='bbox 2200 1011 2255 1059; x_wconf 88' lang='lat' dir='ltr'><strong>et</strong></span> <span class='ocrx_word' id='word_1_171' title='bbox 2276 1003 2445 1058; x_wconf 83' lang='lat' dir='ltr'><strong>facies</strong></span> <span class='ocrx_word' id='word_1_172' title='bbox 2469 1019 2767 1075; x_wconf 83' lang='lat' dir='ltr'><strong>pauperum</strong></span> <span class='ocrx_word' id='word_1_173' title='bbox 2795 1002 3145 1060; x_wconf 86' lang='lat' dir='ltr'><strong>confunditis.</strong></span> 
     </span>
    </p>
   </div>
   <div class='ocr_carea' id='block_1_22' title="bbox 2272 1095 3714 1169">
    <p class='ocr_par' dir='ltr' id='par_1_22' title="bbox 2272 1095 3714 1169">
     <span class='ocr_line' id='line_1_22' title="bbox 2272 1095 3714 1169; baseline 0.005 -20"><span class='ocrx_word' id='word_1_174' title='bbox 2272 1096 2387 1167; x_wconf 80' lang='lat' dir='ltr'><strong>Ego</strong></span> <span class='ocrx_word' id='word_1_175' title='bbox 2418 1096 2554 1150; x_wconf 86' lang='lat' dir='ltr'><strong>enim</strong></span> <span class='ocrx_word' id='word_1_176' title='bbox 2592 1097 2767 1167; x_wconf 84' lang='lat' dir='ltr'><strong>accepi</strong></span> <span class='ocrx_word' id='word_1_177' title='bbox 2802 1113 2834 1151; x_wconf 90' lang='lat' dir='ltr'><strong>a</strong></span> <span class='ocrx_word' id='word_1_178' title='bbox 2871 1095 3101 1152; x_wconf 86' lang='lat' dir='ltr'><strong>Domino</strong></span> <span class='ocrx_word' id='word_1_179' title='bbox 3134 1098 3277 1169; x_wconf 80' lang='lat' dir='ltr'><strong>quod</strong></span> <span class='ocrx_word' id='word_1_180' title='bbox 3314 1107 3362 1153; x_wconf 88' lang='lat' dir='ltr'><strong>et</strong></span> <span class='ocrx_word' id='word_1_181' title='bbox 3396 1098 3573 1154; x_wconf 87' lang='lat' dir='ltr'><strong>tradidi</strong></span> <span class='ocrx_word' id='word_1_182' title='bbox 3592 1103 3714 1166; x_wconf 75' lang='lat' dir='ltr'><strong>tabis,</strong></span> 
     </span>
    </p>
   </div>
   <div class='ocr_carea' id='block_1_23' title="bbox 2204 1189 3715 1261">
    <p class='ocr_par' dir='ltr' id='par_1_23' title="bbox 2204 1189 3715 1261">
     <span class='ocr_line' id='line_1_23' title="bbox 2204 1189 3715 1261; baseline 0.003 -16"><span class='ocrx_word' id='word_1_183' title='bbox 2204 1189 2258 1245; x_wconf 90' lang='lat' dir='ltr'><strong>id</strong></span> <span class='ocrx_word' id='word_1_184' title='bbox 2314 1200 2397 1245; x_wconf 89' lang='lat' dir='ltr'><strong>est</strong></span> <span class='ocrx_word' id='word_1_185' title='bbox 2448 1190 2761 1261; x_wconf 85' lang='lat' dir='ltr'><strong>mysterium</strong></span> <span class='ocrx_word' id='word_1_186' title='bbox 2808 1191 3053 1261; x_wconf 90' lang='lat' dir='ltr'><strong>corporis</strong></span> <span class='ocrx_word' id='word_1_187' title='bbox 3108 1198 3162 1245; x_wconf 89' lang='lat' dir='ltr'><strong>et</strong></span> <span class='ocrx_word' id='word_1_188' title='bbox 3215 1192 3487 1260; x_wconf 78' lang='lat' dir='ltr'><strong>sanguinis</strong></span> <span class='ocrx_word' id='word_1_189' title='bbox 3528 1194 3715 1261; x_wconf 81' lang='lat' dir='ltr'><strong>Domini,</strong></span> 
     </span>
    </p>
   </div>
   <div class='ocr_carea' id='block_1_24' title="bbox 2204 1281 3719 1349">
    <p class='ocr_par' dir='ltr' id='par_1_24' title="bbox 2204 1281 3719 1349">
     <span class='ocr_line' id='line_1_24' title="bbox 2204 1281 3719 1349; baseline 0.005 -16"><span class='ocrx_word' id='word_1_190' title='bbox 2204 1282 2476 1345; x_wconf 87' lang='lat' dir='ltr'><strong>quomodo</strong></span> <span class='ocrx_word' id='word_1_191' title='bbox 2514 1281 2754 1336; x_wconf 84' lang='lat' dir='ltr'><strong>debeatis</strong></span> <span class='ocrx_word' id='word_1_192' title='bbox 2804 1297 3017 1337; x_wconf 86' lang='lat' dir='ltr'><strong>sumere</strong></span> <span class='ocrx_word' id='word_1_193' title='bbox 3053 1283 3192 1337; x_wconf 84' lang='lat' dir='ltr'><strong>sicut</strong></span> <span class='ocrx_word' id='word_1_194' title='bbox 3240 1284 3371 1337; x_wconf 91' lang='lat' dir='ltr'><strong>mihi</strong></span> <span class='ocrx_word' id='word_1_195' title='bbox 3403 1285 3719 1349; x_wconf 79' lang='lat' dir='ltr'><strong>revelavit,ita</strong></span> 
     </span>
    </p>
   </div>
   <div class='ocr_carea' id='block_1_25' title="bbox 2206 1370 3715 1447">
    <p class='ocr_par' dir='ltr' id='par_1_25' title="bbox 2206 1370 3715 1447">
     <span class='ocr_line' id='line_1_25' title="bbox 2206 1370 3715 1447; baseline 0.005 -21"><span class='ocrx_word' id='word_1_196' title='bbox 2206 1370 2402 1426; x_wconf 85' lang='lat' dir='ltr'><strong>tradidi</strong></span> <span class='ocrx_word' id='word_1_197' title='bbox 2449 1371 2621 1427; x_wconf 83' lang='lat' dir='ltr'><strong>vobis.</strong></span> <span class='ocrx_word' id='word_1_198' title='bbox 2665 1372 2891 1442; x_wconf 83' lang='lat' dir='ltr'><strong>Insuper</strong></span> <span class='ocrx_word' id='word_1_199' title='bbox 2941 1373 3104 1428; x_wconf 90' lang='lat' dir='ltr'><strong>etiam</strong></span> <span class='ocrx_word' id='word_1_200' title='bbox 3155 1375 3289 1445; x_wconf 90' lang='lat' dir='ltr'><strong>quid</strong></span> <span class='ocrx_word' id='word_1_201' title='bbox 3344 1376 3586 1447; x_wconf 81' lang='lat' dir='ltr'><strong>signiﬁcet</strong></span> <span class='ocrx_word' id='word_1_202' title='bbox 3623 1378 3715 1433; x_wconf 83' lang='lat' dir='ltr'><strong>illud</strong></span> 
     </span>
    </p>
   </div>
   <div class='ocr_carea' id='block_1_26' title="bbox 2204 1466 3715 1537">
    <p class='ocr_par' dir='ltr' id='par_1_26' title="bbox 2204 1466 3715 1537">
     <span class='ocr_line' id='line_1_26' title="bbox 2204 1466 3715 1537; baseline 0.004 -18"><span class='ocrx_word' id='word_1_203' title='bbox 2204 1473 2627 1531; x_wconf 88' lang='lat' dir='ltr'><strong>sacramentum,</strong></span> <span class='ocrx_word' id='word_1_204' title='bbox 2685 1467 2829 1521; x_wconf 85' lang='lat' dir='ltr'><strong>sicut</strong></span> <span class='ocrx_word' id='word_1_205' title='bbox 2875 1466 2927 1521; x_wconf 91' lang='lat' dir='ltr'><strong>in</strong></span> <span class='ocrx_word' id='word_1_206' title='bbox 2983 1469 3340 1537; x_wconf 90' lang='lat' dir='ltr'><strong>sequentibus</strong></span> <span class='ocrx_word' id='word_1_207' title='bbox 3388 1470 3604 1525; x_wconf 89' lang='lat' dir='ltr'><strong>dicturus</strong></span> <span class='ocrx_word' id='word_1_208' title='bbox 3641 1482 3715 1537; x_wconf 77' lang='lat' dir='ltr'><strong>est,</strong></span> 
     </span>
    </p>
   </div>
   <div class='ocr_carea' id='block_1_27' title="bbox 2205 1557 3742 1628">
    <p class='ocr_par' dir='ltr' id='par_1_27' title="bbox 2205 1557 3742 1628">
     <span class='ocr_line' id='line_1_27' title="bbox 2205 1557 3742 1628; baseline 0.001 -18"><span class='ocrx_word' id='word_1_209' title='bbox 2205 1557 2425 1627; x_wconf 83' lang='lat' dir='ltr'><strong>quando</strong></span> <span class='ocrx_word' id='word_1_210' title='bbox 2467 1557 2724 1628; x_wconf 84' lang='lat' dir='ltr'><strong>pergebat</strong></span> <span class='ocrx_word' id='word_1_211' title='bbox 2771 1559 3118 1623; x_wconf 86' lang='lat' dir='ltr'><strong>Damascum,</strong></span> <span class='ocrx_word' id='word_1_212' title='bbox 3168 1566 3225 1614; x_wconf 88' lang='lat' dir='ltr'><strong>et</strong></span> <span class='ocrx_word' id='word_1_213' title='bbox 3277 1568 3501 1616; x_wconf 71' lang='lat' dir='ltr'><strong>czeeatus</strong></span> <span class='ocrx_word' id='word_1_214' title='bbox 3533 1570 3615 1615; x_wconf 82' lang='lat' dir='ltr'><strong>est.</strong></span> <span class='ocrx_word' id='word_1_215' title='bbox 3652 1563 3742 1617; x_wconf 67' lang='lat' dir='ltr'><strong>Vel.</strong></span> 
     </span>
    </p>
   </div>
   <div class='ocr_carea' id='block_1_28' title="bbox 2205 1649 3719 1707">
    <p class='ocr_par' dir='ltr' id='par_1_28' title="bbox 2205 1649 3719 1707">
     <span class='ocr_line' id='line_1_28' title="bbox 2205 1649 3719 1707; baseline 0.003 -5"><span class='ocrx_word' id='word_1_216' title='bbox 2205 1656 2335 1704; x_wconf 88' lang='lat' dir='ltr'><strong>tunc</strong></span> <span class='ocrx_word' id='word_1_217' title='bbox 2377 1649 2745 1705; x_wconf 87' lang='lat' dir='ltr'><strong>manifestavit</strong></span> <span class='ocrx_word' id='word_1_218' title='bbox 2786 1651 2835 1704; x_wconf 91' lang='lat' dir='ltr'><strong>ei</strong></span> <span class='ocrx_word' id='word_1_219' title='bbox 2863 1649 3124 1707; x_wconf 89' lang='lat' dir='ltr'><strong>Dominus</strong></span> <span class='ocrx_word' id='word_1_220' title='bbox 3152 1652 3257 1707; x_wconf 91' lang='lat' dir='ltr'><strong>hoc</strong></span> <span class='ocrx_word' id='word_1_221' title='bbox 3285 1652 3423 1707; x_wconf 89' lang='lat' dir='ltr'><strong>inter</strong></span> <span class='ocrx_word' id='word_1_222' title='bbox 3446 1662 3628 1707; x_wconf 67' lang='lat' dir='ltr'><strong>eaztera.</strong></span> <span class='ocrx_word' id='word_1_223' title='bbox 3651 1654 3719 1707; x_wconf 63' lang='grc' dir='ltr'><strong>γει</strong></span> 
     </span>
    </p>
   </div>
   <div class='ocr_carea' id='block_1_29' title="bbox 2206 1740 3716 1811">
    <p class='ocr_par' dir='ltr' id='par_1_29' title="bbox 2206 1740 3716 1811">
     <span class='ocr_line' id='line_1_29' title="bbox 2206 1740 3716 1811; baseline 0.003 -18"><span class='ocrx_word' id='word_1_224' title='bbox 2206 1740 2424 1810; x_wconf 82' lang='lat' dir='ltr'><strong>quando</strong></span> <span class='ocrx_word' id='word_1_225' title='bbox 2462 1742 2673 1811; x_wconf 88' lang='lat' dir='ltr'><strong>positus</strong></span> <span class='ocrx_word' id='word_1_226' title='bbox 2701 1750 2785 1796; x_wconf 83' lang='lat' dir='ltr'><strong>est</strong></span> <span class='ocrx_word' id='word_1_227' title='bbox 2826 1742 2879 1795; x_wconf 93' lang='lat' dir='ltr'><strong>in</strong></span> <span class='ocrx_word' id='word_1_228' title='bbox 2915 1743 3116 1797; x_wconf 79' lang='lat' dir='ltr'><strong>exstasi</strong></span> <span class='ocrx_word' id='word_1_229' title='bbox 3158 1745 3378 1809; x_wconf 87' lang='lat' dir='ltr'><strong>mentis,</strong></span> <span class='ocrx_word' id='word_1_230' title='bbox 3415 1744 3530 1797; x_wconf 89' lang='lat' dir='ltr'><strong>dum</strong></span> <span class='ocrx_word' id='word_1_231' title='bbox 3556 1743 3716 1798; x_wconf 76' lang='lat' dir='ltr'><strong>essetin</strong></span> 
     </span>
    </p>
   </div>
   <div class='ocr_carea' id='block_1_30' title="bbox 2210 1835 3717 1906">
    <p class='ocr_par' dir='ltr' id='par_1_30' title="bbox 2210 1835 3717 1906">
     <span class='ocr_line' id='line_1_30' title="bbox 2210 1835 3717 1906; baseline 0.001 -17"><span class='ocrx_word' id='word_1_232' title='bbox 2210 1835 2431 1906; x_wconf 87' lang='lat' dir='ltr'><strong>templo.</strong></span> <span class='ocrx_word' id='word_1_233' title='bbox 2464 1835 2543 1891; x_wconf 85' lang='lat' dir='ltr'><strong>Ac</strong></span> <span class='ocrx_word' id='word_1_234' title='bbox 2573 1837 2652 1891; x_wconf 88' lang='lat' dir='ltr'><strong>sic</strong></span> <span class='ocrx_word' id='word_1_235' title='bbox 2690 1836 2906 1890; x_wconf 89' lang='lat' dir='ltr'><strong>demum</strong></span> <span class='ocrx_word' id='word_1_236' title='bbox 2958 1835 3183 1891; x_wconf 84' lang='lat' dir='ltr'><strong>tradidit</strong></span> <span class='ocrx_word' id='word_1_237' title='bbox 3221 1837 3532 1902; x_wconf 90' lang='lat' dir='ltr'><strong>Corinthiis,</strong></span> <span class='ocrx_word' id='word_1_238' title='bbox 3561 1838 3717 1906; x_wconf 74' lang='lat' dir='ltr'><strong>quan-lo</strong></span> 
     </span>
    </p>
   </div>
   <div class='ocr_carea' id='block_1_31' title="bbox 518 1916 3717 1998">
    <p class='ocr_par' dir='ltr' id='par_1_31' title="bbox 518 1916 3717 1998">
     <span class='ocr_line' id='line_1_31' title="bbox 518 1916 3717 1998; baseline -0.001 -17"><span class='ocrx_word' id='word_1_239' title='bbox 518 1928 723 1998; x_wconf 87' lang='lat' dir='ltr'><strong>perint,</strong></span> <span class='ocrx_word' id='word_1_240' title='bbox 776 1935 831 1981; x_wconf 85' lang='lat' dir='ltr'><strong>et</strong></span> <span class='ocrx_word' id='word_1_241' title='bbox 879 1926 1139 1983; x_wconf 88' lang='lat' dir='ltr'><strong>Dominus</strong></span> <span class='ocrx_word' id='word_1_242' title='bbox 1174 1927 1277 1981; x_wconf 89' lang='lat' dir='ltr'><strong>hoc</strong></span> <span class='ocrx_word' id='word_1_243' title='bbox 1307 1927 1381 1981; x_wconf 88' lang='lat' dir='ltr'><strong>ita</strong></span> <span class='ocrx_word' id='word_1_244' title='bbox 1410 1942 1521 1981; x_wconf 89' lang='lat' dir='ltr'><strong>non</strong></span> <span class='ocrx_word' id='word_1_245' title='bbox 1569 1925 1928 1991; x_wconf 84' lang='lat' dir='ltr'><strong>ordinaverit,</strong></span> <span class='ocrx_word' id='word_1_246' title='bbox 1968 1926 2107 1982; x_wconf 86' lang='lat' dir='ltr'><strong>sicut</strong></span> <span class='ocrx_word' id='word_1_247' title='bbox 2134 1916 2186 1978; x_wconf 84' lang='lat' dir='ltr'><strong>B</strong></span> <span class='ocrx_word' id='word_1_248' title='bbox 2209 1935 2455 1995; x_wconf 88' lang='lat' dir='ltr'><strong>moratus</strong></span> <span class='ocrx_word' id='word_1_249' title='bbox 2501 1934 2582 1980; x_wconf 86' lang='lat' dir='ltr'><strong>est</strong></span> <span class='ocrx_word' id='word_1_250' title='bbox 2638 1927 2778 1997; x_wconf 89' lang='lat' dir='ltr'><strong>apud</strong></span> <span class='ocrx_word' id='word_1_251' title='bbox 2806 1940 2900 1981; x_wconf 89' lang='lat' dir='ltr'><strong>eos</strong></span> <span class='ocrx_word' id='word_1_252' title='bbox 2938 1941 3081 1980; x_wconf 91' lang='lat' dir='ltr'><strong>anno</strong></span> <span class='ocrx_word' id='word_1_253' title='bbox 3123 1942 3235 1981; x_wconf 92' lang='lat' dir='ltr'><strong>uno</strong></span> <span class='ocrx_word' id='word_1_254' title='bbox 3273 1935 3331 1982; x_wconf 90' lang='lat' dir='ltr'><strong>et</strong></span> <span class='ocrx_word' id='word_1_255' title='bbox 3368 1927 3612 1982; x_wconf 88' lang='lat' dir='ltr'><strong>mensibus</strong></span> <span class='ocrx_word' id='word_1_256' title='bbox 3638 1942 3717 1987; x_wconf 75' lang='lat' dir='ltr'><strong>sex.</strong></span> 
     </span>
    </p>
   </div>
   <div class='ocr_carea' id='block_1_32' title="bbox 520 2009 2108 2089">
    <p class='ocr_par' dir='ltr' id='par_1_32' title="bbox 520 2009 2108 2089">
     <span class='ocr_line' id='line_1_32' title="bbox 520 2009 2108 2089; baseline 0 -15"><span class='ocrx_word' id='word_1_257' title='bbox 520 2019 683 2074; x_wconf 90' lang='lat' dir='ltr'><strong>modo</strong></span> <span class='ocrx_word' id='word_1_258' title='bbox 725 2019 980 2074; x_wconf 87' lang='lat' dir='ltr'><strong>tenetur?</strong></span> <span class='ocrx_word' id='word_1_259' title='bbox 1025 2018 1124 2074; x_wconf 91' lang='lat' dir='ltr'><strong>Cui</strong></span> <span class='ocrx_word' id='word_1_260' title='bbox 1180 2017 1615 2089; x_wconf 84' lang='lat' dir='ltr'><strong>reSpondeudum</strong></span> <span class='ocrx_word' id='word_1_261' title='bbox 1657 2027 1763 2084; x_wconf 87' lang='lat' dir='ltr'><strong>est,</strong></span> <span class='ocrx_word' id='word_1_262' title='bbox 1809 2009 1931 2073; x_wconf 76' lang='lat' dir='ltr'><strong>ideo</strong></span> <span class='ocrx_word' id='word_1_263' title='bbox 1981 2027 2108 2074; x_wconf 90' lang='lat' dir='ltr'><strong>tunc</strong></span> 
     </span>
    </p>
   </div>
   <div class='ocr_carea' id='block_1_33' title="bbox 521 2110 2110 2180">
    <p class='ocr_par' dir='ltr' id='par_1_33' title="bbox 521 2110 2110 2180">
     <span class='ocr_line' id='line_1_33' title="bbox 521 2110 2110 2180; baseline -0.002 -12"><span class='ocrx_word' id='word_1_264' title='bbox 521 2120 767 2168; x_wconf 63' lang='lat' dir='ltr'><strong>cenatos</strong></span> <span class='ocrx_word' id='word_1_265' title='bbox 801 2111 1234 2168; x_wconf 86' lang='lat' dir='ltr'><strong>communicasse</strong></span> <span class='ocrx_word' id='word_1_266' title='bbox 1262 2110 1534 2180; x_wconf 87' lang='lat' dir='ltr'><strong>apostolos</strong></span> <span class='ocrx_word' id='word_1_267' title='bbox 1563 2111 1688 2180; x_wconf 87' lang='lat' dir='ltr'><strong>quia</strong></span> <span class='ocrx_word' id='word_1_268' title='bbox 1728 2125 1952 2165; x_wconf 89' lang='lat' dir='ltr'><strong>necesse</strong></span> <span class='ocrx_word' id='word_1_269' title='bbox 1988 2119 2110 2165; x_wconf 87' lang='lat' dir='ltr'><strong>erat</strong></span> 
     </span>
    </p>
   </div>
   <div class='ocr_carea' id='block_1_34' title="bbox 519 2201 2109 2275">
    <p class='ocr_par' dir='ltr' id='par_1_34' title="bbox 519 2201 2109 2275">
     <span class='ocr_line' id='line_1_34' title="bbox 519 2201 2109 2275; baseline -0.003 -16"><span class='ocrx_word' id='word_1_270' title='bbox 519 2206 722 2275; x_wconf 80' lang='lat' dir='ltr'><strong>pascha</strong></span> <span class='ocrx_word' id='word_1_271' title='bbox 766 2204 905 2259; x_wconf 83' lang='lat' dir='ltr'><strong>illud</strong></span> <span class='ocrx_word' id='word_1_272' title='bbox 949 2202 1184 2275; x_wconf 86' lang='lat' dir='ltr'><strong>typicum</strong></span> <span class='ocrx_word' id='word_1_273' title='bbox 1215 2211 1373 2257; x_wconf 86' lang='lat' dir='ltr'><strong>antea</strong></span> <span class='ocrx_word' id='word_1_274' title='bbox 1420 2217 1819 2268; x_wconf 87' lang='lat' dir='ltr'><strong>consummare,</strong></span> <span class='ocrx_word' id='word_1_275' title='bbox 1847 2208 1904 2256; x_wconf 90' lang='lat' dir='ltr'><strong>et</strong></span> <span class='ocrx_word' id='word_1_276' title='bbox 1940 2201 2019 2257; x_wconf 85' lang='lat' dir='ltr'><strong>sic</strong></span> <span class='ocrx_word' id='word_1_277' title='bbox 2041 2201 2109 2256; x_wconf 89' lang='lat' dir='ltr'><strong>ad</strong></span> 
     </span>
    </p>
   </div>
   <div class='ocr_carea' id='block_1_35' title="bbox 526 2292 2112 2366">
    <p class='ocr_par' dir='ltr' id='par_1_35' title="bbox 526 2292 2112 2366">
     <span class='ocr_line' id='line_1_35' title="bbox 526 2292 2112 2366; baseline -0.001 -18"><span class='ocrx_word' id='word_1_278' title='bbox 526 2295 643 2350; x_wconf 82' lang='lat' dir='ltr'><strong>veri</strong></span> <span class='ocrx_word' id='word_1_279' title='bbox 684 2295 904 2366; x_wconf 69' lang='lat' dir='ltr'><strong>pascha:</strong></span> <span class='ocrx_word' id='word_1_280' title='bbox 952 2302 1292 2349; x_wconf 88' lang='lat' dir='ltr'><strong>sacramenta</strong></span> <span class='ocrx_word' id='word_1_281' title='bbox 1333 2293 1591 2348; x_wconf 76' lang='lat' dir='ltr'><strong>transire.</strong></span> <span class='ocrx_word' id='word_1_282' title='bbox 1619 2292 1744 2347; x_wconf 88' lang='lat' dir='ltr'><strong>Ideo</strong></span> <span class='ocrx_word' id='word_1_283' title='bbox 1772 2292 2112 2363; x_wconf 82' lang='lat' dir='ltr'><strong>quoqueDo-</strong></span> 
     </span>
    </p>
   </div>
   <div class='ocr_carea' id='block_1_36' title="bbox 524 2383 2111 2455">
    <p class='ocr_par' dir='ltr' id='par_1_36' title="bbox 524 2383 2111 2455">
     <span class='ocr_line' id='line_1_36' title="bbox 524 2383 2111 2455; baseline -0.003 -15"><span class='ocrx_word' id='word_1_284' title='bbox 524 2386 705 2441; x_wconf 91' lang='lat' dir='ltr'><strong>minus</strong></span> <span class='ocrx_word' id='word_1_285' title='bbox 732 2400 829 2455; x_wconf 89' lang='lat' dir='ltr'><strong>per</strong></span> <span class='ocrx_word' id='word_1_286' title='bbox 855 2400 913 2439; x_wconf 90' lang='lat' dir='ltr'><strong>se</strong></span> <span class='ocrx_word' id='word_1_287' title='bbox 944 2400 1049 2440; x_wconf 93' lang='lat' dir='ltr'><strong>non</strong></span> <span class='ocrx_word' id='word_1_288' title='bbox 1075 2384 1359 2439; x_wconf 84' lang='lat' dir='ltr'><strong>constituit</strong></span> <span class='ocrx_word' id='word_1_289' title='bbox 1382 2383 1602 2454; x_wconf 85' lang='lat' dir='ltr'><strong>jejunus</strong></span> <span class='ocrx_word' id='word_1_290' title='bbox 1620 2383 1869 2453; x_wconf 87' lang='lat' dir='ltr'><strong>accipere</strong></span> <span class='ocrx_word' id='word_1_291' title='bbox 1897 2397 1997 2437; x_wconf 88' lang='lat' dir='ltr'><strong>nos</strong></span> <span class='ocrx_word' id='word_1_292' title='bbox 2024 2397 2111 2437; x_wconf 88' lang='lat' dir='ltr'><strong>sa-</strong></span> 
     </span>
    </p>
   </div>
   <div class='ocr_carea' id='block_1_37' title="bbox 524 2471 2110 2543">
    <p class='ocr_par' dir='ltr' id='par_1_37' title="bbox 524 2471 2110 2543">
     <span class='ocr_line' id='line_1_37' title="bbox 524 2471 2110 2543; baseline -0.003 -13"><span class='ocrx_word' id='word_1_293' title='bbox 524 2484 804 2530; x_wconf 85' lang='lat' dir='ltr'><strong>cramenta</strong></span> <span class='ocrx_word' id='word_1_294' title='bbox 863 2475 1249 2540; x_wconf 71' lang='lat' dir='ltr'><strong>Eueharistite,</strong></span> <span class='ocrx_word' id='word_1_295' title='bbox 1298 2482 1359 2528; x_wconf 91' lang='lat' dir='ltr'><strong>ut</strong></span> <span class='ocrx_word' id='word_1_296' title='bbox 1400 2474 1669 2528; x_wconf 88' lang='lat' dir='ltr'><strong>haberent</strong></span> <span class='ocrx_word' id='word_1_297' title='bbox 1723 2473 1840 2542; x_wconf 86' lang='lat' dir='ltr'><strong>ejus</strong></span> <span class='ocrx_word' id='word_1_298' title='bbox 1882 2471 2110 2543; x_wconf 86' lang='lat' dir='ltr'><strong>apostoli</strong></span> 
     </span>
    </p>
   </div>
   <div class='ocr_carea' id='block_1_38' title="bbox 524 2562 2111 2635">
    <p class='ocr_par' dir='ltr' id='par_1_38' title="bbox 524 2562 2111 2635">
     <span class='ocr_line' id='line_1_38' title="bbox 524 2562 2111 2635; baseline -0.005 -12"><span class='ocrx_word' id='word_1_299' title='bbox 524 2568 786 2623; x_wconf 84' lang='lat' dir='ltr'><strong>honorem</strong></span> <span class='ocrx_word' id='word_1_300' title='bbox 827 2566 1028 2635; x_wconf 87' lang='lat' dir='ltr'><strong>aliquid</strong></span> <span class='ocrx_word' id='word_1_301' title='bbox 1068 2565 1352 2621; x_wconf 90' lang='lat' dir='ltr'><strong>ordinandi</strong></span> <span class='ocrx_word' id='word_1_302' title='bbox 1391 2565 1444 2620; x_wconf 91' lang='lat' dir='ltr'><strong>in</strong></span> <span class='ocrx_word' id='word_1_303' title='bbox 1490 2574 1675 2620; x_wconf 86' lang='lat' dir='ltr'><strong>sancta</strong></span> <span class='ocrx_word' id='word_1_304' title='bbox 1720 2563 1988 2630; x_wconf 81' lang='lat' dir='ltr'><strong>Ecclesia,</strong></span> <span class='ocrx_word' id='word_1_305' title='bbox 2017 2562 2111 2633; x_wconf 89' lang='lat' dir='ltr'><strong>qui</strong></span> 
     </span>
    </p>
   </div>
   <div class='ocr_carea' id='block_1_39' title="bbox 524 2642 2112 2731">
    <p class='ocr_par' dir='ltr' id='par_1_39' title="bbox 524 2642 2112 2731">
     <span class='ocr_line' id='line_1_39' title="bbox 524 2642 2112 2731; baseline -0.004 -16"><span class='ocrx_word' id='word_1_306' title='bbox 524 2667 649 2731; x_wconf 89' lang='lat' dir='ltr'><strong>post</strong></span> <span class='ocrx_word' id='word_1_307' title='bbox 672 2658 789 2728; x_wconf 83' lang='lat' dir='ltr'><strong>ejus</strong></span> <span class='ocrx_word' id='word_1_308' title='bbox 822 2642 1196 2713; x_wconf 82' lang='lat' dir='ltr'><strong>ascensionem</strong></span> <span class='ocrx_word' id='word_1_309' title='bbox 1227 2672 1256 2710; x_wconf 90' lang='lat' dir='ltr'><strong>a</strong></span> <span class='ocrx_word' id='word_1_310' title='bbox 1274 2664 1483 2711; x_wconf 37' lang='lat' dir='ltr'><strong>&#39;sancto</strong></span> <span class='ocrx_word' id='word_1_311' title='bbox 1509 2654 1716 2726; x_wconf 70' lang='lat' dir='ltr'><strong>Spiritu</strong></span> <span class='ocrx_word' id='word_1_312' title='bbox 1745 2652 1943 2718; x_wconf 84' lang='lat' dir='ltr'><strong>edocti,</strong></span> <span class='ocrx_word' id='word_1_313' title='bbox 1968 2652 2112 2708; x_wconf 83' lang='lat' dir='ltr'><strong>ordi-</strong></span> 
     </span>
    </p>
   </div>
   <div class='ocr_carea' id='block_1_40' title="bbox 526 2742 2111 2816">
    <p class='ocr_par' dir='ltr' id='par_1_40' title="bbox 526 2742 2111 2816">
     <span class='ocr_line' id='line_1_40' title="bbox 526 2742 2111 2816; baseline -0.004 -11"><span class='ocrx_word' id='word_1_314' title='bbox 526 2758 796 2805; x_wconf 89' lang='lat' dir='ltr'><strong>naverunt</strong></span> <span class='ocrx_word' id='word_1_315' title='bbox 836 2749 889 2803; x_wconf 90' lang='lat' dir='ltr'><strong>in</strong></span> <span class='ocrx_word' id='word_1_316' title='bbox 926 2749 1188 2804; x_wconf 87' lang='lat' dir='ltr'><strong>honorem</strong></span> <span class='ocrx_word' id='word_1_317' title='bbox 1224 2746 1357 2801; x_wconf 91' lang='lat' dir='ltr'><strong>tanti</strong></span> <span class='ocrx_word' id='word_1_318' title='bbox 1390 2755 1609 2816; x_wconf 86' lang='lat' dir='ltr'><strong>tamque</strong></span> <span class='ocrx_word' id='word_1_319' title='bbox 1638 2742 1898 2800; x_wconf 88' lang='lat' dir='ltr'><strong>terribilis</strong></span> <span class='ocrx_word' id='word_1_320' title='bbox 1926 2758 2111 2798; x_wconf 86' lang='lat' dir='ltr'><strong>sacra-</strong></span> 
     </span>
    </p>
   </div>
   <div class='ocr_carea' id='block_1_41' title="bbox 527 2833 2114 2909">
    <p class='ocr_par' dir='ltr' id='par_1_41' title="bbox 527 2833 2114 2909">
     <span class='ocr_line' id='line_1_41' title="bbox 527 2833 2114 2909; baseline -0.004 -15"><span class='ocrx_word' id='word_1_321' title='bbox 527 2839 720 2905; x_wconf 87' lang='lat' dir='ltr'><strong>menti,</strong></span> <span class='ocrx_word' id='word_1_322' title='bbox 748 2839 927 2909; x_wconf 87' lang='lat' dir='ltr'><strong>primo</strong></span> <span class='ocrx_word' id='word_1_323' title='bbox 953 2854 1055 2894; x_wconf 88' lang='lat' dir='ltr'><strong>nos</strong></span> <span class='ocrx_word' id='word_1_324' title='bbox 1076 2837 1292 2909; x_wconf 87' lang='lat' dir='ltr'><strong>jejunos</strong></span> <span class='ocrx_word' id='word_1_325' title='bbox 1327 2837 1621 2892; x_wconf 67' lang='lat' dir='ltr'><strong>Dominicaz</strong></span> <span class='ocrx_word' id='word_1_326' title='bbox 1646 2835 1918 2906; x_wconf 89' lang='lat' dir='ltr'><strong>passionis</strong></span> <span class='ocrx_word' id='word_1_327' title='bbox 1946 2833 2114 2905; x_wconf 90' lang='lat' dir='ltr'><strong>parti-</strong></span> 
     </span>
    </p>
   </div>
   <div class='ocr_carea' id='block_1_42' title="bbox 528 2928 2115 3002">
    <p class='ocr_par' dir='ltr' id='par_1_42' title="bbox 528 2928 2115 3002">
     <span class='ocr_line' id='line_1_42' title="bbox 528 2928 2115 3002; baseline -0.002 -16"><span class='ocrx_word' id='word_1_328' title='bbox 528 2932 796 3002; x_wconf 89' lang='lat' dir='ltr'><strong>cipatione</strong></span> <span class='ocrx_word' id='word_1_329' title='bbox 838 2931 1056 2996; x_wconf 90' lang='lat' dir='ltr'><strong>muniri,</strong></span> <span class='ocrx_word' id='word_1_330' title='bbox 1085 2931 1370 3002; x_wconf 78' lang='lat' dir='ltr'><strong>primoque</strong></span> <span class='ocrx_word' id='word_1_331' title='bbox 1407 2929 1741 3001; x_wconf 86' lang='lat' dir='ltr'><strong>spiritalibus</strong></span> <span class='ocrx_word' id='word_1_332' title='bbox 1779 2928 1952 2999; x_wconf 88' lang='lat' dir='ltr'><strong>epulis</strong></span> <span class='ocrx_word' id='word_1_333' title='bbox 1980 2928 2115 2983; x_wconf 88' lang='lat' dir='ltr'><strong>inte-</strong></span> 
     </span>
    </p>
   </div>
   <div class='ocr_carea' id='block_1_43' title="bbox 528 3019 2114 3092">
    <p class='ocr_par' dir='ltr' id='par_1_43' title="bbox 528 3019 2114 3092">
     <span class='ocr_line' id='line_1_43' title="bbox 528 3019 2114 3092; baseline 0 -16"><span class='ocrx_word' id='word_1_334' title='bbox 528 3022 645 3077; x_wconf 90' lang='lat' dir='ltr'><strong>rius</strong></span> <span class='ocrx_word' id='word_1_335' title='bbox 673 3022 1019 3092; x_wconf 82' lang='lat' dir='ltr'><strong>exteriusque</strong></span> <span class='ocrx_word' id='word_1_336' title='bbox 1046 3023 1274 3087; x_wconf 82' lang='lat' dir='ltr'><strong>sacrari,</strong></span> <span class='ocrx_word' id='word_1_337' title='bbox 1310 3037 1375 3076; x_wconf 89' lang='lat' dir='ltr'><strong>ac</strong></span> <span class='ocrx_word' id='word_1_338' title='bbox 1400 3020 1594 3076; x_wconf 90' lang='lat' dir='ltr'><strong>deinde</strong></span> <span class='ocrx_word' id='word_1_339' title='bbox 1623 3020 1857 3076; x_wconf 86' lang='lat' dir='ltr'><strong>terrenis</strong></span> <span class='ocrx_word' id='word_1_340' title='bbox 1885 3019 2114 3090; x_wconf 85' lang='lat' dir='ltr'><strong>dapibus</strong></span> 
     </span>
    </p>
   </div>
   <div class='ocr_carea' id='block_1_44' title="bbox 529 3097 2112 3185">
    <p class='ocr_par' dir='ltr' id='par_1_44' title="bbox 529 3097 2112 3185">
     <span class='ocr_line' id='line_1_44' title="bbox 529 3097 2112 3185; baseline -0.001 -17"><span class='ocrx_word' id='word_1_341' title='bbox 529 3122 586 3169; x_wconf 90' lang='lat' dir='ltr'><strong>et</strong></span> <span class='ocrx_word' id='word_1_342' title='bbox 607 3114 806 3170; x_wconf 82' lang='lat' dir='ltr'><strong>vilibus</strong></span> <span class='ocrx_word' id='word_1_343' title='bbox 828 3115 969 3171; x_wconf 87' lang='lat' dir='ltr'><strong>escis</strong></span> <span class='ocrx_word' id='word_1_344' title='bbox 1000 3130 1200 3185; x_wconf 90' lang='lat' dir='ltr'><strong>corpus</strong></span> <span class='ocrx_word' id='word_1_345' title='bbox 1229 3098 1400 3178; x_wconf 85' lang='lat' dir='ltr'><strong>refici,</strong></span> <span class='ocrx_word' id='word_1_346' title='bbox 1423 3097 1546 3169; x_wconf 87' lang='lat' dir='ltr'><strong>cum</strong></span> <span class='ocrx_word' id='word_1_347' title='bbox 1578 3113 1879 3184; x_wconf 80' lang='lat' dir='ltr'><strong>gratiarum</strong></span> <span class='ocrx_word' id='word_1_348' title='bbox 1900 3112 2112 3168; x_wconf 84' lang='lat' dir='ltr'><strong>aetione</strong></span> 
     </span>
    </p>
   </div>
   <div class='ocr_carea' id='block_1_45' title="bbox 528 3204 2092 3274">
    <p class='ocr_par' dir='ltr' id='par_1_45' title="bbox 528 3204 2092 3274">
     <span class='ocr_line' id='line_1_45' title="bbox 528 3204 2092 3274; baseline -0.002 -15"><span class='ocrx_word' id='word_1_349' title='bbox 528 3213 585 3259; x_wconf 91' lang='lat' dir='ltr'><strong>et</strong></span> <span class='ocrx_word' id='word_1_350' title='bbox 615 3220 736 3260; x_wconf 91' lang='lat' dir='ltr'><strong>cum</strong></span> <span class='ocrx_word' id='word_1_351' title='bbox 766 3205 1121 3274; x_wconf 87' lang='lat' dir='ltr'><strong>temperantia</strong></span> <span class='ocrx_word' id='word_1_352' title='bbox 1152 3213 1315 3274; x_wconf 90' lang='lat' dir='ltr'><strong>atque</strong></span> <span class='ocrx_word' id='word_1_353' title='bbox 1353 3204 1669 3259; x_wconf 89' lang='lat' dir='ltr'><strong>sobrietate.</strong></span> <span class='ocrx_word' id='word_1_354' title='bbox 2087 3212 2092 3217; x_wconf 84' lang='lat'><strong><em>‘</em></strong></span> 
     </span>
    </p>
   </div>
   <div class='ocr_carea' id='block_1_46' title="bbox 603 3275 2189 3368">
    <p class='ocr_par' dir='ltr' id='par_1_46' title="bbox 603 3275 2189 3368">
     <span class='ocr_line' id='line_1_46' title="bbox 603 3275 2189 3368; baseline -0.005 -17"><span class='ocrx_word' id='word_1_355' title='bbox 603 3295 967 3368; x_wconf 79' lang='lat' dir='ltr'><strong>Unusquisque</strong></span> <span class='ocrx_word' id='word_1_356' title='bbox 995 3298 1131 3350; x_wconf 85' lang='lat' dir='ltr'><strong>enim</strong></span> <span class='ocrx_word' id='word_1_357' title='bbox 1162 3312 1312 3351; x_wconf 87' lang='lat' dir='ltr'><strong>suam</strong></span> <span class='ocrx_word' id='word_1_358' title='bbox 1345 3311 1541 3349; x_wconf 72' lang='lat' dir='ltr'><strong>ecetram</strong></span> <span class='ocrx_word' id='word_1_359' title='bbox 1569 3294 1839 3365; x_wconf 64' lang='lat' dir='ltr'><strong>presumit</strong></span> <span class='ocrx_word' id='word_1_360' title='bbox 1866 3292 1934 3346; x_wconf 88' lang='lat' dir='ltr'><strong>ad</strong></span> <span class='ocrx_word' id='word_1_361' title='bbox 1963 3308 2113 3346; x_wconf 88' lang='lat' dir='ltr'><strong>man-</strong></span> <span class='ocrx_word' id='word_1_362' title='bbox 2139 3275 2189 3340; x_wconf 70' lang='grc' dir='ltr'>Ο</span> 
     </span>
    </p>
   </div>
   <div class='ocr_carea' id='block_1_47' title="bbox 530 3384 2113 3457">
    <p class='ocr_par' dir='ltr' id='par_1_47' title="bbox 530 3384 2113 3457">
     <span class='ocr_line' id='line_1_47' title="bbox 530 3384 2113 3457; baseline -0.002 -16"><span class='ocrx_word' id='word_1_363' title='bbox 530 3387 856 3441; x_wconf 83' lang='lat' dir='ltr'><strong>ducandum.</strong></span> <span class='ocrx_word' id='word_1_364' title='bbox 905 3386 973 3440; x_wconf 84' lang='lat' dir='ltr'><strong>Et</strong></span> <span class='ocrx_word' id='word_1_365' title='bbox 1022 3387 1127 3441; x_wconf 91' lang='lat' dir='ltr'><strong>hoc</strong></span> <span class='ocrx_word' id='word_1_366' title='bbox 1171 3386 1424 3440; x_wconf 87' lang='lat' dir='ltr'><strong>similiter</strong></span> <span class='ocrx_word' id='word_1_367' title='bbox 1469 3386 1669 3454; x_wconf 90' lang='lat' dir='ltr'><strong>duplici</strong></span> <span class='ocrx_word' id='word_1_368' title='bbox 1697 3386 1856 3440; x_wconf 87' lang='lat' dir='ltr'><strong>modo</strong></span> <span class='ocrx_word' id='word_1_369' title='bbox 1887 3384 2113 3457; x_wconf 78' lang='lat' dir='ltr'><strong>intelligi</strong></span> 
     </span>
    </p>
   </div>
   <div class='ocr_carea' id='block_1_48' title="bbox 526 3477 2119 3550">
    <p class='ocr_par' dir='ltr' id='par_1_48' title="bbox 526 3477 2119 3550">
     <span class='ocr_line' id='line_1_48' title="bbox 526 3477 2119 3550; baseline -0.002 -16"><span class='ocrx_word' id='word_1_370' title='bbox 526 3488 728 3550; x_wconf 88' lang='lat' dir='ltr'><strong>potest,</strong></span> <span class='ocrx_word' id='word_1_371' title='bbox 782 3477 843 3533; x_wconf 83' lang='lat' dir='ltr'><strong>&#39;ut</strong></span> <span class='ocrx_word' id='word_1_372' title='bbox 880 3477 1212 3548; x_wconf 79' lang='lat' dir='ltr'><strong>intelligatur</strong></span> <span class='ocrx_word' id='word_1_373' title='bbox 1250 3492 1405 3533; x_wconf 63' lang='lat' dir='ltr'><strong>coena</strong></span> <span class='ocrx_word' id='word_1_374' title='bbox 1456 3486 1857 3533; x_wconf 88' lang='lat' dir='ltr'><strong>sacramentum</strong></span> <span class='ocrx_word' id='word_1_375' title='bbox 1908 3477 2119 3532; x_wconf 83' lang='lat' dir='ltr'><strong>Eucha-</strong></span> 
     </span>
    </p>
   </div>
   <div class='ocr_carea' id='block_1_49' title="bbox 529 3565 2114 3639">
    <p class='ocr_par' dir='ltr' id='par_1_49' title="bbox 529 3565 2114 3639">
     <span class='ocr_line' id='line_1_49' title="bbox 529 3565 2114 3639; baseline -0.001 -15"><span class='ocrx_word' id='word_1_376' title='bbox 529 3571 722 3634; x_wconf 79' lang='lat' dir='ltr'><strong>ristiae,</strong></span> <span class='ocrx_word' id='word_1_377' title='bbox 769 3567 911 3639; x_wconf 88' lang='lat' dir='ltr'><strong>quod</strong></span> <span class='ocrx_word' id='word_1_378' title='bbox 947 3567 1023 3622; x_wconf 93' lang='lat' dir='ltr'><strong>illi</strong></span> <span class='ocrx_word' id='word_1_379' title='bbox 1071 3565 1265 3638; x_wconf 78' lang='lat' dir='ltr'><strong>singuli</strong></span> <span class='ocrx_word' id='word_1_380' title='bbox 1307 3567 1409 3621; x_wconf 87' lang='lat' dir='ltr'><strong>sibi</strong></span> <span class='ocrx_word' id='word_1_381' title='bbox 1451 3566 1834 3633; x_wconf 88' lang='lat' dir='ltr'><strong>vindicabant,</strong></span> <span class='ocrx_word' id='word_1_382' title='bbox 1900 3567 1984 3623; x_wconf 88' lang='lat' dir='ltr'><strong>vel</strong></span> <span class='ocrx_word' id='word_1_383' title='bbox 2024 3567 2114 3623; x_wconf 87' lang='lat' dir='ltr'><strong>illa</strong></span> 
     </span>
    </p>
   </div>
   <div class='ocr_carea' id='block_1_50' title="bbox 527 3661 2116 3734">
    <p class='ocr_par' dir='ltr' id='par_1_50' title="bbox 527 3661 2116 3734">
     <span class='ocr_line' id='line_1_50' title="bbox 527 3661 2116 3734; baseline 0.001 -17"><span class='ocrx_word' id='word_1_384' title='bbox 527 3661 856 3733; x_wconf 83' lang='lat' dir='ltr'><strong>praeparatio</strong></span> <span class='ocrx_word' id='word_1_385' title='bbox 880 3661 1285 3727; x_wconf 77' lang='lat' dir='ltr'><strong>conviviorum,</strong></span> <span class='ocrx_word' id='word_1_386' title='bbox 1311 3677 1472 3731; x_wconf 89' lang='lat' dir='ltr'><strong>quam</strong></span> <span class='ocrx_word' id='word_1_387' title='bbox 1497 3670 1784 3733; x_wconf 88' lang='lat' dir='ltr'><strong>utramque</strong></span> <span class='ocrx_word' id='word_1_388' title='bbox 1807 3662 1883 3718; x_wconf 91' lang='lat' dir='ltr'><strong>illi</strong></span> <span class='ocrx_word' id='word_1_389' title='bbox 1910 3672 1966 3716; x_wconf 94' lang='lat' dir='ltr'><strong>ut</strong></span> <span class='ocrx_word' id='word_1_390' title='bbox 1989 3678 2116 3734; x_wconf 91' lang='lat' dir='ltr'><strong>pro-</strong></span> 
     </span>
    </p>
   </div>
   <div class='ocr_carea' id='block_1_51' title="bbox 528 3739 2119 3824">
    <p class='ocr_par' dir='ltr' id='par_1_51' title="bbox 528 3739 2119 3824">
     <span class='ocr_line' id='line_1_51' title="bbox 528 3739 2119 3824; baseline 0.003 -17"><span class='ocrx_word' id='word_1_391' title='bbox 528 3754 709 3824; x_wconf 88' lang='lat' dir='ltr'><strong>priam</strong></span> <span class='ocrx_word' id='word_1_392' title='bbox 756 3753 1195 3818; x_wconf 86' lang='lat' dir='ltr'><strong>mandueabant,</strong></span> <span class='ocrx_word' id='word_1_393' title='bbox 1249 3770 1359 3809; x_wconf 91' lang='lat' dir='ltr'><strong>non</strong></span> <span class='ocrx_word' id='word_1_394' title='bbox 1406 3739 1874 3811; x_wconf 81' lang='lat' dir='ltr'><strong>communicantes</strong></span> <span class='ocrx_word' id='word_1_395' title='bbox 1922 3755 2119 3811; x_wconf 80' lang='lat' dir='ltr'><strong>exinde</strong></span> 
     </span>
    </p>
   </div>
   <div class='ocr_carea' id='block_1_52' title="bbox 531 3844 2118 3916">
    <p class='ocr_par' dir='ltr' id='par_1_52' title="bbox 531 3844 2118 3916">
     <span class='ocr_line' id='line_1_52' title="bbox 531 3844 2118 3916; baseline 0.003 -18"><span class='ocrx_word' id='word_1_396' title='bbox 531 3844 880 3914; x_wconf 84' lang='lat' dir='ltr'><strong>pauperibus.</strong></span> <span class='ocrx_word' id='word_1_397' title='bbox 923 3844 1168 3900; x_wconf 85' lang='lat' dir='ltr'><strong>Diximus</strong></span> <span class='ocrx_word' id='word_1_398' title='bbox 1207 3845 1454 3916; x_wconf 90' lang='lat' dir='ltr'><strong>superius</strong></span> <span class='ocrx_word' id='word_1_399' title='bbox 1498 3846 1757 3912; x_wconf 89' lang='lat' dir='ltr'><strong>breviter,</strong></span> <span class='ocrx_word' id='word_1_400' title='bbox 1790 3860 2000 3901; x_wconf 76' lang='lat' dir='ltr'><strong>etenam</strong></span> <span class='ocrx_word' id='word_1_401' title='bbox 2022 3862 2118 3902; x_wconf 86' lang='lat' dir='ltr'><strong>vo-</strong></span> 
     </span>
    </p>
   </div>
   <div class='ocr_carea' id='block_1_53' title="bbox 531 3937 2118 4010">
    <p class='ocr_par' dir='ltr' id='par_1_53' title="bbox 531 3937 2118 4010">
     <span class='ocr_line' id='line_1_53' title="bbox 531 3937 2118 4010; baseline 0.001 -19"><span class='ocrx_word' id='word_1_402' title='bbox 531 3937 645 3991; x_wconf 88' lang='lat' dir='ltr'><strong>cari</strong></span> <span class='ocrx_word' id='word_1_403' title='bbox 673 3952 702 3990; x_wconf 88' lang='lat' dir='ltr'><strong>a</strong></span> <span class='ocrx_word' id='word_1_404' title='bbox 734 3937 1115 3993; x_wconf 83' lang='lat' dir='ltr'><strong>communione</strong></span> <span class='ocrx_word' id='word_1_405' title='bbox 1136 3938 1471 3993; x_wconf 78' lang='lat' dir='ltr'><strong>vescentium</strong></span> <span class='ocrx_word' id='word_1_406' title='bbox 1497 3938 1651 4010; x_wconf 90' lang='lat' dir='ltr'><strong>quasi</strong></span> <span class='ocrx_word' id='word_1_407' title='bbox 1675 3954 1961 3994; x_wconf 84' lang='lat' dir='ltr'><strong>commune</strong></span> <span class='ocrx_word' id='word_1_408' title='bbox 1990 3953 2118 3994; x_wconf 91' lang='lat' dir='ltr'><strong>eon-</strong></span> 
     </span>
    </p>
   </div>
   <div class='ocr_carea' id='block_1_54' title="bbox 529 4024 2113 4101">
    <p class='ocr_par' dir='ltr' id='par_1_54' title="bbox 529 4024 2113 4101">
     <span class='ocr_line' id='line_1_54' title="bbox 529 4024 2113 4101; baseline 0.001 -17"><span class='ocrx_word' id='word_1_409' title='bbox 529 4031 752 4096; x_wconf 88' lang='lat' dir='ltr'><strong>vivium,</strong></span> <span class='ocrx_word' id='word_1_410' title='bbox 797 4024 1250 4101; x_wconf 89' lang='lat' dir='ltr'><strong>communemque</strong></span> <span class='ocrx_word' id='word_1_411' title='bbox 1298 4046 1481 4088; x_wconf 89' lang='lat' dir='ltr'><strong>escam</strong></span> <span class='ocrx_word' id='word_1_412' title='bbox 1534 4039 1697 4101; x_wconf 89' lang='lat' dir='ltr'><strong>atque</strong></span> <span class='ocrx_word' id='word_1_413' title='bbox 1739 4030 2113 4087; x_wconf 82' lang='lat' dir='ltr'><strong>refectionem.</strong></span> 
     </span>
    </p>
   </div>
   <div class='ocr_carea' id='block_1_55' title="bbox 530 4124 2119 4197">
    <p class='ocr_par' dir='ltr' id='par_1_55' title="bbox 530 4124 2119 4197">
     <span class='ocr_line' id='line_1_55' title="bbox 530 4124 2119 4197; baseline -0.001 -16"><span class='ocrx_word' id='word_1_414' title='bbox 530 4125 686 4183; x_wconf 73' lang='grc' dir='ltr'><strong>κοινόν</strong></span> <span class='ocrx_word' id='word_1_415' title='bbox 713 4126 911 4197; x_wconf 90' lang='lat' dir='ltr'><strong>quippe</strong></span> <span class='ocrx_word' id='word_1_416' title='bbox 932 4124 1107 4181; x_wconf 82' lang='lat' dir='ltr'><strong>Graeci</strong></span> <span class='ocrx_word' id='word_1_417' title='bbox 1147 4125 1335 4180; x_wconf 89' lang='lat' dir='ltr'><strong>dicunt</strong></span> <span class='ocrx_word' id='word_1_418' title='bbox 1364 4124 1672 4180; x_wconf 82' lang='lat' dir='ltr'><strong>commune.</strong></span> <span class='ocrx_word' id='word_1_419' title='bbox 1715 4125 1869 4181; x_wconf 86' lang='lat' dir='ltr'><strong>Unde</strong></span> <span class='ocrx_word' id='word_1_420' title='bbox 1894 4132 1949 4179; x_wconf 89' lang='lat' dir='ltr'><strong>et</strong></span> <span class='ocrx_word' id='word_1_421' title='bbox 1970 4139 2119 4180; x_wconf 92' lang='lat' dir='ltr'><strong>com-</strong></span> 
     </span>
    </p>
   </div>
   <div class='ocr_carea' id='block_1_56' title="bbox 526 4214 2119 4284">
    <p class='ocr_par' dir='ltr' id='par_1_56' title="bbox 526 4214 2119 4284">
     <span class='ocr_line' id='line_1_56' title="bbox 526 4214 2119 4284; baseline -0.003 -12"><span class='ocrx_word' id='word_1_422' title='bbox 526 4217 869 4272; x_wconf 87' lang='lat' dir='ltr'><strong>municantes</strong></span> <span class='ocrx_word' id='word_1_423' title='bbox 893 4215 1168 4280; x_wconf 90' lang='lat' dir='ltr'><strong>dicuntur,</strong></span> <span class='ocrx_word' id='word_1_424' title='bbox 1196 4215 1339 4284; x_wconf 90' lang='lat' dir='ltr'><strong>quod</strong></span> <span class='ocrx_word' id='word_1_425' title='bbox 1365 4214 1727 4270; x_wconf 86' lang='lat' dir='ltr'><strong>communiter</strong></span> <span class='ocrx_word' id='word_1_426' title='bbox 1763 4214 1877 4269; x_wconf 87' lang='lat' dir='ltr'><strong>sive</strong></span> <span class='ocrx_word' id='word_1_427' title='bbox 1912 4214 2119 4283; x_wconf 88' lang='lat' dir='ltr'><strong>pariter</strong></span> 
     </span>
    </p>
   </div>
   <div class='ocr_carea' id='block_1_57' title="bbox 529 4295 2117 4376">
    <p class='ocr_par' dir='ltr' id='par_1_57' title="bbox 529 4295 2117 4376">
     <span class='ocr_line' id='line_1_57' title="bbox 529 4295 2117 4376; baseline -0.003 -14"><span class='ocrx_word' id='word_1_428' title='bbox 529 4295 849 4362; x_wconf 59' lang='lat' dir='ltr'><strong>comédant.</strong></span> <span class='ocrx_word' id='word_1_429' title='bbox 866 4304 1022 4376; x_wconf 79' lang='lat' dir='ltr'><strong>Apud</strong></span> <span class='ocrx_word' id='word_1_430' title='bbox 1051 4314 1261 4360; x_wconf 89' lang='lat' dir='ltr'><strong>veteres</strong></span> <span class='ocrx_word' id='word_1_431' title='bbox 1285 4304 1430 4359; x_wconf 89' lang='lat' dir='ltr'><strong>enim</strong></span> <span class='ocrx_word' id='word_1_432' title='bbox 1461 4304 1799 4360; x_wconf 84' lang='lat' dir='ltr'><strong>consuetudo</strong></span> <span class='ocrx_word' id='word_1_433' title='bbox 1819 4312 1958 4367; x_wconf 89' lang='lat' dir='ltr'><strong>erat,</strong></span> <span class='ocrx_word' id='word_1_434' title='bbox 1985 4304 2117 4359; x_wconf 88' lang='lat' dir='ltr'><strong>hora</strong></span> 
     </span>
    </p>
   </div>
   <div class='ocr_carea' id='block_1_58' title="bbox 528 4396 2118 4467">
    <p class='ocr_par' dir='ltr' id='par_1_58' title="bbox 528 4396 2118 4467">
     <span class='ocr_line' id='line_1_58' title="bbox 528 4396 2118 4467; baseline -0.001 -13"><span class='ocrx_word' id='word_1_435' title='bbox 528 4410 673 4454; x_wconf 89' lang='lat' dir='ltr'><strong>nona</strong></span> <span class='ocrx_word' id='word_1_436' title='bbox 701 4411 943 4463; x_wconf 87' lang='lat' dir='ltr'><strong>coenare,</strong></span> <span class='ocrx_word' id='word_1_437' title='bbox 983 4413 1090 4452; x_wconf 91' lang='lat' dir='ltr'><strong>non</strong></span> <span class='ocrx_word' id='word_1_438' title='bbox 1140 4397 1191 4451; x_wconf 94' lang='lat' dir='ltr'><strong>in</strong></span> <span class='ocrx_word' id='word_1_439' title='bbox 1210 4397 1565 4462; x_wconf 83' lang='lat' dir='ltr'><strong>abscondito,</strong></span> <span class='ocrx_word' id='word_1_440' title='bbox 1613 4396 1707 4452; x_wconf 91' lang='lat' dir='ltr'><strong>sed</strong></span> <span class='ocrx_word' id='word_1_441' title='bbox 1734 4397 1787 4451; x_wconf 92' lang='lat' dir='ltr'><strong>in</strong></span> <span class='ocrx_word' id='word_1_442' title='bbox 1811 4396 2118 4467; x_wconf 88' lang='lat' dir='ltr'><strong>propatulo,</strong></span> 
     </span>
    </p>
   </div>
   <div class='ocr_carea' id='block_1_59' title="bbox 530 4485 2116 4559">
    <p class='ocr_par' dir='ltr' id='par_1_59' title="bbox 530 4485 2116 4559">
     <span class='ocr_line' id='line_1_59' title="bbox 530 4485 2116 4559; baseline -0.003 -14"><span class='ocrx_word' id='word_1_443' title='bbox 530 4505 602 4545; x_wconf 89' lang='lat' dir='ltr'><strong>ne</strong></span> <span class='ocrx_word' id='word_1_444' title='bbox 631 4488 979 4559; x_wconf 83' lang='lat' dir='ltr'><strong>singularitas</strong></span> <span class='ocrx_word' id='word_1_445' title='bbox 1007 4487 1575 4558; x_wconf 69' lang='lat' dir='ltr'><strong>luxuriam&#39;gigneret.</strong></span> <span class='ocrx_word' id='word_1_446' title='bbox 1615 4486 1684 4540; x_wconf 85' lang='lat' dir='ltr'><strong>Et</strong></span> <span class='ocrx_word' id='word_1_447' title='bbox 1716 4485 1854 4541; x_wconf 85' lang='lat' dir='ltr'><strong>alius</strong></span> <span class='ocrx_word' id='word_1_448' title='bbox 1885 4487 2116 4559; x_wconf 80' lang='lat' dir='ltr'><strong>quidem,</strong></span> 
     </span>
    </p>
   </div>
   <div class='ocr_carea' id='block_1_60' title="bbox 532 4578 2119 4650">
    <p class='ocr_par' dir='ltr' id='par_1_60' title="bbox 532 4578 2119 4650">
     <span class='ocr_line' id='line_1_60' title="bbox 532 4578 2119 4650; baseline 0 -17"><span class='ocrx_word' id='word_1_449' title='bbox 532 4585 797 4645; x_wconf 88' lang='lat' dir='ltr'><strong>vestrum,</strong></span> <span class='ocrx_word' id='word_1_450' title='bbox 812 4579 998 4645; x_wconf 87' lang='lat' dir='ltr'><strong>esurit,</strong></span> <span class='ocrx_word' id='word_1_451' title='bbox 1013 4578 1102 4635; x_wconf 88' lang='lat' dir='ltr'><strong>ille</strong></span> <span class='ocrx_word' id='word_1_452' title='bbox 1124 4578 1374 4635; x_wconf 85' lang='lat' dir='ltr'><strong>videlicet</strong></span> <span class='ocrx_word' id='word_1_453' title='bbox 1393 4578 1484 4648; x_wconf 92' lang='lat' dir='ltr'><strong>qui</strong></span> <span class='ocrx_word' id='word_1_454' title='bbox 1506 4586 1828 4650; x_wconf 88' lang='lat' dir='ltr'><strong>paupertate</strong></span> <span class='ocrx_word' id='word_1_455' title='bbox 1843 4588 2119 4648; x_wconf 90' lang='lat' dir='ltr'><strong>premente</strong></span> 
     </span>
    </p>
   </div>
   <div class='ocr_carea' id='block_1_61' title="bbox 535 4670 2118 4742">
    <p class='ocr_par' dir='ltr' id='par_1_61' title="bbox 535 4670 2118 4742">
     <span class='ocr_line' id='line_1_61' title="bbox 535 4670 2118 4742; baseline 0 -16"><span class='ocrx_word' id='word_1_456' title='bbox 535 4678 687 4726; x_wconf 86' lang='lat' dir='ltr'><strong>caret</strong></span> <span class='ocrx_word' id='word_1_457' title='bbox 718 4686 856 4742; x_wconf 85' lang='lat' dir='ltr'><strong>pane</strong></span> <span class='ocrx_word' id='word_1_458' title='bbox 883 4671 1093 4731; x_wconf 87' lang='lat' dir='ltr'><strong>triticeo</strong></span> <span class='ocrx_word' id='word_1_459' title='bbox 1127 4680 1183 4727; x_wconf 88' lang='lat' dir='ltr'><strong>et</strong></span> <span class='ocrx_word' id='word_1_460' title='bbox 1216 4672 1342 4726; x_wconf 91' lang='lat' dir='ltr'><strong>vino</strong></span> <span class='ocrx_word' id='word_1_461' title='bbox 1382 4672 1526 4742; x_wconf 90' lang='lat' dir='ltr'><strong>quod</strong></span> <span class='ocrx_word' id='word_1_462' title='bbox 1574 4670 1785 4726; x_wconf 76' lang='lat' dir='ltr'><strong>deferat</strong></span> <span class='ocrx_word' id='word_1_463' title='bbox 1822 4670 1893 4727; x_wconf 90' lang='lat' dir='ltr'><strong>ad</strong></span> <span class='ocrx_word' id='word_1_464' title='bbox 1921 4685 2118 4727; x_wconf 90' lang='lat' dir='ltr'><strong>conse-</strong></span> 
     </span>
    </p>
   </div>
   <div class='ocr_carea' id='block_1_62' title="bbox 534 4761 2121 4835">
    <p class='ocr_par' dir='ltr' id='par_1_62' title="bbox 534 4761 2121 4835">
     <span class='ocr_line' id='line_1_62' title="bbox 534 4761 2121 4835; baseline 0.001 -17"><span class='ocrx_word' id='word_1_465' title='bbox 534 4761 824 4829; x_wconf 90' lang='lat' dir='ltr'><strong>crandum,</strong></span> <span class='ocrx_word' id='word_1_466' title='bbox 870 4764 1010 4819; x_wconf 88' lang='lat' dir='ltr'><strong>unde</strong></span> <span class='ocrx_word' id='word_1_467' title='bbox 1054 4763 1503 4829; x_wconf 91' lang='lat' dir='ltr'><strong>communicetur,</strong></span> <span class='ocrx_word' id='word_1_468' title='bbox 1542 4762 1629 4818; x_wconf 88' lang='lat' dir='ltr'><strong>vel</strong></span> <span class='ocrx_word' id='word_1_469' title='bbox 1670 4763 1814 4819; x_wconf 90' lang='lat' dir='ltr'><strong>unde</strong></span> <span class='ocrx_word' id='word_1_470' title='bbox 1848 4773 2121 4835; x_wconf 63' lang='lat' dir='ltr'><strong>praeparet</strong></span> 
     </span>
    </p>
   </div>
   <div class='ocr_carea' id='block_1_63' title="bbox 535 4850 2118 4925">
    <p class='ocr_par' dir='ltr' id='par_1_63' title="bbox 535 4850 2118 4925">
     <span class='ocr_line' id='line_1_63' title="bbox 535 4850 2118 4925; baseline 0 -16"><span class='ocrx_word' id='word_1_471' title='bbox 535 4852 642 4909; x_wconf 89' lang='lat' dir='ltr'><strong>sibi</strong></span> <span class='ocrx_word' id='word_1_472' title='bbox 682 4850 1011 4908; x_wconf 80' lang='lat' dir='ltr'><strong>convivium.</strong></span> <span class='ocrx_word' id='word_1_473' title='bbox 1044 4851 1196 4908; x_wconf 81' lang='lat' dir='ltr'><strong>Alius</strong></span> <span class='ocrx_word' id='word_1_474' title='bbox 1240 4862 1437 4919; x_wconf 86' lang='lat' dir='ltr'><strong>autem,</strong></span> <span class='ocrx_word' id='word_1_475' title='bbox 1473 4853 1624 4909; x_wconf 86' lang='lat' dir='ltr'><strong>dives</strong></span> <span class='ocrx_word' id='word_1_476' title='bbox 1659 4852 1887 4925; x_wconf 88' lang='lat' dir='ltr'><strong>quilibet</strong></span> <span class='ocrx_word' id='word_1_477' title='bbox 1932 4862 1988 4909; x_wconf 89' lang='lat' dir='ltr'><strong>et</strong></span> <span class='ocrx_word' id='word_1_478' title='bbox 2019 4868 2118 4925; x_wconf 82' lang='lat' dir='ltr'><strong>po-</strong></span> 
     </span>
    </p>
   </div>
   <div class='ocr_carea' id='block_1_64' title="bbox 534 4946 2120 5017">
    <p class='ocr_par' dir='ltr' id='par_1_64' title="bbox 534 4946 2120 5017">
     <span class='ocr_line' id='line_1_64' title="bbox 534 4946 2120 5017; baseline 0 -14"><span class='ocrx_word' id='word_1_479' title='bbox 534 4957 677 5014; x_wconf 88' lang='lat' dir='ltr'><strong>tens,</strong></span> <span class='ocrx_word' id='word_1_480' title='bbox 727 4946 901 5002; x_wconf 85' lang='lat' dir='ltr'><strong>ebrius</strong></span> <span class='ocrx_word' id='word_1_481' title='bbox 949 4955 1044 5012; x_wconf 85' lang='lat' dir='ltr'><strong>est,</strong></span> <span class='ocrx_word' id='word_1_482' title='bbox 1084 4952 1138 5001; x_wconf 91' lang='lat' dir='ltr'><strong>et</strong></span> <span class='ocrx_word' id='word_1_483' title='bbox 1182 4946 1493 5017; x_wconf 83' lang='lat' dir='ltr'><strong>crapulatus</strong></span> <span class='ocrx_word' id='word_1_484' title='bbox 1539 4956 1649 5002; x_wconf 87' lang='lat' dir='ltr'><strong>tam</strong></span> <span class='ocrx_word' id='word_1_485' title='bbox 1704 4962 1773 5002; x_wconf 81' lang='lat' dir='ltr'><strong>ex</strong></span> <span class='ocrx_word' id='word_1_486' title='bbox 1825 4948 1947 5005; x_wconf 89' lang='lat' dir='ltr'><strong>aliis</strong></span> <span class='ocrx_word' id='word_1_487' title='bbox 1984 4948 2120 5004; x_wconf 91' lang='lat' dir='ltr'><strong>cibis</strong></span> 
     </span>
    </p>
   </div>
   <div class='ocr_carea' id='block_1_65' title="bbox 533 5038 2122 5110">
    <p class='ocr_par' dir='ltr' id='par_1_65' title="bbox 533 5038 2122 5110">
     <span class='ocr_line' id='line_1_65' title="bbox 533 5038 2122 5110; baseline 0.001 -17"><span class='ocrx_word' id='word_1_488' title='bbox 533 5054 697 5109; x_wconf 87' lang='lat' dir='ltr'><strong>quam</strong></span> <span class='ocrx_word' id='word_1_489' title='bbox 735 5038 901 5094; x_wconf 90' lang='lat' dir='ltr'><strong>etiam</strong></span> <span class='ocrx_word' id='word_1_490' title='bbox 943 5053 1010 5094; x_wconf 78' lang='lat' dir='ltr'><strong>ex</strong></span> <span class='ocrx_word' id='word_1_491' title='bbox 1057 5038 1411 5094; x_wconf 84' lang='lat' dir='ltr'><strong>sacramentis</strong></span> <span class='ocrx_word' id='word_1_492' title='bbox 1449 5038 1697 5109; x_wconf 90' lang='lat' dir='ltr'><strong>corporis</strong></span> <span class='ocrx_word' id='word_1_493' title='bbox 1743 5047 1798 5094; x_wconf 87' lang='lat' dir='ltr'><strong>et</strong></span> <span class='ocrx_word' id='word_1_494' title='bbox 1838 5039 2122 5110; x_wconf 79' lang='lat' dir='ltr'><strong>sanguinis</strong></span> 
     </span>
    </p>
   </div>
   <div class='ocr_carea' id='block_1_66' title="bbox 534 5131 771 5187">
    <p class='ocr_par' dir='ltr' id='par_1_66' title="bbox 534 5131 771 5187">
     <span class='ocr_line' id='line_1_66' title="bbox 534 5131 771 5187; baseline -0.008 0"><span class='ocrx_word' id='word_1_495' title='bbox 534 5131 771 5187; x_wconf 88' lang='lat' dir='ltr'><strong>Domini.</strong></span> 
     </span>
    </p>
   </div>
   <div class='ocr_carea' id='block_1_67' title="bbox 515 5222 2119 5296">
    <p class='ocr_par' dir='ltr' id='par_1_67' title="bbox 515 5222 2119 5296">
     <span class='ocr_line' id='line_1_67' title="bbox 515 5222 2119 5296; baseline 0.002 -18"><span class='ocrx_word' id='word_1_496' title='bbox 515 5223 528 5268; x_wconf 74' lang='grc' dir='ltr'>ἱ</span> <span class='ocrx_word' id='word_1_497' title='bbox 608 5224 868 5296; x_wconf 84' lang='lat' dir='ltr'><strong>Nunquid</strong></span> <span class='ocrx_word' id='word_1_498' title='bbox 893 5223 1074 5279; x_wconf 85' lang='lat' dir='ltr'><strong>domos</strong></span> <span class='ocrx_word' id='word_1_499' title='bbox 1109 5240 1211 5278; x_wconf 85' lang='lat' dir='ltr'><strong>mm</strong></span> <span class='ocrx_word' id='word_1_500' title='bbox 1243 5222 1462 5291; x_wconf 82' lang='lat' dir='ltr'><strong>habetis,</strong></span> <span class='ocrx_word' id='word_1_501' title='bbox 1491 5238 1525 5279; x_wconf 92' lang='grc' dir='ltr'><strong>ο</strong></span> <span class='ocrx_word' id='word_1_502' title='bbox 1547 5222 1836 5292; x_wconf 90' lang='lat' dir='ltr'><strong>Corinthii,</strong></span> <span class='ocrx_word' id='word_1_503' title='bbox 1868 5225 1938 5280; x_wconf 89' lang='lat' dir='ltr'><strong>ad</strong></span> <span class='ocrx_word' id='word_1_504' title='bbox 1965 5242 2119 5281; x_wconf 87' lang='lat' dir='ltr'><strong>man-</strong></span> 
     </span>
    </p>
   </div>
   <div class='ocr_carea' id='block_1_68' title="bbox 536 5320 2123 5385">
    <p class='ocr_par' dir='ltr' id='par_1_68' title="bbox 536 5320 2123 5385">
     <span class='ocr_line' id='line_1_68' title="bbox 536 5320 2123 5385; baseline -0.002 -8"><span class='ocrx_word' id='word_1_505' title='bbox 536 5323 838 5377; x_wconf 78' lang='lat' dir='ltr'><strong>ducandum</strong></span> <span class='ocrx_word' id='word_1_506' title='bbox 870 5331 917 5376; x_wconf 88' lang='lat' dir='ltr'><strong>et</strong></span> <span class='ocrx_word' id='word_1_507' title='bbox 945 5320 1240 5385; x_wconf 84' lang='lat' dir='ltr'><strong>bibendum,</strong></span> <span class='ocrx_word' id='word_1_508' title='bbox 1270 5335 1583 5377; x_wconf 79' lang='lat' dir='ltr'><strong>communes</strong></span> <span class='ocrx_word' id='word_1_509' title='bbox 1607 5321 1785 5377; x_wconf 85' lang='lat' dir='ltr'><strong>cibos?</strong></span> <span class='ocrx_word' id='word_1_510' title='bbox 1808 5322 1915 5381; x_wconf 85' lang='lat' dir='ltr'><strong>Aut</strong></span> <span class='ocrx_word' id='word_1_511' title='bbox 1943 5320 2123 5375; x_wconf 86' lang='lat' dir='ltr'><strong>Eccle-</strong></span> 
     </span>
    </p>
   </div>
   <div class='ocr_carea' id='block_1_69' title="bbox 518 5415 2125 5495">
    <p class='ocr_par' dir='ltr' id='par_1_69' title="bbox 518 5415 2125 5495">
     <span class='ocr_line' id='line_1_69' title="bbox 518 5415 2125 5495; baseline -0.001 -22"><span class='ocrx_word' id='word_1_512' title='bbox 518 5418 672 5473; x_wconf 75' lang='lat' dir='ltr'><strong>&#39;siam</strong></span> <span class='ocrx_word' id='word_1_513' title='bbox 702 5415 797 5472; x_wconf 88' lang='lat' dir='ltr'><strong>Dei</strong></span> <span class='ocrx_word' id='word_1_514' title='bbox 824 5416 1173 5495; x_wconf 75' lang='lat' dir='ltr'><strong>contemnitis,</strong></span> <span class='ocrx_word' id='word_1_515' title='bbox 1206 5415 1260 5471; x_wconf 97' lang='lat' dir='ltr'><strong>id</strong></span> <span class='ocrx_word' id='word_1_516' title='bbox 1303 5424 1387 5472; x_wconf 88' lang='lat' dir='ltr'><strong>est</strong></span> <span class='ocrx_word' id='word_1_517' title='bbox 1424 5416 1806 5488; x_wconf 85' lang='lat' dir='ltr'><strong>despicabilem</strong></span> <span class='ocrx_word' id='word_1_518' title='bbox 1846 5418 2044 5482; x_wconf 85' lang='lat' dir='ltr'><strong>facitis,</strong></span> <span class='ocrx_word' id='word_1_519' title='bbox 2068 5425 2125 5472; x_wconf 83' lang='lat' dir='ltr'><strong>et</strong></span> 
     </span>
    </p>
   </div>
   <div class='ocr_carea' id='block_1_70' title="bbox 535 5508 2120 5581">
    <p class='ocr_par' dir='ltr' id='par_1_70' title="bbox 535 5508 2120 5581">
     <span class='ocr_line' id='line_1_70' title="bbox 535 5508 2120 5581; baseline 0.002 -18"><span class='ocrx_word' id='word_1_520' title='bbox 535 5525 638 5581; x_wconf 89' lang='lat' dir='ltr'><strong>pro</strong></span> <span class='ocrx_word' id='word_1_521' title='bbox 674 5508 842 5564; x_wconf 90' lang='lat' dir='ltr'><strong>nihilo</strong></span> <span class='ocrx_word' id='word_1_522' title='bbox 882 5508 1098 5573; x_wconf 89' lang='lat' dir='ltr'><strong>ducitis,</strong></span> <span class='ocrx_word' id='word_1_523' title='bbox 1126 5515 1382 5579; x_wconf 88' lang='lat' dir='ltr'><strong>parantes</strong></span> <span class='ocrx_word' id='word_1_524' title='bbox 1411 5508 1564 5566; x_wconf 85' lang='lat' dir='ltr'><strong>vobis</strong></span> <span class='ocrx_word' id='word_1_525' title='bbox 1587 5510 1763 5581; x_wconf 90' lang='lat' dir='ltr'><strong>turpia</strong></span> <span class='ocrx_word' id='word_1_526' title='bbox 1793 5510 2038 5566; x_wconf 89' lang='lat' dir='ltr'><strong>convivia</strong></span> <span class='ocrx_word' id='word_1_527' title='bbox 2066 5510 2120 5566; x_wconf 90' lang='lat' dir='ltr'><strong>in</strong></span> 
     </span>
    </p>
   </div>
   <div class='ocr_carea' id='block_1_71' title="bbox 539 5601 2120 5676">
    <p class='ocr_par' dir='ltr' id='par_1_71' title="bbox 539 5601 2120 5676">
     <span class='ocr_line' id='line_1_71' title="bbox 539 5601 2120 5676; baseline 0.001 -18"><span class='ocrx_word' id='word_1_528' title='bbox 539 5619 624 5668; x_wconf 89' lang='lat' dir='ltr'><strong>ea,</strong></span> <span class='ocrx_word' id='word_1_529' title='bbox 650 5611 698 5656; x_wconf 84' lang='lat' dir='ltr'><strong>et</strong></span> <span class='ocrx_word' id='word_1_530' title='bbox 723 5601 1043 5673; x_wconf 75' lang='lat' dir='ltr'><strong>confunditis</strong></span> <span class='ocrx_word' id='word_1_531' title='bbox 1073 5618 1181 5669; x_wconf 88' lang='lat' dir='ltr'><strong>eos,</strong></span> <span class='ocrx_word' id='word_1_532' title='bbox 1213 5601 1267 5657; x_wconf 89' lang='lat' dir='ltr'><strong>id</strong></span> <span class='ocrx_word' id='word_1_533' title='bbox 1293 5611 1377 5658; x_wconf 90' lang='lat' dir='ltr'><strong>est</strong></span> <span class='ocrx_word' id='word_1_534' title='bbox 1402 5604 1757 5660; x_wconf 88' lang='lat' dir='ltr'><strong>verecundari</strong></span> <span class='ocrx_word' id='word_1_535' title='bbox 1796 5603 1995 5672; x_wconf 87' lang='lat' dir='ltr'><strong>facitis,</strong></span> <span class='ocrx_word' id='word_1_536' title='bbox 2028 5605 2120 5676; x_wconf 86' lang='lat' dir='ltr'><strong>qui</strong></span> 
     </span>
    </p>
   </div>
   <div class='ocr_carea' id='block_1_72' title="bbox 540 5693 2119 5766">
    <p class='ocr_par' dir='ltr' id='par_1_72' title="bbox 540 5693 2119 5766">
     <span class='ocr_line' id='line_1_72' title="bbox 540 5693 2119 5766; baseline 0.003 -18"><span class='ocrx_word' id='word_1_537' title='bbox 540 5710 644 5748; x_wconf 86' lang='lat' dir='ltr'><strong>non</strong></span> <span class='ocrx_word' id='word_1_538' title='bbox 673 5694 859 5748; x_wconf 73' lang='lat' dir='ltr'><strong>habent</strong></span> <span class='ocrx_word' id='word_1_539' title='bbox 879 5693 904 5749; x_wconf 79' lang='lat'><strong>.’</strong></span> <span class='ocrx_word' id='word_1_540' title='bbox 925 5693 1203 5758; x_wconf 86' lang='lat' dir='ltr'><strong>alimenta,</strong></span> <span class='ocrx_word' id='word_1_541' title='bbox 1236 5708 1301 5750; x_wconf 81' lang='lat' dir='ltr'><strong>ex</strong></span> <span class='ocrx_word' id='word_1_542' title='bbox 1325 5696 1519 5766; x_wconf 87' lang='lat' dir='ltr'><strong>quibus</strong></span> <span class='ocrx_word' id='word_1_543' title='bbox 1546 5703 1894 5752; x_wconf 89' lang='lat' dir='ltr'><strong>consecretur</strong></span> <span class='ocrx_word' id='word_1_544' title='bbox 1920 5710 2119 5765; x_wconf 85' lang='lat' dir='ltr'><strong>corpus</strong></span> 
     </span>
    </p>
   </div>
   <div class='ocr_carea' id='block_1_73' title="bbox 540 5784 2119 5860">
    <p class='ocr_par' dir='ltr' id='par_1_73' title="bbox 540 5784 2119 5860">
     <span class='ocr_line' id='line_1_73' title="bbox 540 5784 2119 5860; baseline 0.001 -19"><span class='ocrx_word' id='word_1_545' title='bbox 540 5784 741 5841; x_wconf 84' lang='lat' dir='ltr'><strong>Christi</strong></span> <span class='ocrx_word' id='word_1_546' title='bbox 769 5794 824 5841; x_wconf 93' lang='lat' dir='ltr'><strong>et</strong></span> <span class='ocrx_word' id='word_1_547' title='bbox 858 5786 1095 5856; x_wconf 77' lang='lat' dir='ltr'><strong>sanguis,</strong></span> <span class='ocrx_word' id='word_1_548' title='bbox 1144 5784 1229 5840; x_wconf 87' lang='lat' dir='ltr'><strong>vel</strong></span> <span class='ocrx_word' id='word_1_549' title='bbox 1261 5788 1401 5844; x_wconf 92' lang='lat' dir='ltr'><strong>unde</strong></span> <span class='ocrx_word' id='word_1_550' title='bbox 1430 5787 1531 5844; x_wconf 87' lang='lat' dir='ltr'><strong>sibi</strong></span> <span class='ocrx_word' id='word_1_551' title='bbox 1562 5797 1869 5860; x_wconf 70' lang='lat' dir='ltr'><strong>praeparent</strong></span> <span class='ocrx_word' id='word_1_552' title='bbox 1909 5802 2119 5845; x_wconf 84' lang='lat' dir='ltr'><strong>coenam</strong></span> 
     </span>
    </p>
   </div>
   <div class='ocr_carea' id='block_1_74' title="bbox 541 5877 2112 5952">
    <p class='ocr_par' dir='ltr' id='par_1_74' title="bbox 541 5877 2112 5952">
     <span class='ocr_line' id='line_1_74' title="bbox 541 5877 2112 5952; baseline 0 -16"><span class='ocrx_word' id='word_1_553' title='bbox 541 5878 595 5936; x_wconf 85' lang='lat' dir='ltr'><strong>iu</strong></span> <span class='ocrx_word' id='word_1_554' title='bbox 646 5879 759 5948; x_wconf 87' lang='lat' dir='ltr'><strong>ipsa</strong></span> <span class='ocrx_word' id='word_1_555' title='bbox 799 5877 1059 5947; x_wconf 80' lang='lat' dir='ltr'><strong>Ecclesia,</strong></span> <span class='ocrx_word' id='word_1_556' title='bbox 1101 5880 1239 5936; x_wconf 87' lang='lat' dir='ltr'><strong>sicut</strong></span> <span class='ocrx_word' id='word_1_557' title='bbox 1283 5888 1377 5937; x_wconf 82' lang='lat' dir='ltr'><strong>vos</strong></span> <span class='ocrx_word' id='word_1_558' title='bbox 1426 5882 1519 5952; x_wconf 89' lang='lat' dir='ltr'><strong>qui</strong></span> <span class='ocrx_word' id='word_1_559' title='bbox 1563 5880 1761 5939; x_wconf 89' lang='lat' dir='ltr'><strong>divitiis</strong></span> <span class='ocrx_word' id='word_1_560' title='bbox 1808 5880 2112 5937; x_wconf 86' lang='lat' dir='ltr'><strong>abundatis.</strong></span> 
     </span>
    </p>
   </div>
   <div class='ocr_carea' id='block_1_75' title="bbox 2146 4636 2198 4698">
    <p class='ocr_par' dir='ltr' id='par_1_75' title="bbox 2146 4636 2198 4698">
     <span class='ocr_line' id='line_1_75' title="bbox 2146 4636 2198 4698; baseline 0 0"><span class='ocrx_word' id='word_1_561' title='bbox 2146 4636 2198 4698; x_wconf 91' lang='lat' dir='ltr'><strong>D</strong></span> 
     </span>
    </p>
   </div>
   <div class='ocr_carea' id='block_1_76' title="bbox 2208 2020 3716 2093">
    <p class='ocr_par' dir='ltr' id='par_1_76' title="bbox 2208 2020 3716 2093">
     <span class='ocr_line' id='line_1_76' title="bbox 2208 2020 3716 2093; baseline -0.005 -16"><span class='ocrx_word' id='word_1_562' title='bbox 2208 2022 2463 2092; x_wconf 83' lang='lat' dir='ltr'><strong>quoniam</strong></span> <span class='ocrx_word' id='word_1_563' title='bbox 2487 2021 2743 2077; x_wconf 84' lang='lat' dir='ltr'><strong>Dominus</strong></span> <span class='ocrx_word' id='word_1_564' title='bbox 2780 2021 2935 2076; x_wconf 74' lang='lat' dir='ltr'><strong>Iesus</strong></span> <span class='ocrx_word' id='word_1_565' title='bbox 2977 2022 3032 2076; x_wconf 85' lang='lat' dir='ltr'><strong>in</strong></span> <span class='ocrx_word' id='word_1_566' title='bbox 3070 2039 3173 2093; x_wconf 87' lang='lat' dir='ltr'><strong>qua</strong></span> <span class='ocrx_word' id='word_1_567' title='bbox 3207 2032 3357 2075; x_wconf 80' lang='lat' dir='ltr'><strong>nocte</strong></span> <span class='ocrx_word' id='word_1_568' title='bbox 3382 2020 3660 2082; x_wconf 78' lang='lat' dir='ltr'><strong>tradebatur,</strong></span> <span class='ocrx_word' id='word_1_569' title='bbox 3683 2020 3716 2072; x_wconf 83' lang='lat' dir='ltr'><strong>id</strong></span> 
     </span>
    </p>
   </div>
   <div class='ocr_carea' id='block_1_77' title="bbox 2210 2110 3719 2184">
    <p class='ocr_par' dir='ltr' id='par_1_77' title="bbox 2210 2110 3719 2184">
     <span class='ocr_line' id='line_1_77' title="bbox 2210 2110 3719 2184; baseline -0.007 -14"><span class='ocrx_word' id='word_1_570' title='bbox 2210 2122 2316 2180; x_wconf 89' lang='lat' dir='ltr'><strong>est,</strong></span> <span class='ocrx_word' id='word_1_571' title='bbox 2357 2114 2471 2184; x_wconf 89' lang='lat' dir='ltr'><strong>ipsa</strong></span> <span class='ocrx_word' id='word_1_572' title='bbox 2505 2123 2662 2170; x_wconf 88' lang='lat' dir='ltr'><strong>nocte</strong></span> <span class='ocrx_word' id='word_1_573' title='bbox 2699 2129 2805 2183; x_wconf 90' lang='lat' dir='ltr'><strong>qua</strong></span> <span class='ocrx_word' id='word_1_574' title='bbox 2847 2124 2967 2169; x_wconf 82' lang='lat' dir='ltr'><strong>erat</strong></span> <span class='ocrx_word' id='word_1_575' title='bbox 3002 2113 3302 2166; x_wconf 80' lang='lat' dir='ltr'><strong>tradendus</strong></span> <span class='ocrx_word' id='word_1_576' title='bbox 3343 2127 3370 2165; x_wconf 89' lang='lat' dir='ltr'><strong>a</strong></span> <span class='ocrx_word' id='word_1_577' title='bbox 3414 2110 3553 2173; x_wconf 85' lang='lat' dir='ltr'><strong>Juda,</strong></span> <span class='ocrx_word' id='word_1_578' title='bbox 3580 2110 3719 2177; x_wconf 75' lang='lat' dir='ltr'><strong>accepit</strong></span> 
     </span>
    </p>
   </div>
   <div class='ocr_carea' id='block_1_78' title="bbox 2211 2202 3714 2277">
    <p class='ocr_par' dir='ltr' id='par_1_78' title="bbox 2211 2202 3714 2277">
     <span class='ocr_line' id='line_1_78' title="bbox 2211 2202 3714 2277; baseline -0.004 -18"><span class='ocrx_word' id='word_1_579' title='bbox 2211 2222 2400 2277; x_wconf 82' lang='lat' dir='ltr'><strong>panem</strong></span> <span class='ocrx_word' id='word_1_580' title='bbox 2429 2214 2475 2260; x_wconf 87' lang='lat' dir='ltr'><strong>et</strong></span> <span class='ocrx_word' id='word_1_581' title='bbox 2517 2207 2715 2276; x_wconf 82' lang='lat' dir='ltr'><strong>gratias</strong></span> <span class='ocrx_word' id='word_1_582' title='bbox 2747 2222 2902 2276; x_wconf 84' lang='lat' dir='ltr'><strong>agens</strong></span> <span class='ocrx_word' id='word_1_583' title='bbox 2928 2206 3080 2276; x_wconf 78' lang='lat' dir='ltr'><strong>fregit</strong></span> <span class='ocrx_word' id='word_1_584' title='bbox 3116 2214 3164 2259; x_wconf 81' lang='lat' dir='ltr'><strong>et</strong></span> <span class='ocrx_word' id='word_1_585' title='bbox 3196 2205 3331 2258; x_wconf 72' lang='lat' dir='ltr'><strong>dixit</strong></span> <span class='ocrx_word' id='word_1_586' title='bbox 3366 2202 3714 2272; x_wconf 84' lang='lat' dir='ltr'><strong>discipulissuis.</strong></span> 
     </span>
    </p>
   </div>
   <div class='ocr_carea' id='block_1_79' title="bbox 2211 2295 3727 2366">
    <p class='ocr_par' dir='ltr' id='par_1_79' title="bbox 2211 2295 3727 2366">
     <span class='ocr_line' id='line_1_79' title="bbox 2211 2295 3727 2366; baseline -0.003 -15"><span class='ocrx_word' id='word_1_587' title='bbox 2211 2295 2407 2352; x_wconf 90' lang='lat' dir='ltr'><strong>Finitis</strong></span> <span class='ocrx_word' id='word_1_588' title='bbox 2436 2296 2717 2352; x_wconf 88' lang='lat' dir='ltr'><strong>solemuiis</strong></span> <span class='ocrx_word' id='word_1_589' title='bbox 2746 2298 2948 2352; x_wconf 83' lang='lat' dir='ltr'><strong>veteris</strong></span> <span class='ocrx_word' id='word_1_590' title='bbox 2984 2296 3221 2366; x_wconf 79' lang='lat' dir='ltr'><strong>paselne,</strong></span> <span class='ocrx_word' id='word_1_591' title='bbox 3251 2311 3371 2365; x_wconf 73' lang='lat' dir='ltr'><strong>qure</strong></span> <span class='ocrx_word' id='word_1_592' title='bbox 3396 2295 3446 2349; x_wconf 90' lang='lat' dir='ltr'><strong>iu</strong></span> <span class='ocrx_word' id='word_1_593' title='bbox 3473 2307 3727 2349; x_wconf 62' lang='lat' dir='ltr'><strong>commento»</strong></span> 
     </span>
    </p>
   </div>
   <div class='ocr_carea' id='block_1_80' title="bbox 2215 2383 3723 2457">
    <p class='ocr_par' dir='ltr' id='par_1_80' title="bbox 2215 2383 3723 2457">
     <span class='ocr_line' id='line_1_80' title="bbox 2215 2383 3723 2457; baseline -0.001 -17"><span class='ocrx_word' id='word_1_594' title='bbox 2215 2386 2481 2441; x_wconf 89' lang='lat' dir='ltr'><strong>rationem</strong></span> <span class='ocrx_word' id='word_1_595' title='bbox 2509 2386 2747 2456; x_wconf 70' lang='lat' dir='ltr'><strong>antiqua:</strong></span> <span class='ocrx_word' id='word_1_596' title='bbox 2776 2386 3115 2442; x_wconf 88' lang='lat' dir='ltr'><strong>liberationis</strong></span> <span class='ocrx_word' id='word_1_597' title='bbox 3139 2385 3326 2457; x_wconf 86' lang='lat' dir='ltr'><strong>populi</strong></span> <span class='ocrx_word' id='word_1_598' title='bbox 3354 2385 3446 2440; x_wconf 90' lang='lat' dir='ltr'><strong>Dei</strong></span> <span class='ocrx_word' id='word_1_599' title='bbox 3472 2386 3532 2455; x_wconf 85' lang='lat' dir='ltr'><strong>de</strong></span> <span class='ocrx_word' id='word_1_600' title='bbox 3548 2383 3723 2453; x_wconf 51' lang='lat' dir='ltr'><strong>{lignus</strong></span> 
     </span>
    </p>
   </div>
   <div class='ocr_carea' id='block_1_81' title="bbox 2215 2475 3716 2557">
    <p class='ocr_par' dir='ltr' id='par_1_81' title="bbox 2215 2475 3716 2557">
     <span class='ocr_line' id='line_1_81' title="bbox 2215 2475 3716 2557; baseline -0.005 -24"><span class='ocrx_word' id='word_1_601' title='bbox 2215 2478 2516 2549; x_wconf 84' lang='lat' dir='ltr'><strong>agebantur</strong></span> <span class='ocrx_word' id='word_1_602' title='bbox 2549 2478 2804 2557; x_wconf 81' lang='lat' dir='ltr'><strong>omnibus</strong></span> <span class='ocrx_word' id='word_1_603' title='bbox 2834 2479 3015 2541; x_wconf 90' lang='lat' dir='ltr'><strong>annis,</strong></span> <span class='ocrx_word' id='word_1_604' title='bbox 3052 2478 3275 2532; x_wconf 89' lang='lat' dir='ltr'><strong>transiit</strong></span> <span class='ocrx_word' id='word_1_605' title='bbox 3297 2476 3475 2532; x_wconf 90' lang='lat' dir='ltr'><strong>statim</strong></span> <span class='ocrx_word' id='word_1_606' title='bbox 3498 2475 3554 2529; x_wconf 89' lang='lat' dir='ltr'><strong>ad</strong></span> <span class='ocrx_word' id='word_1_607' title='bbox 3581 2489 3716 2528; x_wconf 76' lang='lat' dir='ltr'><strong>eorum</strong></span> 
     </span>
    </p>
   </div>
   <div class='ocr_carea' id='block_1_82' title="bbox 2214 2566 3719 2646">
    <p class='ocr_par' dir='ltr' id='par_1_82' title="bbox 2214 2566 3719 2646">
     <span class='ocr_line' id='line_1_82' title="bbox 2214 2566 3719 2646; baseline -0.007 -18"><span class='ocrx_word' id='word_1_608' title='bbox 2214 2575 2434 2646; x_wconf 87' lang='lat' dir='ltr'><strong>pascha,</strong></span> <span class='ocrx_word' id='word_1_609' title='bbox 2473 2574 2612 2630; x_wconf 89' lang='lat' dir='ltr'><strong>sicut</strong></span> <span class='ocrx_word' id='word_1_610' title='bbox 2664 2587 2826 2643; x_wconf 89' lang='lat' dir='ltr'><strong>supra</strong></span> <span class='ocrx_word' id='word_1_611' title='bbox 2884 2571 3144 2639; x_wconf 81' lang='lat' dir='ltr'><strong>diximus,</strong></span> <span class='ocrx_word' id='word_1_612' title='bbox 3194 2572 3340 2642; x_wconf 86' lang='lat' dir='ltr'><strong>quod</strong></span> <span class='ocrx_word' id='word_1_613' title='bbox 3380 2571 3432 2625; x_wconf 93' lang='lat' dir='ltr'><strong>in</strong></span> <span class='ocrx_word' id='word_1_614' title='bbox 3477 2566 3719 2624; x_wconf 82' lang='lat' dir='ltr'><strong>memoriam</strong></span> 
     </span>
    </p>
   </div>
   <div class='ocr_carea' id='block_1_83' title="bbox 2217 2659 3720 2733">
    <p class='ocr_par' dir='ltr' id='par_1_83' title="bbox 2217 2659 3720 2733">
     <span class='ocr_line' id='line_1_83' title="bbox 2217 2659 3720 2733; baseline -0.007 -13"><span class='ocrx_word' id='word_1_615' title='bbox 2217 2680 2329 2720; x_wconf 76' lang='lat' dir='ltr'><strong>sua:</strong></span> <span class='ocrx_word' id='word_1_616' title='bbox 2355 2663 2625 2733; x_wconf 84' lang='lat' dir='ltr'><strong>passionis</strong></span> <span class='ocrx_word' id='word_1_617' title='bbox 2648 2672 2702 2717; x_wconf 91' lang='lat' dir='ltr'><strong>et</strong></span> <span class='ocrx_word' id='word_1_618' title='bbox 2729 2670 2927 2717; x_wconf 59' lang='lat' dir='ltr'><strong>nostra:</strong></span> <span class='ocrx_word' id='word_1_619' title='bbox 2969 2662 3385 2732; x_wconf 86' lang='lat' dir='ltr'><strong>redemptionis,</strong></span> <span class='ocrx_word' id='word_1_620' title='bbox 3414 2659 3720 2714; x_wconf 65' lang='lat' dir='ltr'><strong>Ecclesiaste:</strong></span> 
     </span>
    </p>
   </div>
   <div class='ocr_carea' id='block_1_84' title="bbox 2216 2754 3717 2827">
    <p class='ocr_par' dir='ltr' id='par_1_84' title="bbox 2216 2754 3717 2827">
     <span class='ocr_line' id='line_1_84' title="bbox 2216 2754 3717 2827; baseline -0.007 -15"><span class='ocrx_word' id='word_1_621' title='bbox 2216 2757 2471 2827; x_wconf 81' lang='lat' dir='ltr'><strong>relinquit</strong></span> <span class='ocrx_word' id='word_1_622' title='bbox 2518 2756 2990 2826; x_wconf 84' lang='lat' dir='ltr'><strong>frequentandum.</strong></span> <span class='ocrx_word' id='word_1_623' title='bbox 3033 2754 3220 2826; x_wconf 82' lang='lat' dir='ltr'><strong>Fregit</strong></span> <span class='ocrx_word' id='word_1_624' title='bbox 3264 2756 3378 2825; x_wconf 83' lang='lat' dir='ltr'><strong>ipse</strong></span> <span class='ocrx_word' id='word_1_625' title='bbox 3406 2768 3578 2824; x_wconf 82' lang='lat' dir='ltr'><strong>panem</strong></span> <span class='ocrx_word' id='word_1_626' title='bbox 3604 2764 3717 2820; x_wconf 88' lang='lat' dir='ltr'><strong>quem</strong></span> 
     </span>
    </p>
   </div>
   <div class='ocr_carea' id='block_1_85' title="bbox 2216 2829 3723 2917">
    <p class='ocr_par' dir='ltr' id='par_1_85' title="bbox 2216 2829 3723 2917">
     <span class='ocr_line' id='line_1_85' title="bbox 2216 2829 3723 2917; baseline -0.008 -15"><span class='ocrx_word' id='word_1_627' title='bbox 2216 2829 2496 2916; x_wconf 73' lang='lat' dir='ltr'><strong>discipulis</strong></span> <span class='ocrx_word' id='word_1_628' title='bbox 2539 2854 2891 2917; x_wconf 79' lang='lat' dir='ltr'><strong>porrexerat,</strong></span> <span class='ocrx_word' id='word_1_629' title='bbox 2950 2855 3009 2899; x_wconf 89' lang='lat' dir='ltr'><strong>ut</strong></span> <span class='ocrx_word' id='word_1_630' title='bbox 3060 2846 3376 2900; x_wconf 86' lang='lat' dir='ltr'><strong>ostenderet</strong></span> <span class='ocrx_word' id='word_1_631' title='bbox 3427 2841 3634 2913; x_wconf 85' lang='lat' dir='ltr'><strong>corporis</strong></span> <span class='ocrx_word' id='word_1_632' title='bbox 3662 2837 3723 2892; x_wconf 84' lang='lat' dir='ltr'><strong>sui</strong></span> 
     </span>
    </p>
   </div>
   <div class='ocr_carea' id='block_1_86' title="bbox 2215 2936 3718 3008">
    <p class='ocr_par' dir='ltr' id='par_1_86' title="bbox 2215 2936 3718 3008">
     <span class='ocr_line' id='line_1_86' title="bbox 2215 2936 3718 3008; baseline -0.005 -16"><span class='ocrx_word' id='word_1_633' title='bbox 2215 2936 2535 2998; x_wconf 76' lang='lat' dir='ltr'><strong>fractionem</strong></span> <span class='ocrx_word' id='word_1_634' title='bbox 2574 2946 2632 2993; x_wconf 91' lang='lat' dir='ltr'><strong>et</strong></span> <span class='ocrx_word' id='word_1_635' title='bbox 2666 2937 2993 3008; x_wconf 86' lang='lat' dir='ltr'><strong>passionem,</strong></span> <span class='ocrx_word' id='word_1_636' title='bbox 3023 2937 3139 2992; x_wconf 91' lang='lat' dir='ltr'><strong>sine</strong></span> <span class='ocrx_word' id='word_1_637' title='bbox 3171 2953 3272 2992; x_wconf 88' lang='lat' dir='ltr'><strong>sua</strong></span> <span class='ocrx_word' id='word_1_638' title='bbox 3324 2943 3503 3007; x_wconf 90' lang='lat' dir='ltr'><strong>sponte</strong></span> <span class='ocrx_word' id='word_1_639' title='bbox 3528 2949 3613 2988; x_wconf 88' lang='lat' dir='ltr'><strong>non</strong></span> <span class='ocrx_word' id='word_1_640' title='bbox 3630 2946 3718 2984; x_wconf 76' lang='lat' dir='ltr'><strong>ren-</strong></span> 
     </span>
    </p>
   </div>
   <div class='ocr_carea' id='block_1_87' title="bbox 2219 3024 3721 3101">
    <p class='ocr_par' dir='ltr' id='par_1_87' title="bbox 2219 3024 3721 3101">
     <span class='ocr_line' id='line_1_87' title="bbox 2219 3024 3721 3101; baseline -0.007 -15"><span class='ocrx_word' id='word_1_641' title='bbox 2219 3039 2420 3097; x_wconf 87' lang='lat' dir='ltr'><strong>turam,</strong></span> <span class='ocrx_word' id='word_1_642' title='bbox 2458 3031 2600 3087; x_wconf 89' lang='lat' dir='ltr'><strong>sicut</strong></span> <span class='ocrx_word' id='word_1_643' title='bbox 2634 3031 2747 3101; x_wconf 89' lang='lat' dir='ltr'><strong>ipse</strong></span> <span class='ocrx_word' id='word_1_644' title='bbox 2789 3036 2948 3086; x_wconf 89' lang='lat' dir='ltr'><strong>antea</strong></span> <span class='ocrx_word' id='word_1_645' title='bbox 2988 3031 3205 3086; x_wconf 73' lang='lat' dir='ltr'><strong>dixerat</strong></span> <span class='ocrx_word' id='word_1_646' title='bbox 3234 3050 3245 3084; x_wconf 94' lang='lat'>:</span> <span class='ocrx_word' id='word_1_647' title='bbox 3277 3024 3721 3086; x_wconf 77' lang='lat' dir='ltr'><strong>Potestatembabeo</strong></span> 
     </span>
    </p>
   </div>
   <div class='ocr_carea' id='block_1_88' title="bbox 2214 3122 2943 3194">
    <p class='ocr_par' dir='ltr' id='par_1_88' title="bbox 2214 3122 2943 3194">
     <span class='ocr_line' id='line_1_88' title="bbox 2214 3122 2943 3194; baseline -0.003 -16"><span class='ocrx_word' id='word_1_648' title='bbox 2214 3123 2449 3194; x_wconf 86' lang='lat' dir='ltr'><strong>ponendi</strong></span> <span class='ocrx_word' id='word_1_649' title='bbox 2482 3122 2717 3176; x_wconf 90' lang='lat' dir='ltr'><strong>animam</strong></span> <span class='ocrx_word' id='word_1_650' title='bbox 2745 3137 2943 3176; x_wconf 85' lang='lat' dir='ltr'><strong>meam.</strong></span> 
     </span>
    </p>
   </div>
   <div class='ocr_carea' id='block_1_89' title="bbox 2287 3212 3719 3296">
    <p class='ocr_par' dir='ltr' id='par_1_89' title="bbox 2287 3212 3719 3296">
     <span class='ocr_line' id='line_1_89' title="bbox 2287 3212 3719 3296; baseline -0.006 -18"><span class='ocrx_word' id='word_1_651' title='bbox 2287 3225 2517 3296; x_wconf 80' lang='lat' dir='ltr'><strong>Accipite</strong></span> <span class='ocrx_word' id='word_1_652' title='bbox 2534 3233 2582 3277; x_wconf 85' lang='lat' dir='ltr'><strong>et</strong></span> <span class='ocrx_word' id='word_1_653' title='bbox 2608 3223 2922 3277; x_wconf 86' lang='lat' dir='ltr'><strong>manducate</strong></span> <span class='ocrx_word' id='word_1_654' title='bbox 2951 3222 3092 3277; x_wconf 85' lang='lat' dir='ltr'><strong>:.hoc</strong></span> <span class='ocrx_word' id='word_1_655' title='bbox 3129 3232 3204 3277; x_wconf 83' lang='lat' dir='ltr'><strong>est</strong></span> <span class='ocrx_word' id='word_1_656' title='bbox 3240 3239 3430 3293; x_wconf 73' lang='lat' dir='ltr'><strong>corpus</strong></span> <span class='ocrx_word' id='word_1_657' title='bbox 3462 3232 3605 3273; x_wconf 86' lang='lat' dir='ltr'><strong>meum</strong></span> <span class='ocrx_word' id='word_1_658' title='bbox 3626 3212 3719 3283; x_wconf 73' lang='lat' dir='ltr'><strong>quod</strong></span> 
     </span>
    </p>
   </div>
   <div class='ocr_carea' id='block_1_90' title="bbox 2216 3302 3720 3388">
    <p class='ocr_par' dir='ltr' id='par_1_90' title="bbox 2216 3302 3720 3388">
     <span class='ocr_line' id='line_1_90' title="bbox 2216 3302 3720 3388; baseline -0.01 -18"><span class='ocrx_word' id='word_1_659' title='bbox 2216 3332 2310 3388; x_wconf 81' lang='lat' dir='ltr'><strong>pro</strong></span> <span class='ocrx_word' id='word_1_660' title='bbox 2334 3314 2477 3370; x_wconf 75' lang='lat' dir='ltr'><strong>vobis</strong></span> <span class='ocrx_word' id='word_1_661' title='bbox 2497 3313 2754 3368; x_wconf 83' lang='lat' dir='ltr'><strong>tradetur.</strong></span> <span class='ocrx_word' id='word_1_662' title='bbox 2784 3312 2936 3368; x_wconf 83' lang='lat' dir='ltr'><strong>Sicut</strong></span> <span class='ocrx_word' id='word_1_663' title='bbox 2956 3328 3083 3368; x_wconf 90' lang='lat' dir='ltr'><strong>caro</strong></span> <span class='ocrx_word' id='word_1_664' title='bbox 3106 3313 3315 3369; x_wconf 87' lang='lat' dir='ltr'><strong>Christi</strong></span> <span class='ocrx_word' id='word_1_665' title='bbox 3336 3326 3486 3383; x_wconf 87' lang='lat' dir='ltr'><strong>quam</strong></span> <span class='ocrx_word' id='word_1_666' title='bbox 3507 3302 3720 3372; x_wconf 80' lang='lat' dir='ltr'><strong>assumpsit</strong></span> 
     </span>
    </p>
   </div>
   <div class='ocr_carea' id='block_1_91' title="bbox 2217 3402 3720 3476">
    <p class='ocr_par' dir='ltr' id='par_1_91' title="bbox 2217 3402 3720 3476">
     <span class='ocr_line' id='line_1_91' title="bbox 2217 3402 3720 3476; baseline -0.008 -15"><span class='ocrx_word' id='word_1_667' title='bbox 2217 3406 2272 3461; x_wconf 92' lang='lat' dir='ltr'><strong>in</strong></span> <span class='ocrx_word' id='word_1_668' title='bbox 2322 3414 2480 3461; x_wconf 86' lang='lat' dir='ltr'><strong>utero</strong></span> <span class='ocrx_word' id='word_1_669' title='bbox 2528 3402 2802 3476; x_wconf 76' lang='lat' dir='ltr'><strong>virginali,</strong></span> <span class='ocrx_word' id='word_1_670' title='bbox 2854 3419 3038 3459; x_wconf 87' lang='lat' dir='ltr'><strong>verum</strong></span> <span class='ocrx_word' id='word_1_671' title='bbox 3070 3419 3276 3474; x_wconf 91' lang='lat' dir='ltr'><strong>corpus</strong></span> <span class='ocrx_word' id='word_1_672' title='bbox 3309 3404 3427 3474; x_wconf 86' lang='lat' dir='ltr'><strong>ejus</strong></span> <span class='ocrx_word' id='word_1_673' title='bbox 3463 3408 3569 3463; x_wconf 87' lang='lat' dir='ltr'><strong>est,</strong></span> <span class='ocrx_word' id='word_1_674' title='bbox 3596 3405 3637 3450; x_wconf 84' lang='lat' dir='ltr'><strong>ct</strong></span> <span class='ocrx_word' id='word_1_675' title='bbox 3657 3406 3720 3462; x_wconf 80' lang='lat' dir='ltr'><strong>pro</strong></span> 
     </span>
    </p>
   </div>
   <div class='ocr_carea' id='block_1_92' title="bbox 2217 3493 3721 3566">
    <p class='ocr_par' dir='ltr' id='par_1_92' title="bbox 2217 3493 3721 3566">
     <span class='ocr_line' id='line_1_92' title="bbox 2217 3493 3721 3566; baseline -0.012 -12"><span class='ocrx_word' id='word_1_676' title='bbox 2217 3505 2403 3555; x_wconf 90' lang='lat' dir='ltr'><strong>nostra</strong></span> <span class='ocrx_word' id='word_1_677' title='bbox 2436 3498 2609 3553; x_wconf 88' lang='lat' dir='ltr'><strong>salute</strong></span> <span class='ocrx_word' id='word_1_678' title='bbox 2639 3496 2899 3562; x_wconf 90' lang='lat' dir='ltr'><strong>occisum,</strong></span> <span class='ocrx_word' id='word_1_679' title='bbox 2935 3496 3007 3550; x_wconf 91' lang='lat' dir='ltr'><strong>ita</strong></span> <span class='ocrx_word' id='word_1_680' title='bbox 3035 3496 3193 3565; x_wconf 91' lang='lat' dir='ltr'><strong>panis</strong></span> <span class='ocrx_word' id='word_1_681' title='bbox 3225 3511 3385 3566; x_wconf 87' lang='lat' dir='ltr'><strong>quem</strong></span> <span class='ocrx_word' id='word_1_682' title='bbox 3415 3493 3626 3549; x_wconf 87' lang='lat' dir='ltr'><strong>Christus</strong></span> <span class='ocrx_word' id='word_1_683' title='bbox 3649 3495 3721 3539; x_wconf 67' lang='lat' dir='ltr'><strong>tra-</strong></span> 
     </span>
    </p>
   </div>
   <div class='ocr_carea' id='block_1_93' title="bbox 2219 3573 3720 3660">
    <p class='ocr_par' dir='ltr' id='par_1_93' title="bbox 2219 3573 3720 3660">
     <span class='ocr_line' id='line_1_93' title="bbox 2219 3573 3720 3660; baseline -0.012 -14"><span class='ocrx_word' id='word_1_684' title='bbox 2219 3590 2353 3646; x_wconf 90' lang='lat' dir='ltr'><strong>didit</strong></span> <span class='ocrx_word' id='word_1_685' title='bbox 2397 3586 2674 3660; x_wconf 86' lang='lat' dir='ltr'><strong>discipulis</strong></span> <span class='ocrx_word' id='word_1_686' title='bbox 2724 3588 2836 3642; x_wconf 89' lang='lat' dir='ltr'><strong>suis</strong></span> <span class='ocrx_word' id='word_1_687' title='bbox 2881 3587 3249 3657; x_wconf 90' lang='lat' dir='ltr'><strong>omnibusque</strong></span> <span class='ocrx_word' id='word_1_688' title='bbox 3297 3580 3649 3657; x_wconf 72' lang='lat' dir='ltr'><strong>pnedestinatis</strong></span> <span class='ocrx_word' id='word_1_689' title='bbox 3676 3573 3720 3627; x_wconf 73' lang='lat' dir='ltr'><strong>ad</strong></span> 
     </span>
    </p>
   </div>
   <div class='ocr_carea' id='block_1_94' title="bbox 2218 3679 3721 3750">
    <p class='ocr_par' dir='ltr' id='par_1_94' title="bbox 2218 3679 3721 3750">
     <span class='ocr_line' id='line_1_94' title="bbox 2218 3679 3721 3750; baseline -0.009 -14"><span class='ocrx_word' id='word_1_690' title='bbox 2218 3682 2385 3738; x_wconf 85' lang='lat' dir='ltr'><strong>vitam</strong></span> <span class='ocrx_word' id='word_1_691' title='bbox 2414 3690 2689 3742; x_wconf 58' lang='lat' dir='ltr'><strong>aeternam,</strong></span> <span class='ocrx_word' id='word_1_692' title='bbox 2716 3690 2770 3734; x_wconf 89' lang='lat' dir='ltr'><strong>et</strong></span> <span class='ocrx_word' id='word_1_693' title='bbox 2792 3694 2951 3750; x_wconf 89' lang='lat' dir='ltr'><strong>quem</strong></span> <span class='ocrx_word' id='word_1_694' title='bbox 2984 3679 3224 3750; x_wconf 88' lang='lat' dir='ltr'><strong>quotidie</strong></span> <span class='ocrx_word' id='word_1_695' title='bbox 3270 3682 3568 3735; x_wconf 87' lang='lat' dir='ltr'><strong>consecrant</strong></span> <span class='ocrx_word' id='word_1_696' title='bbox 3592 3682 3721 3726; x_wconf 65' lang='lat' dir='ltr'><strong>sicer-</strong></span> 
     </span>
    </p>
   </div>
   <div class='ocr_carea' id='block_1_95' title="bbox 2220 3760 3722 3835">
    <p class='ocr_par' dir='ltr' id='par_1_95' title="bbox 2220 3760 3722 3835">
     <span class='ocr_line' id='line_1_95' title="bbox 2220 3760 3722 3835; baseline -0.011 -7"><span class='ocrx_word' id='word_1_697' title='bbox 2220 3772 2372 3828; x_wconf 89' lang='lat' dir='ltr'><strong>dotes</strong></span> <span class='ocrx_word' id='word_1_698' title='bbox 2402 3773 2454 3827; x_wconf 90' lang='lat' dir='ltr'><strong>iu</strong></span> <span class='ocrx_word' id='word_1_699' title='bbox 2479 3771 2721 3827; x_wconf 84' lang='lat' dir='ltr'><strong>Ecclesia</strong></span> <span class='ocrx_word' id='word_1_700' title='bbox 2758 3787 2881 3827; x_wconf 88' lang='lat' dir='ltr'><strong>cum</strong></span> <span class='ocrx_word' id='word_1_701' title='bbox 2924 3772 3125 3826; x_wconf 80' lang='lat' dir='ltr'><strong>virtute</strong></span> <span class='ocrx_word' id='word_1_702' title='bbox 3166 3770 3481 3833; x_wconf 84' lang='lat' dir='ltr'><strong>divinitatis,</strong></span> <span class='ocrx_word' id='word_1_703' title='bbox 3506 3780 3605 3835; x_wconf 65' lang='lat' dir='ltr'><strong>quae</strong></span> <span class='ocrx_word' id='word_1_704' title='bbox 3623 3760 3722 3816; x_wconf 86' lang='lat' dir='ltr'><strong>illum</strong></span> 
     </span>
    </p>
   </div>
   <div class='ocr_carea' id='block_1_96' title="bbox 2219 3857 3724 3933">
    <p class='ocr_par' dir='ltr' id='par_1_96' title="bbox 2219 3857 3724 3933">
     <span class='ocr_line' id='line_1_96' title="bbox 2219 3857 3724 3933; baseline -0.007 -17"><span class='ocrx_word' id='word_1_705' title='bbox 2219 3861 2387 3932; x_wconf 87' lang='lat' dir='ltr'><strong>replet</strong></span> <span class='ocrx_word' id='word_1_706' title='bbox 2439 3877 2634 3933; x_wconf 82' lang='lat' dir='ltr'><strong>panem</strong></span> <span class='ocrx_word' id='word_1_707' title='bbox 2674 3876 2856 3915; x_wconf 87' lang='lat' dir='ltr'><strong>verum</strong></span> <span class='ocrx_word' id='word_1_708' title='bbox 2881 3901 2896 3926; x_wconf 94' lang='lat'><strong>,</strong></span> <span class='ocrx_word' id='word_1_709' title='bbox 2929 3875 3125 3931; x_wconf 91' lang='lat' dir='ltr'><strong>corpus</strong></span> <span class='ocrx_word' id='word_1_710' title='bbox 3171 3859 3375 3916; x_wconf 90' lang='lat' dir='ltr'><strong>Christi</strong></span> <span class='ocrx_word' id='word_1_711' title='bbox 3409 3868 3502 3923; x_wconf 85' lang='lat' dir='ltr'><strong>est,</strong></span> <span class='ocrx_word' id='word_1_712' title='bbox 3534 3870 3614 3911; x_wconf 85' lang='lat' dir='ltr'><strong>nec</strong></span> <span class='ocrx_word' id='word_1_713' title='bbox 3640 3857 3724 3906; x_wconf 80' lang='lat' dir='ltr'><strong>sunt</strong></span> 
     </span>
    </p>
   </div>
   <div class='ocr_carea' id='block_1_97' title="bbox 2220 3945 3722 4026">
    <p class='ocr_par' dir='ltr' id='par_1_97' title="bbox 2220 3945 3722 4026">
     <span class='ocr_line' id='line_1_97' title="bbox 2220 3945 3722 4026; baseline -0.003 -16"><span class='ocrx_word' id='word_1_714' title='bbox 2220 3956 2324 4010; x_wconf 92' lang='lat' dir='ltr'><strong>duo</strong></span> <span class='ocrx_word' id='word_1_715' title='bbox 2353 3969 2578 4026; x_wconf 87' lang='lat' dir='ltr'><strong>corpora</strong></span> <span class='ocrx_word' id='word_1_716' title='bbox 2623 3954 2711 4008; x_wconf 88' lang='lat' dir='ltr'><strong>illa</strong></span> <span class='ocrx_word' id='word_1_717' title='bbox 2742 3970 2870 4009; x_wconf 91' lang='lat' dir='ltr'><strong>caro</strong></span> <span class='ocrx_word' id='word_1_718' title='bbox 2896 3969 3060 4024; x_wconf 87' lang='lat' dir='ltr'><strong>quam</strong></span> <span class='ocrx_word' id='word_1_719' title='bbox 3083 3955 3397 4024; x_wconf 87' lang='lat' dir='ltr'><strong>assumpsit,</strong></span> <span class='ocrx_word' id='word_1_720' title='bbox 3423 3963 3473 4007; x_wconf 91' lang='lat' dir='ltr'><strong>et</strong></span> <span class='ocrx_word' id='word_1_721' title='bbox 3494 3953 3580 4007; x_wconf 87' lang='lat' dir='ltr'><strong>iste</strong></span> <span class='ocrx_word' id='word_1_722' title='bbox 3599 3945 3722 4018; x_wconf 66' lang='lat' dir='ltr'><strong>panis,</strong></span> 
     </span>
    </p>
   </div>
   <div class='ocr_carea' id='block_1_98' title="bbox 2219 4042 3721 4114">
    <p class='ocr_par' dir='ltr' id='par_1_98' title="bbox 2219 4042 3721 4114">
     <span class='ocr_line' id='line_1_98' title="bbox 2219 4042 3721 4114; baseline -0.012 -11"><span class='ocrx_word' id='word_1_723' title='bbox 2219 4048 2315 4103; x_wconf 88' lang='lat' dir='ltr'><strong>sed</strong></span> <span class='ocrx_word' id='word_1_724' title='bbox 2351 4063 2515 4102; x_wconf 91' lang='lat' dir='ltr'><strong>unum</strong></span> <span class='ocrx_word' id='word_1_725' title='bbox 2549 4061 2733 4099; x_wconf 79' lang='lat' dir='ltr'><strong>verum</strong></span> <span class='ocrx_word' id='word_1_726' title='bbox 2779 4059 2975 4114; x_wconf 90' lang='lat' dir='ltr'><strong>corpus</strong></span> <span class='ocrx_word' id='word_1_727' title='bbox 3013 4042 3221 4100; x_wconf 87' lang='lat' dir='ltr'><strong>faciunt</strong></span> <span class='ocrx_word' id='word_1_728' title='bbox 3261 4044 3455 4101; x_wconf 90' lang='lat' dir='ltr'><strong>Christi</strong></span> <span class='ocrx_word' id='word_1_729' title='bbox 3486 4060 3499 4096; x_wconf 90' lang='lat'><strong>:</strong></span> <span class='ocrx_word' id='word_1_730' title='bbox 3528 4042 3721 4096; x_wconf 85' lang='lat' dir='ltr'><strong>intantum</strong></span> 
     </span>
    </p>
   </div>
   <div class='ocr_carea' id='block_1_99' title="bbox 2220 4131 3722 4208">
    <p class='ocr_par' dir='ltr' id='par_1_99' title="bbox 2220 4131 3722 4208">
     <span class='ocr_line' id='line_1_99' title="bbox 2220 4131 3722 4208; baseline -0.009 -14"><span class='ocrx_word' id='word_1_731' title='bbox 2220 4147 2281 4204; x_wconf 88' lang='lat' dir='ltr'><strong>ut</strong></span> <span class='ocrx_word' id='word_1_732' title='bbox 2318 4139 2441 4193; x_wconf 88' lang='lat' dir='ltr'><strong>dum</strong></span> <span class='ocrx_word' id='word_1_733' title='bbox 2472 4136 2563 4192; x_wconf 91' lang='lat' dir='ltr'><strong>ille</strong></span> <span class='ocrx_word' id='word_1_734' title='bbox 2604 4136 2873 4208; x_wconf 67' lang='lat' dir='ltr'><strong>frangitur</strong></span> <span class='ocrx_word' id='word_1_735' title='bbox 2900 4145 2955 4191; x_wconf 90' lang='lat' dir='ltr'><strong>et</strong></span> <span class='ocrx_word' id='word_1_736' title='bbox 2981 4137 3305 4202; x_wconf 89' lang='lat' dir='ltr'><strong>comeditur,</strong></span> <span class='ocrx_word' id='word_1_737' title='bbox 3336 4136 3566 4193; x_wconf 88' lang='lat' dir='ltr'><strong>Christus</strong></span> <span class='ocrx_word' id='word_1_738' title='bbox 3587 4131 3722 4201; x_wconf 70' lang='lat' dir='ltr'><strong>humo-</strong></span> 
     </span>
    </p>
   </div>
   <div class='ocr_carea' id='block_1_100' title="bbox 2219 4221 3721 4298">
    <p class='ocr_par' dir='ltr' id='par_1_100' title="bbox 2219 4221 3721 4298">
     <span class='ocr_line' id='line_1_100' title="bbox 2219 4221 3721 4298; baseline -0.006 -17"><span class='ocrx_word' id='word_1_739' title='bbox 2219 4228 2361 4285; x_wconf 86' lang='lat' dir='ltr'><strong>letur</strong></span> <span class='ocrx_word' id='word_1_740' title='bbox 2386 4236 2440 4283; x_wconf 88' lang='lat' dir='ltr'><strong>et</strong></span> <span class='ocrx_word' id='word_1_741' title='bbox 2460 4227 2796 4293; x_wconf 88' lang='lat' dir='ltr'><strong>eomedatur,</strong></span> <span class='ocrx_word' id='word_1_742' title='bbox 2822 4236 2875 4280; x_wconf 91' lang='lat' dir='ltr'><strong>et</strong></span> <span class='ocrx_word' id='word_1_743' title='bbox 2898 4236 3076 4282; x_wconf 83' lang='lat' dir='ltr'><strong>tamen</strong></span> <span class='ocrx_word' id='word_1_744' title='bbox 3098 4228 3311 4298; x_wconf 81' lang='lat' dir='ltr'><strong>integer</strong></span> <span class='ocrx_word' id='word_1_745' title='bbox 3332 4221 3721 4283; x_wconf 75' lang='lat' dir='ltr'><strong>maneatetrirus.</strong></span> 
     </span>
    </p>
   </div>
   <div class='ocr_carea' id='block_1_101' title="bbox 2221 4312 3724 4388">
    <p class='ocr_par' dir='ltr' id='par_1_101' title="bbox 2221 4312 3724 4388">
     <span class='ocr_line' id='line_1_101' title="bbox 2221 4312 3724 4388; baseline -0.008 -13"><span class='ocrx_word' id='word_1_746' title='bbox 2221 4320 2286 4375; x_wconf 85' lang='lat' dir='ltr'><strong>Et</strong></span> <span class='ocrx_word' id='word_1_747' title='bbox 2324 4319 2462 4374; x_wconf 87' lang='lat' dir='ltr'><strong>sicut</strong></span> <span class='ocrx_word' id='word_1_748' title='bbox 2500 4317 2629 4373; x_wconf 88' lang='lat' dir='ltr'><strong>illud</strong></span> <span class='ocrx_word' id='word_1_749' title='bbox 2678 4333 2875 4388; x_wconf 90' lang='lat' dir='ltr'><strong>corpus</strong></span> <span class='ocrx_word' id='word_1_750' title='bbox 2922 4319 3064 4387; x_wconf 89' lang='lat' dir='ltr'><strong>quod</strong></span> <span class='ocrx_word' id='word_1_751' title='bbox 3114 4319 3168 4373; x_wconf 92' lang='lat' dir='ltr'><strong>in</strong></span> <span class='ocrx_word' id='word_1_752' title='bbox 3221 4334 3383 4374; x_wconf 90' lang='lat' dir='ltr'><strong>cruce</strong></span> <span class='ocrx_word' id='word_1_753' title='bbox 3420 4312 3630 4385; x_wconf 84' lang='lat' dir='ltr'><strong>deposuit</strong></span> <span class='ocrx_word' id='word_1_754' title='bbox 3659 4320 3724 4377; x_wconf 79' lang='lat' dir='ltr'><strong>pro</strong></span> 
     </span>
    </p>
   </div>
   <div class='ocr_carea' id='block_1_102' title="bbox 2222 4399 3724 4480">
    <p class='ocr_par' dir='ltr' id='par_1_102' title="bbox 2222 4399 3724 4480">
     <span class='ocr_line' id='line_1_102' title="bbox 2222 4399 3724 4480; baseline -0.009 -14"><span class='ocrx_word' id='word_1_755' title='bbox 2222 4420 2407 4466; x_wconf 87' lang='lat' dir='ltr'><strong>nostra</strong></span> <span class='ocrx_word' id='word_1_756' title='bbox 2459 4408 2629 4465; x_wconf 86' lang='lat' dir='ltr'><strong>salute</strong></span> <span class='ocrx_word' id='word_1_757' title='bbox 2676 4418 2730 4464; x_wconf 88' lang='lat' dir='ltr'><strong>et</strong></span> <span class='ocrx_word' id='word_1_758' title='bbox 2768 4409 3137 4480; x_wconf 85' lang='lat' dir='ltr'><strong>redemptione</strong></span> <span class='ocrx_word' id='word_1_759' title='bbox 3188 4420 3273 4465; x_wconf 86' lang='lat' dir='ltr'><strong>est</strong></span> <span class='ocrx_word' id='word_1_760' title='bbox 3325 4407 3645 4464; x_wconf 83' lang='lat' dir='ltr'><strong>immolatum,</strong></span> <span class='ocrx_word' id='word_1_761' title='bbox 3677 4399 3724 4449; x_wconf 75' lang='lat' dir='ltr'><strong>it!</strong></span> 
     </span>
    </p>
   </div>
   <div class='ocr_carea' id='block_1_103' title="bbox 2222 4488 3726 4574">
    <p class='ocr_par' dir='ltr' id='par_1_103' title="bbox 2222 4488 3726 4574">
     <span class='ocr_line' id='line_1_103' title="bbox 2222 4488 3726 4574; baseline -0.008 -18"><span class='ocrx_word' id='word_1_762' title='bbox 2222 4500 2461 4574; x_wconf 90' lang='lat' dir='ltr'><strong>quotidie</strong></span> <span class='ocrx_word' id='word_1_763' title='bbox 2502 4503 2569 4556; x_wconf 90' lang='lat' dir='ltr'><strong>ad</strong></span> <span class='ocrx_word' id='word_1_764' title='bbox 2605 4508 2849 4557; x_wconf 86' lang='lat' dir='ltr'><strong>nostram</strong></span> <span class='ocrx_word' id='word_1_765' title='bbox 2895 4500 3122 4555; x_wconf 88' lang='lat' dir='ltr'><strong>salutem</strong></span> <span class='ocrx_word' id='word_1_766' title='bbox 3158 4507 3212 4554; x_wconf 91' lang='lat' dir='ltr'><strong>et</strong></span> <span class='ocrx_word' id='word_1_767' title='bbox 3251 4488 3726 4569; x_wconf 73' lang='lat' dir='ltr'><strong>rcdemptionemisle</strong></span> 
     </span>
    </p>
   </div>
   <div class='ocr_carea' id='block_1_104' title="bbox 2222 4590 3724 4665">
    <p class='ocr_par' dir='ltr' id='par_1_104' title="bbox 2222 4590 3724 4665">
     <span class='ocr_line' id='line_1_104' title="bbox 2222 4590 3724 4665; baseline -0.009 -16"><span class='ocrx_word' id='word_1_768' title='bbox 2222 4594 2377 4665; x_wconf 86' lang='lat' dir='ltr'><strong>panis</strong></span> <span class='ocrx_word' id='word_1_769' title='bbox 2409 4592 2519 4649; x_wconf 90' lang='lat' dir='ltr'><strong>Deo</strong></span> <span class='ocrx_word' id='word_1_770' title='bbox 2546 4590 2792 4658; x_wconf 82' lang='lat' dir='ltr'><strong>offertur,</strong></span> <span class='ocrx_word' id='word_1_771' title='bbox 2831 4593 2921 4663; x_wconf 90' lang='lat' dir='ltr'><strong>qui</strong></span> <span class='ocrx_word' id='word_1_772' title='bbox 2951 4591 3078 4645; x_wconf 89' lang='lat' dir='ltr'><strong>licet</strong></span> <span class='ocrx_word' id='word_1_773' title='bbox 3112 4593 3270 4662; x_wconf 90' lang='lat' dir='ltr'><strong>panis</strong></span> <span class='ocrx_word' id='word_1_774' title='bbox 3309 4592 3556 4651; x_wconf 82' lang='lat' dir='ltr'><strong>videatur,</strong></span> <span class='ocrx_word' id='word_1_775' title='bbox 3585 4590 3724 4647; x_wconf 77' lang='lat' dir='ltr'><strong>corpus</strong></span> 
     </span>
    </p>
   </div>
   <div class='ocr_carea' id='block_1_105' title="bbox 2222 4678 3722 4749">
    <p class='ocr_par' dir='ltr' id='par_1_105' title="bbox 2222 4678 3722 4749">
     <span class='ocr_line' id='line_1_105' title="bbox 2222 4678 3722 4749; baseline -0.011 -9"><span class='ocrx_word' id='word_1_776' title='bbox 2222 4692 2305 4740; x_wconf 89' lang='lat' dir='ltr'><strong>cst</strong></span> <span class='ocrx_word' id='word_1_777' title='bbox 2357 4683 2580 4749; x_wconf 90' lang='lat' dir='ltr'><strong>Christi,</strong></span> <span class='ocrx_word' id='word_1_778' title='bbox 2636 4681 2895 4737; x_wconf 88' lang='lat' dir='ltr'><strong>Dominus</strong></span> <span class='ocrx_word' id='word_1_779' title='bbox 2941 4682 3087 4735; x_wconf 83' lang='lat' dir='ltr'><strong>enim</strong></span> <span class='ocrx_word' id='word_1_780' title='bbox 3133 4690 3187 4735; x_wconf 89' lang='lat' dir='ltr'><strong>et</strong></span> <span class='ocrx_word' id='word_1_781' title='bbox 3231 4681 3541 4749; x_wconf 82' lang='lat' dir='ltr'><strong>Redemptor</strong></span> <span class='ocrx_word' id='word_1_782' title='bbox 3577 4678 3722 4727; x_wconf 64' lang='lat' dir='ltr'><strong>noster.</strong></span> 
     </span>
    </p>
   </div>
   <div class='ocr_carea' id='block_1_106' title="bbox 2223 4761 3723 4844">
    <p class='ocr_par' dir='ltr' id='par_1_106' title="bbox 2223 4761 3723 4844">
     <span class='ocr_line' id='line_1_106' title="bbox 2223 4761 3723 4844; baseline -0.011 -12"><span class='ocrx_word' id='word_1_783' title='bbox 2223 4775 2507 4832; x_wconf 87' lang='lat' dir='ltr'><strong>consulens</strong></span> <span class='ocrx_word' id='word_1_784' title='bbox 2546 4783 2750 4830; x_wconf 64' lang='lat' dir='ltr'><strong>nostra:</strong></span> <span class='ocrx_word' id='word_1_785' title='bbox 2782 4772 3055 4844; x_wconf 82' lang='lat' dir='ltr'><strong>fragilitati</strong></span> <span class='ocrx_word' id='word_1_786' title='bbox 3077 4815 3090 4837; x_wconf 95' lang='lat'><strong>,</strong></span> <span class='ocrx_word' id='word_1_787' title='bbox 3116 4773 3241 4844; x_wconf 86' lang='lat' dir='ltr'><strong>quia</strong></span> <span class='ocrx_word' id='word_1_788' title='bbox 3273 4770 3512 4842; x_wconf 83' lang='lat' dir='ltr'><strong>cognovit</strong></span> <span class='ocrx_word' id='word_1_789' title='bbox 3544 4778 3624 4819; x_wconf 83' lang='lat' dir='ltr'><strong>nos</strong></span> <span class='ocrx_word' id='word_1_790' title='bbox 3651 4761 3723 4810; x_wconf 71' lang='grc' dir='ltr'><strong>[η-</strong></span> 
     </span>
    </p>
   </div>
   <div class='ocr_carea' id='block_1_107' title="bbox 2223 4861 3722 4940">
    <p class='ocr_par' dir='ltr' id='par_1_107' title="bbox 2223 4861 3722 4940">
     <span class='ocr_line' id='line_1_107' title="bbox 2223 4861 3722 4940; baseline -0.01 -17"><span class='ocrx_word' id='word_1_791' title='bbox 2223 4868 2355 4940; x_wconf 86' lang='lat' dir='ltr'><strong>gilcs</strong></span> <span class='ocrx_word' id='word_1_792' title='bbox 2400 4882 2521 4923; x_wconf 86' lang='lat' dir='ltr'><strong>esse</strong></span> <span class='ocrx_word' id='word_1_793' title='bbox 2565 4868 2633 4922; x_wconf 89' lang='lat' dir='ltr'><strong>ad</strong></span> <span class='ocrx_word' id='word_1_794' title='bbox 2678 4866 3042 4937; x_wconf 82' lang='lat' dir='ltr'><strong>peccandum,</strong></span> <span class='ocrx_word' id='word_1_795' title='bbox 3070 4865 3291 4921; x_wconf 89' lang='lat' dir='ltr'><strong>tradidit</strong></span> <span class='ocrx_word' id='word_1_796' title='bbox 3316 4863 3463 4920; x_wconf 62' lang='lat' dir='ltr'><strong>nolis</strong></span> <span class='ocrx_word' id='word_1_797' title='bbox 3493 4861 3580 4915; x_wconf 89' lang='lat' dir='ltr'><strong>hoc</strong></span> <span class='ocrx_word' id='word_1_798' title='bbox 3598 4864 3722 4909; x_wconf 73' lang='lat' dir='ltr'><strong>sacra-</strong></span> 
     </span>
    </p>
   </div>
   <div class='ocr_carea' id='block_1_108' title="bbox 2224 4953 3725 5032">
    <p class='ocr_par' dir='ltr' id='par_1_108' title="bbox 2224 4953 3725 5032">
     <span class='ocr_line' id='line_1_108' title="bbox 2224 4953 3725 5032; baseline -0.009 -13"><span class='ocrx_word' id='word_1_799' title='bbox 2224 4971 2490 5028; x_wconf 88' lang='lat' dir='ltr'><strong>mentum,</strong></span> <span class='ocrx_word' id='word_1_800' title='bbox 2519 4970 2578 5016; x_wconf 90' lang='lat' dir='ltr'><strong>ut</strong></span> <span class='ocrx_word' id='word_1_801' title='bbox 2605 4962 2731 5032; x_wconf 90' lang='lat' dir='ltr'><strong>quia</strong></span> <span class='ocrx_word' id='word_1_802' title='bbox 2765 4961 2881 5031; x_wconf 90' lang='lat' dir='ltr'><strong>ipse</strong></span> <span class='ocrx_word' id='word_1_803' title='bbox 2903 4960 3013 5031; x_wconf 89' lang='lat' dir='ltr'><strong>jam</strong></span> <span class='ocrx_word' id='word_1_804' title='bbox 3045 4974 3150 5014; x_wconf 86' lang='lat' dir='ltr'><strong>non</strong></span> <span class='ocrx_word' id='word_1_805' title='bbox 3192 4966 3372 5028; x_wconf 86' lang='lat' dir='ltr'><strong>potest</strong></span> <span class='ocrx_word' id='word_1_806' title='bbox 3415 4953 3569 5016; x_wconf 90' lang='lat' dir='ltr'><strong>mori,</strong></span> <span class='ocrx_word' id='word_1_807' title='bbox 3599 4955 3640 5000; x_wconf 79' lang='lat' dir='ltr'><strong>el</strong></span> <span class='ocrx_word' id='word_1_808' title='bbox 3661 4955 3725 4996; x_wconf 75' lang='lat'><strong>&quot;05</strong></span> 
     </span>
    </p>
   </div>
   <div class='ocr_carea' id='block_1_109' title="bbox 2224 5044 3724 5130">
    <p class='ocr_par' dir='ltr' id='par_1_109' title="bbox 2224 5044 3724 5130">
     <span class='ocr_line' id='line_1_109' title="bbox 2224 5044 3724 5130; baseline -0.007 -21"><span class='ocrx_word' id='word_1_809' title='bbox 2224 5055 2466 5130; x_wconf 88' lang='lat' dir='ltr'><strong>quotidie</strong></span> <span class='ocrx_word' id='word_1_810' title='bbox 2490 5070 2799 5127; x_wconf 89' lang='lat' dir='ltr'><strong>peccamus,</strong></span> <span class='ocrx_word' id='word_1_811' title='bbox 2825 5054 3120 5109; x_wconf 87' lang='lat' dir='ltr'><strong>habeamus</strong></span> <span class='ocrx_word' id='word_1_812' title='bbox 3139 5067 3324 5107; x_wconf 80' lang='lat' dir='ltr'><strong>verum</strong></span> <span class='ocrx_word' id='word_1_813' title='bbox 3350 5044 3634 5130; x_wconf 81' lang='lat' dir='ltr'><strong>sacriﬁcium</strong></span> 
     </span>
    </p>
   </div>
   <div class='ocr_carea' id='block_1_110' title="bbox 2227 5126 3725 5218">
    <p class='ocr_par' dir='ltr' id='par_1_110' title="bbox 2227 5126 3725 5218">
     <span class='ocr_line' id='line_1_110' title="bbox 2227 5126 3725 5218; baseline -0.015 -16"><span class='ocrx_word' id='word_1_814' title='bbox 2227 5126 2503 5218; x_wconf 81' lang='lat' dir='ltr'><strong>possimus</strong></span> <span class='ocrx_word' id='word_1_815' title='bbox 2522 5143 2747 5215; x_wconf 81' lang='lat' dir='ltr'><strong>expiari.</strong></span> <span class='ocrx_word' id='word_1_816' title='bbox 2779 5142 3012 5213; x_wconf 85' lang='lat' dir='ltr'><strong>Ideoque</strong></span> <span class='ocrx_word' id='word_1_817' title='bbox 3039 5141 3164 5211; x_wconf 86' lang='lat' dir='ltr'><strong>quia</strong></span> <span class='ocrx_word' id='word_1_818' title='bbox 3195 5156 3358 5196; x_wconf 89' lang='lat' dir='ltr'><strong>unum</strong></span> <span class='ocrx_word' id='word_1_819' title='bbox 3381 5149 3558 5207; x_wconf 86' lang='lat' dir='ltr'><strong>corpus</strong></span> <span class='ocrx_word' id='word_1_820' title='bbox 3580 5126 3725 5183; x_wconf 67' lang='lat' dir='ltr'><strong>faciunt</strong></span> 
     </span>
    </p>
   </div>
   <div class='ocr_carea' id='block_1_111' title="bbox 2144 5218 3724 5310">
    <p class='ocr_par' dir='ltr' id='par_1_111' title="bbox 2144 5218 3724 5310">
     <span class='ocr_line' id='line_1_111' title="bbox 2144 5218 3724 5310; baseline -0.022 -12"><span class='ocrx_word' id='word_1_821' title='bbox 2144 5286 2155 5294; x_wconf 97' lang='lat'><strong>.</strong></span> <span class='ocrx_word' id='word_1_822' title='bbox 2226 5249 2281 5294; x_wconf 88' lang='lat' dir='ltr'><strong>et</strong></span> <span class='ocrx_word' id='word_1_823' title='bbox 2308 5253 2408 5310; x_wconf 92' lang='lat' dir='ltr'><strong>pro</strong></span> <span class='ocrx_word' id='word_1_824' title='bbox 2437 5244 2617 5291; x_wconf 75' lang='lat' dir='ltr'><strong>nostra</strong></span> <span class='ocrx_word' id='word_1_825' title='bbox 2648 5234 3015 5303; x_wconf 89' lang='lat' dir='ltr'><strong>redemptione</strong></span> <span class='ocrx_word' id='word_1_826' title='bbox 3043 5231 3360 5294; x_wconf 72' lang='lat' dir='ltr'><strong>offeruntur,</strong></span> <span class='ocrx_word' id='word_1_827' title='bbox 3388 5228 3511 5283; x_wconf 58' lang='lat' dir='ltr'><strong>dixit</strong></span> <span class='ocrx_word' id='word_1_828' title='bbox 3534 5242 3545 5277; x_wconf 92' lang='lat'><strong>:</strong></span> <span class='ocrx_word' id='word_1_829' title='bbox 3570 5218 3724 5310; x_wconf 54' lang='lat' dir='ltr'><strong>Hor-“(st</strong></span> 
     </span>
    </p>
   </div>
   <div class='ocr_carea' id='block_1_112' title="bbox 2229 5303 3724 5402">
    <p class='ocr_par' dir='ltr' id='par_1_112' title="bbox 2229 5303 3724 5402">
     <span class='ocr_line' id='line_1_112' title="bbox 2229 5303 3724 5402; baseline -0.017 -16"><span class='ocrx_word' id='word_1_830' title='bbox 2229 5347 2415 5402; x_wconf 79' lang='lat' dir='ltr'><strong>corpus</strong></span> <span class='ocrx_word' id='word_1_831' title='bbox 2438 5345 2607 5382; x_wconf 84' lang='lat' dir='ltr'><strong>meum</strong></span> <span class='ocrx_word' id='word_1_832' title='bbox 2629 5327 2768 5396; x_wconf 81' lang='lat' dir='ltr'><strong>quod</strong></span> <span class='ocrx_word' id='word_1_833' title='bbox 2791 5342 2884 5396; x_wconf 81' lang='lat' dir='ltr'><strong>pro</strong></span> <span class='ocrx_word' id='word_1_834' title='bbox 2908 5324 3049 5379; x_wconf 68' lang='lat' dir='ltr'><strong>vobis</strong></span> <span class='ocrx_word' id='word_1_835' title='bbox 3073 5325 3327 5387; x_wconf 83' lang='lat' dir='ltr'><strong>tradetur,</strong></span> <span class='ocrx_word' id='word_1_836' title='bbox 3351 5329 3400 5376; x_wconf 89' lang='lat' dir='ltr'><strong>et</strong></span> <span class='ocrx_word' id='word_1_837' title='bbox 3425 5313 3599 5373; x_wconf 78' lang='lat' dir='ltr'><strong>addidit</strong></span> <span class='ocrx_word' id='word_1_838' title='bbox 3618 5326 3627 5361; x_wconf 91' lang='lat'><strong>:</strong></span> <span class='ocrx_word' id='word_1_839' title='bbox 3646 5303 3724 5359; x_wconf 61' lang='lat' dir='ltr'><strong>Hoc</strong></span> 
     </span>
    </p>
   </div>
   <div class='ocr_carea' id='block_1_113' title="bbox 2231 5410 3725 5493">
    <p class='ocr_par' dir='ltr' id='par_1_113' title="bbox 2231 5410 3725 5493">
     <span class='ocr_line' id='line_1_113' title="bbox 2231 5410 3725 5493; baseline -0.02 -17"><span class='ocrx_word' id='word_1_840' title='bbox 2231 5422 2404 5493; x_wconf 78' lang='lat' dir='ltr'><strong>facile.</strong></span> <span class='ocrx_word' id='word_1_841' title='bbox 2436 5419 2488 5475; x_wconf 88' lang='lat' dir='ltr'><strong>id</strong></span> <span class='ocrx_word' id='word_1_842' title='bbox 2525 5426 2608 5474; x_wconf 85' lang='lat' dir='ltr'><strong>est</strong></span> <span class='ocrx_word' id='word_1_843' title='bbox 2650 5431 2846 5487; x_wconf 88' lang='lat' dir='ltr'><strong>corpus</strong></span> <span class='ocrx_word' id='word_1_844' title='bbox 2879 5416 2981 5470; x_wconf 88' lang='lat' dir='ltr'><strong>hoc</strong></span> <span class='ocrx_word' id='word_1_845' title='bbox 3008 5415 3341 5470; x_wconf 84' lang='lat' dir='ltr'><strong>sanetiticate</strong></span> <span class='ocrx_word' id='word_1_846' title='bbox 3373 5413 3424 5466; x_wconf 85' lang='lat' dir='ltr'><strong>in</strong></span> <span class='ocrx_word' id='word_1_847' title='bbox 3452 5419 3594 5461; x_wconf 74' lang='lat' dir='ltr'><strong>meum</strong></span> <span class='ocrx_word' id='word_1_848' title='bbox 3628 5410 3725 5451; x_wconf 78' lang='lat' dir='ltr'><strong>com-</strong></span> 
     </span>
    </p>
   </div>
   <div class='ocr_carea' id='block_1_114' title="bbox 2229 5495 3725 5576">
    <p class='ocr_par' dir='ltr' id='par_1_114' title="bbox 2229 5495 3725 5576">
     <span class='ocr_line' id='line_1_114' title="bbox 2229 5495 3725 5576; baseline -0.009 -10"><span class='ocrx_word' id='word_1_849' title='bbox 2229 5510 2655 5567; x_wconf 85' lang='lat' dir='ltr'><strong>memorationem</strong></span> <span class='ocrx_word' id='word_1_850' title='bbox 2677 5549 2692 5575; x_wconf 95' lang='lat'><strong>,</strong></span> <span class='ocrx_word' id='word_1_851' title='bbox 2734 5506 2979 5562; x_wconf 90' lang='lat' dir='ltr'><strong>videlicet</strong></span> <span class='ocrx_word' id='word_1_852' title='bbox 3025 5505 3293 5576; x_wconf 84' lang='lat' dir='ltr'><strong>passionis</strong></span> <span class='ocrx_word' id='word_1_853' title='bbox 3325 5516 3471 5565; x_wconf 69' lang='lat' dir='ltr'><strong>mem,</strong></span> <span class='ocrx_word' id='word_1_854' title='bbox 3498 5495 3725 5554; x_wconf 65' lang='grc' dir='ltr'><strong>νεειηιειιυε</strong></span> 
     </span>
    </p>
   </div>
   <div class='ocr_carea' id='block_1_115' title="bbox 2229 5588 3722 5672">
    <p class='ocr_par' dir='ltr' id='par_1_115' title="bbox 2229 5588 3722 5672">
     <span class='ocr_line' id='line_1_115' title="bbox 2229 5588 3722 5672; baseline -0.017 -13"><span class='ocrx_word' id='word_1_855' title='bbox 2229 5600 2644 5672; x_wconf 87' lang='lat' dir='ltr'><strong>redemptionis.</strong></span> <span class='ocrx_word' id='word_1_856' title='bbox 2695 5599 2821 5670; x_wconf 90' lang='lat' dir='ltr'><strong>quia</strong></span> <span class='ocrx_word' id='word_1_857' title='bbox 2852 5613 2952 5669; x_wconf 81' lang='lat' dir='ltr'><strong>ego</strong></span> <span class='ocrx_word' id='word_1_858' title='bbox 2988 5611 3083 5653; x_wconf 84' lang='lat' dir='ltr'><strong>vos</strong></span> <span class='ocrx_word' id='word_1_859' title='bbox 3123 5595 3325 5653; x_wconf 88' lang='lat' dir='ltr'><strong>redemi</strong></span> <span class='ocrx_word' id='word_1_860' title='bbox 3363 5588 3594 5658; x_wconf 82' lang='lat' dir='ltr'><strong>sanguine</strong></span> <span class='ocrx_word' id='word_1_861' title='bbox 3624 5588 3722 5634; x_wconf 78' lang='lat' dir='ltr'><strong>meo-</strong></span> 
     </span>
    </p>
   </div>
   <div class='ocr_carea' id='block_1_116' title="bbox 2229 5674 3722 5767">
    <p class='ocr_par' dir='ltr' id='par_1_116' title="bbox 2229 5674 3722 5767">
     <span class='ocr_line' id='line_1_116' title="bbox 2229 5674 3722 5767; baseline -0.019 -14"><span class='ocrx_word' id='word_1_862' title='bbox 2229 5696 2558 5767; x_wconf 84' lang='lat' dir='ltr'><strong>Belinquens</strong></span> <span class='ocrx_word' id='word_1_863' title='bbox 2586 5695 2842 5750; x_wconf 86' lang='lat' dir='ltr'><strong>Dominus</strong></span> <span class='ocrx_word' id='word_1_864' title='bbox 2887 5693 2991 5748; x_wconf 88' lang='lat' dir='ltr'><strong>hoc</strong></span> <span class='ocrx_word' id='word_1_865' title='bbox 3031 5698 3423 5747; x_wconf 83' lang='lat' dir='ltr'><strong>sacramentum</strong></span> <span class='ocrx_word' id='word_1_866' title='bbox 3460 5674 3722 5767; x_wconf 63' lang='lat' dir='ltr'><strong>salutiferunt</strong></span> 
     </span>
    </p>
   </div>
   <div class='ocr_carea' id='block_1_117' title="bbox 2227 5763 3721 5855">
    <p class='ocr_par' dir='ltr' id='par_1_117' title="bbox 2227 5763 3721 5855">
     <span class='ocr_line' id='line_1_117' title="bbox 2227 5763 3721 5855; baseline -0.021 -9"><span class='ocrx_word' id='word_1_867' title='bbox 2227 5763 2479 5846; x_wconf 77' lang='lat' dir='ltr'><strong>omnibus</strong></span> <span class='ocrx_word' id='word_1_868' title='bbox 2525 5787 2861 5852; x_wconf 76' lang='lat' dir='ltr'><strong>infidelibus,</strong></span> <span class='ocrx_word' id='word_1_869' title='bbox 2902 5792 2964 5840; x_wconf 93' lang='lat' dir='ltr'><strong>ut</strong></span> <span class='ocrx_word' id='word_1_870' title='bbox 2998 5782 3125 5840; x_wconf 77' lang='lat' dir='ltr'><strong>illud</strong></span> <span class='ocrx_word' id='word_1_871' title='bbox 3177 5782 3415 5851; x_wconf 64' lang='lat' dir='ltr'><strong>infigeret</strong></span> <span class='ocrx_word' id='word_1_872' title='bbox 3448 5768 3657 5831; x_wconf 86' lang='lat' dir='ltr'><strong>cordibus</strong></span> <span class='ocrx_word' id='word_1_873' title='bbox 3677 5763 3721 5855; x_wconf 54' lang='lat' dir='ltr'><strong>fl</strong></span> 
     </span>
    </p>
   </div>
   <div class='ocr_carea' id='block_1_118' title="bbox 2229 5852 3719 5947">
    <p class='ocr_par' dir='ltr' id='par_1_118' title="bbox 2229 5852 3719 5947">
     <span class='ocr_line' id='line_1_118' title="bbox 2229 5852 3719 5947; baseline -0.017 -12"><span class='ocrx_word' id='word_1_874' title='bbox 2229 5878 2506 5935; x_wconf 67' lang='lat' dir='ltr'><strong>memoritc</strong></span> <span class='ocrx_word' id='word_1_875' title='bbox 2543 5892 2761 5947; x_wconf 85' lang='lat' dir='ltr'><strong>eorum,</strong></span> <span class='ocrx_word' id='word_1_876' title='bbox 2811 5889 2960 5931; x_wconf 78' lang='lat' dir='ltr'><strong>more</strong></span> <span class='ocrx_word' id='word_1_877' title='bbox 2994 5874 3355 5944; x_wconf 72' lang='lat' dir='ltr'><strong>cujuscunque</strong></span> <span class='ocrx_word' id='word_1_878' title='bbox 3394 5859 3595 5922; x_wconf 79' lang='lat' dir='ltr'><strong>hominis</strong></span> <span class='ocrx_word' id='word_1_879' title='bbox 3625 5852 3719 5919; x_wconf 56' lang='lat' dir='ltr'><strong>es&quot;,</strong></span> 
     </span>
    </p>
   </div>
  </div>
