3936 6484
250 443 356 504 573

936 442 1304 502 EXPOSlTlO
1343 442 1413 498 IN
1452 441 1601 499 EPP.
1644 439 1703 496 S.
1752 436 1979 496 PAULI.
2014 469 2086 480 -
2120 438 2191 495 IN
2231 438 2450 498 EPIST.
2486 440 2511 496 l
2547 440 2640 498 AD
2678 434 2839 505 COR.

3421 434 3529 500 5'74

249 564 342 634 qni
384 564 827 635 appropinquans
865 562 1029 619 morti
1059 561 1275 631 aliquod
1299 574 1496 615 munus
1537 557 1834 629 pretiosum
1861 558 1913 619 Α
1940 553 2198 610 traditum
2226 563 2311 612 est
2344 571 2376 611 a
2410 556 2907 625 sanctis'Patrihus,
2937 556 3024 614 vel
3053 556 3143 628 qui
3175 556 3379 621 nullam
3422 557 3528 612 dif-

249 654 478 711 dimittit
518 654 679 710 alicui
719 655 924 722 amico,
972 653 1200 709 dicens:
1234 650 1383 706 Habe
1409 652 1512 706 hoc
1539 664 1663 705 cum
1689 646 1837 704 omni

247 746 726 820 diligentia‘penes
752 754 802 802 te
826 746 882 801 in
910 743 1226 801 memoriam
1257 743 1382 809 mei,
1405 750 1467 797 ut
1496 740 1841 813 quotiescun-

248 853 355 910 que
378 837 509 894 illud
546 838 767 903 videris,
789 833 1093 893 recorderis
1113 833 1248 892 mei.
1276 832 1378 901 Qui
1408 832 1616 888 amicus
1643 831 1840 888 admit-

248 937 374 985 tens
409 943 606 984 munus
643 928 775 984 illud
807 927 969 983 amici
1004 926 1090 984 sui
1136 924 1463 991 charissimi,
1495 925 1542 981 si
1568 939 1694 981 eum
1724 930 1838 979 toto

246 1023 414 1077 corde
443 1021 654 1088 dilexit,
685 1035 792 1076 non
816 1027 999 1092 potest
1020 1034 1129 1077 non
1152 1018 1447 1076 condolere
1475 1018 1525 1073 ei
1550 1025 1607 1073 et
1630 1015 1837 1073 tristari

240 1111 316 1168 de
337 1121 513 1169 morte
540 1114 715 1177 amici,
754 1104 1182 1184 quotiescunque
1210 1126 1408 1168 munus
1428 1110 1532 1167 sibi
1555 1108 1838 1165 dimissum

246 1206 537 1277 conspicit.
571 1204 833 1263 Similiter
857 1206 1407 1277 nos-quotiescunque
1430 1202 1745 1259 accedimus
1769 1200 1837 1256 ad

240 1292 709 1365 "consecrandum,
735 1283 823 1353 vel
845 1296 1252 1369 percipiendum
1278 1290 1680 1351 Sacramentum
1718 1307 1840 1347 mu-

240 1386 399 1441 neris
455 1386 644 1441 aeterni
669 1425 687 1454 ,
739 1387 883 1458 quod
935 1387 1092 1442 nobis
1150 1385 1411 1442 Dominus
1464 1398 1727 1455 passurus
1779 1381 1837 1437 in

238 1477 567 1534 memoriam
617 1478 700 1534 sui
738 1478 944 1535 dimisit
981 1478 1273 1535 tenendum
1296 1516 1312 1541 ,
1370 1489 1492 1531 cum
1544 1474 1735 1530 timore
1779 1482 1836 1529 et

242 1572 669 1641 cumpunctione
714 1572 930 1639 cordis,
958 1573 1216 1642 omnique
1244 1568 1551 1626 reverentia
1578 1566 1844 1623 debemus

243 1660 529 1727 accedere,
563 1661 866 1717 recolentes
899 1669 1104 1732 quanto
1138 1671 1326 1717 amore
1340 1658 1539 1715 dilexit
1580 1672 1700 1725 nos,
1741 1655 1836 1728 qui

237 1759 358 1822 pro
371 1752 531 1808 nabis
555 1742 791 1822 seipsum
813 1744 1092 1809 obtulit‘ut
1112 1743 1212 1808 nos
1239 1748 1551 1808 redimeret.

1938 645 2226 703 ferentiam
2263 647 2437 703 credit
2469 646 2612 703 inter
2636 647 2765 703 illud
2803 663 3003 718 corpus
3045 647 3271 712 Christi,
3309 656 3363 703 et
3394 646 3524 702 reli-

1938 750 2077 807 quos
2113 737 2283 803 cibos,
2323 736 2409 791 vel
2443 737 2536 808 qui
2561 738 2902 808 gravioribus
2930 738 3248 793 criminibus
3281 751 3524 794 comma-

1938 830 2149 887 culatus
2176 830 2456 900 praesumit
2495 828 2627 887 illud
2656 844 2892 886 sumere.
2931 829 3034 898 Qui
3067 830 3269 895 taliter,
3299 839 3359 884 ut
3387 829 3527 884 dixi-

1937 938 2081 988 mus,
2100 921 2233 976 illud
2261 921 2500 977 comedit
2516 928 2573 977 ct
2589 921 2729 977 bibit
2755 922 2995 995 indigne,
3026 923 3155 980 illud
3175 922 3361 986 sumit,
3378 921 3527 976 ideo-

1937 1028 2044 1084 que
2069 1026 2260 1084 poenas
2305 1011 2434 1068 inde
2466 1011 2730 1068 exsolvet.
2759 1012 3052 1082 Apostolus
3091 1014 3256 1085 igitur
3302 1012 3527 1083 exponit

1936 1107 2210 1178 quomodo
2235 1105 2500 1163 debemus
2524 1105 2653 1162 illud
2674 1106 2977 1177 percipere.

1958 1238 1961 1241 λ
2006 1196 2198 1252 Probet
2219 1206 2393 1251 autem
2415 1198 2638 1268 seipsum
2661 1198 2836 1264 homo,
2859 1207 2908 1253 et
2921 1199 2997 1253 sic
3017 1199 3081 1253 de
3098 1186 3232 1266 pane
3258 1197 3351 1252 illo
3378 1199 3524 1265 edat,

1934 1286 1991 1345 id
2017 1288 2179 1344 estde
2206 1302 2439 1363 corpore
2461 1288 2699 1355 Domini,
2729 1297 2776 1343 et
2802 1289 2867 1357 de
2894 1288 3058 1344 calice
3086 1289 3247 1358 bibat,
3275 1289 3328 1343 id
3349 1297 3432 1344 est
3458 1290 3526 1345 de

1935 1378 2196 1449 sanguine
2224 1377 2459 1433 Domini
2486 1366 2681 1435 Probet
2719 1396 2793 1446 se,
2824 1380 2877 1435 id
2914 1389 3000 1436 est
3037 1379 3297 1436 discutiat
3342 1396 3424 1448 se,
3469 1389 3527 1437 et

1934 1484 2119 1532 utrum
2145 1476 2339 1548 dignus
2366 1477 2439 1534 sit
2454 1489 2654 1545 necne,
2675 1485 2732 1533 et
2756 1477 3090 1549 probabilem
3113 1494 3174 1535 se
3211 1478 3426 1543 reddat,
3453 1493 3523 1534 ne

1934 1565 2079 1624 forte
2106 1568 2251 1624 unde
2280 1568 2370 1624 alii
2391 1578 2616 1626 sumunt
2636 1571 2937 1626 remedium
2981 1572 3215 1641 accipiat
3244 1571 3334 1626 ille
3373 1569 3526 1640 judi-

1933 1656 2079 1713 cium
2104 1665 2160 1713 et
2177 1658 2603 1725 damnationem,
2626 1660 2850 1733 indigne
2870 1660 3001 1716 illud
3027 1661 3354 1732 percipiens,
3379 1662 3524 1718 sicut

1932 1744 2064 1804 fecit
2084 1744 2252 1802 Iudas
2277 1747 2543 1818 proditor.
2567 1747 2708 1804 Nam
2737 1765 2860 1805 cum
2884 1746 2975 1805 alii
3005 1751 3235 1831 apostoli
3259 1752 3526 1823 sumpsis-

319 1839 577 1898 Similiter
594 1853 641 1899 et
664 1843 901 1910 calicem,
917 1843 1178 1899 subaudis
1197 1842 1421 1899 tradidit
1438 1841 1536 1908 eis,
1556 1848 1837 1913 postquam
1862 1910 1885 1913 _
1936 1838 2198 1896 sentillud
2213 1839 2452 1897 terribile
2463 1844 2867 1897 Sacramentum
2881 1842 2957 1897 ad
2967 1843 3266 1901 remedium
3296 1851 3352 1905 et
3378 1843 3527 1905 salu:-

239 1932 483 1999 caenavit,
517 1932 695 1988 dicens
719 1947 738 1986 :
770 1932 872 1987 Hic
901 1932 1045 1988 calix
1085 1933 1298 1988 Novum
1341 1910 1729 1987 Testamentum
1754 1938 1831 1984 est
1934 1935 2042 1982 tem
2057 1928 2329 1995 suam,ille
2342 1930 2703 2002 quiindignus
2717 1941 3011 1989 erattanto
3024 1932 3529 2005 mysterio,accepit

232 2022 305 2076 in
342 2036 457 2077 meo
502 2024 791 2094 sanguine,
816 2022 1012 2093 aid-est
1055 2022 1196 2079 calix
1241 2020 1596 2094 quemvobis
1644 2018 1827 2083 trado,

237 2114 455 2171 Novum
486 2115 894 2172 Testamentum
926 2116 1218 2189 signiﬁcat,
1244 2123 1303 2171 ut
1328 2110 1645 2185 Fulgentius
1677 2111 1835 2178 dicit,

236 2208 331 2265 vel
349 2209 556 2266 Novum
583 2210 989 2267 Testamentum
1012 2211 1298 2267 conﬁrmat
1320 2210 1376 2265 in
1400 2211 1523 2265 meo
1542 2208 1827 2280 sanguine,

234 2301 360 2357 sive
384 2316 482 2373 per
506 2317 689 2361 meum
717 2303 1058 2375 sanguinem.
1081 2300 1315 2359 Calicem
1335 2294 1472 2357 Novi
1493 2299 1828 2356 Testamenti

233 2392 375 2449 dieit
396 2393 463 2449 a’d
484 2382 887 2449 distinctionem
918 2383 1131 2451 Veteris
1154 2392 1506 2460 Testamenti,
1523 2392 1669 2463 quod
1695 2405 1824 2447 eon-

235 2480 521 2538 limatum
550 2493 635 2539 est
661 2483 926 2555 sanguine
948 2483 1225 2540 hircorum
1259 2490 1315 2539 et
1345 2492 1647 2549 taurorum,
1689 2480 1830 2538 sicut

228 2570 479 2628 habetur
498 2571 554 2626 in
583 2571 789 2639 Exodo,
820 2572 1032 2628 dicente
1052 2572 1235 2646 Moyse
1254 2572 1320 2628 ad
1340 2571 1594 2644 populum
1615 2570 1831 2643 quando

231 2660 459 2733 collegit
482 2663 800 2734 sanguinem
828 2663 1103 2721 hircorum
1134 2667 1189 2721 in
1215 2664 1386 2722 calice
1410 2664 1496 2720 vel
1524 2671 1741 2735 patena,
1771 2669 1831 2720 et

232 2754 495 2823 aspersit
517 2749 1092 2827 eumdem'i'populu‘m.
1125 2756 1225 2814 llic
1250 2763 1335 2815 est
1368 2756 1588 2829 sanguis
1632 2754 1829 2812 Testa-

229 2840 414 2900 menti
444 2838 597 2918 quod
617 2845 897 2903 mandavit
931 2848 1002 2903 ad
1044 2862 1143 2904 vos
1176 2847 1468 2913 Dominus,
1498 2845 1553 2901 id
1577 2853 1664 2902 est
1687 2861 1702 2901 :
1727 2844 1830 2902 Hic

231 2938 464 3011 sanguis
490 2946 575 2995 est
608 2939 763 2995 testis
788 2940 1073 2996 verborum
1100 2934 1600 3011 et'promissionu‘m
1624 2939 1721 2995 Dei
1757 2938 1827 2994 ad

226 3044 358 3096 vos,
385 3037 441 3086 et
469 3030 625 3087 testis
650 3029 940 3086 verborum
970 3026 1278 3089 Vestrorum
1318 3032 1462 3103 quod
1498 3031 1827 3103 promisistis

229 3137 363 3179 esse
381 3132 480 3179 vos
500 3116 821 3181 eb’edientes
847 3123 947 3179 illi.
987 3123 1248 3181 Similiter
1272 3124 1481 3180 Novum
1509 3124 1827 3180 Testamen-

229 3225 380 3283 tum,
417 3216 471 3271 id
497 3215 974 3289 estEvangelinm,
1009 3217 1098 3273 ubi
1127 3218 1476 3280 continentur
1509 3215 1827 3286 promissio—

228 3319 341 3363 nes
368 3312 569 3361 nostris
608 3304 995 3376 redemptionis
1026 3314 1081 3362 et
1108 3305 1296 3377 patria:
1321 3303 1823 3371 cmlestisyco‘nﬁre

228 3404 449 3453 matum
489 3393 577 3451 est
605 3393 867 3468 sanguine
908 3395 1180 3467 passionis
1223 3395 1426 3453 Christi
1462 3395 1555 3466 qui
1585 3393 1827 3467 quotidie

227 3484 551 3542 celebratur
574 3485 631 3541 in
657 3485 919 3542 Ecclesia.
959 3485 1134 3543 Omne
1170 3483 1332 3542 enim"
1347 3494 1732 3543 testamentum
1770 3486 1824 3541 in

226 3585 418 3632 morte
462 3575 818 3633 conﬁrmatur
845 3576 1162 3635 testato'ris":
1194 3577 1339 3650 quod
1369 3587 1552 3634 autem
1587 3577 1823 3643 addidit,

228 3670 338 3725 hoc
368 3663 546 3739 facite,
577 3666 1057 3728 sive‘Sanetiﬁeate
1083 3673 1488 3743 quotiescunque
1515 3671 1747 3729 biberitis
1772 3673 1827 3728 in

227 3753 413 3816 meam
455 3754 1019 3829 commemorationem,
1072 3763 1214 3819 idem
1265 3764 1458 3820 sensus
1492 3769 1617 3829 ‘est,
1656 3771 1718 3818 ut
1759 3762 1827 3819 de

224 3865 471 3921 carpere
490 3867 654 3924 supra
679 3852 883 3908 dictum
911 3863 1015 3909 est.

226 3972 231 3979 ι
313 3942 733 4013 Quotiescunque
758 3943 913 3997 ‘enim‘
941 3941 1329 3999 manducabitis
1366 3959 1556 4015 panem
1582 3944 1743 4010 hunc,
1778 3953 1827 3998 et

229 4030 461 4088 calicem
502 4031 703 4098 bibetis,
744 4039 963 4086 mortem
994 4030 1211 4087 Domini
1250 4032 1630 4087 annuntiabitis
1664 4033 1828 4088 donec

226 4122 413 4180 veniat
442 4122 560 4192 ipse
585 4122 654 4176 ad
670 4121 954 4192 judicium.
985 4120 1206 4177 Duobus
1234 4122 1413 4185 modis
1441 4122 1827 4178 annu’ntiamus

231 4219 487 4272 mortemi
509 4211 720 4267 Domini
740 4211 857 4281 jam
882 4226 1004 4269 esse
1028 4210 1353 4268 celebratam
1380 4226 1480 4283 pro
1506 4216 1701 4271 nostra
1737 4219 1826 4267 re-

230 4300 552 4375 dem'ptione
586 4302 673 4359 vel
722 4303 897 4374 ipsum
944 4302 1263 4375 mysterium
1317 4302 1637 4359 celebrando
1660 4344 1677 4370 ,
1733 4305 1825 4361 ubi

229 4395 502 4451 iteramus
532 4394 839 4464 passionem
866 4392 1010 4449 illius
1031 4392 1113 4449 vel
1134 4393 1298 4449 etiam
1322 4394 1664 4465 praedicando
1684 4395 1825 4466 aliis,

233 4487 387 4557 quod
417 4492 709 4554 utrumque
740 4498 903 4556 agere
934 4485 1216 4551 debemus,
1246 4493 1304 4541 et
1329 4486 1591 4542 sumendo
1615 4497 1673 4544 et
1690 4504 1825 4559 pra:-

236 4575 497 4631 dicando.
523 4573 638 4631 Hoc
661 4590 877 4647 quoque
895 4575 1175 4632 sciendum
1197 4587 1300 4644 est,
1331 4577 1456 4648 quia
1487 4592 1617 4634 caro
1654 4580 1823 4635 nostri

237 4664 558 4723 Salvatoris
585 4665 896 4737 prousalute
931 4666 1102 4722 nostri
1151 4668 1422 4738 corporis,
1451 4668 1827 4739 sanguisvcro

234 4769 345 4827 pro
365 4754 545 4809 anima
566 4764 751 4810 nostra
777 4752 928 4811 fusus
949 4755 1205 4825 est,quia
1228 4757 1384 4813 sedes
1406 4757 1599 4814 anima:
1628 4758 1685 4813 in
1707 4772 1827 4815 san-

238 4847 407 4918 guine
455 4846 722 4902 consistit.
755 4844 815 4901 In
845 4845 1000 4916 cujus
1040 4847 1358 4903 memoriam
1394 4863 1591 4920 corpus
1618 4857 1672 4904 et
1701 4865 1826 4906 san-

238 4938 460 5007 guinem
514 4937 660 4993 illius
706 4938 1009 5005 sumimus,
1065 4940 1322 5009 quoniam
1376 4939 1493 5010 ipse
1538 4950 1599 4996 ut
1652 4948 1825 4998 totum

228 5028 515 5085 hominem
538 5026 777 5085 salvum
819 5028 1026 5085 faceret
1062 5037 1119 5085 et
1164 5030 1477 5103 redimeret,
1507 5033 1828 5105 sanguinem

237 5131 401 5176 suum
433 5116 586 5173 lundi
613 5117 876 5187 permisit.
1186 5147 1201 5153 ης
1420 5134 1425 5141 -

312 5206 501 5278 Itaque
526 5207 819 5278 quicunque
843 5208 1229 5268 manducauerit
1257 5227 1444 5281 panem
1474 5211 1636 5279 hunc,
1664 5223 1711 5268 et
1737 5213 1821 5269 bi-

242 5298 374 5357 berit
399 5296 637 5363 calicem,
671 5297 726 5352 id
748 5306 835 5354 est
863 5299 1180 5370 sanguinem
1229 5300 1441 5356 Domini
1490 5303 1725 5374 indigne,
1767 5305 1822 5363 id

230 5396 329 5446 est
353 5387 660 5458 quicunque
696 5388 1016 5460 sanguinem
1039 5396 1095 5444 ct
1113 5404 1310 5461 corpus
1334 5389 1546 5455 Domini
1577 5408 1821 5464 sumpse-

238 5480 315 5537 rit
343 5480 577 5552 indigne,
620 5481 867 5541 reusgerit
915 5483 1151 5553 corporis
1183 5493 1232 5538 et
1278 5485 1550 5556 sataguinis
1585 5484 1822 5556 Domini,

239 5569 298 5628 id
324 5580 410 5628 est
436 5584 626 5642 poenas
651 5572 1033 5635 attentas-inde
1060 5573 1324 5641 exsolvet,
1353 5575 1479 5632 nisi.
1502 5577 1824 5648 penitentia

239 5665 404 5739 digna
437 5665 545 5722 hoe
574 5664 1179 5738 expiaverit,'aliisque
1216 5669 1373 5726 bonis
1413 5670 1684 5740 operibus.
1724 5669 1822 5728 In-

1932 2015 2064 2072 il‘lud
2102 2017 2171 2072 ad
2199 2018 2605 2088 damnationem
2650 2037 2809 2078 suam
2847 2041 2865 2077 ε
2916 2024 3041 2094 quia
3076 2038 3239 2095 quem
3279 2023 3534 2079 diabolus

1932 2113 2058 2161 ante
2088 2108 2831 2183 tenehatperjsuggestioncm
2852 2123 2907 2168 et
2936 2114 3314 2179 tentationem,
3339 2123 3526 2184 postea

1929 2201 2112 2257 renuit
2137 2202 2207 2257 ad
2230 2203 2614 2280 possidendum
2644 2205 2877 2275 plenius,
2898 2215 2964 2264 ut
2990 2206 3127 2266 nihil
3155 2206 3303 2267 aliud
3328 2216 3521 2276 posset

1931 2294 2173 2364 cogitare
2202 2304 2297 2351 aut
2334 2295 2534 2363 lacere,
2574 2300 2681 2357 nisi
2732 2300 2873 2370 quod
2922 2301 3042 2372 eius
3088 2300 3343 2357 voluntas
3380 2310 3519 2356 erat.

1930 2382 2074 2440 Dicit
2107 2385 2256 2441 enim
2299 2388 2655 2459 evangelista,
2694 2389 2823 2460 quia
2863 2399 2984 2461 post
3012 2390 3312 2471 buccellam
3338 2391 3526 2448 statim

1929 2475 2177 2533 introivit
2221 2479 2276 2534 in
2318 2494 2444 2536 eum
2467 2490 2705 2546 satanas,
2741 2490 2799 2547 ut
2834 2483 3035 2539 malum
3075 2484 3219 2554 quod
3251 2483 3342 2541 illo
3365 2485 3526 2541 insti-

1926 2576 2093 2639 gante
2125 2577 2478 2639 tractaverat,
2505 2586 2571 2629 eo
2598 2575 2917 2631 concitante
2941 2575 3248 2646 perliceret.
3350 2646 3353 2649 Α

2003 2658 2108 2727 Qui
2136 2663 2274 2718 enim
2300 2664 2584 2721 manducet
2628 2675 2677 2721 et
2719 2667 2845 2722 bibit
2893 2668 3129 2739 indigne,
3178 2668 3322 2725 sicut
3362 2682 3527 2739 supra

1930 2752 2188 2819 diximus,
2220 2754 2628 2824 judicium-sibi
2665 2758 3034 2813 nmnducatet
3064 2758 3213 2824 bibit,
3253 2759 3306 2815 id
3340 2768 3426 2814 est
3456 2759 3527 2814 ad

1929 2841 2333 2898 damnationem
2356 2859 2510 2900 suam
2546 2844 2677 2901 illud
2706 2846 2897 2913 sumit,
2938 2863 3043 2902 non
3069 2847 3527 2919 diiudicem-cor-

1929 2948 2029 3003 pus
2076 2931 2312 2998 Domini,
2348 2932 2402 2989 id
2428 2942 2514 2990 est
2553 2949 2662 2991 non
2701 2935 3020 2993 discernens
3056 2951 3084 2991 a
3113 2936 3337 3007 reliquis
3364 2936 3525 2993 cibis.

1928 3023 2066 3079 Cum
2101 3022 2380 3099 timoreget
2406 3035 2643 3082 tremore
2685 3025 2947 3082 debemus
2990 3027 3256 3083 accedere
3290 3027 3357 3082 ad
3388 3025 3521 3083 illud

1929 3121 2334 3171 sacramentum
2379 3115 2638 3181 terribile,
2694 3125 2756 3172 ut
2799 3116 2938 3173 sciat
2976 3130 3132 3173 mens
3163 3116 3525 3173 reverentiam

1928 3220 1994 3263 se
2038 3206 2240 3263 debere
2271 3214 2531 3277 praestare
2571 3206 2620 3262 ei
2663 3206 2732 3262 ad
2771 3204 2924 3276 cujus
2957 3221 3155 3277 corpus
3200 3206 3523 3264 sumendum

1857 3262 1905 3332 θ
1934 3262 2166 3355 accedit.

1996 3389 2148 3455 Ideo,
2179 3389 2441 3447 subaudis
2468 3391 2595 3462 quia
2626 3390 3206 3464 indigneeprarsumitis
3240 3389 3520 3461 pereincre

1925 3481 2265 3541 salutiferum
2289 3491 2713 3554 sacramentum,
2747 3483 2948 3539 ideirco
2981 3490 3109 3538 sunt
3149 3481 3286 3536 inter
3331 3496 3441 3546 ros,
3484 3495 3520 3537 o

1925 3573 2212 3640 Corinthii,
2240 3573 2716 3643 nutlliiuﬁrmigid
2744 3582 2828 3630 est
2853 3573 3170 3645 languentes
3213 3583 3261 3636 et
3291 3571 3524 3630 imbecil-

1925 3666 2025 3734 les,
2038 3666 2089 3722 id
2102 3675 2186 3722 est
2210 3665 2607 3732 febricitantes,
2629 3676 2676 3720 et
2703 3664 2973 3720 dormiunt
3004 3665 3176 3730 multi,
3193 3678 3307 3720 non
3331 3677 3523 3720 somno

1925 3759 2076 3832 pacis
2104 3766 2168 3814 et
2203 3759 2421 3829 quietis,
2452 3757 2545 3817 sed
2576 3766 2752 3814 morte
2777 3755 3163 3823 damnationis,
3185 3756 3238 3813 id
3261 3765 3345 3812 est
3372 3769 3522 3811 mor-

1929 3852 2003 3908 tui
2030 3859 2157 3908 sunt
2181 3861 2357 3908 morte
2396 3860 2600 3906 mterna
2632 3860 2853 3922 propter
2879 3852 2981 3906 hoc
3001 3859 3300 3921 peccatum.
3327 3847 3524 3904 Valens

1927 3943 2301 3999 demonstrare
2348 3941 2477 4011 quia
2529 3940 2860 4011 quicurpns
2912 3940 3250 3996 Dominicum
3302 3939 3522 4005 indigne

1925 4033 2255 4104 percipiunt,
2276 4010 2699 4103 judiciinn-inde
2727 4010 2947 4087 sumunt
2993 4040 3047 4085 et
3080 4030 3515 4093 damnationem;

1925 4125 2163 4181 ostendit
2200 4123 2460 4195 quosdam
2491 4122 2632 4192 apud
2655 4121 2967 4177 Corinthios
2992 4119 3283 4175 vindictam
3315 4119 3522 4189 inprae-

1927 4216 2071 4274 senti
2108 4215 2221 4286 jam
2277 4214 2605 4286 percepisse,
2643 4212 2736 4284 qni
2776 4211 3179 4273 inconsiderate
3217 4219 3275 4273 et
3315 4209 3523 4267 irreve-

1928 4314 2113 4363 renter
2135 4305 2263 4360 illud
2286 4312 2610 4375 acceperant
2631 4303 2755 4374 quia
2779 4300 3021 4358 febribus
3035 4311 3083 4360 et
3110 4299 3520 4363 infirmitatibus

1927 4394 2114 4452 multis
2165 4394 2403 4464 correpti
2443 4401 2591 4460 sunt,
2639 4403 2694 4449 et
2725 4393 2946 4464 quidam
3000 4392 3165 4448 etiam
3208 4392 3431 4458 mortui,
3458 4400 3520 4446 ut

1928 4486 2414 4559 illarumcxemplo
2442 4486 2626 4565 caeteri
2655 4487 2923 4544 discerent
2950 4502 3053 4544 non
3071 4487 3269 4544 debere
3299 4486 3523 4559 indigne

1928 4589 1986 4638 et
2029 4580 2363 4652 negligenter
2398 4594 2598 4649 corpus
2635 4579 2846 4636 Domini
2869 4593 3105 4635 smnere.

2002 4672 2156 4740 Quod
2181 4672 2227 4727 si
2249 4671 2588 4741 nosmetipsos
2610 4670 3042 4741 dijudicnrcmus,
3076 4670 3128 4727 id
3150 4680 3237 4726 est
3277 4670 3519 4727 discute-

1929 4780 2115 4822 remus
2139 4772 2194 4820 et
2226 4762 2666 4820 cxaminaremus
2688 4762 2852 4818 vitam
2884 4771 3127 4819 nostram
3157 4773 3336 4831 utrum
3366 4762 3523 4831 digni

1929 4870 2174 4913 essemus
2198 4867 2390 4917 nccnc,
2419 4860 2474 4909 et
2500 4852 2821 4923 nosmetipsi
2847 4868 3066 4911 errores
3094 4863 3325 4920 nostros:
3342 4854 3523 4911 corri-

1890 4994 1893 4995 ν
1927 4960 2204 5020 geremus,
2232 4946 2534 5015 nonutique
2558 4945 2951 5016 judicaremur,
2983 4948 3139 5004 idest
3165 4962 3270 5005 non
3295 4947 3523 5003 damna~

1923 5052 2117 5098 remur
2137 5051 2168 5090 a
2189 5033 2427 5103 Christo,
2456 5050 2633 5108 neque
2657 5036 2712 5092 in
2742 5036 2848 5094 hoc
2875 5038 3094 5106 sarculo,
3123 5053 3298 5109 neque
3334 5038 3389 5092 in
3423 5035 3517 5092 fu-

1922 5133 2073 5193 1M0.

1995 5217 2137 5275 Dum
2158 5218 2466 5290 judicamur
2488 5230 2687 5288 autem,
2713 5237 2820 5279 non
2844 5221 2897 5277 in
2920 5221 3138 5293 paucis,
3158 5221 3213 5278 in
3236 5221 3341 5283 illis
3358 5221 3519 5290 vide,-

1924 5311 2053 5367 lieet
2089 5311 2183 5381 qui
2219 5311 2566 5368 inﬁrmantur
2599 5322 2654 5370 et
2686 5313 2999 5381 febricitauit
3027 5314 3080 5368 in
3112 5312 3519 5384 lioc‘przesenti

1916 5403 2058 5459 etin
2081 5402 2188 5458 illis
2221 5403 2386 5460 etiam
2425 5404 2878 5475 quimoriuutur,
2948 5423 2979 5459 a
3022 5404 3246 5465 Domino
3291 5406 3523 5478 corripi‘

1926 5509 2067 5560 mur,
2090 5503 2146 5548 et
2166 5492 2498 5566 ﬁagellamur
2523 5509 2752 5566 corpore
2778 5511 2878 5567 per
2917 5495 3038 5552 illos
3082 5505 3137 5550 ut
3178 5495 3294 5566 ipso
3322 5496 3526 5559 timore

1922 5585 2245 5655 perterriti,
2305 5603 2409 5642 non
2452 5586 2777 5653 'daqmneinur
2842 5586 3172 5643 teternaliter
3232 5604 3351 5642 cum
3415 5587 3525 5645 hoc

1913 5676 2140 5742 mundo,
2177 5675 2231 5731 id
2257 5684 2341 5732 est
2366 5675 2830 5731 cum'inﬁdclibus
2882 5687 2937 5732 et
2981 5676 3316 5733 amatoribus
3350 5674 3522 5745 hujus

242 5757 396 5828 digne
432 5756 607 5824 dicit,
657 5756 714 5812 id
746 5763 832 5812 est
856 5757 1050 5815 ordino
1076 5774 1200 5816 non
1225 5761 1532 5831 observato,
1570 5764 1822 5824 videlicet
1911 5768 2129 5824 mundi.
2156 5766 2300 5823 Nihil
2327 5767 2474 5823 enim
2500 5767 2667 5823 distat
2685 5768 2754 5824 ab
2781 5767 3005 5837 inﬁdeli,
3037 5769 3522 5839 quiirrcvercnter

241 5848 339 5918 qui
357 5845 857 5929 alitermysterium
879 5847 1009 5930 illud
1055 5851 1299 5933 celebrat
1325 5854 1408 5919 vel
1435 5856 1621 5929 sumit,
1650 5871 1816 5929 quam

1914 5876 2049 5931 cum,
2075 5861 2327 5922 omnibus
2350 5858 2617 5945 peccatis
2644 5859 3019 5931 criminalibus
3048 5862 3513 5948 commaculet“
3567 5883 3570 5886 ’
