3936 6466
468 429 575 488 5‘15

936 430 1295 488 HAYMONIS
1332 429 1818 488 HALBERSTAT.
1857 429 2078 519 EDISC.
2122 430 2273 490 OPP.
2304 388 2508 491 PARS.
2551 433 2593 491 l.
2617 465 2690 476 —
2721 432 3079 491 COMMENT.
3117 434 3291 490 BlBl..

3696 439 3766 493 76

469 548 539 604 ad
590 560 833 603 mensam
864 536 1077 601 Domini
1106 544 1387 615 praesumit
1411 558 1541 600 accc
1561 544 1695 605 lere,
1731 542 1828 598 sed
1874 543 2053 613 potius
2083 548 2130 607 Α
2158 553 2213 600 ct
2241 544 2583 616 coapostolos
2612 543 2731 616 ejus
2764 557 3023 616 spernere
3050 557 3155 599 non
3184 541 3383 598 debere
3412 557 3529 599 sua:
3569 545 3763 603 salutis

470 636 711 695 deterior
734 646 819 694 est
846 638 956 704 illo,
981 645 1035 692 et
1064 637 1255 710 majori
1279 653 1442 709 poena
1465 638 1683 709 dignus,
1709 637 1837 708 quia
1866 636 2058 693 melius

470 740 556 807 est
575 731 718 786 viam
748 731 991 787 veritatis
1028 746 1136 786 non
1164 721 1515 804 cognoscere,
1545 746 1711 802 quam
1751 739 1875 802 post
1910 728 2057 801 agni-

466 825 673 881 tionem
699 830 996 880 retrorsum
1026 824 1200 881 abire.

541 915 750 986 Itaque,
779 916 971 985 fratres
1010 915 1134 981 mei,
1162 932 1284 969 cum
1322 914 1607 971 convenitis
1637 915 1715 970 ad‘
1737 915 2060 970 manducan-

466 1010 593 1064 dum
618 1023 816 1079 corpus
847 1017 905 1064 et
944 1009 1265 1080 sanguinem
1287 1008 1488 1065 Christi
1514 1010 1567 1065 in
1610 1008 1871 1071 Ecclesia,
1922 1008 2055 1062 invi-

465 1114 576 1154 cent
597 1106 914 1169 exspectate,
943 1105 1004 1152 ut
1049 1097 1342 1153 multorum
1370 1099 1568 1154 oblatio
1614 1098 1775 1154 simul
1817 1098 2059 1153 celebre-

466 1199 575 1258 tur,
607 1200 663 1247 et
691 1204 881 1246 omnes
902 1191 1263 1245 communiter
1293 1206 1357 1245 ex
1383 1206 1490 1245 uno
1519 1189 2053 1261 panecommunicc-

465 1282 573 1337 tis:
611 1282 735 1353 quia
768 1280 859 1336 illa
905 1281 1109 1337 oblatio
1140 1297 1278 1338 unus
1322 1280 1479 1352 panis
1505 1290 1613 1348 est,
1651 1290 1709 1337 ct
1748 1280 2056 1338 communis

466 1373 629 1429 debet
647 1387 771 1428 esse
789 1374 1065 1429 omnibus.

539 1464 601 1521 Si
629 1467 748 1537 quis
773 1466 954 1530 esurit,
1002 1465 1145 1520 domi
1191 1466 1489 1533 manducet,
1523 1466 1585 1521 id
1618 1473 1701 1521 est
1738 1466 1828 1537 qui
1881 1466 2057 1536 impa-

468 1556 610 1612 tiens
646 1566 858 1613 estnec
886 1556 1000 1612 vult
1024 1555 1273 1627 jcjnnare
1310 1572 1435 1612 cum
1481 1557 1714 1619 czetcris,
1758 1556 1903 1612 domi
1948 1565 2057 1611 ter-

468 1658 603 1703 reno
622 1662 765 1718 parte
794 1656 1065 1713 vescatur,
1125 1657 1180 1701 ut
1224 1664 1326 1702 non
1350 1648 1405 1702 in
1422 1647 1687 1718 judicium
1713 1647 2054 1713 conveniatis,

467 1736 522 1793 id
549 1747 724 1794 estne
747 1752 944 1809 corpus
982 1736 1184 1793 Christi
1211 1738 1716 1809 reprehensibiliter
1744 1737 2058 1808 percipiatis

467 1826 537 1883 ad
576 1825 975 1882 damnationem
1023 1837 1282 1883 vestram.
1324 1826 1526 1882 Ca'teru
1570 1839 1765 1895 autem,
1800 1827 2059 1883 subaudis

468 1932 590 1992 quae
621 1927 830 1976 restant
861 1920 1189 1987 inordinata,
1229 1936 1349 1974 cum
1374 1938 1558 1976 venero
1586 1920 1881 1991 disponam.

1060 2071 1289 2130 CAPUT
1351 2072 1471 2128 Xll.

483 2194 487 2202 λ
541 2190 619 2246 De
636 2188 1001 2261 spirituatitgus
1022 2200 1219 2253 autem,
1237 2189 1494 2246 subaudis
1514 2190 1811 2261 mysteriis,
1827 2187 1946 2244 nolo
1972 2203 2059 2244 eos

469 2278 740 2357 ignorare,
772 2288 987 2350 [rati-es,
1010 2282 1061 2337 id
1086 2291 1169 2338 est
1191 2283 1326 2339 nolo.
1342 2298 1438 2339 vos
1468 2284 1780 2354 ignorantes
1808 2284 2056 2340 reddere.

540 2374 700 2431 Scitis
726 2383 900 2428 autem
926 2375 1174 2444 quoniam
1196 2391 1315 2430 cum
1337 2385 1510 2447 gentes
1534 2377 1732 2431 essetis.
1759 2374 2060 2432 Reducitur

466 2466 537 2522 ab
562 2464 825 2535 Apostolo
861 2463 1161 2521 Corinthiis
1188 2467 1315 2522 vita:
1356 2468 1603 2537 pristinae
1628 2469 1971 2525 conversatio
1998 2470 2054 2525 in

467 2556 743 2622 notitiam,
776 2565 838 2610 ut
862 2571 931 2611 ex
963 2555 1083 2626 ejus
1117 2558 1554 2615 consideratione
1578 2569 1831 2615 crescant
1864 2561 1919 2615 in
1960 2566 2071 2617 no—'

468 2664 590 2703 vam
618 2648 1110 2715 conversationem,
1139 2649 1397 2718 quoniam
1435 2650 1576 2705 sicut
1599 2650 1829 2722 gentiles
1872 2652 2058 2707 viven-

469 2746 551 2795 tes
576 2736 856 2794 fervebant
884 2737 939 2793 in
971 2739 1255 2794 mendacio
1284 2749 1341 2796 et
1374 2756 1585 2807 errore,
1638 2743 1765 2811 quia
1802 2742 1889 2796 illa
1940 2742 2057 2799 cul-

468 2838 589 2884 tura
639 2827 775 2883 nihil
826 2837 966 2895 erat,
1014 2827 1231 2897 sicjam
1265 2829 1562 2887 Christiani
1608 2830 1807 2897 effecti,
1856 2831 2055 2889 divinis

462 2920 755 2993 prrcceptis
774 2936 898 2977 eum
926 2920 1139 2977 fervore
1153 2922 1319 2977 animi
1349 2922 1623 2980 debebant-
1644 2923 1891 2994 obsequi.
1915 2924 2055 2981 Gen-

469 3021 552 3067 tes
581 3020 763 3066 autem
803 3010 918 3066 sive
966 3010 1195 3081 gentiles
1224 3012 1588 3082 appellantur,
1640 3014 1732 3085 qui
1768 3015 1837 3070 ab
1862 3010 2052 3072 errore

466 3108 681 3174 patrum
707 3116 926 3157 suorum
959 3101 1014 3157 in
1045 3115 1158 3172 quo
1183 3112 1508 3169 nascuntur,
1539 3103 1593 3158 in
1636 3103 1902 3175 religione
1939 3119 2052 3160 me-

463 3194 618 3252 lioris
644 3194 768 3250 vitat
786 3209 893 3250 non
924 3188 1343 3251 commutantur.
1372 3194 1528 3252 Unde
1561 3203 1618 3252 et
1655 3211 1790 3267 gens
1815 3213 1936 3267 quae
1971 3198 2048 3254 sic

2160 644 2457 693 amatores.

2230 727 2383 793 Ideo,
2415 729 2674 785 subaudis
2698 728 3024 800 quiaDeum
3050 729 3409 800 cognovistis,
3443 740 3501 786 et
3526 731 3657 801 quia
3699 732 3764 788 de

2159 819 2529 889 spiritualihus
2556 822 2831 893 mysteriis
2858 821 2985 877 nolo
3021 837 3117 877 vos
3160 822 3476 894 ignorantes
3504 823 3757 891 reddere,

2160 904 2343 963 notum
2370 909 2510 964 vobis
2538 909 2703 980 facio,
2744 910 2883 982 quod
2908 927 3059 966 nemo
3081 911 3137 965 in
3159 909 3362 981 Spiritu
3391 912 3491 967 Dei
3518 912 3758 984 loquens,

2158 1000 2213 1056 id
2242 1012 2327 1056 est
2347 1016 2506 1057 nemo
2538 1002 2800 1072 Spiritum
2832 1011 3079 1059 sanetum
3114 1002 3341 1067 habens,
3370 1014 3428 1058 et
3455 1019 3557 1074 per
3590 1006 3761 1076 Spiri-

2160 1099 2273 1146 tum
2305 1101 2550 1148 sanctum
2576 1092 2825 1163 loquens,
2856 1094 2950 1164 qui
2972 1092 3501 1166 linguasinfantium
3526 1093 3661 1150 facit
3690 1096 3758 1151 di-

2158 1190 2357 1249 sertus,
2385 1183 2511 1239 dicit
2537 1185 2819 1239 anathema
2839 1183 2989 1239 Iesu.
3017 1184 3076 1239 In
3098 1185 3337 1241 decretis
3353 1184 3643 1241 Iustiniani
3664 1187 3760 1241 im-

2155 1274 2446 1343 peratoris,
2494 1275 2784 1331 anathema
2813 1285 3102 1346 separatus
3130 1293 3157 1331 a
3191 1277 3301 1332 Deo
3324 1286 3573 1335 vocatur.
3600 1279 3757 1349 Legi-

2158 1372 2246 1419 tur
2271 1365 2403 1420 etin
2434 1366 2733 1422 canouibus
2746 1381 2849 1437 pro
2873 1366 3274 1425 maledictione.
3308 1368 3533 1439 Legitur
3560 1377 3617 1423 et
3657 1386 3756 1440 pro

2155 1456 2446 1523 occisione,
2481 1458 2620 1513 sicut
2644 1459 2758 1529 ipse
2775 1460 3065 1530 Apostolus
3086 1461 3163 1515 ait
3193 1461 3244 1515 in
3271 1460 3508 1530 Epistula
3537 1463 3606 1516 ad
3642 1464 3753 1517 Ro.

2156 1563 2347 1603 manos
2371 1552 2439 1615 (ε.
2470 1549 2545 1620 lx)
2570 1567 2583 1603 :
2615 1548 2871 1619 Optabam
2896 1567 2990 1621 ego
3008 1552 3291 1606 anathema
3310 1569 3421 1606 esse
3451 1569 3546 1623 pro
3571 1554 3752 1623 [ratri-

2158 1639 2272 1704 bus,
2300 1639 2354 1694 id
2384 1647 2491 1704 est,
2524 1639 2778 1710 optabam
2806 1640 3037 1696 interﬁci
3065 1656 3166 1712 pro
3193 1641 3275 1696 eis
3303 1642 3604 1696 secundum
3627 1658 3749 1697 ear-

2158 1744 2303 1784 nem.
2343 1729 2570 1785 Ponitur
2589 1738 2645 1785 et
2676 1746 2773 1801 pro
2796 1731 3223 1797 ahominatione,
3253 1733 3341 1788 hic
3385 1749 3516 1788 vero
3546 1749 3647 1804 pro
3666 1750 3751 1789 se-

2159 1816 2440 1893 paratione
2484 1822 2719 1892 ponitur.
2760 1822 2948 1893 ltaque
2994 1823 3175 1879 nullus
3227 1824 3432 1896 Spiritu
3462 1826 3563 1882 Dei
3607 1826 3751 1880 allia-

2090 1897 2134 1956 Β
2165 1923 2250 1970 tus
2278 1914 2409 1969 dicit
2434 1913 2532 1984 ipsi
2554 1912 2681 1969 Jesu
2701 1914 2825 1969 :.Tu
2850 1930 2910 1971 es
2927 1915 3241 1981 anathema,
3260 1916 3326 1974 id
3354 1924 3745 1987 estseparatus

2162 2018 2191 2057 a
2223 2004 2333 2060 Deo
2363 2003 2523 2058 Patre
2552 2011 2608 2060 ct
2633 2004 2836 2074 Spiritu
2865 2015 3073 2072 sancto,
3096 2015 3172 2066 .ct
3209 2006 3386 2077 aliqua
3427 2017 3588 2078 parte
3618 2007 3748 2063 infe-

2160 2094 2293 2149 rior.
2342 2092 2456 2149 lloc
2518 2094 2738 2165 quidam
2781 2096 3164 2153 hccrctic'orum
3193 2098 3743 2153 vesaniinsanicndo

2160 2184 2343 2240 dicere
2381 2199 2488 2240 non
2535 2184 2861 2262 timuerunt;
2907 2186 3110 2243 idcirco
3156 2188 3526 2253 anathemate,
3581 2191 3634 2245 id
3668 2200 3746 2245 est

2160 2275 2549 2347 separationea
2591 2275 2729 2342 Deo,
2764 2276 3003 2333 Ecclesia
3035 2279 3268 2348 perculsi
3298 2289 3445 2338 sunt.
3489 2279 3559 2334 Et
3603 2299 3742 2337 nemo

2157 2378 2324 2441 potest
2375 2369 2546 2424 dicere
2567 2369 2826 2426 Dominus
2871 2371 3049 2438 Iesus,
3097 2371 3200 2427 nisi
3226 2374 3281 2427 in
3313 2374 3520 2444 Spiritu
3545 2388 3741 2431 sancto.

2156 2461 2216 2518 In
2247 2476 2403 2517 saera
2427 2461 2709 2532 Scriptura
2733 2463 2917 2519 dicere
2937 2464 3226 2534 aliquando
3248 2481 3347 2536 pro
3373 2466 3613 2536 simplici
3640 2483 3740 2522 ser-

2157 2570 2319 2610 mone
2348 2555 2636 2624 accipitur,
2664 2564 2727 2611 ut
2752 2565 2837 2612 est
2859 2574 2964 2612 non
2985 2560 3155 2614 omnis
3182 2561 3272 2630 qui
3302 2560 3438 2614 dicit.
3458 2563 3613 2624 mihi,
3644 2562 3739 2616 Deo

2155 2645 2566 2712 mine,Domiae,
2592 2647 2807 2703 intrabit
2822 2648 2878 2701 in
2892 2662 3113 2719 regnant
3133 2649 3378 2706 (telorum
3397 2650 3477 2723 (Μ
3485 2653 3735 2722 uulua).

2153 2734 2458 2803 Aliquando
2486 2751 2593 2806 pro,
2626 2737 2741 2806 ipsa
2772 2752 2831 2792 re
2855 2744 2910 2792 et
2953 2737 3120 2804 facto,
3175 2738 3319 2794 sicut
3352 2740 3430 2794 ait
3484 2740 3738 2798 Ezechias

2154 2840 2251 2881 rex
2275 2825 2342 2880 ad
2368 2825 2563 2881 Isaiam
2598 2845 2613 2882 :
2654 2827 2778 2882 Non
2806 2827 2907 2898 fuit
2928 2828 3242 2896 verbum,_id
3270 2841 3351 2885 est
3376 2846 3499 2897 res,
3516 2834 3571 2886 in
3591 2832 3733 2889 domo

2153 2930 2269 2970 mea
2302 2916 2441 2987 quod
2493 2932 2599 2970 non
2630 2918 2951 2972 ostenderim
2983 2920 3058 2974 eis
3086 2919 3460 2994 (Ismxxux).
3491 2922 3589 2980 Sic
3611 2933 3665 2979 et
3686 2925 3734 2979 in

2152 3007 2257 3064 hoc
2299 3008 2418 3064 loco
2445 3024 2546 3080 pro
2573 3024 2632 3064 re
2659 3018 2715 3066 et
2740 3012 2886 3067 facto
2918 3013 3154 3082 ponitur.
3182 3012 3379 3081 Nemo,
3411 3014 3613 3086 inquit,
3649 3032 3734 3087 po-

2153 3107 2258 3163 test
2286 3100 2487 3169 dicere,
2533 3101 2586 3157 id
2637 3112 2724 3158 est
2766 3104 2931 3160 corde
2979 3114 3036 3164 et
3085 3122 3180 3163 ore
3208 3106 3732 3182 conﬁteri,ctdigna

2152 3208 2318 3265 Opera
2366 3192 2490 3250 ﬁdei
2535 3209 2814 3263 exercere,
2850 3196 3034 3255 Iesum
3058 3199 3303 3271 diligere,
3355 3210 3414 3256 et
3455 3199 3731 3257 Dominum

465 3293 650 3342 manet
670 3293 732 3342 ut
755 3285 937 3357 genita
973 3292 1057 3342 est
1076 3295 1336 3342 vocatur:
1370 3285 1425 3340 hi
1466 3293 1592 3340 sunt
1618 3286 1836 3356 pagani,
1865 3285 1958 3356 qui
1982 3287 2050 3341 ad
2075 3251 2123 3314 Ο
2156 3300 2420 3352 asserere,
2451 3286 2555 3342 nisi
2592 3286 2829 3359 Spiritus
2865 3291 3041 3347 sancti
3071 3286 3241 3363 gratia
3271 3290 3440 3347 fuerit
3484 3294 3731 3348 intrinse-

463 3366 712 3433 divinum
762 3375 969 3431 cultum
1011 3390 1119 3433 non
1157 3375 1444 3440 accedunt,
1492 3390 1632 3445 quos
1673 3384 1860 3445 gentes
1906 3392 2051 3433 nunc

463 3467 723 3538 appellat,
779 3481 888 3522 non
935 3466 1079 3536 quod
1127 3474 1258 3521 tunc
1304 3467 1565 3536 temporis
1616 3466 1813 3538 pagani
1868 3475 2052 3523 essent

462 3558 684 3628 quando
731 3557 833 3612 ista
868 3556 1105 3625 dicebat,
1156 3559 1251 3613 sed
1296 3556 1443 3627 quod
1474 3566 1600 3613 ante
1637 3558 1884 3614 notitiam
1925 3559 2050 3617 ﬁdei

465 3649 700 3704 fuerant.
737 3646 856 3703 Hoc
884 3656 969 3704 est
991 3650 1135 3722 quod
1160 3651 1259 3715 ait,
1283 3650 1539 3721 quoniam
1555 3665 1678 3705 cum
1700 3660 1887 3722 gentes
1905 3652 2050 3710 esse-
2104 3658 2107 3665 “

461 3737 557 3804 tis,
588 3744 646 3794 et
672 3737 1042 3812 (subauditur)
1072 3739 1184 3811 jam
1211 3754 1321 3796 non
1358 3744 1511 3798 estis.
1562 3740 1785 3814 Legitur
1822 3752 1877 3799 et
1918 3760 2050 3816 gens

464 3830 522 3884 in
559 3830 721 3897 bono,
745 3831 886 3887 sicut
911 3840 1015 3897 est,
1040 3849 1149 3889 non
1185 3841 1392 3889 tantum
1421 3848 1521 3905 pro
1550 3844 1728 3907 gente,
1758 3837 1851 3892 sed
1890 3848 1945 3892 ut
1985 3840 2054 3909 ﬁ-

459 3923 561 3978 lios
588 3923 686 3979 Dei
726 3935 1060 3998 congregaret
1083 3928 1137 3983 in
1172 3944 1337 3983 unum
1368 3928 1547 4001 (Joan.
1577 3927 1680 4000 ιι).
1726 3929 1809 3983 Ad
1835 3931 2054 3988 simula-

461 4034 553 4071 cra
578 4027 721 4072 muta
744 4028 899 4089 prout
922 4018 1275 4088 ducebamini,
1320 4016 1521 4089 euntes,
1566 4022 1825 4079 subaudis
1859 4025 2048 4080 eratis.

467 4104 773 4164 Simulacra
798 4108 941 4182 (quae
968 4111 1273 4169 simulando
1299 4113 1553 4169 dicuntur
1574 4155 1590 4182 ,
1613 4130 1678 4171 eo
1700 4114 1843 4186 quod
1882 4115 2051 4171 simu—

370 4192 373 4195 ’
462 4200 580 4256 ient
630 4202 906 4259 hominem
938 4198 995 4259 et
1043 4219 1151 4261 non
1187 4206 1260 4261 sit
1300 4207 1483 4273 homo,
1517 4223 1717 4280 equum
1746 4217 1802 4264 et
1842 4223 1949 4265 non
1978 4209 2052 4266 sit

459 4294 657 4364 equus,
701 4302 1006 4368 eseteraque
1046 4297 1387 4369 huiusmodi)
1431 4300 1635 4356 idcirco
1670 4309 1818 4356 muta
1864 4302 2049 4373 appel-

456 4379 664 4449 lantur,
692 4385 819 4455 quia
849 4384 930 4455 (ut
952 4385 1237 4442 Psalmista
1276 4388 1374 4460 ait)
1403 4406 1460 4444 os
1501 4390 1707 4454 habent,
1762 4400 1810 4446 et
1838 4408 1941 4446 non
1972 4394 2051 4448 lo-

458 4484 687 4545 quentur
713 4489 731 4528 :
762 4476 965 4543 oculos,
988 4488 1158 4535 etnon
1182 4480 1426 4535 videbunt
1454 4480 1907 4566 tPsal.rcxxerI).
1936 4482 2047 4541 Ne-

2153 3376 2249 3434 Cus
2279 3379 2520 3435 edoctus.
2564 3379 2700 3434 Nam
2747 3381 2837 3437 ille
2880 3382 3014 3438 dicit
3053 3381 3247 3437 Jesum
3270 3382 3566 3439 Dominum
3599 3399 3727 3448 esse,

2151 3470 2245 3541 qui
2272 3470 2445 3525 credit
2471 3485 2596 3524 eum
2635 3470 2783 3526 Patri
2824 3481 2881 3528 et
2915 3471 3139 3543 Spiritui
3177 3481 3370 3528 sancto
3399 3474 3730 3544 coarqualetn

2153 3569 2210 3616 et
2249 3560 2759 3630 coonmipotentem,
2822 3570 2880 3618 et
2920 3562 3068 3618 hunc
3112 3561 3426 3626 confitetur,
3476 3565 3730 3619 servando

2152 3660 2423 3724 prteccpta
2456 3652 2601 3707 illius
2640 3653 2837 3722 quibus
2890 3669 3016 3709 vera
3064 3655 3281 3710 dilectio
3330 3656 3727 3727 comprobatur.

2153 3744 2405 3801 Dicemus
2431 3753 2488 3800 et
2519 3745 2623 3800 hoc
2667 3745 2846 3814 ipsum
2893 3746 3133 3801 breviter
3179 3762 3304 3802 cum
3344 3747 3727 3803 conclusione:

2153 3837 2326 3892 Nemo
2350 3845 2511 3909 potest
2555 3836 2749 3903 dicere,
2784 3837 3044 3893 Dominus
3074 3837 3252 3903 Jcsus,
3288 3837 3575 3902 subaudis,
3608 3839 3731 3894 sicut

2151 3936 2237 3984 est
2262 3927 2527 3983 dicendus
2551 3928 2736 3995 corde,
2761 3942 2856 3983 ore
2887 3938 2943 3983 et
2968 3943 3155 4000 opere,
3201 3929 3307 3984 nisi
3339 3944 3442 3999 per
3480 3930 3728 4001 Spiritum

2152 4024 2401 4077 sanctum
2433 4019 2599 4075 fuerit
2630 4020 2987 4078 illuminatus.

2222 4111 2516 4166 Divisiones
2551 4128 2669 4167 vero
2690 4114 2982 4184 gratiarum
3018 4123 3159 4178 sunt,
3194 4112 3477 4181 subaudis,
3504 4130 3613 4171 non
3639 4132 3731 4171 me-

2152 4204 2402 4270 ritorum,
2432 4203 2570 4258 idem
2600 4214 2775 4259 autem
2801 4204 3032 4277 Spiritus
3067 4213 3287 4261 sanctus
3317 4216 3507 4263 manet
3532 4223 3731 4277 semper

2150 4308 2290 4348 unus
2317 4291 2371 4347 in
2401 4292 2655 4349 omnibus
2683 4302 2737 4348 et
2767 4294 3092 4351 individuus.
3124 4294 3435 4352 Notandum
3461 4300 3611 4367 quod
3635 4313 3730 4353 nos

2150 4385 2246 4450 ait,
2288 4384 2584 4440 divisiones
2624 4386 2941 4441 meritorum
2964 4395 3108 4453 sunt,
3135 4388 3231 4444 sed
3257 4389 3587 4459 gratiarum,
3616 4391 3729 4462 quia

2149 4478 2289 4532 dona
2322 4477 2413 4532 Dei
2431 4476 2598 4548 gratis
2617 4476 2835 4543 dantur,
2861 4494 2965 4533 non
2992 4479 3243 4534 humanis
3257 4480 3475 4537 meritis
3494 4484 3732 4539 tribuuno

461 4577 570 4633 que
589 4564 733 4620 enim
757 4573 842 4621 est
876 4567 1099 4638 spiritus
1124 4569 1179 4623 in
1226 4584 1322 4625 ore
1363 4564 1635 4641 ipsorum.
1660 4571 1719 4626 Si
1759 4573 1903 4642 quod
1954 4589 2049 4628 au-
2076 4603 2129 4664 Β
2156 4576 2265 4622 tur.
2298 4566 2450 4623 Unde
2468 4565 2536 4621 ad
2568 4566 2841 4623 Romanos
2870 4569 2985 4626 ait:
3019 4566 3151 4635 Quis
3174 4570 3321 4642 prior
3359 4572 3510 4626 dedit
3557 4575 3656 4641 illi,
3680 4574 3729 4630 id

466 4652 578 4710 tem
603 4657 827 4711 verbum
859 4656 926 4712 ab
961 4657 1120 4715 idolis
1146 4660 1384 4725 auditur,
1408 4662 1714 4717 dzemonum
1742 4662 2047 4734 deceptioni

457 4754 519 4803 et
545 4763 651 4803 non
677 4749 1088 4806 simulacrorum
1113 4751 1458 4808 sensibilitati
1488 4752 1795 4810 ascribitur.
1822 4754 1903 4811 Ad
1930 4756 2045 4815 haec

460 4836 739 4920 adoranda
763 4848 870 4895 tam
907 4857 936 4896 a
960 4843 1293 4900 daamonibus
1320 4860 1481 4915 quam
1512 4846 1580 4901 ab
1616 4845 1955 4917 aruspicibus
1990 4855 2046 4904 et

456 4929 797 5003 philosophis
842 4931 1219 5003 insipientibus
1249 4935 1684 5006 impellebantur,
1715 4946 1770 4992 et
1796 4947 1881 4994 est
1920 4953 2045 4995 sen-

458 5034 557 5079 sus
591 5039 605 5077 :
656 5020 810 5079 Sicut
839 5039 960 5080 cum
990 5036 1178 5097 gentes
1213 5028 1428 5095 essetis,
1486 5029 1789 5086 daemonum
1840 5032 2042 5103 templa

429 5117 580 5182 ,sine
611 5116 982 5183 reluctatione,
1017 5128 1179 5191 prout
1200 5120 1561 5189 ducebamini,
1594 5122 2042 5195 frequentabatis,

456 5199 728 5265 siciniodo
746 5211 871 5267 dum
912 5213 1134 5284 agimini
1178 5213 1383 5285 Spiritu
1402 5225 1600 5272 sancto
1638 5217 1931 5275 secundum
1961 5235 2050 5275 sa-

460 5313 588 5354 nam
610 5300 933 5367 doctrinam,
963 5302 1030 5358 ad
1062 5304 1360 5361 Ecclesium
1390 5305 1487 5361 Dei
1517 5306 1777 5375 accedite,
1821 5315 1877 5364 et
1912 5324 2050 5379 prie-

463 5391 641 5460 ceptis
664 5391 960 5448 salutiferis
983 5410 1104 5449 eum
1137 5397 1283 5451 omni
1323 5394 1631 5452 humilitate
1671 5382 2049 5469 obtemperare

459 5474 792 5540 contendite.
825 5484 892 5540 Et
921 5486 1064 5557 quod
1095 5487 1247 5554 dicit,
1276 5498 1437 5559 prout
1458 5490 1820 5557 dueebamini,
1864 5500 2046 5548 osten-

457 5572 664 5630 dit‘eos
693 5582 899 5632 tantam
932 5579 1332 5659 venerationem
1363 5580 1676 5636 exhibuisse
1715 5582 2044 5653 simulacris,

459 5672 522 5720 ut
545 5666 964 5724 corttm'cultum
991 5684 1332 5742 nequaquam
1376 5671 1726 5729 abhorrerent
1765 5688 1794 5728 a
1821 5672 2046 5745 quibus-

460 5744 689 5841 cu‘nqn’e"
708 5748 1077 5841 hortarentur,
1106 5763 1200 5817 ’νει
1231 5758 1598 5828 monerentbr,
1630 5776 1685 5822 et
1716 5744 2065 5833 ducerentur.
2090 5766 2101 5841 ρ

458 5828 1233 5922 ιιεῧέόῆίς,’ἰιδ⁸ὁιλεοὴνρι⁴εοε
1271 5852 1445 5913 Deum
1491 5844 1714 5930 diligere
1767 5830 2077 5928 admonet,"

2150 4669 2234 4716 est
2272 4661 2415 4726 Deo,
2450 4658 2608 4715 fidem
2651 4675 2802 4715 suam
2841 4666 2935 4716 aut
2964 4660 3203 4733 aliquid,
3239 4673 3286 4718 et
3322 4665 3647 4721 fetribuetur
3690 4668 3732 4721 ei

2151 4752 2331 4825 (Rom.
2362 4752 2478 4825 x1)?
2503 4751 2736 4824 Spiritus
2783 4769 3018 4825 namque
3042 4752 3268 4812 sanctus
3296 4757 3350 4811 in
3385 4759 3575 4828 seipse
3605 4775 3735 4815 unus

2146 4844 2400 4915 idemque
2425 4851 2628 4910 manet,
2647 4844 2699 4899 id
2727 4855 2808 4900 est
2824 4844 3138 4910 immensus,
3159 4845 3442 4913 indivisus,
3458 4849 3734 4922 insepara-

2147 4936 2275 4992 bilis
2288 4951 2410 4992 cum
2420 4935 2582 4992 Patre
2594 4944 2650 4992 et
2662 4935 2818 5001 Filio,
2846 4936 2941 4992 sed
2955 4936 3092 4993 dona
3106 4936 3250 4993 illius
3264 4938 3438 4994 divisa
3452 4951 3602 5005 sunt,
3620 4944 3737 5013 quia

2146 5042 2255 5084 non
2271 5026 2522 5083 omnibus
2554 5027 2838 5098 :equaliter
2865 5027 3239 5083 conferuntur.
3271 5028 3429 5087 Unde
3456 5031 3734 5088 fatendum

2151 5120 2375 5190 estquia
2389 5135 2511 5175 cum
2526 5119 2669 5175 Deus
2682 5133 2780 5190 per
2794 5119 3094 5175 divinitatis
3105 5121 3404 5190 potentiam
3431 5124 3637 5196 ubique
3649 5125 3733 5187 sit,

2152 5227 2259 5268 non
2278 5219 2456 5268 tamen
2472 5210 2671 5281 ubique
2685 5220 2769 5266 est
2787 5224 2885 5282 per
2913 5207 3323 5267 inhabitationis
3336 5215 3595 5282 gratiam,
3613 5218 3732 5272 etin

2151 5286 2350 5377 quibus
2368 5302 2577 5358 habitat
2595 5317 2692 5373 per
2703 5302 2957 5375 gratiam,
2978 5318 3085 5357 non
3097 5303 3378 5373 aequaliter
3392 5306 3631 5362 habitat.
3652 5286 3737 5364 Si:

2150 5405 2243 5454 cut
2271 5411 2400 5468 ergo
2427 5409 2576 5450 mare
2606 5395 2929 5450 immensum
2954 5401 3061 5460 est,
3090 5403 3144 5449 et
3167 5394 3519 5453 advenientes
3548 5415 3735 5455 secun-

2149 5489 2278 5544 dum
2293 5488 2650 5559 capacitatem
2665 5502 2914 5543 vasorum
2929 5501 3147 5543 suorum
3160 5485 3590 5545 etdiil'erentiam
3606 5492 3732 5546 hau-

2152 5582 2322 5646 riunt,
2351 5588 2409 5635 et
2438 5595 2543 5634 non
2574 5578 2887 5635 exinanitur
2915 5592 3090 5642 mare,
3116 5592 3293 5648 neque
3321 5588 3650 5646 evacuatur;
3680 5588 3731 5635 et

2152 5671 2295 5727 sicut
2315 5668 2478 5726 etiam
2502 5684 2567 5725 ex
2593 5684 2699 5723 una
2730 5668 2949 5725 lucerna
2979 5667 3167 5741 plures
3198 5667 3591 5734 accenduntur,
3616 5669 3727 5740 ipsa

2152 5766 2333 5821 tamen
2358 5779 2466 5820 non
2502 5763 2772 5819 decrescit
2801 5782 2813 5816 :
2841 5760 2919 5819 sic
2958 5760 3197 5832 Spiritus
3223 5773 3464 5833 sanctus,
3511 5777 3633 5818 cum
3663 5763 3727 5817 sit

2153 5854 2776 5927 immensus,'distribuit
2824 5856 2939 5929 ipse
2964 5854 3130 5928 iustis
3171 5853 3406 5928 gratiam
3457 5850 3610 5912 suam
3651 5870 3708 5910 se
