3936 6440
175 369 275 428 577

849 368 1218 428 EXPOSITIO
1252 368 1324 425 IN
1362 366 1512 424 EPP.
1556 363 1613 422 S.
1655 363 1881 421 PAULI.
1917 395 1990 408 -
2026 366 2095 423 lN
2128 368 2352 429 EPIST.
2392 372 2412 429 1
2454 372 2547 430 AD
2583 371 2748 441 COR.

3356 377 3463 437 678

171 483 399 542 eundum
441 483 591 554 quod
619 484 721 555 ipsi
745 484 962 540 videtur
997 502 1012 539 :
1044 485 1159 557 ipse
1199 495 1382 541 tamen
1410 484 1757 553 omnipotens
1784 496 1831 555 Α
1860 483 2088 541 sitiones
2131 486 2383 556 leguntur
2405 497 2462 544 et
2500 487 2895 560 intelliguntur,
2925 495 2983 544 et
3023 488 3316 544 secundum
3363 504 3461 547 eas

172 580 221 635 in
248 578 610 633 immensitate
637 593 734 633 sua
765 585 1099 648 perseverat,
1128 588 1183 634 et
1210 586 1474 649 quantum
1516 577 1661 642 vult,
1694 583 1750 631 et

170 671 251 726 cui
280 670 415 733 vult,
445 677 499 725 et
521 669 739 740 quando
762 670 896 736 vult,
918 680 973 725 et
1004 672 1274 742 quomodo
1295 670 1439 726 vult:
1468 671 1561 725 dat
1587 679 1642 724 et
1668 668 1750 725 ni-

168 762 241 819 hil
269 760 449 817 minus
470 761 658 826 habet,
686 764 810 832 quia
832 772 987 818 extra
1020 779 1078 818 se
1102 764 1233 819 nulli
1261 772 1465 837 erogat.
1512 761 1582 818 Et
1609 764 1747 819 divi-

168 853 334 909 siones
358 853 806 908 ministrationum
834 862 978 909 sunt.
1010 855 1168 911 Verbi
1205 855 1379 928 gratia
1421 870 1436 910 :
1473 856 1607 911 utin
1637 856 1752 927 epi-

168 944 363 1014 scopis,
409 946 769 1016 presbyteris,
801 947 1135 1011 diaeouihus,
1183 950 1505 1019 exterisque
1543 949 1749 1004 ordini-

166 1036 279 1102 bus,
307 1037 399 1107 qui
434 1036 643 1107 Spiritu
684 1046 870 1095 saneto
913 1039 1271 1096 distribuentc
1308 1042 1563 1097 Ecclesiae
1587 1042 1750 1099 mini-

165 1129 259 1185 stri
287 1130 716 1196 constituuntur,
753 1147 861 1186 non
893 1147 993 1202 per
1022 1132 1294 1203 propriam
1342 1133 1579 1189 hominis
1622 1134 1750 1189 deli-

165 1219 535 1288 berationem,
589 1222 683 1276 sed
736 1236 833 1291 per
868 1220 1103 1293 Spiritus
1140 1222 1312 1278 sancti
1362 1223 1744 1292 ellieientiam;

163 1311 297 1367 idem
328 1322 499 1367 autem
553 1312 835 1380 Dominus,
882 1314 1142 1370 subaudis
1181 1322 1365 1370 manet
1397 1315 1662 1371 iudivisus
1691 1315 1746 1371 in

163 1404 431 1460 omnibus.

229 1494 297 1550 Et
342 1498 622 1554 divisiones
659 1498 1018 1570 operationum
1058 1508 1202 1565 sunt,
1232 1498 1357 1570 quia
1386 1498 1525 1555 alius
1551 1514 1747 1571 opera-

162 1596 243 1643 tur
264 1605 366 1659 per
394 1588 659 1660 Spiritum
694 1600 941 1646 sanctum
971 1591 1231 1656 maxima,
1265 1590 1404 1645 alius
1431 1591 1745 1658 mediocria,

161 1677 293 1733 alius
336 1694 465 1733 vero
503 1680 748 1734 minima.
793 1679 941 1734 Idem
986 1697 1106 1735 vero
1144 1680 1310 1747 Deus,
1357 1681 1447 1752 qui
1500 1691 1749 1751 operatur

160 1768 330 1822 onmia
378 1770 430 1823 in
470 1770 729 1824 omnibus.
761 1770 933 1837 Quem
964 1772 1213 1843 superius
1242 1771 1530 1843 appellavit
1571 1771 1747 1843 Spiri-

1856 574 2023 631 Vetus
2052 576 2460 633 Testamentum
2489 588 2583 634 aut
2608 578 2818 635 Novum
2862 578 3112 634 traditur.
3156 579 3251 636 Est
3292 580 3460 637 etiam

1856 667 2280 741 sapientia,.qua
2322 668 2558 723 abstinet
2594 670 2718 740 quis
2755 685 2786 725 a
2811 684 2980 740 pravo
3005 684 3193 740 opere,
3227 671 3457 728 scientia

1852 775 2006 827 vero,
2032 760 2252 832 quando
2273 776 2304 816 a
2326 775 2495 833 prava
2514 762 2863 832 cogitatione.
2890 762 3080 832 Itaque
3104 763 3219 818 sive
3241 764 3458 835 sapien-

1852 856 1983 912 tiam
2029 858 2357 924 divinarum,
2403 858 2517 914 sive
2563 858 2845 915 scientiam
2875 860 3235 915 humanarum
3270 875 3455 916 rerum

1851 949 2149 1005 habeamus
2170 990 2185 1016 ,
2216 965 2323 1005 non
2351 966 2416 1005 ex
2447 950 2606 1005 nobis
2642 949 2806 1021 ipsis,
2842 952 2935 1007 sed
2962 967 3030 1007 ex
3051 952 3235 1008 dantis
3280 953 3456 1010 sancti

1853 1041 2088 1112 Spiritus
2101 1043 2272 1113 gratia
2288 1043 2637 1113 percipimus.
2656 1042 2809 1111 Quod
2832 1058 2962 1099 vero
2986 1044 3139 1111 dicit,
3163 1046 3452 1101 secundum

1851 1134 2090 1189 eumdem
2118 1132 2373 1205 Spiritum
2392 1175 2407 1201 ,
2439 1134 2572 1189 nihil
2602 1142 2686 1190 est
2713 1134 2857 1189 aliud
2893 1136 2997 1191 nisi
3025 1138 3179 1207 quasi
3209 1138 3450 1195 diceret:

1849 1225 1956 1280 Alii
2009 1227 2171 1281 datur
2227 1243 2409 1282 sermo
2464 1227 2705 1283 scientiae
2764 1228 3064 1284 secundum
3113 1229 3453 1287 voluntatem

1849 1315 2091 1386 ejusdem
2124 1317 2362 1389 Spiritus
2392 1319 2590 1384 sancti,
2623 1318 2709 1373 vel
2740 1333 2841 1389 per
2880 1320 3132 1376 eumdem
3162 1320 3451 1391 Spiritum.

1921 1409 2088 1464 Alteri
2116 1451 2130 1475 ,
2171 1410 2491 1466 subauditur
2534 1411 2711 1478 datur,
2753 1410 2885 1480 ﬁdes
2919 1412 2974 1466 in
3014 1411 3195 1466 eodem
3223 1410 3452 1482 Spiritu,

1851 1500 1904 1556 id
1934 1510 2020 1557 est
2059 1516 2160 1572 per
2185 1503 2435 1559 eumdem
2476 1502 2759 1573 Spiritum.
2812 1504 3073 1558 Dominus
3113 1502 3356 1573 loquitur
3395 1502 3453 1558 in

1850 1591 2144 1662 Evangelio
2171 1592 2236 1647 de
2267 1608 2496 1663 persona
2537 1592 2736 1647 Patris.
2770 1591 2885 1648 Hoc
2925 1599 3008 1648 est
3052 1607 3191 1664 opus
3233 1592 3358 1656 Dei,
3391 1598 3454 1648 ut

1849 1683 2088 1740 credatis
2158 1684 2212 1739 in
2267 1700 2391 1739 eum
2448 1699 2609 1754 quem
2674 1685 2825 1740 misit
2890 1684 2999 1739 ille.
3044 1684 3112 1741 Et
3158 1683 3451 1755 Apostolus

1850 1773 2012 1832 fidem
2041 1776 2173 1831 dicit
2211 1776 2327 1831 dari
2368 1791 2468 1846 per
2498 1774 2760 1847 Spiritum
2800 1785 3067 1831 sanctum.
3106 1775 3259 1832 Unde
3290 1775 3451 1830 datur

160 1868 288 1925 tum,
320 1859 482 1916 modo
507 1877 669 1917 vocat
690 1863 975 1917 Dominum
1005 1871 1061 1919 et
1086 1863 1274 1931 Deum,
1303 1874 1357 1921 et
1390 1872 1472 1921 ter
1496 1864 1638 1921 idem
1661 1865 1744 1920 di-
1778 1863 1825 1925 Β
1851 1867 2099 1938 intelligi,
2128 1867 2254 1937 quia
2280 1867 2421 1938 quod
2451 1868 2545 1921 dat
2574 1866 2735 1921 Pater
2760 1882 2859 1938 per
2886 1866 3148 1940 Spiritum
3173 1874 3449 1932 sanctum,

156 1952 326 2006 cendo
374 1952 688 2007 manifestat
734 1968 794 2008 se
837 1953 983 2025 loqui
1026 1954 1093 2009 de
1123 1954 1331 2025 Spiritu
1379 1964 1602 2020 saneto,
1651 1956 1747 2012 sed

156 2056 256 2096 non
301 2051 519 2112 separat
564 2042 689 2098 inde
733 2042 953 2098 Patrem
997 2055 1054 2099 et
1101 2044 1317 2111 Filium,
1349 2047 1475 2117 quia
1516 2062 1747 2117 quarunt

154 2151 256 2191 una
277 2146 365 2193 est
390 2139 567 2195 virtus
596 2146 826 2206 naturtc,
852 2148 908 2196 et
937 2142 1238 2197 substantia
1265 2158 1395 2217 una,
1423 2143 1618 2199 borum
1641 2160 1749 2200 una

154 2240 233 2286 est
264 2230 517 2301 operatio
563 2231 792 2287 indivisa
820 2272 835 2296 ,
884 2233 975 2302 qui
1006 2233 1258 2289 videlicet
1282 2232 1460 2301 Deus,
1492 2244 1752 2307 operatur

153 2322 341 2376 omnia
381 2320 524 2378 bona
562 2322 614 2377 in
656 2323 927 2380 omnibus.
957 2324 1164 2393 Quibus
1190 2327 1372 2383 verbis
1411 2326 1617 2383 tollitur
1650 2328 1751 2384 hu-

151 2428 314 2468 mana
345 2415 676 2485 arrogantia,
701 2431 826 2471 cum
871 2416 990 2472 sine
1026 2415 1232 2488 Spiritu
1275 2428 1464 2474 saneto
1499 2433 1601 2475 nec
1632 2434 1748 2475 ma-

150 2520 272 2575 gna,
316 2521 421 2561 nee
458 2505 680 2560 minima
712 2506 853 2562 bona
894 2508 1109 2578 operari
1155 2508 1328 2580 possit
1362 2517 1548 2566 nostra
1579 2508 1746 2583 fragi-

149 2593 289 2651 litas.
346 2590 522 2653 A'ltius
550 2604 733 2653 mouet
762 2593 1055 2671 Apostolus
1087 2599 1141 2654 in
1171 2596 1438 2657 Trinitate
1467 2597 1646 2657 nullos
1670 2601 1747 2657 fa-

148 2684 377 2746 ciendos
406 2689 644 2763 gradus,
695 2691 820 2746 dum
851 2693 1088 2763 primum
1126 2693 1282 2764 ponit
1318 2694 1580 2765 Spiritum
1617 2710 1746 2751 san-

146 2784 319 2848 ctum,
345 2780 582 2835 secundo
609 2778 895 2835 Dominum
926 2780 1201 2837 Christum
1223 2822 1237 2849 ,
1265 2785 1425 2840 tertio
1448 2783 1614 2839 Deum
1630 2780 1747 2839 Pa-

144 2880 309 2934 trem,
345 2872 435 2942 qui
478 2889 619 2929 unus
648 2872 790 2928 Deus
818 2873 1094 2930 distribuit
1123 2874 1262 2931 dona
1289 2890 1409 2942 sua,
1434 2890 1662 2932 manens
1691 2876 1745 2931 in

142 2977 200 3017 se
224 2962 520 3019 intlivisus.

206 3046 514 3125 {Unicuique
550 3065 721 3110 autem
744 3097 760 3120 ,
796 3055 1056 3111 subaudis
1088 3055 1323 3116 ﬁdelium
1343 3098 1358 3124 ,
1384 3056 1546 3111 datur
1570 3056 1745 3111 mani-

140 3146 358 3217 festatio
390 3144 618 3218 Spiritus
656 3147 726 3201 ad
768 3143 1069 3212 utilitatem,
1096 3154 1150 3204 e't
1172 3148 1316 3204 illius
1338 3149 1622 3213 videlicet,
1654 3148 1743 3217 qui

1849 1957 1945 2013 dat
1972 1967 2026 2014 et
2052 1958 2167 2029 ipse
2195 1957 2430 2028 Spiritus
2462 1967 2686 2013 sanctus
2711 1973 2838 2013 eum
2862 1956 3027 2012 Patre
3051 1966 3108 2013 et
3135 1956 3294 2022 Filio,
3318 1955 3448 2027 quia

1848 2050 2010 2117 unius
2050 2058 2135 2106 est
2174 2050 2462 2121 potestatis
2500 2057 2559 2105 et
2598 2050 2934 2121 operationis
2974 2065 3100 2105 cum
3131 2049 3280 2105 illis:
3312 2047 3449 2105 ﬁdes

1848 2156 1979 2215 ergo
2006 2157 2112 2212 qua
2136 2140 2408 2198 credimus
2447 2142 2501 2195 in
2527 2141 2719 2206 Deum,
2752 2150 2807 2196 et
2835 2158 2864 2195 a
2893 2140 3054 2195 Patre
3076 2150 3137 2194 et
3166 2156 3196 2195 a
3227 2138 3367 2195 Filio
3391 2147 3449 2194 et

1849 2248 1878 2287 a
1919 2231 2124 2303 Spiritu
2164 2239 2354 2287 sancto
2384 2230 2565 2297 datur,
2597 2246 2698 2286 nec
2724 2239 2809 2286 est
2852 2231 2904 2286 in
2931 2230 3150 2285 homine
3175 2220 3447 2285 naturali-

1849 2332 1951 2389 tcr,
2000 2324 2096 2380 sed
2144 2339 2176 2379 a
2224 2322 2346 2381 Deo.
2382 2323 2592 2378 datur:
2638 2323 2896 2394 quoniam
2947 2323 2992 2379 si
3030 2330 3211 2387 esset,
3254 2335 3447 2379 omnes

1847 2417 2112 2472 haberent
2147 2415 2331 2472 ﬁdem.
2366 2415 2475 2470 Alii
2517 2415 2690 2485 gratia
2738 2416 3028 2470 sanitatum
3072 2415 3128 2469 in
3173 2429 3277 2468 uno
3317 2411 3445 2483 Spi-

1847 2508 1976 2562 ritu.
2007 2507 2082 2562 De
2111 2507 2284 2578 gratia
2313 2506 2609 2563 sanitatum
2635 2504 2788 2572 dicit,
2803 2520 2911 2575 qua
2949 2513 3212 2560 sanantur
3238 2502 3443 2560 inﬁrmi

1845 2598 1931 2653 vel
1960 2598 2109 2668 aegri.
2868 2666 2869 2669 η

1916 2689 2024 2745 Alii
2051 2689 2283 2761 operatio
2310 2688 2591 2752 virtutum,
2623 2688 2677 2742 in
2708 2686 2988 2756 ejiciendis
3014 2686 3351 2742 daemonibus
3387 2693 3445 2741 et

1839 2783 2156 2855 patrandis;
2191 2782 2282 2837 alii
2311 2781 2587 2836 miraculis
2618 2798 2632 2835 :
2661 2780 2755 2835 alii
2782 2781 3076 2852 prophetia,
3100 2794 3207 2849 qua
3234 2777 3445 2848 Spiritu

1846 2884 2041 2930 sancto
2084 2873 2355 2944 repletus,
2402 2872 2583 2927 futura
2628 2871 2907 2941 prmdicit,
2939 2870 3024 2925 vel
3051 2870 3443 2940 prophetarum

1844 2965 2015 3020 libros
2052 2964 2303 3035 exponit;
2350 2963 2443 3016 alii
2480 2962 2727 3016 discretio
2769 2961 3085 3032 spirituum,
3127 2946 3207 3014 ut-
3231 2958 3444 3014 noverit

1848 3058 1971 3129 quis
1998 3057 2254 3127 loquatur
2278 3071 2346 3110 ex
2376 3053 2582 3124 Spiritu
2611 3061 2799 3109 sancto
2821 3094 2836 3119 ,
2866 3052 2953 3109 vel
2978 3052 3103 3121 quis
3148 3066 3214 3106 ex
3247 3049 3444 3122 spiritu

1848 3143 2109 3214 humano,
2140 3146 2255 3202 sive
2281 3130 2519 3216 maligno
2552 3162 2565 3196 :
2598 3142 2744 3199 sicut
2770 3142 3092 3214 loquebatur
3111 3140 3290 3213 puella
3322 3154 3444 3211 qua:

137 3237 379 3310 percipit
410 3239 607 3295 donum
637 3238 874 3310 Spiritus
905 3240 1079 3296 sancti
1100 3281 1115 3307 ,
1150 3252 1207 3296 et
1233 3241 1463 3296 aliorum
1484 3282 1499 3306 ,
1530 3240 1620 3311 qui
1649 3247 1741 3295 aut
1771 3225 1815 3287 C
1847 3253 2103 3310 magnum
2137 3245 2402 3307 quaestum
2435 3234 2729 3306 prmstabat
2768 3232 3003 3288 dominis
3033 3232 3177 3297 suis,
3221 3230 3288 3286 de
3332 3218 3442 3301 qua

132 3329 203 3384 ab
240 3330 342 3385 illo
374 3330 714 3398 erudiuntur,
763 3339 858 3386 aut
899 3331 1145 3402 exemplo
1177 3330 1322 3386 illius
1368 3331 1421 3386 in
1460 3328 1736 3387 meliorem

136 3423 310 3478 vitam
346 3430 705 3489 instruuntur,
726 3432 780 3478 et
805 3424 857 3479 in
880 3424 976 3478 Dei
1007 3422 1217 3479 laudem
1240 3423 1569 3489 excitantur,
1600 3421 1742 3478 sicut

137 3515 409 3572 Dominus
436 3525 618 3573 monet
642 3532 657 3571 :
686 3515 884 3572 Luceat
919 3517 1012 3572 lux
1042 3528 1209 3573 vestra
1239 3534 1414 3572 coram
1442 3516 1739 3571 hominibus

135 3606 367 3683 (Matth.
412 3608 502 3681 v),
550 3618 658 3664 etc.
702 3607 1065 3666 Illanil'eslatio
1107 3625 1237 3665 vero
1286 3606 1522 3679 Spiritus
1566 3606 1740 3663 sancti

133 3699 325 3771 ipsum
375 3698 491 3768 ejus
530 3699 730 3755 donum
785 3699 1131 3771 intelligitur,
1178 3699 1323 3770 quod
1374 3697 1475 3769 ipsi
1532 3695 1740 3753 homini

134 3792 463 3848 manifestat
488 3792 675 3847 datum
716 3807 839 3846 esse
880 3792 949 3846 ad
987 3791 1272 3845 utilitatem
1302 3804 1478 3854 suam,
1506 3797 1564 3842 ut
1595 3796 1741 3844 recte

132 3886 355 3950 credat,
384 3894 569 3940 sancte
599 3885 767 3947 vivat,
800 3891 856 3937 et
884 3890 945 3936 ut
973 3882 1062 3936 alii
1091 3898 1158 3936 ex
1190 3898 1256 3937 eo
1284 3881 1571 3935 utilitatem
1610 3895 1741 3951 per-

128 3977 372 4047 cipiant.
403 3976 529 4029 Sive
572 3971 936 4027 manilcStatio
981 3969 1216 4043 Spiritus
1265 3972 1472 4026 idcirco
1516 3970 1737 4034 dicitur,

125 4070 270 4140 quia
299 4068 606 4133 ubicunque
631 4079 730 4134 per
754 4065 894 4121 dona
922 4079 1019 4118 sua
1046 4062 1230 4126 fuerit,
1258 4062 1399 4117 illico
1426 4077 1522 4132 per
1548 4076 1742 4132 cpera-

122 4162 349 4215 tionem
394 4155 618 4228 justitize
663 4152 1057 4209 manifestatur.
1109 4153 1247 4209 lliuc
1291 4154 1554 4224 scriptum
1601 4160 1735 4208 est:

123 4251 331 4322 Ignem
359 4247 474 4302 veni
508 4246 710 4300 mittere
735 4245 789 4300 in
815 4254 1034 4312 terram,
1059 4254 1107 4299 et
1131 4243 1259 4317 quid
1289 4241 1403 4300 volo
1433 4243 1536 4297 nisi
1570 4251 1623 4298 ut
1652 4255 1742 4297 ar-

122 4341 260 4395 deat
295 4333 449 4407 (Luc.
476 4334 615 4406 xu)?

200 4427 324 4483 Alii
352 4428 561 4499 quidem
598 4442 692 4497 per
720 4425 975 4497 Spiritum
1003 4436 1244 4480 sanctum
1273 4425 1434 4480 datur
1454 4442 1625 4480 sermo
1652 4441 1738 4480 sa-

76 4502 373 4596 .pientitt’.
407 4521 562 4578 Modo
598 4522 790 4593 incipit
815 4538 1087 4594 exponere
1118 4523 1410 4579 divisiones
1439 4523 1736 4594 gratiarum

1840 3330 2046 3385 Paulus
2072 3328 2319 3399 spiritum
2348 3324 2699 3398 pythonicum
2721 3322 2927 3394 expulit
2957 3341 2969 3376 :
3001 3312 3060 3377 et
3086 3314 3226 3377 sicut
3255 3320 3442 3392 loque-

1840 3421 2041 3476 bantur
2064 3418 2203 3491 magi
2232 3424 2288 3472 et
2313 3416 2700 3471 incantatores.
2732 3412 2837 3466 Alii
2878 3427 3069 3482 genera
3108 3409 3438 3481 linguarum,

1838 3513 1894 3569 id
1929 3522 2012 3569 est
2042 3512 2337 3566 varietates
2366 3521 2680 3585 sermoan
2702 3545 2717 3571 ,
2744 3511 2803 3559 ut
2835 3502 3097 3574 apostolis
3124 3509 3179 3557 et
3208 3501 3439 3559 creden-

1840 3606 1983 3661 tibus
2018 3604 2072 3658 in
2103 3601 2326 3659 exordio
2354 3580 2497 3655 fidei.
2516 3580 2621 3651 Atii
2649 3595 3010 3665 interpretatio
3031 3608 3352 3657 sermonum,
3380 3601 3441 3647 ut

1839 3696 2169 3767 Hieronymo
2184 3694 2273 3764 qui
2296 3692 2507 3748 divinas
2538 3689 2851 3769 Scripturas
2871 3701 2939 3741 ex
2968 3684 3191 3740 Hebraeo
3213 3684 3267 3740 in
3290 3680 3441 3738 Lati-

1839 3804 1968 3842 num
2002 3784 2302 3841 transtulit.
2988 3770 2991 3773 ’

1912 3877 2043 3933 Ηατ
2090 3886 2264 3929 autem
2312 3872 2487 3927 omnia
2531 3887 2649 3941 qua:
2685 3868 3126 3925 enumeravimus
3168 3875 3223 3920 et
3270 3865 3436 3924 etiam

1838 3970 1994 4040 plura
2018 3983 2182 4038 quam
2205 3963 2660 4024 enumeravimus,
2685 3969 2933 4031 operatur
2957 3974 3093 4011 unus
3119 3966 3274 4026 atque
3297 3956 3436 4010 idem

1842 4059 2108 4131 Spiritus,
2146 4056 2212 4109 ad
2258 4051 2547 4107 utilitatem
2588 4049 2797 4104 scilicet
2846 4046 3010 4101 totius
3043 4043 3438 4131 Ecclesizepin

1840 4130 1948 4223 quo
1998 4145 2319 4216 intelligitur
2362 4142 2525 4197 Pater
2568 4149 2623 4194 et
2666 4138 2859 4201 Filius,
2890 4135 3016 4206 quia
3057 4130 3437 4203 inseparabilis

1839 4251 1924 4299 est
1952 4256 2140 4296 eorum
2180 4236 2443 4308 operatio,
2470 4232 2707 4288 dividens
2733 4228 2955 4301 singulis
2975 4226 3271 4282 electorum
3293 4224 3435 4279 dona

1840 4351 1960 4400 sua,
1993 4312 2098 4388 non
2132 4338 2311 4384 tamen
2354 4327 2470 4399 ipse
2509 4324 2733 4390 divisus,
2767 4328 2921 4393 prout
2953 4317 3083 4385 vult,
3110 4315 3237 4388 quia
3260 4314 3435 4371 omni-
3467 4360 3471 4365 .

1879 4433 2033 4480 otens
2056 4428 2162 4477 est.

1879 4441 2033 4480 utens
2056 4441 2162 4477 εει.

1839 4441 1875 4497 p
1914 4515 2061 4571 Sicut
2100 4512 2236 4567 enint
2272 4525 2459 4581 corpus
2490 4523 2649 4561 unum
2681 4513 2779 4571 est,
2811 4516 2857 4558 et
2888 4502 3040 4557 habet
3072 4501 3239 4556 mu'ta
3267 4517 3431 4556 mem-

123 4583 188 4671 et
227 4583 852 4685 ministrationum-qum
885 4583 986 4684 per
1012 4613 1275 4684 Spiritum
1315 4583 1564 4669 saucium
1605 4614 1738 4669 dan-
1769 4583 1816 4643 ί)
1840 4612 1956 4674 bra,
1984 4618 2093 4667 etc.
2122 4605 2305 4677 Usque
2342 4605 2416 4675 ita
2447 4613 2496 4658 et
2520 4600 2762 4657 Christus
2784 4613 2803 4652 :
2826 4597 3105 4664 subaudis,
3157 4614 3285 4654 eum
3326 4598 3430 4655 Ec-

124 4716 243 4763 tur.
280 4704 623 4777 lntclligitur,
665 4704 930 4775 sapientia
959 4706 1011 4759 in
1040 4704 1273 4760 vitandis
1306 4705 1465 4760 malis
1490 4714 1545 4761 et
1573 4721 1739 4776 appe-

126 4795 323 4851 tendis
352 4794 542 4861 bonis,
583 4794 807 4849 scientia
837 4810 967 4849 vero
1006 4795 1058 4849 in
1104 4794 1453 4865 disponendis
1482 4795 1738 4851 ordinan-

121 4891 334 4960 disque
360 4886 632 4944 humanis.
658 4884 873 4941 Etenim
904 4885 1098 4942 fundos
1127 4887 1242 4943 sive
1269 4904 1429 4958 agros
1463 4887 1734 4954 excolere,

127 4982 369 5036 domum
413 4978 708 5050 prudenter
733 4976 1032 5044 :cdifieare,
1074 4977 1332 5033 familiam
1368 4988 1738 5048 competenter

119 5070 419 5135 ordinare,
448 5070 516 5125 ad
553 5067 837 5124 scientiam
865 5068 1080 5123 videtur
1099 5068 1394 5139 pertinere.
1418 5068 1608 5135 Aliter,
1640 5086 1732 5126 sa-

119 5162 348 5234 pientia
383 5160 620 5231 pertinet
646 5159 713 5214 ad
739 5144 1103 5230 cognitionem
1131 5166 1389 5215 aeternam
1415 5174 1522 5231 qua
1558 5161 1736 5217 credi-

120 5268 261 5311 mus
294 5253 466 5308 Deum
494 5236 792 5306 trinitatem
831 5250 1035 5306 habere
1080 5250 1134 5305 in
1173 5249 1443 5320 personis,
1469 5251 1731 5307 unitatem

121 5345 184 5401 in
230 5340 578 5405 substantia;
609 5340 836 5396 scientia
861 5355 992 5397 vero
1027 5339 1389 5395 humanarum
1420 5355 1620 5405 rerum,
1659 5342 1734 5397 si-

123 5444 226 5493 cut
280 5448 453 5504 supra
498 5432 755 5489 diximus.
787 5430 916 5486 Sive
959 5431 1223 5503 sapientia
1262 5440 1379 5498 est,
1428 5432 1728 5488 secundum

121 5524 489 5598 Gregorium,
521 5524 743 5595 quando
768 5524 891 5594 quis
914 5523 1124 5579 Veteris
1149 5510 1484 5579 Testamenti
1519 5532 1576 5579 et
1599 5522 1733 5580 Novi

121 5617 268 5691 legit
291 5613 593 5680 volumina,
623 5621 678 5669 et
703 5612 978 5685 intelligit,
1008 5622 1062 5669 et
1089 5614 1157 5669 ad
1184 5614 1469 5691 utilitatem
1501 5611 1732 5669 aliorum

120 5708 388 5784 exponit,
421 5707 563 5762 sicut
596 5706 990 5779 Hieronymus,
1016 5694 1376 5779 Augustinus,
1412 5706 1651 5764 Hilarius
1678 5716 1734 5764 et

122 5804 249 5876 ipso
291 5797 623 5870 Gregorius;
656 5797 882 5856 scientia
909 5813 1037 5854 vero
1068 5797 1283 5871 quando
1312 5797 1526 5856 illorum
1561 5813 1732 5873 expo-

1840 4704 2005 4759 clcsia
2041 4717 2207 4757 unum
2240 4714 2437 4769 corpus
2465 4704 2567 4752 est.
2599 4694 2695 4751 llis
2721 4685 2902 4749 verbis
2931 4692 3090 4747 docet
3118 4707 3226 4748 non
3249 4691 3434 4766 deberi

1836 4792 2015 4850 inﬂari
2047 4790 2303 4862 quaelibet
2327 4785 2868 4850 adversus-alterum,
2897 4784 3024 4856 quia
3056 4784 3158 4841 etsi
3184 4799 3291 4841 non
3318 4800 3432 4842 ma-
3472 4862 3475 4867 _

1838 4902 2036 4958 gnum,
2069 4894 2249 4940 tamen
2296 4896 2524 4953 parvum
2563 4887 2648 4936 est
2688 4877 2946 4935 Ecclesia:
2990 4879 3318 4934 membrum.
3368 4879 3435 4935 Et

1839 4978 1979 5034 sicut
2014 4975 2197 5030 omnia
2226 4972 2491 5037 membra,
2525 4970 2641 5027 sive
2680 4970 2790 5026 sint
2829 4984 3047 5041 magna,
3078 4969 3194 5025 sive
3240 4983 3429 5040 parva,

1836 5068 1957 5125 'sive
2003 5068 2254 5131 honesta,
2278 5065 2393 5120 sive
2420 5063 2729 5128 inhonesta,
2760 5076 2957 5133 corpus
2988 5060 3282 5116 humanum
3322 5059 3431 5115 ΐοισ-

1839 5169 2030 5226 mant,
2078 5161 2151 5215 ita
2182 5157 2430 5215 homines
2468 5156 2669 5212 diversi
2713 5155 2893 5211 meriti
2927 5170 3090 5209 unam
3127 5154 3429 5214 Ecclesiarn

1836 5252 2127 5316 aediﬁcant,
2151 5260 2206 5306 et
2226 5265 2391 5304 unum
2416 5264 2613 5320 corpus
2634 5246 2837 5304 Christi
2869 5246 3092 5302 faciunt.
3119 5245 3250 5303 Cum
3274 5246 3432 5301 Chri-

1837 5350 1922 5399 sto
1941 5341 2087 5397 euim
2114 5339 2204 5411 qui
2231 5348 2316 5394 est
2336 5347 2498 5409 caput
2520 5336 2793 5401 Ecclesiae,
2820 5337 2932 5408 ipsa
2956 5335 3198 5392 Ecclesia
3223 5334 3424 5392 intelli-

1835 5435 2007 5508 gitur,
2036 5447 2156 5504 qua:
2180 5439 2265 5511 est
2302 5445 2502 5501 corpus
2537 5430 2674 5501 ejus.
2709 5428 2918 5483 Etenim
2955 5428 3012 5484 in
3057 5444 3163 5483 uno
3200 5426 3427 5511 Spiritu,
3460 5484 3473 5511 Δ,

1836 5522 2115 5590 subaudis,
2142 5528 2362 5599 sancto,
2392 5521 2459 5576 de
2482 5536 2592 5591 quo
2618 5520 2879 5590 scriptum
2909 5526 2994 5574 est
3020 5534 3036 5574 :
3067 5517 3189 5591 Ipse
3219 5536 3303 5585 tros
3338 5520 3430 5599 ba:-
3477 5586 3481 5591 τ

1833 5614 2052 5687 ptizabit
2098 5614 2154 5668 in
2184 5592 2389 5685 Spiritu
2435 5622 2616 5667 sancto
2655 5620 2702 5665 et
2745 5612 2862 5682 igne
2899 5608 3115 5684 (Matth.
3159 5609 3276 5683 ut);
3317 5620 3371 5668 et

1838 5684 1961 5771 Nisi
1997 5704 2113 5777 quis
2160 5684 2372 5758 renatus
2417 5703 2573 5773 fuerit
2616 5718 2683 5756 ea:
2719 5718 2859 5773 aqua
2901 5710 2951 5755 et
3000 5700 3200 5781 Spiritu
3244 5684 3453 5773 sancto”

1836 5798 2019 5872 (.loan.
2054 5797 2156 5869 ιιι).
2181 5795 2372 5851 Omnes
2388 5812 2481 5850 nos
2499 5794 2551 5848 in
2573 5786 2730 5849 unum
2755 5811 2941 5877 corpus
2959 5780 3438 5877 b'aptizatisumut,’
3476 5854 3479 5861 _
