3936 6446
505 372 610 429 579

966 313 1322 419 liAYlllONlS
1361 358 1847 421 HALBEBSTAT.
1868 357 2093 417 -EPlSC.

2199 357 2293 414 PP.
2333 355 2516 419 PARS
2553 357 2596 417 Ι.
2623 387 2696 417 —.
2730 355 3086 425 (ὫΜΜΕῌΤ.
3125 357 3297 413 BlBL.

3666 359 3765 418 ξω

506 485 563 540 id
590 491 694 550 est,
715 481 782 536 ad
802 481 906 535 hoc
928 475 1183 548 baptizati
1207 488 1394 535 sumus
1419 480 1487 535 ut;
1506 487 1750 536 essemus
1777 486 1943 533 unum
1970 485 2096 531 cor-
2120 477 2175 537 Α
2199 472 2635 530 abundantiorem
2689 473 3111 535 circumclausus;
3162 472 3484 554 Ignobiliora
3538 476 3765 533 membra

507 592 610 647 pus
634 590 758 632 cum
784 572 961 640 capite
986 578 1172 625 nostro
1201 567 1440 633 Christo,
1463 577 1511 623 et
1540 583 1714 621 omnes
1744 566 1799 620 in
1826 582 1932 620 uno
1962 564 2091 635 Spi-

509 668 616 720 ritu
653 664 820 736 putati
866 677 1068 717 sumus.
1112 658 1279 726 Quasi
1310 657 1517 715 diceret
1549 655 1854 712 :Potionati
1886 669 2092 721 sumus,

509 761 595 819 vel
633 774 798 814 unum
837 756 1098 828 Spiritum
1138 752 1444 824 potavimus
1484 769 1499 805 :
1541 750 1667 820 quia
1706 758 1949 819 tempore
1996 748 2094 802 ha-

505 853 779 924 ptismatis
803 864 995 905 omnes
1010 863 1176 902 unum
1194 844 1454 916 Spiritum
1484 851 1732 900 sanctum
1762 842 2090 911 accepimus.

580 943 723 999 Nam
744 953 793 998 et
819 957 1010 1012 corpus
1034 956 1136 1002 non
1159 934 1759 1002 unum_est,membrum,
1784 935 1874 989 sed
1902 934 2091 1001 multa,

504 1036 635 1106 quia
652 1050 828 1099 unum
862 1033 1165 1089 membrum
1208 1043 1315 1085 non
1363 1027 1495 1082 facit
1532 1042 1752 1097 corpus,
1789 1027 1882 1081 sed
1924 1025 2093 1080 multa

484 1128 679 1186 simul
714 1128 899 1184 nervis
940 1123 1308 1195 conglutinata
1352 1138 1367 1176 :
1416 1119 1496 1175 sic
1548 1134 1736 1175 omnes
1783 1119 2088 1183 credentes,

502 1223 619 1289 sive
663 1220 772 1276 sint
818 1217 1076 1272 sublimes
1115 1216 1238 1270 vita:
1280 1213 1509 1279 merito,
1554 1212 1667 1267 sive
1710 1212 1897 1282 parvi,
1925 1226 2092 1266 unum

501 1324 705 1379 corpus
741 1305 1013 1372 alliciunt,
1049 1302 1451 1376 conglutiuantc
1488 1314 1587 1359 eos
1624 1301 1821 1384 virtute
1858 1299 2093 1371 Spiritus

501 1400 701 1455 sancti.
1002 1451 1007 1457 .
1168 1466 1175 1473 ,
1222 1427 1246 1460 .·
1366 1410 1371 1414 ’
1686 1411 1689 1415 ’

577 1489 637 1548 Si
665 1488 859 1555 dixerit
884 1504 973 1558 pes
998 1499 1016 1538 :
1049 1484 1308 1552 Quoniam
1340 1501 1444 1538 non
1465 1499 1581 1538 sunt
1607 1499 1819 1547 manus,
1849 1499 1951 1535 non
1973 1497 2091 1535 sum

482 1580 567 1635 .de
590 1595 825 1649 corpore,
850 1594 975 1632 num
995 1576 1111 1630 ideo
1133 1593 1235 1630 non
1259 1574 1419 1630 estde
1441 1575 1684 1644 corpore?
1703 1572 2091 1642 luterrogative

502 1682 587 1728 est
624 1670 942 1747 legendum,
968 1678 1023 1724 et
1060 1667 1491 1748 subaudiendum
1534 1664 1725 1735 utique
1754 1664 1820 1718 dc
1863 1676 2092 1733 corpore

501 1770 609 1816 est.
637 1740 819 1831 caput
835 1759 1076 1831 corporis
1099 1758 1203 1822 sui,
1227 1758 1282 1812 id
1305 1767 1389 1813 est
1402 1740 1695 1822 Ecclesiae,
1708 1754 1959 1810 Christus
1984 1762 2088 1821 est.

502 1849 657 1907 Oculi
686 1849 846 1921 hujus
882 1849 1156 1920 corporis,
1195 1847 1419 1918 apostoli
1468 1855 1595 1903 sunt
1624 1845 1991 1916 intelligendi,
2028 1845 2094 1900 de

500 1940 697 2011 quibus
747 1940 948 1996 dicitur
990 1954 1005 1994 :
1058 1937 1394 2003 Pulehriores
1445 1945 1566 1992 sunt
1616 1937 1760 1991 oculi
1815 1937 1930 2008 ejus
1978 1936 2095 1992 uino

482 2032 658 2103 .(Gen.
698 2034 885 2107 sua),
934 2032 1030 2088 sed
1072 2038 1129 2086 et
1169 2030 1552 2101 praedicatores
1598 2028 1692 2100 qui
1728 2028 1830 2102 sibi
1868 2028 2096 2099 aliisque

498 2124 803 2195 spiritualia
844 2123 1160 2195 provident;
1201 2137 1363 2177 aures
1400 2127 1528 2176 sunt
1561 2107 1747 2176 ﬁdeles
1785 2119 2090 2186 auditores;

502 2231 666 2272 nares
683 2255 699 2284 ,
723 2217 818 2287 qui
853 2216 959 2270 vim
988 2214 1331 2269 discretionis
1358 2212 1562 2267 habent
1600 2211 1744 2267 inter
1768 2211 1964 2265 odores
1986 2210 2096 2266 vir-

502 2316 682 2363 tutum
721 2308 1028 2377 fetoresque
1068 2307 1351 2372 vitiorum;
1393 2304 1617 2376 ostiiui
1656 2304 1838 2372 divina
1878 2304 2094 2376 eloquia

410 2451 420 2461 ,
500 2400 623 2456 aliis
648 2407 922 2465 emetant,
950 2398 1005 2454 id
1026 2406 1112 2453 est
1134 2398 1414 2473 doctores;
1444 2411 1659 2463 manus,
1680 2395 1774 2467 qui
1801 2404 2097 2466 operantur

503 2490 646 2545 unde
684 2489 776 2547 alii
794 2488 1249 2563 :vivantipedes,
1277 2488 1368 2557 qui
1401 2488 1455 2543 in
1485 2487 1716 2559 negotiis
1741 2486 2096 2543 saecularibus

500 2581 569 2635 ad
598 2579 885 2635 utilitatem
914 2587 1233 2635 czeterorum
1276 2579 1605 2634 discurrunt.
1658 2576 1715 2632 Si
1747 2577 1944 2632 dixerit
1972 2577 2095 2633 talis

500 2687 621 2744 pes,
648 2688 752 2727 non
776 2688 893 2727 sum
923 2687 1138 2736 manus,
1163 2670 1288 2739 quia
1321 2685 1425 2724 nou
1452 2670 1624 2725 habeo
1658 2670 1803 2739 quod
1833 2669 2090 2736 tribuam,

502 2763 588 2818 vel
628 2777 735 2817 non
776 2776 996 2832 possum
1038 2761 1254 2831 operari
1293 2761 1435 2815 unde
1461 2759 1582 2815 aliis
1606 2760 1805 2815 victum
1836 2760 2091 2824 tribuam,

487 2862 784 2928 propterea
807 2869 912 2928 non
928 2867 1044 2905 sum
1066 2851 1130 2904 de
1157 2866 1371 2920 corpore
1390 2848 1628 2915 Christi,
1656 2864 1760 2904 non
1790 2849 1908 2905 idco
1930 2857 2011 2903 est
2029 2839 2095 2904 de

498 2924 769 3016 corpore?
788 2924 1062 3007 subaudis
1087 2941 1273 3010 utique
1296 2948 1381 2995 est
1405 2940 1471 2995 de
1493 2955 1720 3009 corpore
1746 2938 1968 2995 Christi.
2002 2938 2094 2994 Sic

501 3034 909 3106 intelligendum
944 3032 1010 3088 de
1039 3046 1174 3085 aure
1201 3039 1259 3085 et
1286 3029 1465 3097 oculo,
1496 3030 1752 3108 quoniam
1791 3029 1918 3085 licet
1948 3029 2095 3084 dicat

500 3127 687 3184 bonus
709 3125 924 3181 auditor
949 3143 963 3179 :
996 3123 1122 3179 Non
1151 3139 1268 3178 sum
1299 3122 1483 3179 oculus
1502 3163 1515 3190 ,
1543 3122 1598 3179 id
1633 3131 1718 3180 est
1744 3122 2090 3201 praedicator,

478 3204 559 3278 Ῡει
588 3224 873 3288 propterea
902 3232 1005 3270 non
1023 3231 1140 3269 sum
1155 3213 1218 3268 de
1232 3229 1448 3284 corpore
1463 3211 1684 3279 Christi,
1709 3227 1813 3265 non
1845 3209 1963 3265 ideo
1982 3224 2092 3266 non
2116 3204 2123 3237 ³

512 3308 622 3361 erit
663 3322 676 3361 :
721 3306 815 3362 sed
846 3305 951 3367 erit
993 3305 1058 3371 de
1098 3319 1327 3374 corpore
1364 3298 1588 3357 Christi.
1638 3302 1936 3357 hlembrum
1989 3300 2096 3356 erit

512 3397 791 3452 Ecclesiae.
1122 3382 1129 3389 ’
1164 3415 1168 3419 ⁴
1341 3434 1347 3440 ρ
1548 3460 1551 3461 ν
1646 3460 1651 3463 _

580 3489 739 3543 Nunc
787 3497 962 3542 autem
1000 3488 1170 3557 posuit
1208 3486 1351 3540 Deus
1389 3484 1655 3550 membra,
1678 3487 2095 3559 unumquodque

488 3595 683 3639 eorum
726 3580 782 3632 in
828 3594 1042 3648 corpore
1085 3578 1218 3632 sicut
1258 3575 1457 3641 voluit,
1491 3575 1687 3646 quibus
1729 3577 1910 3651 verbis
1955 3578 2095 3633 tollit

502 3668 1005 3741 prmsumptionem,
1025 3683 1093 3723 ne
1113 3668 1233 3738 quis
1251 3667 1454 3747 donum
1484 3666 1760 3736 Dei'putet
1790 3683 1948 3724 suum
1979 3684 2094 3747 me;-

503 3763 688 3816 ritum.
722 3759 976 3829 Quisquis
1007 3759 1149 3814 enim
1178 3760 1230 3814 in
1251 3744 1500 3814 Ecclesia
1530 3768 1614 3814 est
1653 3760 1860 3825 oculus,
1894 3777 1926 3816 a
1959 3744 2090 3835 Deo,

499 3865 560 3911 et
597 3870 702 3911 non
746 3870 777 3909 a
824 3868 914 3919 se,
965 3851 1141 3910 factus
1186 3861 1269 3908 est
1313 3852 1521 3921 oculus,
1554 3851 1646 3921 Sic
1673 3862 1729 3909 et
1769 3854 1835 3910 de
1880 3857 2093 3914 caneris

494 3944 906 4019 intelligendum
934 3943 1213 3999 membris.
1246 3941 1386 3998 Hinc
1414 3943 1569 3998 enim
1616 3943 1693 3998 ait
1711 3960 1734 4011 ,ε
1776 3942 1918 4010 Quid
1953 3946 2091 4002 enim

492 4037 658 4092 habes
684 4038 824 4109 quod
844 4048 954 4092 non
979 4036 1221 4108 accepisti
1252 4035 1305 4107 (I
1330 4033 1453 4090 Cor.
1484 4035 1596 4107 tv)?
1769 4080 1777 4086 .
1822 4104 1827 4111 ι

575 4129 728 4196 Quod
770 4129 816 4183 si
859 4137 1026 4183 essent
1077 4129 1283 4195 omnia,
1331 4128 1589 4185 subaudis
1619 4128 1899 4197 membra,
1928 4148 2092 4187 unum

500 4221 813 4286 membrum,
840 4218 928 4272 ubi
961 4234 1171 4286 corpus,
1201 4216 1457 4273 subaudis
1482 4224 1649 4283 esset,
1672 4220 1817 4288 quod
1847 4234 1953 4274 non
1982 4206 2093 4275 uno

503 4310 750 4366 membro
777 4348 792 4379 ,
836 4307 931 4376 sed
973 4307 1232 4383 varietate
1268 4308 1643 4377 membrorum
1680 4316 1909 4364 constat.
1939 4309 2003 4363 Et
2045 4310 2091 4366 si

503 4412 693 4455 omnes
724 4406 907 4455 essent
935 4398 1083 4454 auris
1110 4382 1203 4454 aut
1229 4399 1436 4466 oculus,
1469 4400 1521 4455 id
1559 4409 1644 4456 est
1673 4400 1948 4458 auditores
1973 4409 2093 4459 tau-

2194 566 2392 636 quibus
2418 565 2872 624 abundantiorem
2913 565 3174 620 honorem
3205 564 3766 633 circumdamus,.sunt

2195 672 2387 715 manus
2411 665 2465 713 et
2485 658 2679 729 pedes,
2705 659 2902 728 quibus
2931 646 3249 713 ornamenta
3287 657 3765 724 calceamentorum

2192 744 2639 818 armillarumque
2670 746 3031 813 adhibemus;
3081 754 3131 801 et
3182 763 3300 816 qua:
3340 747 3617 802 inhonesta
3659 758 3765 807 aut

2194 846 2408 902 nostra,
2445 836 2880 890 abundantiorem
2914 836 3235 890 honestatem
3258 836 3469 892 habent.
3497 837 3764 895 Inhonesta

2194 938 2378 987 nostra
2429 939 2555 986 sunt
2595 931 2853 995 verenda,
2880 945 3002 1000 quae
3027 931 3463 987 verecundamur
3480 934 3654 990 videri
3677 952 3763 992 nu-

2195 1021 2296 1086 da,
2338 1022 2536 1091 quibus
2589 1022 3036 1077 abundantiorem
3092 1023 3433 1092 honestatem
3482 1024 3762 1095 pra:me

2195 1115 2532 1172 diversorum
2564 1110 2809 1172 colorum
2844 1115 3119 1181 vestibus_._
3222 1178 3231 1186 ,

2190 1270 2201 1283 .
2267 1228 2504 1287 Honesta
2537 1226 2710 1286 autem
2741 1225 2944 1297 nostra,
2987 1230 3040 1289 id
3087 1238 3171 1286 est
3199 1232 3363 1300 oculi,
3401 1248 3568 1290 nares
3598 1243 3652 1289 et
3674 1250 3763 1291 ca:-

2194 1318 2310 1380 bém
2338 1323 2496 1389 talia,
2524 1317 2729 1377 nullius
2764 1331 2911 1392 egent
2958 1323 3260 1378 ornamenti
3293 1341 3306 1376 :
3339 1323 3433 1378 sed
3444 1356 3449 1363 »
3471 1323 3617 1378 Deus
3655 1334 3763 1379 teu-

2189 1414 2407 1486 peravit,
2439 1413 2492 1469 id
2519 1420 2607 1468 est
2630 1412 2934 1478 fabricavit,
2958 1430 3172 1484 corpus,
3202 1415 3492 1470 tribuendo
3519 1415 3765 1470 honorem

2190 1506 2239 1561 ei
2267 1506 2511 1561 membro
2546 1504 2634 1559 cui
2670 1505 2880 1571 deerat,
2913 1504 3168 1559 subaudis
3206 1504 3404 1570 honor,
3434 1504 3765 1559 abundantio-

2189 1612 2315 1653 ταπ-
2335 1596 2631 1662 tribuendo,
2672 1596 2726 1651 id
2753 1603 2860 1651 est
2883 1596 3233 1652 extrinsecus
3252 1595 3505 1657 adhibuit
3530 1596 3765 1660 membro

2190 1690 2460 1755 honorem,
2498 1702 2596 1760 per
2623 1688 3051 1744 additamentum
3075 1689 3307 1744 vestium
3338 1698 3398 1745 et
3436 1696 3765 1744 ornamento-

2122 1821 2171 1882 Β
2196 1796 2338 1848 rum,
2367 1779 2623 1852 quoniam
2641 1795 2761 1838 .non
2788 1781 2951 1839 habet
2972 1779 3211 1835 insitum.
3230 1792 3332 1850 per
3360 1790 3576 1835 naturae
3602 1781 3763 1835 decus.

2268 1892 2336 1947 Ut
2362 1908 2466 1946 non
2493 1893 2559 1947 sit
2591 1893 2839 1959 schismn,
2868 1892 2923 1948 id
2960 1899 3045 1946 est
3068 1891 3284 1958 divisio,
3308 1892 3365 1947 in
3400 1908 3644 1963 corpore,
3671 1892 3767 1963 qui-

2195 1983 2417 2038 busdam
2467 1983 2727 2039 membris
2767 1983 3030 2054 pulchris,
3069 1983 3391 2055 quibusdam
3439 1984 3766 2041 manentibus

2190 2073 2518 2136 inhonestis,
2549 2074 2645 2129 sed
2674 2074 2746 2129 sit
2771 2088 2966 2144 corpus
2991 2072 3107 2142 jam
3137 2082 3309 2130 totum
3334 2074 3654 2141 honestum,
3678 2085 3764 2129 tam

2194 2171 2412 2229 natura,
2445 2179 2609 2234 quam
2640 2173 3084 2220 ornamentorum
3108 2164 3302 2236 gratia,
3331 2166 3425 2220 sed
3454 2167 3510 2220 in
3533 2166 3766 2236 idipsm,

2192 2256 2248 2312 id
2276 2266 2361 2313 est
2388 2256 2729 2323 alterutrum,
2756 2274 2848 2328 per
2882 2258 3107 2313 invicem
3131 2257 3365 2314 sollicita
3392 2260 3501 2314 sint
3528 2259 3765 2319 membra.

2192 2347 2336 2403 sicut
2370 2346 2558 2403 oculus
2588 2348 2697 2404 toti
2724 2347 2942 2420 corpori
2972 2348 3151 2414 videt,
3191 2356 3248 2404 et
3289 2364 3386 2419 pes
3429 2349 3532 2404 toti
3571 2349 3764 2419 corpori

2188 2439 2455 2506 ‘ambulat,
2487 2448 2594 2495 etc.
2614 2458 2621 2467 ν
2894 2458 2899 2464 ’
3048 2464 3053 2468 ο

2277 2551 2378 2607 Vos
2425 2563 2596 2608 autem
2648 2552 2769 2609 estis
2816 2569 3005 2623 corpus
3060 2548 3278 2618 Christi,
3321 2562 3374 2606 et
3428 2554 3666 2609 membra
3713 2554 3765 2608 tle

2192 2644 2445 2698 membro.
2487 2642 2642 2698 Sicut
2683 2643 2749 2698 de
2783 2643 3011 2698 humero
3050 2644 3296 2713 procedit
3322 2644 3564 2709 cubitus,
3597 2660 3766 2703 manus

2194 2743 2250 2789 et
2273 2734 2460 2805 digiti,
2491 2742 2546 2788 et
2583 2733 2649 2789 de
2676 2749 2814 2789 coxa
2845 2733 3024 2799 tibia),
3064 2733 3230 2805 pedes
3269 2742 3323 2790 et
3363 2735 3620 2800 articuli,
3650 2736 3766 2790 sicut

2186 2816 2318 2904 :sunt
2344 2834 2557 2896 sumpta
2604 2826 2845 2882 membra
2890 2827 2956 2882 de
2978 2827 3243 2893 membro,
3284 2827 3338 2883 id
3366 2836 3455 2882 est
3486 2814 3767 2898 pendentes

2194 2941 2259 2981 ex
2292 2925 2392 2981 sibi
2422 2902 2692 2997 praelatis:
3314 2914 3315 2917 η

2264 3015 2508 3070 Primum
2556 3017 2736 3087 posuit
2781 3017 2925 3075 Deus
2966 3019 3240 3088 apostolos
3285 3019 3341 3075 in
3390 3018 3661 3087 Ecclesia,
3692 3022 3765 3092 qui

2194 3105 2312 3161 vice
2337 3105 2537 3162 Christi
2566 3107 2727 3177 positi
2755 3117 2881 3164 sunt
2906 3108 2959 3167 in
2983 3100 3245 3183 Ecclesia,
3271 3102 3416 3175 Sicut
3452 3112 3531 3166 ait
3552 3112 3764 3183 Aposto-

2190 3182 2320 3252 lus:
2357 3197 2719 3254 Obsecramus
2745 3214 2844 3270 per
2866 3198 3164 3269 Christum,
3211 3202 3265 3257 id
3310 3211 3396 3258 est
3420 3188 3542 3259 vice
3586 3182 3767 3259 Christi

2194 3288 2618 3353 reconciliamini
2646 3290 2774 3346 Deo.
2811 3290 3014 3347 Horum
3043 3293 3162 3349 vice
3187 3293 3468 3364 subrogati
3510 3304 3639 3349 sunt
3670 3295 3765 3365 epi-

2195 3380 2365 3451 scopi.
2392 3378 2499 3436 Sed
2523 3378 2750 3449 apostoli
2772 3396 2836 3436 ex
2857 3388 3128 3454 praecepto
3150 3381 3362 3438 Domini
3387 3384 3769 3454 compellebatu-

2194 3480 2285 3526 tur
2307 3472 2539 3527 transire
2567 3471 2632 3527 de
2659 3488 2825 3544 regno
2857 3474 2911 3528 in
2940 3489 3161 3545 regnum
3198 3491 3211 3528 :
3242 3475 3485 3547 episcopi
3517 3492 3654 3531 vero
3675 3476 3768 3531 suis

2193 3564 2248 3620 in
2276 3555 2534 3622 Ecclesiis
2569 3566 2891 3622 auctoritate
2934 3567 3194 3623 canonica
3240 3569 3484 3624 residere
3525 3567 3769 3636 jubentiu-

2192 3648 2261 3712 ch
2287 3655 2574 3712 utilitatem
2599 3654 2701 3711 sibi
2728 3654 3175 3729 commissorum;
3200 3659 3485 3729 prophetas
3512 3667 3672 3713 vocat
3692 3657 3768 3727 qui

2193 3746 2374 3802 futura
2428 3747 2751 3818 praedicunt,
2784 3738 3160 3819 sicutAgahus
3183 3759 3238 3804 et
3262 3750 3365 3821 ipsi
3391 3751 3645 3822 apostoli,
3675 3736 3771 3805 Sive

2190 3839 2282 3910 qui
2307 3839 2693 3910 prophetarum
2720 3839 2863 3895 dicta
2886 3840 3222 3909 edisserunt;
3244 3841 3509 3907 doctores,
3544 3842 3640 3914 qui
3662 3855 3769 3913 par-

2190 3927 2344 3984 vulos
2369 3929 2652 3995 erudiunt;
2679 3930 2896 3984 virtutes
2913 3970 2928 3995 ,
2952 3930 3046 4000 qui
3070 3929 3341 3986 daemones
3369 3931 3624 4002 ejiciunt,
3649 3932 3769 3985 alia-

2192 4036 2296 4093 que
2324 4020 2581 4077 miracula
2611 4020 2845 4090 faciunt;
2868 4023 3071 4094 gratias
3099 4025 3452 4090 curationum,
3488 4024 3583 4096 qui
3631 4025 3767 4081 iutirb

2192 4129 2310 4168 mos
2339 4114 2555 4168 sanitati
2583 4114 2903 4181 restituunt;
2936 4114 3325 4187 opitulationes,
3355 4118 3448 4188 qui
3478 4118 3664 4173 verbis
3687 4123 3767 4171 aut

2192 4197 2349 4272 factis
2376 4204 2706 4260 auxiliantur
2733 4203 2852 4260 aliis
2876 4220 2891 4271 ;
2922 4204 3341 4275 gubernationes,
3371 4207 3517 4262 sicut
3546 4208 3601 4262 in
3642 4222 3766 4278 pra:-

2191 4293 2318 4351 latis
2361 4305 2416 4352 et
2445 4284 2685 4367 regibus;
2726 4297 2993 4368 episcOpis
3032 4308 3128 4354 aut
3152 4293 3420 4365 ducibus;
3451 4316 3649 4371 genere
3680 4299 3769 4354 lin~

2192 4405 2439 4465 gnarum,
2472 4389 2616 4445 sicut
2644 4390 2699 4445 in
2723 4390 2946 4446 exordio
2971 4390 3116 4446 ﬁdei.
3192 4434 3195 4437 .

505 4503 619 4549 tum
673 4501 767 4549 aut
829 4492 1210 4563 praedicatores
1235 4533 1250 4558 ,
1308 4492 1578 4578 quomodo
1630 4500 1776 4562 esset
1833 4486 2090 4550 Ecclesia:
2117 4521 2170 4582 ο
2267 4489 2522 4562 Nunquid
2547 4506 2721 4545 omnes
2741 4490 3183 4563 interpretantur!
3208 4489 3546 4560 Scripturas,
3570 4502 3631 4547 ut
3657 4491 3807 4547 [lie-0

501 4587 731 4656 corpus,
782 4600 909 4643 cum
958 4600 1065 4641 non
1110 4593 1391 4643 constaret
1436 4586 1806 4642 membrorum
1836 4587 2091 4657 _varieta-
2194 4597 2470 4654 ronymus.

493 4669 684 4741 ,tibus?
846 4704 847 4707 η
930 4732 935 4737 _

496 4813 503 4819 .
583 4766 705 4821 Non
745 4772 908 4835 potest
942 4774 1117 4831 autem
1152 4765 1325 4835 dicere
1348 4766 1530 4822 oculus
1558 4768 1740 4821 manui
1759 4782 1779 4821 :
1804 4766 1977 4840 Opera
2003 4779 2093 4826 tuo

505 4874 615 4925 non.
639 4858 867 4928 indigeo,
894 4855 1148 4927 quoniam
1182 4857 1503 4931 prtedicator
1540 4858 1766 4929 quilibet
1799 4860 1940 4914 victu
1975 4868 2097 4933 eget

498 4967 570 5019 ex
612 4952 811 5017 labore,
840 4950 1055 5006 illorum
1088 4951 1182 5020 qui
1223 4951 1572 5029 designantur
1604 4968 1703 5025 per
1742 4971 1935 5011 manus
1955 4995 1973 5020 ,
2001 4966 2095 5011 aut

504 5044 697 5097 iterum
720 5052 876 5113 caput
898 5042 1150 5114 pedibus:
1169 5040 1290 5098 Non
1316 5045 1435 5100 estis
1457 5046 1585 5105 mihi
1606 5050 1904 5121 necessarii,
1929 5057 1983 5103 et
2005 5049 2094 5105 ille

504 5132 601 5204 qui
636 5140 832 5204 prazest
882 5133 1129 5199 subditis,
1167 5150 1273 5189 non
1313 5144 1491 5207 potest
1520 5137 1699 5193 dicere
1728 5138 1784 5193 in
1814 5139 2095 5210 temporali

507 5224 757 5278 discursu
792 5222 906 5277 suis
948 5224 1177 5296 subditis
1197 5264 1214 5289 ,
1238 5240 1362 5280 cum
1400 5224 1588 5282 eorum
1619 5243 1782 5297 opera
1815 5229 2048 5300 indigeat
2077 5248 2093 5285 :

512 5315 634 5369 Non
660 5314 782 5369 estis
807 5315 936 5367 mihi
967 5318 1269 5371 necessarii.

579 5406 687 5462 Sed
728 5406 892 5462 multo
933 5412 1100 5481 magis
1144 5427 1262 5482 qum
1308 5412 1549 5477 ridentur
1591 5412 1820 5466 membra
1866 5416 2099 5486 corporis

506 5490 805 5567 inﬁrmiora
828 5515 958 5566 esse,
990 5501 1129 5556 sicut
1164 5488 1484 5570 pedessrrnt
1513 5509 1567 5557 et
1595 5518 1806 5569 manus,
1834 5520 1952 5575 qua:
1981 5507 2099 5563 vili-

509 5588 610 5643 bus
653 5587 955 5659 quibusque
1013 5588 1333 5647 ministeriis
1389 5591 1729 5660 deserviunt,
1790 5596 2101 5651 necessaria

506 5688 636 5736 sunt
664 5696 677 5733 :
709 5681 834 5750 quia
862 5698 958 5750 pro
987 5691 1096 5738 toto
1117 5699 1344 5753 corpore
1370 5694 1692 5753 operantur;
1722 5697 1768 5742 et
1799 5704 1916 5757 qua?
1944 5700 2099 5759 puta-

508 5786 627 5823 mus
672 5770 982 5840 ignobiliora
1027 5776 1392 5850 esseptcmbra
1446 5764 1698 5848 corporis,
1723 5777 1803 5834 his
1847 5781 2094 5851 honorent

2264 4683 2620 4759 Emulamini
2666 4694 2842 4740 autem
2899 4685 3221 4741 charismata
3272 4686 3495 4741 meliora
3520 4726 3539 4751 ,
3589 4686 3768 4758 quibus

2194 4777 2377 4849 verbis
2397 4777 2646 4848 ostendit
2677 4778 2969 4861 Apostolus
3002 4778 3141 4833 bona
3186 4792 3308 4833 esse
3354 4780 3689 4861 supradicta,
3722 4777 3772 4832 id

2196 4876 2281 4943 est
2316 4868 2685 4938 prophetiam,
2715 4860 3017 4925 doctrinam
3037 4907 3052 4936 ,
3083 4867 3403 4939 ejectionem
3449 4869 3768 4932 damonutn,

2199 4965 2309 5012 etc.
2362 4955 2469 5012 Sed
2523 4957 2630 5012 ista
2681 4972 2801 5027 quae
2849 4960 3283 5029 subsequuntur,
3330 4959 3562 5015 meliora
3618 4969 3770 5023 sunt,

2201 5055 2461 5117 quantum
2502 5048 2571 5102 ad
2603 5048 2890 5103 utilitatem
2924 5049 3221 5105 electorum
3248 5050 3447 5105 attinet
3478 5069 3493 5104 :
3534 5051 3658 5123 quia
3682 5064 3772 5121 per

2200 5144 2289 5200 illa
2313 5143 2562 5214 superius
2591 5144 2764 5214 posita
2802 5152 3011 5199 tantum
3043 5142 3139 5199 Dei
3164 5143 3577 5200 demonstratur
3598 5154 3773 5216 poten-

2202 5235 2309 5298 tia,
2358 5249 2453 5304 per
2501 5232 2655 5305 cujus
2707 5234 2941 5289 nominis
2981 5234 3235 5291 virtutem
3286 5246 3343 5289 et
3384 5224 3771 5293 invocationem

2198 5328 2356 5383 ﬁunt.
2401 5326 2505 5382 Per
2541 5328 2653 5382 haec
2681 5336 2892 5394 autem,
2922 5327 2976 5383 id
3004 5335 3089 5384 est
3120 5329 3478 5401 charitatem,
3512 5330 3696 5395 ﬁdem,
3721 5336 3774 5383 et

2199 5433 2349 5489 spem
2381 5419 2616 5474 hominis
2648 5419 3129 5497 justitia_constat.
3168 5419 3563 5487 Gloriabautur
3595 5420 3773 5478 Corin-

2201 5510 2296 5565 thii
2326 5510 2481 5579 quasi
2510 5525 2776 5565 summam
2800 5510 3026 5581 iustitiae
3052 5512 3352 5578 haberent,
3384 5526 3449 5568 eo
3473 5515 3619 5583 quod
3654 5510 3773 5583 qui-

2198 5599 2322 5655 dam
2348 5599 2564 5655 illorum
2589 5599 2853 5655 dmmonia
2881 5598 3157 5669 ejicerent,
3188 5601 3421 5673 gratiam
3442 5603 3772 5658 curationum

2197 5689 2429 5747 inﬁrmis
2455 5690 2822 5760 impartirent;
2856 5691 2949 5747 sed
2975 5691 3215 5749 ostendit
3237 5691 3527 5763 Apostolus
3560 5692 3774 5747 meliora

2198 5781 2405 5849 deesse,
2433 5791 2487 5839 et
2517 5783 2720 5841 idcirco
2747 5781 3019 5853 perfectos
3047 5783 3284 5840 nondum
3309 5798 3445 5850 esse,
3470 5798 3632 5855 atque
3658 5784 3775 5838 ideo
