3936 6438
184 362 276 419 581

867 365 1230 423 EXPOSITIO
1264 367 1332 424 ΙΝ
1371 368 1522 424 ΕΡΡ.
1567 367 1625 424 S.
1663 367 1749 423 PA

1860 369 1890 423 ι.
1930 401 1997 410 -
2037 373 2104 426 ΙΝ
2142 375 2361 433 EPIST.
2404 379 2422 434 Ι
2463 379 2554 434 AD
2593 377 2752 434 COR.

3355 386 3462 443 582

182 481 426 536 hortatur
464 494 587 545 eos,
619 479 808 536 dicens
851 498 862 534 :
905 481 1260 538 /Emulamini
1299 484 1619 539 charismata
1657 499 1768 536 me-
1799 487 1845 547 Α
1875 493 1979 540 tur.
2012 486 2114 555 Qui
2145 505 2273 546 vero
2301 491 2582 548 charitatis
2608 501 2936 564 praeceptum
2967 505 3206 562 exercet,
3234 496 3459 566 jnvante

181 572 331 634 liora,
369 571 421 624 id
451 580 534 625 est
563 571 703 626 dona
732 572 1030 642 gratiarum
1060 573 1282 628 meliora
1314 592 1328 630 :
1358 590 1486 629 nam
1516 572 1767 643 superius

179 661 452 732 praemissa
484 670 710 730 possunt
746 662 948 716 habere
977 663 1102 717 mali
1129 679 1250 718 cum
1286 663 1464 732 bonis,
1498 665 1636 719 sicut
1669 662 1767 718 Ju-

181 755 274 808 das
308 754 584 822 apostolus
627 753 728 807 fuit
761 772 772 807 :
809 754 1063 824 Caiphas,
1095 754 1232 809 sicut
1264 763 1320 809 et
1349 746 1598 820 Balaam,
1642 772 1766 812 cum

180 854 320 900 esset
350 845 543 910 malus,
589 847 951 916 prophetavit.
985 846 1136 900 Multi
1165 847 1216 901 in
1243 846 1328 902 die
1350 847 1537 916 judicii
1571 849 1765 904 dicturi

180 944 304 992 sunt
335 953 347 989 :
383 935 623 1001 Domine,
658 952 828 990 nonne
858 937 909 990 in
947 938 1154 991 nomine
1181 947 1270 990 tuo
1313 939 1763 1009 prophetavimus,

178 1037 222 1081 et
266 1027 318 1082 in
355 1027 565 1081 nomine
610 1036 702 1082 tuo
740 1027 932 1082 multas
964 1029 1177 1082 virtutes
1209 1029 1448 1097 fecimus,
1485 1042 1530 1084 et
1563 1033 1763 1086 dit-mo-

180 1117 264 1172 nia
304 1118 555 1188 ejecimus
587 1118 802 1188 (Matth.
836 1119 970 1189 vn)?
1000 1121 1093 1174 sed
1125 1122 1361 1176 audituri
1407 1131 1535 1176 sunt
1560 1141 1572 1176 :
1600 1123 1765 1179 Amen

177 1207 290 1261 dico
312 1207 472 1273 vobis,
500 1210 671 1263 nescio
694 1227 781 1264 eos
809 1209 1024 1279 (Matth.
1047 1218 1197 1281 xxv).
1225 1212 1288 1265 Et
1321 1213 1492 1266 adhuc
1515 1213 1766 1268 excellen-

99 1320 105 1327 ·
176 1299 354 1353 tioretn
388 1301 524 1354 viam
559 1302 700 1356 vobis
743 1303 1060 1357 demonstro.
1093 1304 1197 1359 Per
1243 1321 1405 1375 quam
1449 1306 1765 1376 intelligitur

175 1393 431 1458 charitas,
465 1395 518 1449 in
547 1412 655 1466 quo
684 1407 953 1468 praecepto
979 1401 1219 1454 universa
1249 1399 1332 1454 lex
1359 1400 1544 1469 pendet
1571 1410 1616 1454 et
1641 1419 1762 1471 pro-

173 1487 336 1554 pheta:
358 1487 573 1557 (Matth.
604 1491 758 1559 xxu).
788 1477 917 1556 Q'uaa
943 1492 1098 1546 nobis
1123 1493 1208 1546 via
1232 1492 1484 1557 ellicitur,
1515 1494 1641 1562 quia
1667 1509 1764 1563 per

172 1591 288 1630 eam
319 1578 385 1631 ad
411 1580 640 1646 patriam
668 1580 946 1636 cmlestem
977 1583 1310 1652 pervenitur.
1342 1584 1508 1654 Cujus
1549 1587 1759 1656 magni-

173 1669 412 1726 tudinem
441 1673 636 1727 amodo
663 1673 850 1742 incipit
878 1689 1174 1744 exponere,
1207 1677 1458 1744 inquiens
1485 1694 1500 1729 :

757 1823 983 1879 CAPUT
1039 1825 1170 1880 Xlll.

233 1953 295 2011 Si
341 1957 534 2028 linguis
575 1959 846 2014 hominum
875 1961 1063 2034 loquar
1089 1974 1136 2016 et
1166 1965 1493 2035 angelorum,
1526 1970 1758 2022 charita-

164 2056 262 2101 tem
295 2058 470 2103 autent
499 2066 601 2104 non
630 2053 849 2106 habeam
877 2069 894 2104 :
925 2055 1133 2111 inutilis
1170 2073 1308 2112 smn.
1342 2059 1466 2114 Ha'c
1497 2064 1657 2116 verba
1690 2078 1758 2116 cx

166 2141 536 2210 superioribus
555 2144 781 2213 apostoli
802 2147 980 2202 verbis
1000 2151 1254 2218 pendent,
1271 2152 1362 2205 ubi
1383 2153 1543 2207 dicit:
1563 2153 1760 2208 Αῖηιιι-

69 2301 82 2311 δ
166 2231 350 2288 lumini
370 2233 690 2289 charismata
710 2237 930 2293 meliora
958 2239 1007 2309 (I
1033 2238 1158 2298 Cor.
1183 2242 1306 2313 xu),
1331 2253 1437 2300 etc.
1469 2244 1526 2301 Si
1560 2245 1757 2315 linguis

164 2327 406 2380 omnium
450 2326 730 2382 hominum
765 2327 978 2399 loquar,
1009 2335 1347 2405 septuaginta
1378 2335 1588 2392 scilicet
1623 2338 1756 2394 dua-

163 2416 278 2484 bus,
322 2433 444 2488 qute
478 2419 665 2474 divisa:
693 2429 824 2475 sunt
867 2422 922 2476 in
965 2424 1322 2482 :edilicatione
1369 2428 1554 2494 turris,
1604 2438 1660 2486 et
1706 2429 1754 2484 si

162 2505 362 2578 linguis
391 2509 555 2564 etiam
585 2511 898 2581 angelorum
949 2513 1142 2584 loquar
1179 2525 1235 2570 et
1279 2517 1604 2573 charitatem
1646 2535 1755 2575 non

162 2601 414 2667 habeam,
447 2603 788 2660 dilectionem
813 2605 1064 2662 videlicet
1105 2609 1199 2664 Dei
1238 2620 1292 2665 et
1335 2613 1588 2682 proximi,
1619 2614 1754 2670 nihil

164 2709 303 2748 sum.
351 2694 506 2761 Quod
553 2697 684 2750 dicit
721 2697 866 2767 loqui
909 2701 1224 2771 angelorum
1278 2702 1502 2776 linguis,
1551 2706 1753 2762 intelli-

155 2785 300 2853 gitur
330 2788 397 2839 ad
425 2789 858 2857 exaggerandum
888 2790 989 2845 hoc
1013 2793 1157 2862 quod
1193 2793 1408 2849 volebat
1442 2798 1751 2864 ostendere,

157 2877 404 2943 posuisse
436 2879 718 2935 charitatis
743 2881 949 2936 scilicet
975 2882 1082 2936 vim
1111 2901 1122 2936 :
1155 2885 1421 2953 siquidem
1453 2887 1625 2956 angeli
1654 2902 1754 2944 nec

157 2965 402 3038 linguam
465 2985 566 3024 nec
611 2971 851 3040 palatum
903 2973 985 3026 vel
1034 2974 1222 3029 dentes
1274 2975 1510 3044 habent,
1569 2989 1756 3049 utpote

157 3058 403 3126 spiritus,
433 3061 629 3129 quibus
661 3063 820 3116 verba
877 3062 1130 3118 forment.
1163 3065 1389 3132 Quando
1421 3083 1549 3124 vero
1585 3085 1752 3140 appa-

155 3160 271 3205 rent
311 3151 653 3218 hominibus,
684 3156 913 3225 sumptis
957 3158 1278 3227 corporibus
1323 3161 1518 3226 aeriis,
1560 3177 1753 3217 secun-

1871 593 1928 634 se
1960 579 2071 634 Deo
2097 590 2372 650 operatur.

1941 672 2010 727 Et
2036 675 2081 728 si
2109 674 2340 729 habuero
2367 677 2708 746 prophetiam,
2740 675 2991 734 videlicet
3015 687 3075 733 ut
3105 679 3282 736 futura
3313 697 3454 751 prte-

1871 767 2084 833 dicam,
2129 767 2269 822 sicut
2309 767 2530 822 Balaam
2571 769 2661 838 qui
2706 770 3051 842 prophetavit
3091 773 3158 828 de
3194 772 3451 830 Christo:

1871 857 2085 913 Orietur
2109 859 2262 913 stella
2296 876 2360 913 ex
2394 859 2580 925 Jacob,
2628 869 2682 916 et
2727 873 2980 935 exsurget
3027 866 3130 920 hoc
3177 867 3241 920 de
3286 866 3457 924 Israel

1870 950 2059 1021 (Num.
2089 951 2269 1023 xxrv);
2304 962 2351 1005 et
2383 953 2610 1005 noverim
2641 956 2886 1023 mysteria
2917 959 3118 1023 omnia,
3152 959 3203 1013 id
3232 969 3334 1024 est,
3365 975 3452 1016 se-

1870 1049 2017 1096 creta
2045 1041 2256 1098 Veteris
2297 1053 2352 1099 et
2391 1043 2524 1099 Novi
2556 1045 2918 1110 Testamenti,
2959 1057 3007 1100 et
3043 1065 3244 1102 omnem
3283 1052 3454 1105 scien-

1868 1135 2016 1201 tiam,
2040 1135 2091 1189 id
2107 1145 2187 1191 est
2205 1137 2450 1192 notitiam
2469 1148 2576 1192 tam
2595 1137 2902 1193 divinarum
2917 1155 3079 1209 quam
3095 1143 3453 1201 humanarum

1868 1241 2074 1292 rerum,
2104 1236 2152 1281 et
2179 1227 2224 1281 si
2251 1227 2482 1282 habuero
2509 1245 2711 1282 omnem
2736 1229 2915 1298 ﬁdem,
2945 1230 2998 1285 id
3023 1241 3126 1296 εει,
3154 1233 3453 1302 perfectam

1865 1325 1921 1370 et
1964 1316 2259 1389 integram,
2305 1333 2426 1396 quae
2466 1335 2495 1372 a
2538 1320 2766 1376 Domino
2797 1337 2970 1390 grano
2999 1323 3204 1394 sinapis
3234 1340 3456 1396 compa-

1866 1414 2039 1474 ratur,
2069 1423 2176 1463 non
2205 1417 2427 1479 propter
2456 1409 2822 1465 modicitatem
2842 1452 2855 1475 ,
2901 1412 2996 1468 sed
3025 1422 3247 1484 propter
3276 1414 3455 1471 fervo-

1867 1511 2018 1552 rem:
2060 1498 2186 1568 quia
2227 1499 2413 1554 tritum
2460 1500 2775 1556 manifestat
2804 1504 2958 1576 cujus
2989 1507 3061 1560 sit
3090 1507 3310 1577 vigoris.
3361 1507 3455 1566 Sic

1863 1595 1917 1642 et
1944 1588 2076 1644 ﬁdes
2107 1589 2231 1644 trita
2263 1590 2684 1647 adversitatibus
2728 1595 2964 1649 ostendit
3017 1595 3172 1666 cujus
3201 1597 3272 1652 sit
3300 1597 3454 1655 forti-

1863 1678 2085 1734 tudinis.
2119 1679 2206 1735 Ita
2234 1689 2290 1734 ut
2320 1691 2516 1736 montes
2546 1683 2886 1754 transferam,
2911 1686 2978 1742 de
3006 1687 3126 1744 loco
3152 1690 3221 1744 ad
3250 1690 3452 1759 locum,

1863 1768 1947 1823 vel
1976 1770 2247 1827 daimones
2277 1787 2305 1825 a
2335 1773 2666 1842 patientibus
2691 1775 2936 1845 ejiciam;
2971 1780 3015 1833 si
3042 1781 3373 1848 charitatem,
3397 1783 3452 1839 id

1788 1871 1833 1930 Β
1864 1870 1962 1923 εει,
1990 1862 2033 1917 si
2065 1862 2409 1920 dilectionem
2435 1865 2530 1920 Dei
2561 1875 2616 1921 ct
2643 1869 2874 1938 proximi
2907 1887 3010 1925 non
3037 1873 3290 1941 habuero,
3319 1876 3452 1931 nihil

1860 1971 1997 2019 sum,
2030 1955 2082 2010 id
2112 1965 2217 2020 est,
2247 1956 2380 2011 nihil
2412 1957 2662 2014 utilitatis
2690 1961 2821 2015 mihi
2849 1964 3150 2032 praestabit.
3195 1965 3452 2038 lntelligi-

1863 2051 1950 2119 tur
1971 2044 2113 2111 quod
2138 2043 2356 2114 quidam
2377 2045 2784 2104 Corinthiorum
2811 2066 2908 2122 per
2935 2053 3331 2110 invocationem
3355 2055 3451 2111 Dei

1861 2135 1963 2194 hoc
1983 2138 2234 2208 agebant,
2249 2148 2304 2195 et
2321 2151 2604 2210 propterea
2622 2143 2777 2216 quasi
2799 2145 3068 2213 perfectos
3086 2161 3145 2202 se
3163 2148 3448 2216 putabant.

1861 2225 1966 2282 Sed
1992 2229 2316 2286 exhortatur
2341 2231 2408 2286 ad
2435 2231 2486 2286 id
2515 2233 2659 2302 quod
2687 2242 2770 2289 est
2795 2236 3150 2306 pnecipuum,
3176 2237 3357 2312 idest,
3381 2239 3451 2294 ad

1859 2320 2202 2376 charitatem.

1929 2409 2048 2466 Etsi
2073 2413 2386 2468 distribuero
2413 2417 2468 2470 in
2493 2405 2942 2494 cibos-pauperum
2970 2435 3147 2475 omnes
3169 2419 3449 2490 facultates

1858 2519 2022 2568 meas,
2038 2502 2192 2572 juxta
2219 2514 2550 2583 praeceptum
2575 2507 2809 2574 Domini,
2839 2510 3105 2566 dicentis:
3138 2511 3202 2567 Si
3229 2515 3302 2567 vis
3331 2529 3450 2583 per-

1856 2595 2022 2667 fectus
2065 2615 2195 2665 esse,
2245 2601 2373 2654 vade
2411 2610 2460 2654 et
2503 2601 2664 2656 vende
2692 2604 2869 2656 omnia
2903 2620 3022 2674 quae
3058 2605 3237 2671 habes,
3286 2617 3333 2659 et
3377 2607 3448 2660 da

1855 2692 2172 2759 pauperibus
2196 2691 2409 2763 (Matth.
2439 2692 2584 2765 tux);
2618 2704 2666 2749 et
2693 2695 2739 2748 si
2763 2696 3031 2750 tradidero
3058 2713 3248 2768 corpus
3275 2715 3448 2753 meum

1856 2780 1932 2833 ita
1982 2791 2038 2834 ut
2095 2783 2348 2848 ardeam,
2391 2784 2532 2839 sicut
2579 2783 2906 2842 Laurentius
2945 2795 3030 2842 est
3059 2787 3348 2853 ustulatus,
3393 2797 3450 2844 et

1859 2871 1964 2926 hoc
1999 2887 2108 2928 non
2160 2873 2343 2929 fecero
2393 2890 2555 2931 causa
2592 2877 2918 2944 dilectionis,
2959 2879 3054 2935 Dei
3097 2881 3349 2936 videlicet
3394 2892 3450 2937 et

1857 2964 2124 3034 proximi,
2154 2965 2283 3020 nihil
2312 2967 2440 3020 mihi
2468 2969 2698 3036 prodest.
2743 2967 2817 3034 Se
2845 2970 2998 3044 ponit
3017 2971 3314 3042 Apostolus
3346 2986 3448 3042 pro

1857 3055 2128 3110 omnibus.

1929 3146 2172 3201 Charitas
2202 3149 2405 3217 patiens
2434 3158 2529 3203 est.
2567 3148 2846 3216 Quomodo
2875 3158 3052 3221 potest
3083 3153 3323 3208 charitas
3351 3167 3448 3224 pa-

157 3240 278 3294 dum
309 3255 500 3294 eorum
525 3242 761 3313 linguam
785 3243 1077 3312 loquuntur
1098 3247 1292 3316 quibus
1315 3258 1606 3319 apparent:
1628 3265 1750 3304 nam

1860 3238 1998 3293 tiens
2034 3255 2154 3294 esse
2190 3256 2310 3310 qua:
2336 3241 2509 3296 virtus
2540 3242 2664 3296 est?
2711 3242 2802 3297 Sic
2830 3244 3043 3298 videtur
3075 3244 3254 3314 loqui,
3290 3245 3445 3315 quasi

154 3331 301 3402 loqui
334 3332 545 3388 illorum
572 3335 638 3389 ad
661 3336 829 3389 Deum
845 3336 976 3389 nihil
996 3347 1078 3392 est
1098 3337 1240 3393 aliud
1257 3356 1418 3409 quam
1443 3342 1493 3395 in
1512 3356 1755 3412 prtesen-

153 3425 226 3480 tia
263 3425 390 3494 ejus
427 3442 576 3491 esse;
609 3436 665 3482 et
694 3427 861 3482 Deum
889 3427 1032 3497 loqui
1059 3430 1126 3483 ad
1159 3431 1278 3485 illos
1319 3431 1452 3486 nihil
1493 3433 1636 3487 aliud
1673 3441 1755 3490 est

158 3533 327 3587 quam
353 3520 640 3588 prtescntia
662 3520 841 3575 vultus
868 3520 950 3574 sui
973 3537 1076 3590 qua
1109 3521 1380 3588 fruuntur,
1413 3525 1754 3580 attendentes

152 3610 280 3678 quid
303 3609 436 3664 velit
453 3610 556 3664 illis
577 3610 960 3677 manifestare;
989 3613 1227 3681 ipsorum
1250 3631 1352 3669 vox
1377 3616 1429 3669 in
1454 3615 1608 3671 laude
1631 3633 1754 3673 con-

153 3699 382 3764 ditoris,
425 3701 538 3772 ipsa
570 3711 653 3756 est
699 3702 988 3757 admiratio
1026 3704 1232 3758 intima:
1257 3706 1748 3776 contemplationis.

150 3792 298 3848 Inter
338 3810 396 3848 se
431 3809 647 3863 quoque
681 3794 856 3862 angeli
912 3793 1205 3863 loquuntur
1249 3796 1612 3862 inell‘abiliter,
1659 3800 1754 3856 sed

150 3898 346 3938 eorum
379 3886 446 3938 ad
491 3885 724 3938 invicem
772 3883 1097 3949 collocutio,
1142 3886 1298 3940 bona:
1335 3887 1629 3944 voluntatis
1668 3897 1752 3945 cst

148 3976 539 4045 concordatio,
572 3989 671 4028 nec
714 3983 798 4028 εει
840 3989 1062 4028 ηεεεεεε
1104 3983 1165 4028 ιιι
1210 3975 1281 4030 ibi
1333 3985 1525 4030 sonent
1563 3979 1747 4045 verba,

145 4068 241 4122 ubi
286 4067 340 4120 in
372 4044 956 4133 Deicontemplatione
985 4065 1225 4118 omnium
1258 4066 1572 4135 angelorum
1617 4084 1752 4124 conc

143 4173 279 4212 cors
316 4165 401 4210 est
435 4155 684 4210 voluntas
713 4156 873 4209 bona.
915 4155 1040 4210 lude
1077 4171 1207 4227 ergo
1245 4157 1531 4228 Apostolus
1568 4161 1699 4217 dicit
1730 4179 1746 4218 :

146 4249 213 4306 Si
248 4249 446 4319 linguis
472 4248 630 4302 etiam
661 4249 966 4319 angelorum
996 4249 1139 4318 loqui
1177 4266 1423 4320 possem,
1458 4254 1590 4309 nihil
1617 4256 1748 4312 tnihi

144 4343 436 4412 prodesset
484 4340 601 4394 sine
648 4341 938 4396 charitate.
998 4341 1234 4397 Possunt
1283 4344 1506 4414 intelligi
1553 4356 1609 4402 et
1652 4363 1749 4419 per

145 4434 392 4506 angelos,
445 4433 872 4488 scholastissime
922 4433 1238 4503 loquentes,
1293 4437 1384 4506 qui
1437 4436 1748 4495 liberalibus

97 4513 118 4534 ⁵
145 4527 362 4580 artibus
407 4523 690 4588 instructi,
737 4523 915 4594 politis
957 4525 1230 4581 disserunt
1263 4528 1442 4582 verbis
1480 4545 1601 4599 qum
1651 4545 1745 4584 no-

1856 3330 1922 3384 de
1953 3346 2012 3386 re
2039 3331 2276 3386 animum
2308 3331 2550 3387 habenti.
2589 3331 2722 3386 Nam
2753 3323 3190 3389 charitas’virtus
3215 3344 3297 3390 est
3324 3351 3444 3404 qua:

1854 3439 1953 3494 per
1982 3441 2039 3479 se
2070 3439 2174 3479 non
2207 3425 2430 3496 patitur,
2473 3425 2700 3494 ideoque
2738 3426 2948 3496 patiens
2983 3443 3082 3497 per
3107 3443 3166 3482 se
3200 3443 3306 3482 non
3337 3437 3440 3483 est.

1854 3517 2196 3589 Quapropter
2224 3534 2320 3590 per
2349 3519 2671 3574 charitatem
2709 3519 2968 3575 debemus
3007 3519 3307 3591 intelligere
3347 3519 3444 3576 ho-

1855 3612 2058 3666 minem
2085 3613 2409 3668 charitatem
2439 3613 2750 3678 habentem.
2793 3612 2978 3682 Itaque
3005 3613 3096 3683 qui
3126 3613 3288 3670 habet
3313 3603 3443 3668 cha-

1854 3701 2068 3756 ritatem
2122 3702 2333 3770 patiens
2375 3711 2488 3768 est,
2535 3702 2814 3759 tolerando
2862 3703 3122 3768 adversa,
3167 3702 3294 3772 quia
3346 3717 3444 3772 per

1855 3794 2233 3850 tribulationes
2264 3795 2412 3850 novit
2444 3795 2728 3865 pervenire
2756 3795 2823 3850 ad
2848 3795 3042 3866 gaudia
3075 3797 3244 3866 regni.
3277 3793 3440 3863 Beni-

1852 3900 1956 3953 gna
1988 3893 2083 3948 est,
2120 3885 2286 3940 idest
2311 3885 2466 3939 valde
2495 3885 2658 3949 bona,
2686 3885 2814 3954 quia
2843 3900 2950 3938 nou
2979 3884 3153 3939 solum
3184 3901 3288 3949 non
3318 3886 3441 3945 red-

1853 3974 1932 4028 dit
1963 3974 2165 4028 malum
2209 3990 2308 4045 pro
2339 3976 2502 4041 bono,
2538 3975 2638 4029 sed
2657 3976 2884 4044 insuper
2906 3973 3107 4029 bonum
3141 3989 3241 4042 pro
3272 3976 3434 4040 malo,

1851 4065 2082 4120 cibando
2116 4066 2393 4120 inimicum
2421 4076 2476 4120 et
2502 4065 2757 4136 potando.
2809 4063 3052 4118 Charitas
3083 4080 3184 4118 non
3213 4064 3437 4117 (cunila--

1851 4167 1958 4213 tur.
2011 4157 2272 4228 Superius
2308 4159 2420 4213 ait:
2455 4157 2810 4212 Afmulamini
2839 4157 3158 4211 charismata
3195 4156 3435 4222 meliora,

1851 4250 1903 4305 id
1931 4259 2044 4316 εει,
2087 4250 2328 4304 ωηιυὶιιινί
2360 4251 2571 4306 studete
2598 4269 2609 4304 :
2658 4250 2745 4305 hic
2774 4258 2952 4303 autem
2984 4247 3150 4316 dicit,
3185 4247 3436 4308 Λῖηηιια-

1848 4342 1996 4408 mini,
2023 4343 2076 4398 id
2098 4350 2179 4400 est
2210 4342 2593 4414 persequimiui
2619 4359 2632 4407 ;
2665 4342 2739 4398 ibi
2769 4341 3032 4412 accipitur
3057 4340 3110 4396 in
3138 4341 3281 4396 bono
3300 4380 3315 4408 ,
3346 4339 3437 4396 hic

1850 4443 2031 4489 autem
2082 4435 2136 4490 in
2187 4435 2348 4491 malo.
2399 4433 2523 4489 Non
2552 4433 2835 4489 tentatatur
2867 4433 3026 4500 dicit,
3065 4432 3118 4489 id
3153 4441 3268 4499 est,
3299 4431 3434 4487 nulli

1849 4523 2088 4591 invidet,
2139 4524 2316 4580 aliena
2351 4523 2609 4580 felicitate
2657 4540 2764 4580 non
2813 4532 3116 4595 torquetur.
3163 4521 3288 4578 Non
3324 4523 3434 4594 agit

147 4624 281 4672 runt
311 4633 323 4669 :
358 4630 454 4686 per
487 4590 908 4679 homincs'vero,
942 4615 1260 4686 simpliciter
1285 4590 1582 4690 loquentes.
1616 4619 1744 4678 Sive
1770 4590 1822 4649 D
1845 4633 2136 4688 perperam,
2162 4617 2214 4672 id
2237 4624 2342 4683 εει,
2367 4631 2471 4671 non
2498 4615 2610 4688 agit
2632 4615 2830 4686 aliquid
2855 4629 3124 4685 perverse.
3159 4611 3432 4686 Quidquid

145 4722 281 4778 ergo
312 4705 629 4775 simpliciter
659 4704 780 4774 quis
813 4705 1070 4775 disputet,
1106 4708 1250 4777 quod
1292 4709 1445 4763 multi
1471 4720 1740 4780 quaerunt,

146 4799 278 4869 quia
312 4797 383 4852 ibi
415 4796 657 4853 omnium
693 4796 979 4851 aediﬁcatio
1005 4812 1125 4852 esse
1162 4809 1356 4868 potest,
1388 4801 1504 4855 sive
1548 4801 1744 4858 libera-

147 4891 299 4955 liter,
337 4888 484 4960 quod
525 4887 680 4944 multi
728 4887 1003 4954 ambiunt,
1043 4890 1366 4945 charitatem
1410 4902 1592 4948 autem
1636 4910 1742 4950 non

148 4983 377 5047 habeat,
409 4981 469 5035 lit
507 4979 646 5034 velut
690 4996 762 5035 tes
800 4996 992 5034 sonans
1029 4990 1119 5034 aut
1153 4981 1447 5052 cymbalum
1492 4985 1741 5052 tinniens,

147 5077 412 5149 quoniam
456 5077 597 5132 sicut
639 5091 714 5131 aes
751 5085 909 5132 sonat
957 5084 1050 5130 aut
1093 5076 1436 5147 cymbalum,
1485 5079 1619 5134 nihil
1660 5081 1741 5136 eis

144 5170 394 5240 prodest,
418 5169 544 5239 quia
577 5169 776 5224 nullam
807 5169 1094 5225 utilitatem
1119 5170 1221 5224 sibi
1252 5181 1530 5240 prtestant,
1559 5175 1637 5229 sic
1657 5184 1740 5230 est

146 5264 316 5317 homo
344 5261 434 5332 qui
467 5261 704 5331 loquitur
737 5261 935 5330 linguis
973 5261 1175 5330 absque
1209 5263 1496 5316 charitate.
1530 5263 1736 5320 Revera

144 5355 290 5408 sicut
316 5368 391 5406 tes
415 5361 600 5417 sonat,
628 5361 683 5407 et
719 5353 820 5408 sibi
850 5351 983 5406 nihil
1007 5351 1236 5415 confert,
1265 5350 1422 5420 juvat
1450 5363 1650 5421 autem,
1685 5357 1737 5411 id

143 5453 229 5500 est
259 5443 494 5499 delectat
521 5445 821 5510 audientes,
865 5444 938 5498 ita
983 5443 1162 5515 lingua
1201 5444 1465 5500 charitate
1500 5446 1731 5517 privata.

143 5537 246 5594 Ais
291 5553 508 5608 quoque
550 5548 605 5593 et
650 5537 957 5609 cymbalum
988 5554 1092 5592 non
1122 5555 1151 5593 a
1183 5553 1241 5594 se
1286 5549 1502 5607 sonant,
1535 5542 1637 5597 nisi
1667 5543 1734 5598 ab

143 5630 330 5701 aliquo
369 5639 690 5703 tangantur,
728 5639 821 5685 aut
858 5628 1083 5699 alicujus
1118 5631 1194 5686 rei
1241 5632 1561 5702 impulsione
1587 5651 1736 5690 com-

143 5731 486 5778 moveantur.
518 5723 608 5778 Sic
646 5731 700 5778 et
726 5723 816 5793 qui
856 5721 1052 5793 linguis
1089 5723 1328 5792 loquitur
1356 5740 1460 5778 non
1500 5741 1530 5779 a
1561 5741 1620 5780 se
1657 5725 1733 5780 lo-

141 5819 352 5883 quitur,
383 5816 476 5871 sed
507 5815 746 5886 petentia
779 5813 1014 5886 Spiritus
1057 5814 1227 5870 sancti
1266 5831 1362 5886 per
1393 5833 1513 5872 eum
1558 5817 1731 5888 loqui-

1845 4719 2001 4765 extra
2036 4710 2415 4765 rcctitudinem
2453 4707 2545 4774 ﬁt,
2587 4709 2711 4778 quia
2743 4722 2970 4778 pravum
3009 4714 3124 4770 est,
3160 4720 3432 4776 perperam

1846 4801 1952 4856 dici
1989 4809 2168 4870 potest
2201 4799 2604 4857 adverbialiter.
2655 4797 2779 4854 Non
2817 4799 3058 4869 inﬂatur,
3103 4796 3156 4852 id
3197 4806 3282 4854 est
3322 4811 3431 4852 non

1845 4894 2144 4957 extollitur,
2173 4902 2228 4948 et
2255 4894 2308 4947 in
2335 4894 2647 4962 superbiam
2675 4907 2781 4947 non
2807 4891 3054 4962 erigitur.

1918 4982 2042 5038 Non
2067 4994 2140 5038 est
2166 4983 2464 5037 ambitiosa.
2486 4983 2706 5038 Ambire
2721 4989 2802 5036 est
2818 4982 3147 5048 desiderare,
3175 4989 3228 5036 et
3252 4980 3430 5036 omnis

1842 5077 1935 5147 qui
1967 5076 2234 5132 charitate
2261 5085 2345 5130 est
2373 5075 2562 5145 plenus
2606 5091 2714 5131 non
2751 5074 3028 5131 desiderat
3067 5088 3242 5142 nequc
3281 5073 3430 5140 cupit

1841 5176 2164 5237 potestatem
2195 5182 2357 5238 super
2381 5166 2518 5222 alios
2550 5181 2825 5232 exercere,
2855 5167 2981 5238 quia
3015 5165 3190 5235 major
3217 5165 3428 5219 caeteris

1843 5275 1948 5312 uou
1977 5257 2089 5311 vult
2121 5271 2400 5328 apparere.
2439 5257 2561 5312 Non
2586 5259 2772 5329 qua’rit
2800 5275 2915 5329 qua:
2945 5275 3042 5312 sua
3071 5267 3216 5321 sunt,
3242 5257 3294 5310 id
3321 5267 3423 5320 est,

1840 5347 1983 5417 quod
2026 5347 2127 5402 sibi
2167 5347 2506 5403 solummodo
2537 5348 2665 5403 utile
2694 5357 2808 5414 est,
2829 5351 2948 5403 ~sed
2979 5348 3118 5402 aliis.
3155 5347 3247 5404 Vel
3273 5355 3425 5404 certe

1839 5441 2054 5511 patiens
2081 5449 2192 5508 est,
2239 5457 2346 5496 non
2377 5442 2570 5512 quaerit
2614 5459 2734 5513 qua:
2778 5458 2874 5497 sua
2919 5451 3078 5507 sunt,
3113 5441 3163 5496 id
3192 5450 3276 5498 est
3304 5442 3422 5496 viu-

1841 5532 2040 5587 dictam
2063 5575 2077 5598 ,
2104 5535 2230 5604 quia
2263 5535 2497 5591 inimicis
2527 5535 2778 5590 talionem
2814 5550 2919 5588 non
2952 5533 3148 5592 reddit.
3187 5533 3426 5601 Qumstio

1841 5626 1894 5680 in
1929 5627 2031 5682 hoc
2074 5627 2190 5682 loco
2230 5629 2441 5682 orizur:
2480 5628 2612 5682 Cum
2641 5625 2877 5682 Joannes
2905 5626 3086 5681 dicat:
3120 5623 3262 5680 Deus
3293 5626 3417 5690 cha-

1840 5722 1968 5775 ritas
1995 5731 2066 5774 est
2091 5719 2141 5792 (Ι
2164 5721 2322 5776 Joan.
2355 5719 2452 5790 tv).
2476 5736 2642 5789 quare
2663 5718 2952 5790 Apostolus
2976 5719 3103 5774 dicit
3130 5739 3141 5773 :
3176 5717 3420 5774 Charitas

1840 5832 1940 5870 non
1969 5815 2155 5885 qua'rit
2195 5831 2312 5884 qua'
2357 5831 2452 5866 sua
2494 5814 2660 5868 sunt?
2702 5829 2822 5882 qum
2869 5811 3151 5882 tripliciter
3194 5810 3415 5883 intelligi
