3936 6480
556 417 663 475 585

1009 407 1366 465 HAY'MONIS
1403 403 1886 463 llALBERSTAT.
1925 401 2139 458 EPISC.
2179 399 2330 457 OPP.
2373 399 2555 457 PARS
2592 400 2636 456 Ι.
2666 431 2736 441 -
2761 397 3118 456 COMMENT.
3158 397 3317 454 BlBL.

3638 411 3710 469 εει

555 539 753 604 potest.
801 520 974 581 Aliter
999 525 1143 580 enim
1177 521 1526 592 intelligenda
1565 529 1646 575 est
1677 521 1918 575 charitas
1947 531 2142 573 secun-
2168 515 2223 575 Α
2316 513 2403 568 Ex
2433 523 2582 585 parte
2612 515 2749 568 enim
2780 513 3168 584 cognoscimus,
3215 528 3313 568 non
3342 528 3401 569 ex
3432 523 3539 580 toto,
3568 521 3618 576 de
3637 524 3713 582 Deo

557 624 684 687 dum
711 620 933 678 Joannis
963 619 1149 682 verba,
1182 617 1339 670 aliter
1366 615 1664 670 secundant
1690 613 1862 668 Pauli.
1894 611 2145 667 Charitas

555 711 847 768 secundum
877 707 1161 772 Joannem,
1201 705 1315 775 ipse
1343 705 1486 759 Deus
1518 702 1855 772 intelligitur,
1887 701 1978 770 qui
2010 701 2140 754 cha-

555 805 771 859 ritatem
815 799 1048 854 infundit
1089 797 1144 852 in
1187 797 1442 852 cordibus
1481 795 1717 850 fidelium
1744 834 1759 858 ,
1801 791 1955 861 juxta
1999 791 2142 860 quod

497 901 502 908 ”
551 894 839 966 Apostolus
882 893 999 947 ait:
1039 888 1286 946 Charitas
1318 889 1416 943 Dei
1446 889 1643 957 (li/fusa
1684 895 1758 940 est
1798 885 1852 939 in
1897 883 2141 938 cordibus

553 986 743 1039 nostris
801 1001 893 1055 per
936 983 1195 1053 Spiritum
1241 990 1480 1035 sanctum
1521 979 1612 1049 qui
1655 978 1810 1032 datus
1854 987 1927 1032 est
1992 977 2139 1031 nobis

551 1074 724 1146 (Rom.
753 1074 830 1146 v).
884 1073 1196 1128 Secundum
1235 1072 1461 1127 Paulum
1494 1086 1647 1136 vero,
1687 1086 1785 1140 per
1805 1063 2138 1124 'charitatem

536 1165 872 1252 lintelligitur
900 1166 1062 1219 homo
1090 1163 1409 1218 charitatem
1440 1162 1666 1225 habens,
1695 1161 1785 1230 qui
1814 1175 1918 1215 non
1945 1160 2139 1230 quzerit

548 1256 888 1310 solummodo
918 1270 1038 1324 quae
1068 1270 1164 1309 sua
1194 1263 1340 1320 sunt,
1369 1262 1424 1306 et
1449 1253 1590 1322 quod
1621 1251 1723 1307 sibi
1753 1251 1884 1306 utile
1909 1260 2011 1316 est,
2042 1251 2138 1306 sed

547 1347 691 1415 quod
720 1346 860 1400 aliis.
894 1345 1049 1401 Unde
1079 1347 1242 1400 etiam
1274 1345 1388 1414 ipse
1415 1347 1589 1409 Deus,
1633 1344 1725 1413 qui
1749 1344 1990 1399 eharitas
2018 1351 2134 1409 est,

546 1451 655 1489 non
688 1436 880 1504 qumrit
909 1451 1029 1504 quae
1060 1449 1155 1489 sua
1183 1443 1337 1498 sunt,
1381 1434 1506 1502 quia
1536 1435 1758 1488 veniens
1791 1433 1843 1487 in
1876 1433 2133 1486 mundum

545 1543 645 1598 per
672 1528 1064 1582 incarnationis
1100 1527 1416 1597 mysterium
1448 1541 1554 1580 non
1587 1526 1833 1596 quaesivit
1875 1541 1994 1596 qua:
2037 1539 2133 1580 sua

547 1629 722 1683 erant,
754 1620 806 1675 id
832 1629 916 1675 est
940 1635 1048 1674 non
1076 1618 1323 1690 quaesivit
1343 1617 1541 1686 justos,
1565 1618 1659 1672 sed
1681 1626 2013 1687 peccatores,
2041 1616 2131 1687 qui

547 1712 648 1766 su'b
693 1711 888 1766 diaboli
937 1712 1164 1783 imperio
1211 1712 1552 1776 tenebantur,
1607 1712 1752 1766 unde
1799 1711 1914 1780 ipse
1959 1710 2126 1765 dicit:

547 1799 672 1855 Non
702 1802 812 1855 veni
839 1817 1024 1855 vocare
1048 1802 1249 1871 justas,
1285 1800 1375 1855 sed
1405 1809 1699 1870 peccatores
1733 1797 1884 1870 (Luc.
1909 1799 1984 1868 v).
2038 1799 2128 1853 Di—

2250 611 2305 659 et
2334 605 2400 660 de
2439 605 2775 660 beatitudine
2804 611 3146 670 sanctorum,
3187 612 3235 658 et
3269 620 3328 658 ex
3359 617 3488 676 parte
3510 614 3712 681 prapheta.

2245 715 2381 752 mus.
2430 700 2573 767 Quia
2603 701 2746 770 quod
2786 714 2854 754 ex
2896 707 3052 771 parte
3089 698 3315 767 scimus,
3355 701 3496 758 etiam
3528 718 3714 777 exparte

2242 789 2650 860 prophetamus,
3443 817 3447 823 ν

2314 877 2446 934 Cum
2475 892 2649 934 autem
2679 881 2872 936 venerit
2897 882 3036 953 quod
3064 880 3342 952 perfectum
3366 891 3450 950 est,
3471 885 3517 940 id
3535 892 3713 959 estquod

2243 981 2414 1027 totum
2447 981 2530 1028 est
2555 981 2608 1027 et
2635 973 2924 1043 integrum,
2954 973 3173 1043 quando
3203 974 3421 1029 revelata
3445 974 3574 1043 facie,
3596 979 3714 1050 ipsum

2242 1063 2410 1120 Deum
2452 1065 2966 1134 contemplabuntur
2991 1065 3148 1121 electi
3183 1066 3334 1121 sicuti
3360 1075 3461 1134 est,
3495 1071 3617 1139 quasi
3637 1073 3715 1126 cxi-

2241 1155 2496 1209 nanietur
2520 1163 2576 1209 et
2600 1155 3014 1221 annihilabitur,
3042 1156 3183 1227 quod
3209 1173 3272 1210 ex
3294 1167 3428 1228 parte
3449 1168 3531 1225 est,
3551 1161 3652 1215 sicut
3667 1163 3717 1216 ait

2238 1241 2522 1299 Joannes:
2565 1244 2897 1312 C/rarissimi,
2948 1245 3049 1314 ﬁlii
3096 1245 3195 1300 Dei
3241 1263 3430 1313 sumus,
3475 1258 3515 1302 et
3556 1251 3715 1304 nondum

2239 1337 2482 1405 apparuit
2507 1337 2648 1407 quod
2675 1337 2892 1393 erimus.
2929 1335 3138 1392 Scimus
3166 1347 3336 1393 autem
3359 1341 3467 1410 quia
3490 1357 3584 1394 cum
3607 1359 3714 1412 appa-

2237 1429 2431 1493 ruerit,
2475 1429 2670 1484 similes
2709 1429 2757 1484 ei
2795 1430 3032 1485 erimus:
3079 1432 3324 1501 quoniam
3363 1432 3608 1487 ridebimus
3639 1449 3716 1487 eum

2235 1519 2393 1572 sicuti
2419 1528 2492 1573 est
2520 1519 2572 1591 (Ι
2596 1518 2760 1574 Joan.
2789 1524 2896 1592 ιιι).

2246 1600 2251 1608 ’
2307 1609 2438 1664 Cum
2469 1627 2632 1665 essem
2661 1612 2943 1681 parvulus,
2987 1611 3240 1683 loquebar
3266 1624 3320 1669 ut
3348 1615 3581 1686 parvulus.
3607 1613 3717 1670 Com-

2234 1702 2578 1772 parationem
2611 1703 2703 1758 dat
2735 1704 2997 1758 naturalis
3036 1705 3387 1772 incrementi,
3433 1715 3481 1761 et
3515 1705 3716 1762 adhibetur

2233 1793 2541 1864 exemplum
2573 1795 2873 1851 humanum
2892 1837 2906 1862 ,
2941 1812 3048 1866 quo
3077 1800 3317 1853 ostendit
3345 1800 3589 1854 scientiam
3609 1814 3715 1869 quam

544 1906 732 1946 camus
768 1901 822 1946 et
858 1893 1018 1947 tertio
1058 1892 1254 1947 modo:
1296 1890 1567 1957 Charitas,
1605 1891 1659 1945 id
1694 1899 1796 1956 est,
1841 1893 1953 1960 ipse
1988 1890 2129 1946 Deus
2159 1881 2204 1940 Β
2233 1883 2497 1940 habemus
2544 1886 2600 1940 in
2641 1886 2932 1957 praesenti,
2978 1904 3101 1944 esse
3131 1890 3288 1959 quasi
3319 1889 3567 1946 infantiam
3597 1897 3636 1944 et
3665 1887 3716 1941 lu-

542 1983 767 2037 veniens
809 1985 864 2038 in
906 1984 1198 2048 mundum,
1244 1999 1351 2038 non
1393 1982 1644 2051 quaesivit
1681 1997 1802 2051 quae
1831 1998 1925 2036 sua
1953 1990 2127 2036 erant.

541 2072 679 2139 Quid
716 2083 834 2129 erat
871 2075 1072 2129 suum?
1118 2074 1191 2129 Ut
1233 2075 1300 2128 ab
1332 2075 1478 2129 omni
1510 2083 1761 2129 creatura
1791 2075 2128 2141 adoraretur,

541 2165 959 2236 glorificaretur,
987 2175 1364 2231 veneraretur,
1406 2168 1548 2222 sicut
1584 2168 1727 2222 Deus
1770 2175 1984 2222 creator
2016 2181 2130 2221 om-

544 2255 715 2310 nium.
760 2255 866 2312 Sed
897 2258 1011 2327 ipse
1036 2273 1143 2314 non
1183 2258 1432 2328 quzcsivit
1465 2259 1569 2314 ista
1601 2274 1721 2330 qua:
1758 2275 1854 2314 sua
1892 2269 2050 2314 erant
2077 2267 2132 2315 et

539 2346 642 2402 sibi
669 2349 1078 2420 competebant,
1108 2352 1233 2420 quia
1257 2366 1364 2405 non
1389 2352 1638 2420 quaesivit
1675 2351 1936 2408 honorem
1962 2393 1976 2417 ,
2021 2367 2129 2406 non

539 2453 791 2510 regnum,
826 2456 932 2496 non
964 2441 1213 2497 timorem
1243 2443 1311 2497 ab
1347 2442 1684 2506 hominibus,
1709 2443 1802 2498 sed
1831 2458 1950 2512 quae
1974 2451 2132 2497 erant

537 2527 806 2586 latronum
827 2572 841 2597 ,
882 2531 1278 2588 homicidarum
1299 2574 1313 2598 ,
1355 2541 1519 2603 atque
1550 2534 1924 2589 maleficorum
1951 2536 2128 2590 homi-

541 2637 693 2687 num,
728 2632 887 2693 sputa
929 2624 1216 2690 videlicet,
1259 2624 1540 2694 colaphos,
1568 2625 1774 2695 alapas,
1823 2625 2126 2691 irrisioncs,

538 2713 786 2776 verbera,
817 2729 1034 2769 crucem
1068 2723 1122 2769 ct
1154 2724 1407 2770 mortem.
1442 2716 1510 2776 Et
1537 2719 1682 2772 sicut
1710 2713 1825 2786 ipse
1851 2733 1955 2771 non
1986 2732 2130 2786 qua:-

537 2799 666 2853 sivit
691 2817 810 2870 quae
833 2817 930 2857 sua
955 2811 1133 2869 erant,
1163 2804 1316 2859 itaet
1341 2821 1440 2866 nos
1466 2822 1574 2861 non
1601 2807 1862 2861 debemus
1886 2821 2130 2876 qurcrcre

539 2899 745 2954 nostra,
777 2892 872 2946 sed
900 2908 1020 2962 qua:
1047 2902 1172 2948 sunt
1197 2895 1447 2951 aliorum.
1485 2895 1609 2951 Non
1639 2898 1903 2964 irritatur,
1939 2898 1991 2952 id
2021 2906 2124 2964 est,

535 2980 749 3034 etiamsi
783 2981 908 3037 11853
948 2981 1142 3048 fuerit,
1183 2999 1286 3039 non
1320 2996 1646 3056 provocatur
1686 2986 1753 3040 ad
1787 2987 2126 3042 iracundiam

533 3069 650 3124 sive
676 3069 947 3138 furorem;
987 3089 1092 3128 non
1123 3075 1336 3145 cogitur
1366 3075 1433 3129 ad
1462 3075 1790 3140 vindictam,
1830 3086 1890 3130 ut
1924 3076 2124 3130 malum

534 3175 634 3231 pro
658 3165 799 3220 malo
822 3167 1031 3222 reddat.
1057 3167 1180 3221 Non
1203 3169 1392 3238 cogitat
1416 3167 1632 3233 malum,
1653 3169 1704 3222 id
1727 3177 1810 3224 est
1827 3185 1931 3224 non
1949 3169 2120 3224 solum

533 3272 554 3310 ι
572 3271 641 3310 on
667 3257 818 3322 facit,
846 3258 942 3312 sed
965 3272 1067 3325 nec
1091 3257 1295 3327 cogitat
1319 3266 1378 3311 ut
1403 3257 1494 3311 alii
1520 3265 1800 3317 noceatur.

607 3344 732 3399 Non
761 3346 951 3414 gaudet
983 3363 1140 3416 super
1166 3347 1464 3418 iniquitate,
1506 3347 1598 3401 sed
1637 3347 1820 3416 potius
1853 3349 2122 3417 tristatur,

533 3450 660 3490 eun
705 3436 901 3490 viderit
947 3437 1243 3507 quemlibet
1288 3453 1385 3508 per
1435 3437 1652 3509 aliquod
1699 3440 1876 3496 scelus
1923 3457 2122 3509 ruere;

535 3531 830 3600 congaudet
857 3541 1031 3584 autem
1054 3532 1280 3597 veritati,
1308 3532 1361 3587 id
1381 3540 1466 3588 est
1486 3533 1743 3603 operibus
1770 3534 2015 3604 iustitiae,
2041 3535 2124 3590 vel

534 3622 698 3675 etiam
727 3621 803 3675 illi
827 3623 917 3690 qui
949 3623 1001 3675 in
1026 3624 1256 3678 veritate
1281 3632 1336 3678 et
1361 3640 1467 3678 non
1493 3624 1615 3679 ﬁcte
1642 3625 1816 3681 fidelis
1841 3635 1942 3682 est.

606 3711 801 3766 Omnia
832 3715 1035 3783 sit/fert,
1070 3716 1330 3771 subaudis
1363 3716 1593 3771 adversa
1625 3717 1910 3787 patienter,
1949 3720 2124 3774 omnia

534 3805 699 3858 credit
717 3819 838 3874 quae
858 3806 1206 3861 continentur
1226 3808 1280 3861 in
1303 3809 1481 3864 Veteri
1505 3808 1854 3866 Testamento
1876 3823 1930 3866 et
1952 3811 2120 3880 Novo,

533 3894 618 3948 vel
647 3911 764 3965 qua:
788 3898 1185 3967 promittuntur
1211 3899 1400 3955 electis
1435 3901 1489 3955 in
1519 3900 1702 3957 futuro
1731 3918 1899 3972 regno
1931 3919 1958 3958 a
1988 3904 2118 3973 Deo,

534 4001 666 4042 vera
699 3991 870 4046 credit
898 4007 1038 4047 esse.
1079 3992 1285 4049 Idcirco
1312 3995 1487 4048 omnia
1517 4005 1689 4066 sperat
1719 3997 1846 4067 quia
1872 3997 1976 4052 nisi
2004 4013 2123 4073 cre-

534 4082 722 4150 deret,
768 4101 877 4141 non
924 4097 1187 4156 speraret.
1243 4088 1522 4159 Siquidem
1553 4106 1676 4160 spes
1703 4099 1786 4146 est
1815 4090 2120 4146 futurorum

530 4175 795 4231 bonorum
827 4180 1186 4248 exspectatio,
1215 4196 1446 4250 quorum
1478 4183 1914 4238 consideratione
1942 4185 2120 4238 omnia

533 4266 760 4320 adversa
787 4270 1030 4322 sustinet.

600 4351 848 4410 Charitas
897 4374 1161 4428 nunquam
1207 4361 1428 4426 excidit,
1479 4363 1531 4416 id
1573 4370 1656 4418 est
1698 4363 1766 4418 ab
1801 4363 2018 4420 homine
2062 4378 2122 4420 se

536 4441 758 4498 habenti
791 4461 1066 4514 nunquam
1093 4446 1308 4511 labitur,
1344 4467 1619 4522 nunquam
1647 4455 1821 4521 cadit;
1866 4455 1971 4509 sive
2001 4472 2122 4525 pro-

532 4535 720 4604 phetiae
750 4537 1142 4591 evacuabuntur
1171 4557 1182 4592 :
1211 4541 1495 4610 prophetia
1541 4553 1624 4598 est
1666 4562 1787 4615 qua:
1829 4547 1895 4601 de
1940 4545 2120 4603 futuro

533 4623 790 4694 loquitur.
830 4626 983 4694 Quod
1009 4644 1132 4684 cum
1157 4633 1382 4698 venerit,
1410 4649 1516 4688 non
1543 4636 1648 4690 erit
1671 4637 1786 4706 jam
1814 4651 2034 4693 necesse
2061 4647 2120 4694 ut

533 4715 904 4784 prophetetur.
933 4719 1176 4775 Ponatur
1197 4739 1362 4777 unum
1387 4727 1691 4796 exemplum
1721 4742 1820 4797 pro
1844 4728 2116 4785 omnibus.

531 4803 896 4876 Prophetatur
921 4808 1170 4868 Christus
1211 4814 1277 4867 ad
1297 4814 1564 4885 judicium
1595 4827 1894 4874 venturus:
1926 4834 1993 4874 eo
2022 4835 2117 4876 ve-

530 4897 716 4953 niente
758 4915 865 4955 non
909 4901 1014 4960 erit
1057 4919 1282 4961 necesse
1312 4915 1372 4961 ut
1404 4909 1519 4963 hmc
1547 4911 1829 4979 prophetia
1859 4911 2120 4967 recitetur

530 4989 800 5060 amplius:
843 4992 922 5048 sic
952 4995 1018 5049 de
1047 4998 1260 5052 caeteris
1299 4998 1727 5070 intelligendum.
1771 5001 1889 5057 Sive
1925 5003 2118 5074 lingua:

530 5081 824 5148 cessabunt,
853 5086 1108 5153 quoniam
1135 5087 1277 5143 sicut
1303 5099 1428 5145 ante
1459 5092 1648 5146 turrim
1673 5092 1836 5149 Babel
1863 5109 1967 5148 una
1994 5103 2115 5150 erat

531 5174 710 5246 lingua
743 5177 995 5244 Hebraea,
1040 5181 1182 5236 sicut
1207 5183 1427 5252 quidam
1459 5195 1651 5255 putant
1681 5188 1965 5255 doctores,
2013 5206 2111 5245 ex-

531 5263 676 5332 pleto
696 5261 923 5332 judicio,
951 5269 1064 5338 ipsa
1095 5274 1396 5328 remanebit
1427 5291 1553 5329 una.
1606 5276 1815 5332 Revera
1847 5279 1900 5331 in
1931 5280 2114 5336 multis

530 5353 727 5427 linguis
748 5359 982 5415 varietas
1007 5370 1195 5427 est,'et
1219 5365 1310 5419 ubi
1333 5374 1418 5421 est
1441 5368 1695 5435 varietas,
1722 5370 1794 5424 ibi
1823 5371 2108 5427 dissensio.

530 5446 586 5502 In
634 5459 945 5507 sanctorum
991 5469 1159 5526 regno
1199 5473 1304 5512 non
1347 5461 1452 5514 erit
1493 5462 1791 5527 dissensio,
1840 5478 1972 5534 ergo
2010 5481 2110 5521 nec

529 5537 832 5608 linguarum
855 5543 1111 5600 varietas.
1147 5545 1264 5601 Sive
1286 5551 1502 5604 scientia
1526 5551 1846 5620 destruetur;
1876 5570 2114 5624 praesens

534 5631 755 5686 scientia
785 5648 907 5701 qua:
941 5648 1005 5688 ex
1040 5645 1196 5704 parte
1227 5653 1369 5692 nunc
1399 5641 1646 5704 habetur,
1680 5657 1802 5697 cum
1833 5644 2113 5714 plenitudo

535 5722 768 5776 scientiae
792 5725 1028 5791 venerit,
1057 5742 1121 5781 eo
1149 5728 1289 5796 quod
1319 5729 1388 5783 sit
1417 5729 1750 5803 imperfecta,
1775 5735 2088 5791 destruetur

540 5813 588 5867 id
615 5824 692 5866 est
725 5813 774 5867 in
803 5815 996 5872 melius
1021 5819 1312 5873 commutal
1339 5820 1464 5876 itur.

2152 3238 2198 3302 C

2146 4601 2198 4662 D

2213 1982 2450 2050 .turam,
2496 1990 2618 2030 esse
2647 1977 2803 2045 quasi
2829 1976 2985 2031 virile
3021 1979 3188 2033 robur
3217 1980 3357 2048 quod
3397 1979 3649 2033 habiturum
3675 1977 3719 2030 sit

2231 2064 2532 2135 perfectam
2567 2066 2977 2121 abundantiam.
3020 2065 3152 2121 Cum
3185 2084 3366 2133 essem,
3397 2067 3566 2138 inquit,
3589 2081 3717 2135 pam-

2232 2155 2336 2223 lus,
2367 2156 2616 2228 loquebar
2645 2168 2699 2212 ut
2727 2159 3003 2231 parvulus,
3031 2159 3380 2216 balbutiendo
3411 2167 3461 2214 et
3489 2156 3717 2228 imperfecta

2230 2249 2398 2304 verba
2420 2250 2746 2320 promendo;
2786 2247 3052 2321 capiebam
3078 2262 3136 2304 ut
3157 2251 3424 2321 parvulus,
3444 2250 3562 2305 levia
3580 2248 3721 2304 scilicet

2231 2351 2288 2399 et
2317 2343 2792 2411 inconvenientia;
2842 2347 3136 2418 cogitabam
3164 2357 3223 2402 ut
3257 2347 3516 2419 parvulus,
3554 2346 3606 2401 de
3637 2343 3722 2398 locis

2233 2437 2440 2493 scilicet
2466 2447 2523 2493 et
2549 2439 2686 2494 risui
2713 2439 3000 2497 habilibus.
3049 2440 3280 2507 Quando
3304 2455 3469 2497 autem
3495 2441 3627 2509 factus
3645 2454 3719 2492 sunt

2231 2530 2328 2596 rir,
2367 2539 2422 2584 et
2451 2531 2590 2601 coepi
2623 2546 2813 2601 sapere
2841 2532 3158 2602 perfectius,
3191 2534 3452 2598 cvacuavi,
3482 2533 3526 2587 id
3549 2538 3614 2586 est
3632 2544 3718 2584 con-

2231 2619 2426 2688 tempsi
2448 2636 2567 2690 qua:
2589 2629 2738 2674 erant
2759 2619 2985 2690 parvuli,
3007 2621 3133 2691 quia
3155 2637 3283 2692 qua:
3299 2631 3452 2677 antea
3473 2619 3722 2689 expetebat).

2233 2708 2531 2764 abhorrere
2558 2709 2719 2780 cmpi.
2765 2709 2823 2765 lu
2855 2710 2959 2766 hac
2986 2727 3116 2783 ergo
3144 2713 3257 2767 vita
3288 2712 3484 2783 parvuli
3515 2723 3658 2765 sumus
3679 2707 3722 2761 ad

2231 2799 2694 2867 comparationem
2719 2798 2915 2855 fatum
2936 2800 3096 2856 vitae:
3127 2801 3260 2874 quia
3288 2804 3426 2858 sicut
3443 2801 3543 2857 vita
3559 2801 3647 2855 haec
3663 2796 3726 2851 ita-

2229 2887 2470 2956 perfecta
2503 2898 2606 2955 est,
2637 2888 2713 2943 ita
2739 2896 2794 2944 et
2819 2890 3067 2946 scientia.

2314 2979 2561 3037 Videmus
2593 2998 2730 3036 nunc
2759 2999 2851 3053 per
2870 2983 3140 3054 speculum
3162 2986 3220 3040 in
3251 2987 3532 3058 aenigmate,
3552 2993 3646 3038 tunc
3663 2996 3726 3032 tnt-

2229 3079 2330 3125 tem
2353 3072 2492 3142 facie
2521 3075 2592 3126 ad
2617 3073 2825 3143 faciem.
2857 3075 2940 3130 Ad
2965 3076 3069 3130 hoc
3097 3078 3275 3133 tendit
3300 3077 3555 3149 praemissa
3578 3083 3726 3139 compa

2230 3161 2393 3226 ratio,
2426 3163 2586 3217 sicuti
2617 3164 2738 3234 quis
2765 3164 2913 3220 videt
2953 3181 3050 3236 per
3077 3169 3362 3242 speculum
3391 3166 3574 3224 vultum
3598 3174 3727 3219 suum.

2231 3257 2286 3304 et
2329 3250 2455 3306 inde
2499 3253 2788 3310 discedens
2826 3255 3166 3312 obliviscitur
3194 3259 3377 3330 qualis
3404 3258 3574 3321 fuerit,
3611 3255 3669 3309 sic
3695 3258 3729 3303 et

2227 3358 2328 3399 nos
2365 3344 2431 3399 de
2468 3345 2580 3400 Deo
2609 3353 2665 3401 et
2691 3347 2800 3400 vita
2839 3346 3021 3402 futura
3056 3365 3253 3419 parum
3284 3352 3411 3422 quid
3437 3347 3730 3422 perspicimus.

2226 3434 2293 3490 Et
2321 3436 2425 3491 hoc
2453 3437 2505 3491 in
2535 3437 2842 3508 mnigmate,
2871 3439 2925 3494 id
2952 3448 3037 3495 est
3066 3441 3120 3495 in
3154 3442 3505 3508 obscuritate,
3531 3439 3630 3511 quia
3650 3448 3729 3490 cum

2226 3527 2399 3583 simus
2429 3531 2616 3584 carnei
2635 3571 2650 3595 ,
2686 3547 2748 3586 ea
2776 3546 2897 3601 qua:
2926 3532 3041 3588 sola
3066 3534 3340 3605 spiritalia
3369 3544 3520 3601 sunt,
3547 3532 3601 3587 ad
3624 3526 3732 3598 liqui-

2226 3621 2354 3676 dum
2379 3638 2574 3692 capere
2596 3624 2906 3694 nequimus.
2942 3624 3094 3682 Tunc
3118 3637 3328 3695 autem,
3355 3629 3405 3684 id
3429 3636 3503 3683 est
3527 3627 3572 3680 in
3591 3623 3731 3679 futuro,

2225 3711 2366 3768 facie
2396 3713 2465 3768 ad
2499 3712 2692 3768 faciem
2715 3754 2729 3780 ,
2764 3715 2818 3769 id
2847 3724 2929 3771 est
2958 3727 3256 3786 praesentes
3291 3725 3594 3790 praesentem
3619 3713 3734 3768 Deum

2224 3802 2547 3858 videbimus.
2604 3803 2766 3859 Nunc
2813 3822 3068 3877 cognosco
3111 3825 3177 3863 ea:
3219 3821 3375 3879 parte
3419 3809 3570 3864 Deum
3612 3812 3734 3857 :twc

2226 3903 2404 3949 autem
2443 3912 2756 3966 cognoscam
2803 3910 2869 3952 ex
2924 3907 3071 3965 toto,
3124 3902 3261 3956 sicut
3301 3910 3350 3957 et
3386 3901 3601 3971 cognitus
3631 3905 3735 3950 διίιης

2225 3985 2386 4040 modo
2411 4000 2443 4039 a
2469 3987 2580 4041 Deo
2599 3987 2691 4057 qui
2715 3987 2948 4044 interius
2969 3991 3322 4062 exteriusque
3348 4000 3511 4047 totum
3531 4002 3605 4044 me
3622 3980 3736 4039 novit-

2225 4074 2294 4129 Et
2321 4075 2600 4131 sciendum
2629 4077 2755 4147 quia
2784 4078 2921 4132 sicut
2964 4094 3073 4134 non
3115 4095 3336 4152 semper
3373 4096 3472 4153 pro
3511 4073 3737 4148 aequalitate

2223 4166 2464 4236 ponitur.
2511 4167 2686 4223 Aliter
2715 4169 2862 4224 enim
2899 4173 3286 4242 cognoscimur
3315 4190 3349 4229 a
3375 4173 3515 4238 Deo,
3558 4177 3607 4223 et
3637 4164 3740 4218 alit?!

2224 4261 2606 4331 cognoscimus
2652 4277 2777 4316 eum
2814 4281 2828 4318 :
2882 4265 3011 4334 quia
3057 4265 3144 4321 ille
3188 4267 3473 4339 cognoscit
3517 4265 3674 4319 cuncta
3704 4259 3740 4304 υι

2223 4353 2386 4421 Deus,
2429 4371 2530 4412 nos
2576 4358 2955 4427 cognoscimus
2986 4359 3135 4414 illum
3181 4369 3244 4416 ut
3285 4369 3531 4417 creatura
3568 4367 3648 4425 per
3665 4346 3742 4414 05⁸⁸³

2224 4445 2457 4513 donum;
2497 4457 2871 4504 verumtamen
2900 4449 3042 4504 sicut
3071 4449 3160 4506 ille
3185 4452 3338 4506 novit
3363 4465 3463 4506 nos
3487 4463 3548 4500 ex
3572 4433 3742 4503 toto.“

2223 4545 2280 4593 et
2307 4554 2407 4595 nos
2435 4555 2501 4595 ex
2537 4548 2652 4595 toto
2681 4555 3070 4612 cognoscemus
3098 4543 3271 4598 illum.
3320 4544 3417 4599 llle
3441 4536 3744 4610 coguovitnoi

2224 4638 2284 4685 ut
2309 4632 2478 4687 Deum
2504 4632 2683 4699 decet,
2704 4649 2805 4689 nos
2831 4649 3221 4705 cognoscemus
3244 4636 3400 4691 illum
3419 4643 3478 4690 ut
3499 4625 3740 4702 gloriﬁcent

2222 4730 2488 4780 creatura:
2515 4725 2823 4780 conveniet.
2864 4725 3023 4779 Nunc
3053 4735 3227 4780 autem
3257 4734 3474 4781 manent
3495 4722 3631 4793 ﬁdes,
3651 4727 3743 4783 δρα,

2223 4815 2456 4869 eharitas
2484 4832 2503 4869 :
2547 4816 2650 4870 tria
2695 4817 2828 4871 hazc.
2885 4815 2980 4871 Ha:
3018 4825 3131 4871 tres
3160 4817 3398 4873 virtutes
3427 4813 3580 4871 modo
3598 4809 3745 4880 juncta

2223 4916 2348 4960 sunt
2375 4905 2677 4960 adinvicem
2699 4946 2714 4972 ,
2753 4915 2810 4961 et
2837 4905 2914 4961 ita
2945 4906 3000 4960 in
3031 4905 3192 4974 hujus
3218 4908 3349 4963 vita
3380 4916 3611 4975 tempore
3633 4905 3748 4962 001³⁸⁸

2221 4997 2425 5062 lantur,
2451 5006 2510 5052 ut
2532 5013 2640 5052 una
2663 4997 2782 5054 sine
2807 4996 2980 5053 altera
3008 5006 3155 5054 stare
3181 5014 3290 5054 non
3317 4997 3513 5069 possit.
3540 4990 3628 5059 Qui
3647 4983 3746 5041 enim

2221 5091 2394 5146 credit
2424 5091 2478 5144 in
2510 5091 2702 5156 Deum,
2731 5099 2917 5161 sperat
2943 5106 3065 5160 quae
3091 5092 3161 5147 ab
3190 5091 3308 5161 ipso
3337 5085 3750 5174 promittuntnrstt

2220 5191 2605 5251 perceptarum
2626 5222 2642 5248 ,
2675 5191 2731 5237 et
2759 5197 2867 5252 quo
2898 5183 3073 5253 magis
3100 5190 3320 5253 sperat,
3350 5195 3421 5237 eo
3447 5176 3608 5248 magis
3627 5165 3750 5226 credit

2221 5274 2276 5328 in
2304 5273 2454 5328 illum
2489 5283 2544 5328 et
2573 5272 2695 5329 ideo
2722 5273 2889 5328 habet
2932 5274 3255 5330 charitatem
3281 5273 3464 5343 ;-quia
3488 5264 3645 5338 diligit
3663 5267 3750 5358 cut“

2219 5373 2277 5420 et
2315 5365 2640 5436 proximum.
2696 5366 2774 5420 Ea
2817 5366 2964 5421 enim
3007 5381 3128 5436 qua:
3171 5366 3452 5423 credimus
3494 5375 3608 5420 esse
3639 5350 3750 5410 nobis

2219 5458 2510 5527 promissa,
2536 5457 2702 5512 etiam
2735 5473 2836 5514 nos
2863 5466 3184 5528 accepturos
3209 5471 3516 5529 speramus.
3556 5450 3641 5507 llis
3659 5453 3752 5498 τετυ

2219 5550 2469 5606 delectati
2491 5590 2506 5615 ,
2539 5550 2775 5620 amplius
2802 5551 2857 5606 in
2885 5551 3158 5606 charitate
3189 5551 3490 5606 fervemus.
3528 5538 3752 5600 Veraciter

2217 5643 2360 5698 enim
2390 5643 2614 5699 credere
2643 5658 2748 5698 non
2778 5658 3095 5713 possumus,
3145 5643 3246 5698 nisi
3285 5656 3350 5696 ea
3389 5654 3514 5712 qua:
3538 5629 3752 5709 promissa

2216 5743 2344 5790 sum
2374 5751 2676 5805 Speremus.
2722 5751 2823 5790 nec
2864 5735 3165 5805 poterimus
3195 5734 3473 5790 sustinere
3502 5723 3751 5817 promissa.

2217 5827 2260 5881 si
2293 5827 2433 5884 desit
2465 5827 2588 5883 fidei
2619 5827 2849 5883 ﬁdelitas
2877 5827 3052 5882 firma.
3090 5826 3198 5883 Nec
3225 5826 3404 5880 aderit
3434 5823 3628 5879 fructus
3650 5823 3750 5883 ερωρ
