3936 6498
209 472 302 532 585
868 466 1237 530 EXPOSITIO
1271 465 1341 526 IN
1379 467 1529 527 EPP.
1571 469 1630 527 S.
1670 464 1901 526 PAULI.
1941 494 2014 508 —
2047 461 2117 519 ΙΝ
2154 461 2375 520 EPIST.
2415 458 2438 518 ι
2471 460 2566 520 ΑΙ)
2600 461 2762 522 COR.
3365 467 3470 524 586

208 591 286 646 vel
307 587 576 646 stabilitas
601 586 751 655 ﬁdei,
774 587 881 644 nisi
906 587 1072 645 fuerit
1093 586 1336 660 perfecta
1363 586 1606 644 charitas
1625 583 1784 644 Cbri-
1807 585 1864 648 Α
1887 580 2208 639 defecerint.
2261 579 2381 651 Ipsa
2415 587 2600 636 autem
2643 587 2700 637 et
2741 579 2870 636 hinc
2891 581 3210 654 necessaria
3249 590 3331 639 est
3349 623 3363 647 ,
3414 591 3476 638 ut

209 685 270 744 sti
298 683 355 745 in
384 682 564 748 nobis,
595 697 718 756 quae
753 689 810 738 et
842 681 1004 738 ﬁdem
1033 690 1095 736 ut
1121 681 1395 752 praecedat
1431 681 1684 753 adjuvet,
1730 687 1787 737 et
1884 677 2069 736 omnia
2095 677 2269 744 bona,
2313 691 2585 732 summum
2620 677 2858 744 bonum,
2901 675 2956 734 id
2995 683 3080 732 est
3106 677 3428 734 charitatem
3456 720 3470 745 ,

208 791 350 848 spem
394 774 799 845 exspectatione
845 772 1184 830 corroboret.
1238 771 1419 843 Major
1458 780 1636 828 autem
1679 772 1782 840 his,
1884 770 2213 853 habeptibus
2239 769 2466 840 prosint.
2497 767 2619 838 ipsa
2643 767 2811 823 etiam
2837 766 3080 839 perfecta
3108 769 3472 839 permanebit,

207 865 456 926 subaudis
482 866 799 934 virtutibus,
845 865 955 922 ﬁde
984 865 1237 922 videlicet
1277 881 1344 922 ac
1381 880 1503 938 spe,
1549 866 1784 921 charitas
1885 877 2011 920 cum
2050 875 2240 917 omnes
2281 866 2695 932 perseverantes
2730 857 2788 913 in
2828 873 2920 925 se,
2967 859 3036 914 ad
3072 859 3334 916 visionem
3374 859 3475 916 Dei

206 967 294 1016 est.
327 957 598 1015 Nimirum
622 957 793 1014 Filius
816 957 914 1014 Dei
943 957 1230 1024 charitate,
1259 957 1315 1014 id
1361 966 1446 1014 est
1475 957 1782 1025 dilectione,
1884 953 2220 1027 perduxerit.
2257 949 2528 1008 Caeterum
2557 949 2841 1020 prophetia
2886 958 2942 1005 et
2987 951 3310 1022 mysterium
3353 965 3475 1006 om-

205 1057 257 1106 et
279 1065 388 1106 non
412 1049 620 1106 nostris
644 1049 876 1115 meritis,
900 1049 1064 1105 homo
1085 1047 1262 1106 factus
1284 1057 1439 1106 estet
1455 1049 1787 1121 Redemptor
1884 1045 2037 1100 nium
2067 1043 2262 1100 notitia
2287 1041 2376 1098 vel
2409 1041 2668 1107 scientia,
2709 1056 2811 1096 nec
2841 1055 2951 1096 non
2980 1048 3036 1096 et
3071 1041 3187 1112 ipsa
3214 1040 3379 1108 ﬁdes,
3424 1049 3482 1098 et

204 1141 423 1198 mundi:
459 1141 554 1213 qui
580 1141 771 1198 dilexit
797 1156 919 1209 nos,
959 1148 1017 1198 et
1046 1139 1272 1198 tradidit
1305 1141 1657 1213 semetipsum
1686 1157 1786 1214 pro
1885 1145 2086 1194 caetera
2131 1135 2261 1193 talia
2283 1176 2300 1203 ,
2347 1149 2470 1206 quae
2497 1150 2608 1191 non
2635 1132 2810 1216 solum
2847 1131 3173 1204 perfectioni
3206 1133 3479 1202 ﬁdelium,

202 1235 356 1292 nobis
383 1233 715 1292 oblationem
755 1243 810 1288 et
847 1233 1085 1291 hostiam
1113 1232 1227 1289 Deo
1259 1232 1317 1288 in
1341 1232 1570 1290 odorem
1600 1231 1784 1289 suavi—
1885 1229 1984 1287 sed
2027 1229 2192 1285 etiam
2232 1226 2516 1299 fragilitati
2552 1224 2864 1283 necessaria
2905 1224 3240 1297 judicantur,
3289 1225 3344 1281 in
3389 1224 3484 1282 illa

203 1325 344 1384 tatis.
394 1325 500 1382 Per
541 1326 686 1383 hanc
724 1324 872 1382 Deus
913 1324 1077 1380 Pater
1105 1324 1257 1381 misit
1299 1324 1548 1381 eumdem
1590 1323 1787 1380 Filium
1885 1319 2226 1392 perfectione
2255 1327 2570 1375 sanctorum
2595 1333 2704 1389 quo
2729 1317 2784 1372 in
2811 1317 3080 1373 charitate
3107 1316 3336 1374 radicati
3361 1326 3482 1374 ten-

201 1435 357 1478 suum
400 1419 458 1474 in
504 1419 794 1485 mundum,
838 1419 983 1474 hanc
1021 1415 1257 1488 Spiritus
1297 1424 1521 1474 sanctus
1549 1415 1790 1474 infundit
1887 1411 2055 1480 dunt,
2085 1411 2547 1483 praevenientibus
2575 1411 2884 1466 necessaria
2911 1423 3034 1465 esse
3063 1424 3172 1466 non
3201 1417 3480 1480 poterunt,

201 1510 453 1567 cordibus
479 1509 800 1566 electorum.
852 1508 1016 1566 Fides
1052 1522 1288 1579 namque
1317 1516 1434 1576 est,
1466 1523 1575 1580 qua
1616 1507 1788 1565 Deum
1888 1520 2016 1562 cum
2061 1504 2170 1562 illis
2217 1503 2723 1576 incomparabiliter
2764 1503 2988 1559 meliora
3039 1518 3106 1560 ac
3153 1501 3484 1574 perfectiora

202 1604 499 1661 trinitatem
528 1603 734 1661 habere
760 1604 818 1660 in
843 1603 1094 1676 personis
1112 1643 1129 1670 ,
1170 1610 1228 1659 et
1262 1603 1530 1659 unitatem
1570 1603 1628 1658 in
1655 1601 1787 1659 sub—
1888 1597 2288 1664 suecesserint,
2320 1596 2451 1668 quia
2478 1610 2582 1652 nec
2607 1595 2890 1666 prophetia
2919 1595 2993 1651 ibi
3022 1610 3159 1668 opus
3183 1597 3320 1664 erit,
3351 1611 3480 1653 cum

197 1698 398 1754 stantia
427 1698 700 1754 credimus
717 1737 734 1765 ,
772 1697 1036 1768 mysteria
1062 1711 1279 1767 quoque
1304 1695 1699 1753 incarnationis
1735 1702 1792 1750 et
1889 1691 1958 1748 ad
1987 1690 2119 1747 illud
2145 1690 2288 1761 quod
2317 1688 2561 1745 futurum
2589 1689 2942 1761 promittebat
2965 1688 3187 1762 impleta
3212 1691 3480 1762 perduxe-

195 1792 466 1862 passionis
491 1789 616 1846 Filii
645 1791 765 1848 Dei.
819 1788 958 1861 Spes
985 1804 1120 1846 vero
1149 1797 1235 1846 est
1271 1787 1608 1859 exspectatio
1637 1786 1788 1843 futu-
1890 1784 1994 1852 rit;
2025 1799 2128 1840 nec
2147 1783 2400 1850 scientia,
2423 1798 2545 1866 quze
2566 1783 2712 1838 velut
2732 1783 2953 1840 lucerna
2973 1785 3296 1855 quaedamin
3317 1784 3482 1857 hujus

197 1898 382 1938 torum
410 1883 700 1948 bonorum.
730 1896 851 1952 Quae
877 1895 982 1937 nec
1010 1882 1137 1936 dum
1173 1880 1502 1951 aspeximus.
1533 1893 1638 1934 nec
1664 1893 1790 1935 0οη·
1891 1885 2076 1942 saeculi
2106 1893 2268 1942 nocte
2294 1883 2484 1941 ﬁdeles
2512 1883 2801 1953 illuminat,
2831 1899 2957 1939 cum
2987 1882 3043 1938 in
3072 1881 3216 1937 illius
3243 1881 3368 1937 vitae
3395 1879 3485 1936 die

195 1976 368 2033 secuti
398 1975 454 2031 in
482 1990 542 2032 re
567 1991 777 2032 sumus.
809 1975 1082 2042 Charitas,
1120 1989 1227 2044 qua
1253 1973 1424 2030 Deum
1453 1973 1788 2045 proximum—
1816 1953 1866 2018 Β
1890 1986 2158 2051 perpetuo
2185 1977 2266 2035 sol
2295 1978 2451 2034 vivus
2483 1974 2768 2032 eﬂ‘ulserit.
2818 1973 2931 2031 Nec
2963 1972 3350 2046 mysteriorum
3384 1986 3488 2028 no-

193 2084 299 2140 que
327 2066 622 2140 diligimus.
654 2068 790 2126 Cum
817 2067 1012 2136 Deum,
1045 2067 1103 2124 in
1129 2081 1240 2138 quo
1267 2075 1396 2124 sunt
1419 2067 1643 2137 praemia
1665 2081 1789 2138 quae
1891 2071 2046 2138 titia,
2091 2078 2184 2126 aut
2212 2071 2330 2141 ipsa
2361 2069 2496 2125 ﬁdes
2521 2067 2837 2124 necessaria
2862 2065 2999 2133 erit,
3040 2065 3259 2136 quando
3303 2064 3372 2120 ad
3417 2079 3486 2120 ea

194 2161 578 2234 praestolamur
607 2162 800 2228 electi,
842 2161 983 2218 facie
1012 2162 1082 2218 ad
1116 2161 1312 2219 faciem
1341 2161 1612 2228 viderint,
1651 2159 1790 2216 nihil
1891 2179 2014 2236 qua;
2053 2176 2152 2234 per
2186 2161 2506 2234 mysterium
2543 2159 2994 2233 signiﬁcabantur
3030 2166 3086 2214 et
3121 2157 3486 2214 credebantur

194 2253 507 2311 remanebit
525 2255 672 2325 quod
693 2255 760 2311 de
780 2253 981 2311 futuris
999 2254 1248 2320 credant,
1266 2261 1362 2310 aut
1382 2253 1527 2310 ultra
1546 2261 1785 2325 sperent.
1889 2270 1959 2311 ex
1981 2254 2087 2310 ﬁde
2105 2247 2372 2325 perfectio
2391 2251 2705 2310 Christiana
2723 2251 3054 2323 pervenerit.
3076 2249 3332 2309 Charitas
3352 2265 3485 2308 vero

191 2348 434 2420 Diligent
460 2362 591 2404 vero
619 2363 718 2420 per
745 2347 1074 2404 charitatem
1111 2346 1359 2404 datorem
1389 2346 1643 2408 omnium
1685 2345 1786 2402 bo-
1891 2347 1984 2405 hic
2015 2349 2236 2419 quidem
2274 2347 2585 2404 necessaria
2618 2354 2724 2414 est,
2761 2360 2882 2416 quae
2917 2360 3016 2402 nos
3053 2352 3266 2417 separat
3303 2359 3335 2400 a
3370 2344 3486 2401 dia-

191 2456 392 2498 norum
420 2455 686 2510 operum:
720 2439 947 2512 diligent
975 2447 1032 2496 ct
1057 2439 1369 2510 proximum
1398 2437 1697 2512 gaudentes
1721 2441 1790 2496 de
1891 2441 2034 2506 bolo,
2067 2442 2322 2512 puriﬁca-t
2365 2458 2396 2498 a
2435 2447 2682 2512 peccato,
2709 2438 3029 2496 reconciliat
3071 2437 3219 2504 Deo;
3269 2437 3365 2495 sed
3407 2437 3483 2493 ibi

190 2531 322 2599 illis,
356 2533 498 2589 sicut
535 2541 591 2589 et
626 2532 694 2589 de
727 2532 940 2604 seipsis.
989 2531 1117 2588 ldeo
1159 2546 1289 2603 ergo
1331 2532 1574 2588 charitas
1614 2529 1790 2600 major
1890 2535 2130 2609 perfecta
2154 2536 2420 2602 erit,cum
2441 2533 2713 2606 perfectos
2727 2533 2906 2600 Deo,a
2927 2547 3035 2603 quo
3055 2538 3140 2589 est
3159 2531 3240 2588 eis
3259 2530 3482 2595 donata,

189 2633 274 2679 est
297 2621 412 2678 ﬁde
433 2637 500 2678 ac
519 2637 634 2695 Spe.
652 2623 799 2694 quia.
822 2622 930 2678 illis
948 2623 1286 2679 oessanllbus
1297 2636 1364 2679 ac
1387 2621 1786 2689 deIlCienliblls.
1892 2627 2256 2698 conjunxerit.
2295 2627 2488 2683 Adhuc
2506 2625 2822 2697 Apostolus,
2846 2624 3062 2680 laudem
3084 2622 3282 2678 divinae
3306 2621 3487 2678 chari-

189 2713 313 2784 ipsa
344 2714 668 2770 remanebit.
700 2713 758 2769 In
786 2714 1042 2786 praesenti
1069 2714 1268 2770 saeculo
1294 2729 1420 2770 cum
1445 2713 1582 2786 ipsis
1605 2721 1711 2780 est,
1733 2721 1791 2770 et
1892 2719 2022 2775 tatis
2039 2713 2679 2789 ampliﬁcans,adjungit,
2695 2713 2978 2786 inquiens:
3003 2711 3067 2768 Si
3085 2711 3400 2766 distribuere
3425 2709 3483 2764 in

186 2803 307 2875 ipsa
333 2803 451 2859 sola
473 2804 526 2860 in
549 2812 814 2862 aeternum
834 2805 1226 2875 perseverabit.
1249 2805 1370 2877 Ipsa
1393 2805 1507 2863 sola
1529 2808 1791 2878 perducet
1892 2811 2034 2867 cibos
2059 2825 2350 2881 pauperum
2375 2825 2554 2864 omnes
2577 2806 2856 2878 facultates
2881 2821 3048 2871 meas,
3073 2812 3121 2859 et
3146 2803 3192 2858 si
3219 2801 3488 2857 tradidero

188 2913 288 2955 nos
309 2898 385 2954 ad
397 2897 697 2965 Christum,
715 2898 832 2969 ipsa
854 2897 967 2955 sola
987 2897 1203 2954 fruetur
1218 2899 1416 2972 gaudio
1435 2901 1785 2971 sempiterno.
1891 2921 2082 2975 corpus
2124 2919 2320 2969 meum,
2349 2903 2425 2957 ita
2461 2911 2520 2956 ut
2560 2901 2798 2966 ardeam,
2826 2899 3137 2954 charitatem
3165 2905 3343 2952 autem
3382 2911 3489 2951 non

183 2996 241 3046 et
263 2990 702 3061 praesentissimo
724 2990 875 3046 vultu
901 2990 1292 3060 omnipotentis
1315 2989 1436 3059 Dei,
1463 2998 1572 3048 etc.
1891 2997 2144 3059 habuero,
2178 2994 2310 3049 nihil
2345 2994 2473 3048 mihi
2506 2994 2717 3065 prodest
2742 2991 2956 3064 (Ibid.).
2996 2990 3110 3047 Nec
3138 2990 3357 3062 quidem
3387 2989 3490 3044 im-

1892 3089 2110 3146 merito.
2139 3086 2198 3144 Si
2221 3087 2366 3143 enim
2390 3101 2497 3141 non
2519 3087 2668 3157 quid,
2685 3086 2782 3143 sed
2801 3094 3029 3157 propter
3046 3084 3174 3155 quid
3197 3083 3482 3147 faciamus,

477 3141 653 3184 εειωο
689 3141 760 3184 ετ
801 3141 1114 3184 macrum
1152 3141 1512 3184 surenrormu.
2155 3141 2195 3190 νς
2231 3141 2266 3143 -ί
2313 3141 2326 3142 η
2477 3175 2489 3187 ,
2535 3141 2554 3157 ι
2802 3141 2822 3157 ι
2905 3141 2922 3155 ι
3063 3141 3079 3155 .
3469 3141 3479 3147 .

1891 3195 1950 3235 ιιι
1976 3178 2068 3235 illa
2093 3177 2286 3233 ultima
2311 3183 2718 3232 examinatione
2747 3174 3100 3244 quaerendum
3127 3181 3231 3238 est,
3254 3171 3489 3228 eleemoo

265 3265 399 3323 Jam
423 3265 602 3337 qualis
627 3275 686 3322 et
712 3273 917 3338 quanta
944 3265 1016 3322 sit
1039 3265 1302 3331 charitas,
1324 3278 1434 3320 non
1458 3261 1658 3335 pedum
1677 3261 1788 3329 via,
1823 3322 1866 3340 Α
1897 3285 2067 3340 syllae,
2099 3268 2187 3325 vel
2218 3267 2442 3325 traditio
2470 3267 2715 3338 corporis
2740 3265 2946 3337 proprii
2979 3265 3036 3321 in
3061 3271 3313 3332 mortem,
3357 3264 3490 3336 quid

193 3322 297 3415 sed
341 3322 580 3425 morum,
610 3322 870 3429 Apostolo
903 3358 1151 3424 docente.
1179 3322 1478 3414 discamus:
1495 3351 1556 3410 Si
1575 3322 1790 3426 linguis.
1820 3322 1867 3388 α
1895 3322 2196 3436 proderunt
2221 3322 2686 3419 licitatione
2709 3322 3066 3416 εἶπαι-ξιπεωῖ
3092 3358 3212 3430 Ipsa
3235 3322 3486 3431 ergoim-

182 3449 401 3520 inquit.
416 3449 684 3504 hominum
704 3449 892 3522 loquar
914 3459 964 3504 ει
983 3448 1290 3522 angelorum
1307 3448 1362 3520 (Ῑ
1381 3447 1504 3504 σοι’·
1519 3446 1665 3520 ιω),
1679 3455 1788 3504 oleo
1894 3457 2072 3515 benda
2087 3465 2189 3523 est,
2205 3456 2324 3527 ipsa
2342 3464 2428 3512 est
2448 3454 2729 3520 sectanda,
2745 3453 2864 3508 sine
2881 3465 2990 3523 qua
3011 3465 3112 3507 nec
3127 3450 3487 3522 eleemosynte

178 3539 490 3599 Hominum
527 3550 585 3598 et
619 3542 935 3614 angelorum
964 3541 1185 3613 liDEUlS.
1223 3541 1443 3597 inanem
1471 3539 1788 3598 facundiam
1894 3564 1999 3606 nec
2022 3547 2374 3605 mortiﬁcatio
2400 3545 2516 3603 sive
2541 3543 2744 3601 occisio
2770 3543 3036 3613 corporis,
3062 3557 3162 3598 nec
3187 3541 3279 3596 illa
3305 3540 3489 3598 omnia

177 3633 560 3705 quorumdam
600 3633 880 3690 hominum
926 3631 1290 3705 SlSDlﬁoo‘om
1334 3633 1599 3690 debemus
1641 3632 1790 3688 πεί·
1896 3646 2147 3718 superius
2173 3645 2342 3712 dicta,
2369 3643 2457 3700 vel
2482 3642 2588 3700 alia
2615 3641 2866 3714 quamvis
2888 3641 3028 3697 bona
3053 3639 3361 3711 perducunt
3385 3635 3486 3691 ali-

173 3739 362 3798 pere,
409 3741 529 3795 qua:
567 3727 751 3783 omnia
798 3742 1136 3798 quaecunque
1181 3725 1485 3792 voluerint.
1537 3735 1794 3790 accurate
1895 3735 2375 3809 quosadsalutem,
2391 3735 2520 3806 quia
2534 3731 3200 3804 qutelibetactiobonavel
3214 3731 3420 3802 passio,
3435 3729 3483 3786 si

175 3819 420 3890 quidem
465 3828 628 3890 alque
670 3821 990 3891 eloquenter
1018 3821 1328 3877 oooollam-
1386 3820 1495 3877 sed
1542 3821 1794 3890 quamVlS
1896 3847 1962 3888 ex
1980 3831 2106 3896 ﬁde,
2128 3845 2248 3901 quae
2267 3844 2366 3900 per
2382 3828 2724 3884 dilectionem
2741 3835 3018 3899 operatur,
3041 3841 3148 3882 non
3161 3825 3490 3890 exstiterint,

173 3918 392 3968 omam
414 3911 739 3982 copioseque
768 3913 1062 3978 disseram,
1090 3921 1272 3969 tomo"
1300 3911 1529 3968 docendi
1556 3911 1794 3968 οίιῖοίιιω
1895 3923 2052 3979 nobis
2073 3921 2330 3992 prodesse
2350 3935 2456 3977 non
2479 3928 2787 3991 potuerunt.
2805 3918 3144 3988 Quapropter
3165 3917 3242 3972 nil
3262 3918 3344 3972 eis
3366 3931 3490 3987 pec-

169 4003 441 4058 vanitate
470 4003 721 4074 placendi
763 4004 937 4074 magis
975 4018 1139 4073 quam
1180 4003 1496 4060 consulendi
1525 4003 1796 4058 charitate
1897 4014 2004 4070 cali
2031 4011 2356 4068 damnabilis
2381 4024 2669 4068 remanere
2697 4009 2927 4082 poterit,
2955 4023 3054 4064 nec
3081 4008 3257 4063 deerit
3284 4007 3492 4076 aliquid

168 4096 539 4166 suscipiunt,
582 4111 693 4151 non
728 4103 789 4150 ut
829 4096 964 4152 alios
992 4097 1255 4162 doceant,
1305 4096 1399 4152 sed
1429 4103 1490 4152 ut
1514 4111 1574 4153 se
1603 4097 1722 4152 doct

1937 4109 2050 4171 oni,
2085 4103 2283 4175 quibus
2306 4103 2547 4160 charitas
2569 4102 2750 4160 omnis
2772 4099 3163 4172 inquinamenti
3190 4098 3491 4164 mundatio,

161 4187 530 4244 ostendant:
563 4200 665 4243 nec
692 4194 754 4242 ut
782 4186 1113 4258 profectum,
1140 4187 1238 4243 sed
1262 4194 1323 4241 ut
1348 4186 1598 4257 plausum
1624 4201 1656 4241 a
1680 4185 1796 4243 suis
1897 4204 1954 4251 et
1974 4197 2238 4252 bonorum
2263 4194 2506 4252 omnium
2549 4202 2728 4250 mater
2767 4191 3021 4250 adfuerit.
3072 4191 3337 4260 Quoniam
3375 4191 3498 4262 qui-

163 4277 544 4337 auditoribus
573 4288 820 4351 quaerant
845 4297 858 4334 :
900 4279 945 4336 si
983 4286 1155 4336 totam
1184 4277 1430 4335 scientia:
1458 4277 1717 4350 diligenti:

1940 4304 2021 4344 em
2049 4287 2296 4344 Charitas
2319 4289 2521 4361 patiens
2560 4297 2656 4356 est,
2691 4289 2913 4361 benigna
2937 4297 3033 4355 est,
3062 4303 3167 4344 non
3188 4289 3494 4354 aemulatur,

158 4369 536 4429 transferant
564 4371 858 4429 mendaces
888 4372 956 4428 ad
976 4371 1254 4444 'linguam,
1289 4381 1346 4429 et
1379 4371 1674 4428 studiosius
1701 4386 1796 4429 ve-
1897 4395 2002 4434 non
2029 4380 2136 4451 agit
2168 4396 2461 4451 perperam,
2499 4397 2605 4436 non
2637 4381 2880 4450 inﬂatur,
2925 4397 3031 4435 non
3073 4388 3150 4435 est
3191 4378 3494 4445 ambitiosa,

161 4465 287 4520 lint
317 4461 696 4532 eloquentiam
719 4479 914 4520 curare
935 4479 1100 4535 quam
1122 4464 1312 4531 vitam,
1333 4463 1624 4535 supercilio
1642 4479 1796 4519 vana:
1900 4488 2004 4526 ηοη
2049 4473 2240 4543 σηενξε
2267 4488 2385 4544 qua:
2413 4490 2512 4528 sua
2533 4481 2679 4540 sunt,
2731 4473 2909 4527 omnia
2939 4472 3150 4543 suffert,
3179 4471 3357 4526 omnia
3380 4487 3497 4526 cre-

162 4551 545 4624 loquacitatis
575 4551 739 4622 elati,
787 4555 932 4611 dicta
975 4570 1074 4610 sua
1118 4554 1292 4627 magis
1319 4555 1541 4627 cupiant
1584 4554 1794 4612 laudari
1897 4565 1993 4629 dir,
2031 4565 2207 4619 omnia
2227 4573 2421 4636 sperat,
2465 4566 2643 4620 omnia
2689 4565 2908 4620 sustinet
2936 4563 3153 4636 (Ibid.),
3182 4563 3261 4620 eis
3293 4563 3495 4633 inqui-

162 4658 364 4750 τιυειιξι
385 4643 503 4750 ﬁeri
530 4660 679 4750 =_ne¢
693 4645 811 4750 sint
834 4647 904 4704 de
928 4647 1216 4750 sanctitate
1237 4647 1442 4750 eugris.
1464 4648 1571 4750 sed
1587 4649 1654 4704 de
1679 4663 1795 4750 θίξιν-
1822 4687 1874 4750 D
1897 4659 1999 4750 bus
2029 4658 2211 4727 fuerit,
2239 4660 2423 4716 omnia
2465 4660 2570 4716 ista
2595 4676 2716 4731 quae
2738 4659 2903 4716 habet
2927 4659 3191 4750 impartit.
3247 4658 3316 4750 si
3357 4658 3494 4750 quid

160 4739 382 4797 monis
406 4739 709 4796 elucubrati
733 4750 1021 4798 venustate
1044 4740 1573 4814 solliciti.‘Nunquid
1602 4742 1797 4798 merito
1826 4739 1865 4750 '
1901 4749 2008 4806 illis
2037 4765 2160 4806 esse
2202 4759 2381 4822 potest
2411 4750 2466 4806 in
2510 4750 2614 4806 hac
2661 4751 2771 4806 vita
2815 4749 3132 4822 perfectius,
3183 4747 3277 4820 qui
3328 4746 3498 4806 tantis

164 4833 334 4887 tales
369 4841 666 4889 aeramento
699 4835 917 4890 sonanti
956 4842 1050 4890 aut
1090 4834 1343 4890 tinnienti
1373 4834 1622 4907 cymbalo
1648 4849 1797 4890 com—
1902 4841 2198 4907 abundant,
2230 4842 2496 4898 charitate
2521 4841 2576 4898 in
2606 4858 2665 4898 se
2693 4850 2984 4915 regnante,
3017 4841 3352 4898 virtutibus?
3381 4841 3496 4896 Me-

160 4931 466 4997 parantur
485 4925 578 4995 qui
606 4925 662 4980 in
686 4927 908 4982 modum
935 4925 1219 4982 tinnientis
1241 4927 1522 4982 aeramenti
1543 4927 1628 4983 vel
1651 4941 1799 4999 cym-
1900 4933 2008 4987 rito
2033 4931 2261 5002 proinde
2287 4931 2504 5004 quando
2523 4932 2768 4990 videmus
2793 4933 3006 5006 aliquos
3032 4932 3308 5005 patientia:
3348 4931 3491 4986 mole

158 5015 296 5071 bali
349 5014 617 5084 praeclara
651 5032 882 5090 quaeque
918 5018 1093 5089 magis
1123 5025 1382 5089 appetunt
1409 5033 1608 5076 sonare
1631 5035 1796 5090 quam
1901 5023 2174 5091 fundatos,
2193 5023 2574 5081 inconcussum
2593 5035 2784 5098 pectus
2798 5025 3142 5082 saevientibus
3157 5023 3494 5095 malisoppo-

158 5111 432 5167 facere:
484 5110 569 5166 vel
618 5113 950 5170 erubescunt
1003 5127 1035 5167 a
1081 5113 1306 5183 seipsis,
1361 5113 1521 5170 aliter
1563 5115 1797 5172 vivendo
1901 5132 2053 5184 nere,
2094 5116 2427 5174 abundantia
2479 5127 2682 5176 sanctte
2728 5119 3080 5193 benignitatis
3113 5119 3491 5190 locupletatos,

157 5217 366 5275 quam
408 5203 708 5272 praedicant
734 5204 1088 5275 discrepare?
1135 5203 1238 5271 Qui
1284 5212 1342 5258 ut
1385 5219 1604 5275 quoquo
1631 5205 1795 5261 modo
1899 5212 2101 5269 bonum
2147 5228 2304 5268 suum
2331 5211 2468 5270 velle
2494 5229 2619 5270 cum
2647 5214 2899 5271 omnibus
2927 5214 3131 5270 habere
3175 5194 3490 5278 commune,

159 5293 604 5369 turpitudinem
625 5312 739 5354 suae
757 5297 1191 5354 conversationis
1211 5297 1794 5365 obnubilent,honesta
1902 5321 2007 5361 non
2051 5305 2319 5377 aliquibus
2363 5305 2607 5363 ardentis
2643 5306 2864 5362 invidiae
2907 5304 3117 5363 facibus
3143 5304 3342 5376 coqui,
3385 5321 3494 5362 non

155 5385 508 5469 praedicare
533 5403 642 5443 non
669 5391 925 5445 cessant:
962 5405 1071 5445 non
1100 5397 1161 5444 ut
1189 5389 1466 5445 auditores
1495 5389 1579 5446 sui
1606 5405 1795 5446 eorum
1902 5411 2062 5466 agere
2085 5411 2396 5468 perperam,
2418 5399 2515 5455 sed
2539 5398 2857 5470 simpliciter
2875 5413 2998 5455 cum
3023 5397 3274 5454 omnibus
3295 5397 3492 5467 quibus

156 5477 596 5552 praedicatione
622 5481 931 5551 proficiant,
961 5480 1058 5538 sed
1082 5489 1146 5537 ut
1170 5489 1228 5538 et
1257 5481 1360 5552 ipsi
1386 5481 1678 5537 videantur
1703 5503 1710 5533 ‹

1939 5491 2066 5545 ebet
2088 5491 2269 5547 unitas
2317 5491 2604 5548 charitatis
2630 5492 2874 5548 exhiberi
2899 5508 2915 5558 ;
2963 5491 3111 5548 nullo
3140 5490 3282 5546 fastu
3308 5491 3493 5562 perni-

159 5584 318 5627 1⁵³1⁵⁸
352 5582 480 5638 qui“
505 5570 824 5641 praedicant.
858 5572 966 5629 sed
986 5574 1269 5630 Vldoomos
1292 5590 1415 5646 qua:
1439 5575 1526 5632 bis
1547 5586 1800 5632 30110013!
1905 5586 2067 5642 ciosae
2111 5587 2367 5642 vanitatis
2393 5585 2601 5655 inﬂari;
2634 5587 2768 5643 nihil
2797 5602 2987 5644 eorum
3012 5603 3134 5659 qua:
3169 5593 3297 5643 sunt
3319 5586 3495 5642 aliena

155 5662 536 5737 ApOstolus:
567 5664 627 5722 Si
645 5666 898 5734 habuero,
917 5667 1110 5737 inquit,
1130 5670 1480 5740 prophetiam,
1501 5681 1550 5728 et
1571 5674 1799 5728 noverim
1905 5676 2135 5733 crimine
2163 5679 2472 5749 cupiditatis
2494 5678 2703 5736 ambire
2735 5695 2748 5732 :
2775 5694 2896 5750 quae
2917 5687 3045 5735 sunt
3073 5694 3193 5746 sua,
3213 5679 3316 5751 piae
3345 5693 3496 5736 com-

154 5755 463 5829 mysteria
485 5757 664 5814 omnia
682 5755 732 5830 (1
742 5758 894 5834 bid.),
919 5767 1024 5817 etc.
1057 5759 1174 5818 Non
1200 5762 1304 5820 hoc
1325 5763 1402 5820 ita
1424 5764 1625 5822 dicitur
1644 5766 1800 5839 quasi
1908 5769 2180 5826 munionis
2192 5771 2337 5827 bono
2353 5787 2458 5827 non
2474 5786 2749 5842 quaerere;
2776 5771 2909 5828 nulli
2922 5766 3143 5839 malum,
3163 5771 3496 5845 quibuslibet

156 5849 392 5920 aliqua
417 5846 560 5938 bona
585 5851 704 5908 sine
726 5852 995 5909 charitate
1022 5853 1186 5925 aliqui
1213 5854 1414 5914 habere
1438 5873 1546 5915 non
1567 5861 1802 5932 possint,
1908 5862 2155 5921 irritatus
2197 5864 2431 5936 injuriis,
2482 5865 2766 5937 cogitare;
2794 5883 2901 5924 non
2929 5883 3093 5939 super
3140 5864 3368 5936 alicujus
3392 5857 3497 5921 ini-

155 5948 279 6006 sed
320 5944 464 6016 quia
502 5946 637 6005 nihil
672 5949 888 6101 pgosint
914 5948 1245 6101 ἢεὺὲιέῗὲἳῖ
1268 5965 1362 6022 ea,
1397 5953 1445 6013 si
1473 5970 1506 6013 a
1533 5955 1802 6014 charitate
1908 5957 2137 6029 quitate.
2168 5959 2262 6017 sed
2299 5959 2365 6018 de
2382 5959 2628 6019 -veritate
2657 5958 2763 6022 [ΑΙ.
2823 5962 3046 6032 virtute]
3072 5961 3305 6034 gaudere
3333 5974 3345 6012 :
3380 5971 3497 6012 om-

745 6058 969 6101 srnon.
1255 6086 1270 6101 .
2985 6056 3060 6101 19

745 6058 969 6103 arnor”
1013 6040 1270 6105 CXVII.
2985 6056 3060 6118 19
