3996 6524
229 565 332 623 593

907 560 1274 621 EXPOSITIO
1306 561 1377 620 IN
1413 563 1566 646 ΕΡΡ.
1602 567 1663 624 S.
1703 563 1933 626 PAULI.
1973 596 2046 610 -—
2079 567 2147 622 IN
2185 567 2406 626 EPIST.
2445 569 2468 626 I
2504 571 2598 628 AD
2635 570 2794 630 COR.

3389 574 3494 634 594

225 677 476 736 subaudis
496 680 564 734 ad
594 675 748 734 alios.
785 675 1115 732 lntlabantur
1134 675 1423 745 Corinthii,
1451 679 1608 749 quasi
1626 693 1809 734 exem-
1833 678 1890 740 Α
1911 679 2138 734 veram?
2172 679 2290 736 Non
2325 689 2411 738 est
2457 683 2556 750 ita,
2602 685 2732 755 quia
2773 697 2904 742 vera
2953 700 3050 742 vos
3087 685 3246 744 docui
3286 694 3342 744 et
3382 704 3494 746 non

225 771 308 843 plo
339 771 554 827 illorum
605 778 816 827 caeteras
859 778 1055 841 gentes
1104 769 1288 825 invita:
1337 769 1698 826 credidissent
1747 771 1804 826 in

225 863 523 928 Christum,
547 868 604 917 et
632 862 700 917 ab
728 861 834 917 illis
858 869 1005 916 esset
1029 859 1384 915 ditfamatum.
1415 860 1542 916 Ideo
1560 861 1637 916 ait
1662 861 1807 931 Apo-

225 960 426 1016 stolus:
453 958 537 1013 An
563 973 595 1013 a
621 956 778 1013 vobis
803 955 1027 1012 verbum
1074 954 1194 1022 Dei,
1241 955 1297 1011 id
1321 962 1405 1011 est
1446 955 1582 1011 ﬁdes
1605 955 1807 1012 Christi

225 1052 307 1108 vel
337 1051 455 1121 ejus
497 1050 869 1122 Evangelium,
903 1047 1171 1118 processit
1209 1047 1278 1102 ad
1307 1046 1442 1103 alias
1461 1047 1688 1118 gentes?
1718 1046 1807 1102 ln-

225 1143 642 1200 tlainiuabantur
681 1141 845 1196 etiam
876 1140 932 1195 in
976 1140 1096 1206 hoc,
1144 1139 1301 1209 quasi
1340 1138 1471 1194 solis
1511 1137 1618 1194 illis
1662 1137 1808 1193 salus

221 1251 340 1308 quae
368 1235 422 1290 in
454 1234 672 1290 Christo
695 1241 780 1289 est
806 1247 904 1305 per
923 1231 1263 1303 patriarchas
1280 1239 1338 1287 et
1354 1232 1646 1301 prophetas
1677 1229 1809 1285 fuis-

223 1335 305 1385 set
339 1326 608 1399 promissa
637 1343 650 1380 :
682 1333 739 1382 et
756 1326 858 1381 hoc
881 1332 966 1380 est
993 1323 1136 1395 quod
1159 1324 1327 1380 dicit:
1359 1333 1450 1378 aut
1478 1324 1535 1378 in
1554 1339 1642 1378 vos
1669 1322 1807 1378 solos

218 1420 444 1492 peruenit
467 1419 493 1473 7
520 1419 745 1474 verbum
769 1416 887 1473 Dei.
1210 1468 1215 1473 .

289 1511 352 1569 Si
372 1512 487 1580 quis
513 1511 718 1566 videtur
743 1509 994 1582 propheta
1023 1524 1153 1574 esse,
1181 1507 1237 1563 id
1261 1515 1347 1562 est
1376 1506 1592 1578 sapiens
1619 1505 1810 1562 doctor

215 1615 272 1663 et
299 1603 616 1675 explanator
644 1600 1070 1673 Scripturarum.
1123 1608 1215 1655 aut
1266 1597 1541 1668 spiritalis,
1593 1598 1648 1654 id
1701 1605 1805 1654 est.

215 1698 307 1768 qui
358 1694 620 1768 spiritalia
666 1708 859 1765 capere
907 1693 1103 1764 possit,
1152 1701 1429 1763 cognoscat
1455 1707 1575 1762 quia
1613 1691 1806 1757 scribo,

213 1793 338 1862 quia
372 1789 586 1845 Domini
605 1787 860 1844 mandata
877 1796 1019 1853 sunt,
1044 1785 1100 1841 id
1125 1793 1229 1852 est,
1261 1784 1527 1855 intelligat
1545 1791 1600 1839 et
1619 1798 1811 1854 appro-

217 1883 312 1938 bet
364 1884 491 1954 quia
529 1879 744 1936 Domini
789 1888 872 1936 est
917 1878 1254 1934 mandatum.
1307 1876 1751 1948 Pseudoapostoli
1777 1891 1810 1932 a

215 1978 410 2050 seipsis
436 1985 491 2033 et
534 1991 565 2030 a
617 1974 834 2030 diabolo
879 1973 1263 2042 loquebantur,
1303 1970 1581 2042 apotstolus
1626 1978 1808 2026 autem

1909 767 2068 836 falsa,
2098 787 2396 844 veramque
2420 772 2604 842 ﬁdem,
2652 783 2708 831 et
2756 776 3152 833 credulitatem.
3207 778 3350 852 Ergo
3386 793 3497 851 qua

1909 863 2123 919 ratione
2159 865 2567 936 praedicaverim
2614 866 2790 933 vobis,
2851 868 2898 923 si
2944 870 3161 935 tenetis,
3213 870 3316 926 nisi
3351 870 3497 941 quod

1913 951 2110 1010 frustra
2137 957 2446 1013 credidistis
2463 957 2674 1029 ignoro.
2705 957 2932 1014 Frustra
2962 960 3152 1026 credit,
3176 961 3269 1031 qui
3290 961 3360 1016 ab
3380 962 3496 1030 ipsa

1910 1045 2016 1101 ﬁde
2063 1049 2405 1118 postmodum
2454 1049 2680 1105 recedit.
2734 1048 2856 1104 lam
2905 1049 2961 1105 in
2998 1051 3350 1121 sequentibus
3395 1065 3496 1108 ex-

1909 1139 2064 1209 ponit
2091 1140 2219 1210 quid
2247 1140 2641 1212 praedicaverit.

1985 1227 2204 1284 Tradidi
2223 1230 2360 1285 enim
2391 1230 2530 1286 vobis
2558 1232 2613 1286 in
2639 1232 2907 1302 primis,id
2929 1241 3012 1290 est
3038 1234 3091 1288 in
3120 1235 3343 1291 exordio
3365 1251 3500 1293 mea

1910 1321 2332 1390 praedicationis,
2357 1322 2497 1393 quod
2539 1331 2588 1377 et
2630 1326 2827 1395 accepi,
2880 1325 3138 1380 subaudis
3188 1342 3218 1382 a
3259 1327 3500 1395 Christo,

1911 1410 2160 1481 quoniam
2206 1410 2445 1467 Christus
2474 1423 2712 1468 mortuus
2754 1423 2829 1469 est
2867 1432 2960 1486 pro
3000 1419 3227 1487 peccatis
3278 1420 3495 1485 nostris,

1913 1503 2198 1557 secundum
2228 1503 2554 1574 Scripturas.
2589 1504 2900 1576 Scripturas
2930 1505 3144 1563 Veteris
3165 1508 3503 1565 Testamenti

1913 1603 2200 1662 memorat,
2246 1610 2368 1666 qua:
2411 1595 2653 1652 futuram
2680 1597 3008 1671 passionem
3035 1599 3239 1654 Christi
3283 1601 3502 1656 cecine-

1912 1696 2060 1744 runt.
2092 1687 2234 1742 Dicit
2254 1687 2399 1744 enim
2428 1687 2634 1744 Isaias:
2661 1686 2807 1743 Sicut
2836 1690 2943 1744 ouis
2973 1689 3042 1744 ad
3064 1691 3378 1746 occisionem
3403 1692 3505 1746 du-

1913 1791 2078 1846 cetur,
2101 1789 2150 1834 et
2181 1779 2315 1834 sicut
2339 1795 2508 1850 agnus
2542 1796 2647 1835 non
2673 1782 2867 1850 aperiet
2895 1799 2953 1837 os
2996 1797 3150 1837 suum
3190 1783 3326 1854 (lsa.
3356 1784 3499 1855 mn).

1912 1870 1983 1926 Et
2007 1871 2131 1943 quia
2159 1869 2393 1941 sepultus
2423 1881 2521 1937 est,
2550 1870 2806 1928 subaudis
2829 1873 3127 1928 secundum
3168 1872 3502 1944 Scripturas,

1914 1964 2079 2032 dabit,
2113 1964 2287 2035 inquit
2319 1966 2602 2038 propheta,
2631 1966 2820 2036 impios
2848 1966 3066 2023 Judreos
3086 1984 3179 2038 pro
3207 1967 3500 2039 sepultura,

221 2048 424 2126 Paulus
453 2077 510 2124 et
536 2066 730 2136 reliqui
775 2065 867 2120 Dei
903 2063 1155 2119 mandata
1174 2061 1541 2134 proferebant.
1568 2048 1954 2133 IdeoqueBel
1997 2057 2208 2112 divitem
2267 2074 2363 2129 pro
2434 2067 2599 2113 morte
2667 2075 2766 2114 sua
2813 2058 2999 2131 (Ibid.
3026 2061 3086 2132 );
3143 2068 3201 2116 et
3254 2061 3502 2116 iterum:

212 2161 301 2216 bis
348 2159 530 2220 verbis
578 2157 751 2229 tangit
796 2171 890 2213 eos
939 2156 1033 2226 qui
1069 2169 1168 2227 pro
1209 2154 1378 2212 lucris
1425 2154 1812 2228 temporalibus

214 2261 274 2310 et
303 2249 589 2308 desideriis
629 2249 909 2306 hominum
939 2263 1048 2304 non
1083 2247 1290 2314 divina,
1331 2247 1430 2304 sed
1462 2255 1682 2302 terrena
1712 2247 1811 2304 do-

212 2344 515 2506 celginzuis
561 2440 738 2488 autem
790 2432 1024 2504 ignorat,
1074 2430 1336 2488 subaudis
1387 2431 1504 2488 haec
1552 2433 1808 2488 mandata

211 2525 451 2592 Domini,
485 2523 846 2595 ignorabitur;
875 2523 930 2580 id
957 2529 1062 2590 est,
1086 2523 1133 2578 si
1156 2523 1277 2593 quis
1300 2524 1572 2594 repudiat,
1594 2523 1681 2579 vel
1701 2539 1810 2580 non

207 2621 478 2692 approbat
525 2618 641 2674 haec
687 2617 944 2673 mandata
991 2616 1226 2684 Domini,
1279 2617 1679 2690 repudiabitur,
1709 2631 1808 2674 nee

208 2714 604 2787 approbabitur
625 2729 657 2768 a
691 2713 920 2770 Domino
955 2713 1012 2767 in
1034 2713 1121 2768 die
1140 2711 1350 2781 judicii.

283 2807 496 2878 Itaque,
525 2807 736 2877 fratres,
761 2806 868 2862 mei
893 2807 948 2861 in
973 2805 1099 2872 ﬁde,
1125 2805 1539 2872 wmulaminiﬁd
1564 2814 1668 2872 est,
1690 2814 1808 2861 stu-

204 2901 395 2958 detote
416 2907 471 2955 et
489 2899 691 2971 diligite
714 2899 1058 2970 prophetare,
1085 2898 1139 2953 id
1167 2906 1251 2954 est
1275 2897 1616 2968 Scripturam
1637 2898 1811 2954 inter-

202 2994 440 3068 pretari,
485 3000 542 3049 et
579 3001 765 3064 aperte
793 3007 1087 3065 exponere,
1129 2992 1291 3047 etiam
1329 2993 1374 3047 si
1404 2993 1526 3062 quis
1564 2993 1682 3048 vult
1715 2992 1810 3048 vel

201 3094 395 3158 potest
422 3084 615 3156 linguis
652 3083 813 3156 loqui,
851 3083 1014 3139 nolite
1033 3083 1328 3154 prohibere,
1375 3091 1585 3138 tantum
1615 3091 1677 3139 ut
1714 3083 1812 3139 ha-

206 3180 349 3236 beat
379 3179 752 3250 interpretem.
783 3177 977 3233 Omnia
1019 3185 1198 3233 autem
1233 3176 1446 3232 honeste
1474 3175 1607 3246 ﬁant
1627 3177 1687 3233 in
1713 3193 1810 3232 uo-

205 3272 320 3338 bis,
362 3269 417 3326 id
452 3281 534 3326 est
563 3285 688 3326 cum
714 3266 929 3326 decore.

1913 2150 2055 2218 Erit,
2107 2153 2302 2223 inquit,
2358 2152 2656 2225 sepulcrum
2707 2154 2819 2225 ejus
2866 2154 3152 2225 gloriosum
3216 2154 3352 2224 (Isa.
3396 2155 3499 2227 ιι).

1911 2243 2182 2301 Mortuum
2208 2247 2354 2303 enim
2382 2261 2504 2302 eum
2556 2247 2690 2302 nulli
2730 2246 2954 2304 dubium
2996 2255 3083 2304 est
3111 2254 3166 2304 et
3209 2249 3500 2319 sepultum.

1912 2336 1983 2394 Et
2033 2341 2159 2412 quia
2209 2342 2494 2396 resurrexit
2541 2342 2696 2396 tertia
2730 2341 2816 2396 die
2863 2339 3150 2396 secundum
3177 2338 3502 2411 Scripturas,

1909 2429 2205 2487 viviﬁcabit
2237 2447 2337 2488 nos
2377 2440 2502 2504 post
2537 2432 2672 2489 duos
2715 2433 2867 2500 dies,
2910 2433 2966 2488 in
3015 2432 3176 2488 tertia
3219 2433 3505 2489 suscitabit

1909 2535 2048 2588 nos;
2085 2530 2133 2576 et
2165 2523 2291 2593 quia
2319 2523 2458 2579 visus
2485 2533 2560 2578 est
2587 2513 2793 2595 Cephea.
2840 2523 3052 2595 Cephas
3103 2523 3302 2596 Syrum
3344 2533 3507 2581 estet

1908 2615 2216 2683 Hebraeum,
2247 2617 2441 2673 Petrus
2458 2617 2711 2674 Graecum
2735 2627 2790 2673 et
2813 2617 3085 2673 Latinum.
3118 2617 3272 2675 Licet
3292 2627 3502 2674 certum

1907 2705 2084 2763 locum
2119 2722 2225 2763 non
2251 2708 2514 2764 deﬁniant
2557 2709 2920 2780 Evangelista:
2948 2709 3038 2764 ubi
3086 2710 3402 2782 apparuerit
3426 2711 3500 2778 ei,

1911 2808 2092 2856 tamen
2127 2801 2455 2857 credendum
2500 2809 2608 2868 est,
2652 2802 2780 2872 quia
2825 2802 3140 2873 apparuerit
3175 2802 3248 2858 ei.
3291 2801 3363 2856 Et
3387 2813 3504 2874 post

1909 2894 2020 2948 lues
2069 2894 2314 2948 undecim
2336 2909 2354 2946 :
2406 2903 2599 2950 octava
2648 2895 2900 2951 videlicet
2952 2895 3041 2951 die
3085 2894 3504 2952 resurrectionis

1911 3000 2044 3052 suae,
2073 2986 2289 3056 quando
2327 3000 2451 3040 cum
2477 2986 2598 3042 aliis
2618 2994 2739 3042 erat
2764 2985 3020 3043 Thomas.

1981 3086 2184 3143 Deinde
2235 3088 2375 3143 uisus
2401 3097 2478 3142 est
2525 3089 2643 3158 plus
2689 3107 2848 3161 quam
2905 3093 3202 3163 quingentis
3243 3093 3504 3164 fratribus

1910 3177 2092 3246 simul,
2143 3179 2198 3234 id
2225 3187 2310 3236 est
2339 3180 2704 3236 credentibus.
2758 3181 2872 3238 Hoc
2901 3199 3116 3254 quoque
3165 3200 3354 3240 verum
3398 3194 3502 3253 est,

1909 3269 2041 3326 licet
2088 3271 2438 3342 evangelista:
2489 3286 2598 3327 non
2662 3283 3109 3330 commemorent.
3165 3276 3252 3331 Ea:
3314 3277 3504 3348 quibus

1911 3365 2066 3420 inulti
2113 3373 2346 3431 manent,
2393 3366 2450 3421 in
2491 3380 2739 3436 corpore,
2791 3383 2953 3439 usque
3001 3368 3195 3436 adhuc,
3247 3369 3505 3425 subaudis

836 3423 1064 3483 CAPUT
1100 3424 1216 3482 Xv-
1835 3423 1885 3491 α
1913 3471 2051 3528 quos
2083 3456 2131 3512 si
2182 3423 2346 3512 vultis
2375 3423 2980 3528 interrogare'potestis
3015 3476 3031 3525 ;
3065 3423 3284 3530 quidam
3322 3423 3504 3517 autem

282 3541 490 3599 Notum
517 3549 694 3598 autem
730 3541 875 3596 vobis
910 3540 1071 3612 facio,
1110 3541 1325 3613 fratres,
1365 3539 1421 3597 id
1444 3546 1552 3608 est,
1591 3541 1660 3598 ad
1701 3556 1813 3598 me-
1913 3547 2269 3614 dormierunt,
2301 3547 2356 3602 id
2383 3557 2470 3604 est
2491 3548 2690 3603 mortui
2717 3556 2863 3614 sunt,
2887 3549 3031 3619 quod
3055 3550 3177 3606 ideo
3205 3551 3355 3618 dicit,
3376 3553 3505 3621 quia
3552 3550 3559 3557 ’

193 3636 448 3694 moriam
493 3635 647 3691 vobis
687 3634 911 3702 reduco,
961 3632 1304 3706 Evangelium
1340 3635 1480 3706 quod
1528 3635 1812 3706 pradicavi
1911 3644 2124 3701 facilius
2151 3653 2409 3715 poterunt
2435 3644 2690 3700 suscitari
2719 3659 2750 3697 a
2779 3642 3000 3701 Christo
3027 3643 3095 3701 de
3137 3661 3329 3701 somno
3354 3662 3503 3702 mor-

190 3730 381 3805 vobis,
412 3729 551 3802 quod
574 3738 623 3783 et
651 3729 939 3800 accepistis,
967 3729 1023 3781 in
1047 3745 1150 3800 quo
1175 3739 1224 3782 et
1269 3728 1443 3794 statis,
1483 3745 1576 3800 per
1597 3730 1738 3801 quod
1761 3737 1811 3784 et
1913 3736 2007 3802 tis,
2034 3751 2196 3806 quam
2221 3735 2345 3806 quis
2370 3751 2403 3790 a
2428 3735 2576 3792 socio
2605 3751 2703 3792 suo
2741 3735 2809 3791 de
2848 3728 3038 3793 somno
3065 3737 3272 3793 lectuli.
3301 3737 3506 3795 Deinde

195 3822 528 3879 salvamini.
576 3819 783 3877 Fuerat
835 3819 1128 3892 Apostolus
1173 3820 1316 3890 apud
1355 3817 1666 3876 Corinthios
1711 3835 1811 3891 per
1909 3831 2049 3887 υίειιε
2089 3839 2164 3886 εει
2194 3829 2426 3895 Jacobo,
2473 3829 2564 3899 qui
2616 3829 2978 3901 spoponderat
3011 3832 3068 3886 in
3101 3846 3257 3887 coena
3291 3831 3505 3888 Domini

189 3935 386 3978 unum
415 3935 616 3974 annum
642 3927 697 3976 et
739 3932 833 3978 sex
861 3931 1097 3980 menses.
1153 3915 1460 3985 Pmdicans
1486 3915 1593 3970 illis
1626 3915 1808 3969 Ενδῐι-
1913 3938 2020 3980 non
2061 3939 2118 3979 se
2140 3925 2597 3979 manducaturum
2627 3931 2722 3978 aut
2746 3923 3047 3980 bibiturum
3085 3925 3259 3980 donec
3295 3927 3508 3982 videret

185 4010 421 4085 gelium
448 4026 463 4077 ;
491 4009 611 4074 sed,
640 4008 903 4078 postejus
939 4005 1260 4070 discessum,
1290 4006 1615 4062 introierunt
1641 4006 1696 4059 in
1716 4019 1810 4060 eos
1909 4011 2187 4068 Christum
2233 4029 2266 4068 a
2313 4015 2546 4068 mortuis
2606 4014 2945 4068 suscitatum.
3003 4014 3204 4068 Deinde
3255 4016 3506 4085 apostolis

181 4099 682 4178 pseudoapostoli,
736 4099 828 4170 qui
882 4099 1155 4170 negabant
1183 4097 1462 4154 Christum
1505 4113 1574 4154 ex
1602 4099 1810 4170 virgine
1910 4103 2169 4168 omnibus,
2196 4105 2250 4157 in
2277 4112 2464 4159 monte
2486 4104 2576 4159 ubi
2598 4105 2954 4160 constituerat
2975 4120 3069 4160 eos
3089 4105 3189 4172 ire,
3212 4113 3268 4162 et
3288 4108 3508 4176 quando

175 4206 429 4258 natum,
473 4208 715 4265 passum,
765 4209 798 4250 a
845 4191 1076 4248 mortuis
1121 4191 1482 4248 suscitatum:
1537 4193 1810 4264 negabant
1910 4195 2075 4252 caelos
2095 4196 2268 4265 petiit.
2301 4195 2594 4251 Nouissime
2614 4207 2786 4252 autem
2811 4199 3066 4264 omnium,
3087 4207 3339 4271 tanquam
3356 4200 3508 4254 abor-

172 4301 440 4365 quoque
469 4287 926 4350 resurrectionem
965 4285 1272 4358 generalem
1313 4285 1569 4343 futuram.
1600 4287 1808 4344 Idcirco
1909 4290 2014 4343 tivo
2041 4287 2183 4342 visus
2209 4295 2285 4341 est
2312 4295 2360 4342 et
2401 4287 2552 4341 mihi.
2611 4287 2902 4345 Abortivus
2946 4298 3052 4356 est,
3107 4291 3198 4360 qui
3227 4291 3345 4347 sine
3377 4292 3508 4363 legi-

176 4380 534 4452 compulsus
567 4381 861 4452 Apostolus
886 4379 1212 4451 recapitulat
1251 4396 1374 4451 quae
1425 4381 1548 4436 illos
1568 4396 1808 4452 praesens
1913 4379 2042 4434 timo
2069 4387 2310 4449 tempore
2339 4378 2600 4436 nascendi
2631 4383 2912 4438 nascitur:
2964 4392 3120 4439 extra
3155 4393 3368 4456 tempus
3420 4387 3504 4442 vi-

179 4477 503 4532 docuerat.
534 4471 690 4530 Unde
724 4473 897 4530 dicit:
937 4470 1137 4528 Notum
1182 4471 1337 4528 vobis
1378 4471 1520 4529 facio
1565 4473 1808 4545 Evange—
1910 4471 2104 4529 delicet
2149 4487 2468 4545 congruum,
2503 4483 2598 4531 aut
2634 4483 2925 4547 antequam
2981 4479 3177 4535 debeat
3205 4481 3378 4548 nasci,
3412 4493 3505 4537 aut

181 4569 359 4624 lium
390 4564 534 4634 quod
558 4565 864 4636 accepistis,
888 4563 1002 4620 sive
1031 4563 1350 4634 suscepistis
1370 4579 1402 4619 a
1432 4579 1555 4620 me:
1591 4564 1678 4621 vel
1717 4579 1808 4621 ac—

187 4664 445 4729 ceptum
479 4657 770 4722 habuistis,
799 4659 852 4712 in
881 4672 989 4727 quo
1039 4666 1093 4712 et
1120 4658 1324 4714 statis.
1380 4657 1438 4712 In
1485 4673 1807 4729 unaquaque

175 4748 379 4822 plebe
404 4745 680 4804 ﬁdeli'duo
711 4756 838 4820 sapt
861 4747 1044 4818 populi
1070 4765 1084 4802 :
1117 4746 1363 4818 perfecti,
1392 4753 1449 4802 et
1473 4748 1802 4820 imperfecti;

177 4831 314 4899 sed
349 4839 435 4894 hic
462 4837 732 4910 perfectos
775 4839 828 4894 in
872 4839 976 4894 ﬁde
1007 4837 1321 4908 alloquitur.
1372 4838 1572 4894 Iterum
1617 4847 1808 4896 contra

177 4918 573 5014 imperfectus
619 4935 896 5006 subiungit
930 4953 945 4995 :
995 4933 1114 5010 Qua
1162 4937 1368 5014 ratione
1415 4937 1809 5007 prtedicaverim

172 5013 387 5091 vobis,
420 5011 471 5080 si
508 5011 712 5094 tenetis,
765 5027 865 5081 nisi
895 5026 1094 5095 [rustra
1116 5012 1432 5087 credidistis.
1476 5028 1809 5085 Litteratura

174 5103 388 5192 lnijus
416 5116 670 5174 versiculi
721 5117 900 5173 minus
944 5116 1200 5187 quiddam
1240 5131 1434 5174 sensus
1479 5119 1695 5174 videtur
1719 5121 1834 5176 ha-.

171 5204 380 5274 bere,
408 5209 536 5278 quia
578 5208 859 5288 pulchrius
883 5215 1041 5264 sonat
1068 5207 1124 5263 in
1153 5206 1363 5263 Graeco.
1397 5206 1814 5282 Notandumque

173 5297 360 5361 illud
384 5293 769 5382 interrogative
793 5310 955 5382 atque
985 5300 1318 5371 inerepative
1345 5315 1465 5358 esse
1497 5301 1804 5374 legendum.

172 5395 396 5476 Igitur
423 5392 640 5476 dicatur
663 5379 736 5466 ita
764 5379 966 5474 :VQuid
991 5393 1246 5449 utilitatis
1278 5394 1566 5465 accepistis
1603 5395 1658 5452 in
1683 5396 1807 5468 hoc,

1908 4573 2048 4636 post.
2083 4564 2156 4622 Ut
2179 4564 2355 4622 Julius
2394 4566 2575 4622 Caesar
2604 4567 2708 4623 fuit
2736 4569 3014 4627 abortivus
3042 4573 3135 4642 qui
3159 4581 3281 4644 post
3322 4573 3502 4645 legiti-

1918 4675 2066 4714 mum
2098 4669 2314 4730 tempus
2359 4677 2483 4716 cum
2527 4664 2750 4719 cmsarie
2783 4673 2943 4721 natus
2971 4675 3075 4734 est,
3128 4677 3277 4725 secto
3314 4671 3505 4728 matris

1873 4773 1885 4828 ί
1899 4761 2066 4808 utero
2090 4770 2106 4808 :
2128 4753 2208 4809 sic
2229 4762 2285 4809 et
2310 4754 2600 4826 Apostolus
2619 4757 2894 4814 abortivus
2915 4761 3310 4828 quodammodo
3339 4766 3506 4820 exsti-

1915 4845 2001 4912 tit,
2032 4846 2159 4915 quia
2183 4855 2307 4915 post
2337 4854 2548 4918 tempus
2578 4858 2737 4904 natus
2764 4859 2848 4905 est
2883 4851 2939 4906 in
2968 4852 3204 4921 Christo,
3237 4856 3364 4926 quia
3397 4872 3519 4913 non:

1910 4938 2103 4994 abillo
2131 4947 2357 4996 vocatus
2399 4950 2632 4997 estcum
2682 4943 2861 5000 adhuc
2887 4954 3032 5002 esset
3079 4949 3133 5002 in
3176 4965 3362 5017 carne,
3409 4951 3505 5005 sed

1914 5043 2036 5085 cum
2053 5028 2242 5099 jamnin
2269 5031 2689 5098 dextera-Patris
2711 5044 2855 5091 esset
2879 5037 3208 5106 collocatus;
3236 5041 3322 5096 vel
3345 5043 3502 5097 abor-

1915 5121 2056 5176 tivus
2078 5128 2184 5187 est,
2216 5122 2343 5192 quia
2369 5123 2511 5178 sicut
2541 5124 2609 5179 de
2639 5125 2751 5181 vita
2781 5128 3013 5184 abortivi
3052 5131 3391 5200 desperatur,
3425 5134 3505 5189 sic

1913 5220 1968 5268 et
2012 5214 2080 5270 de
2119 5214 2232 5270 vita
2266 5213 2420 5270 Pauli
2469 5217 2861 5288 des’perabatur
2890 5235 2921 5276 a
2968 5221 3236 5289 ﬁdelibus,
3287 5225 3505 5295 quando

1915 5321 2012 5363 eos
2035 5309 2478 5379 persequebatur.
2516 5311 2616 5378 Qui
2663 5312 2849 5383 utique
2892 5324 3208 5386 perpetuam
3236 5318 3501 5377 incurris-

1916 5407 2000 5455 set
2043 5408 2293 5467 mortem,
2337 5402 2456 5457 nisi
2493 5404 2546 5458 ei
2595 5419 2626 5458 a
2661 5403 2882 5461 Christo
2923 5406 3116 5464 luisset
3153 5405 3500 5468 subventum.

173 5465 701 5570 q'ri'ié'd'prredieavi
729 5466 969 5561 vobis,.lsi
995 5483 1158 5559 modo
1181 5483 1392 5554 decepti
1425 5499 1456 5540 a
1478 5465 1812 5557 pseudoapo-
1917 5489 2078 5548 Visus
2104 5501 2188 5548 est
2225 5465 2408 5548 autem
2437 5494 2487 5548 ei
2511 5494 2577 5549 de
2619 5495 2759 5551 ctelo
2792 5505 2916 5567 post
2959 5513 3066 5554 non
3109 5513 3337 5570 parvum
3367 5465 3502 5559 teni;

169 5561 964 5664 εῴηξἐίιίιςξξςςὶιεῃςηε,ἐῃίεἰ
1011 5575 1138 5646 quia
1176 5574 1391 5656 frustra
1434 5575 1547 5632 sive
1577 5577 1829 5644 inaniter.
1916 5601 2020 5656 pus
2044 5586 2380 5642 ascensionis
2400 5601 2532 5654 suae,
2559 5588 2774 5657 quando
2803 5597 3034 5645 caecatus
3062 5599 3146 5647 est
3169 5593 3224 5647 in
3263 5593 3352 5650 via
3375 5594 3501 5650 dum

664 5641 1094 5754 lioefqiuodaﬁde
1121 5651 1848 5748 recessistis_?..Dicitergo;-.,
1917 5641 2172 5749 pergeret
2215 5641 2537 5738 Damascum
2577 5641 2862 5752 lit-etsist),
2907 5688 2963 5736 et
3010 5689 3201 5752 postea
3234 5685 3413 5743 oranti
3445 5687 3510 5743 in'

378 5740 635 5846 iiut-ioue).
961 5747 1193 5838 utilitate
1216 5767 1622 5841 praedicaverim
1646 5773 1808 5829 vobis

1914 5740 2132 5842 {animi
2595 5740 2646 5800 “.
3149 5740 3258 5815 ς-.Ῐ
3359 5740 3442 5815 Ῐί-

160 5833 453 5915 iéi‘liu’iii
466 5833 632 5924 lli'dei‘,’
657 5857 707 5931 si
724 5833 940 5936 tene—tis,
980 5833 1235 5930 subaudis
1273 5839 1436 5932 modo
1463 5855 1619 5918 aliter
1645 5879 1830 5934 quam.
1925 5879 1942 5904 ρ
1969 5833 2102 5936 ,Εἶρα
2125 5867 2276 5922 δηίων
2311 5882 2431 5922 sunt
2464 5865 2710 5928 minimus
2751 5867 3134 5939 apostolorum.
3172 5869 3365 5928 causa
3400 5885 3504 5929 nu-

159 5949 638 6038 tQﬂﬁﬁlfliﬁliS,
664 5949 947 6036 pisi-quia
987 5949 1575 6035 frustrait;rgedidistis.‘.P
1612 5954 1694 6012 An
1722 5973 1810 6013 me
1916 5957 2285 6015 militatis-hoc
2327 5958 2478 6023 dicit,
2505 5959 2745 6016 sicut-et
2772 5958 3078 6029 Matthteus,
3107 5961 3411 6034 .qtri‘vOcat
3438 5972 3536 6020 sa'

158 6022 562 6117 νὴεὸἷᾶῖίίῶ
603 6022 784 6114 adepti
811 6022 958 6098 “esus
1006 6023 1166 6100 [idem
1207 6022 1560 6115 snpeﬁluam,
1603 6041 1665 6105 et
1699 6065 1806 6106 non
1916 6050 2283 6124 publieanum.
2315 6049 2412 6106 Vel
2441 6022 2604 6108 etiam
2631 6052 2889 6110 minimus
2912 6061 2996 6110 est
3036 6022 3282 6128 tempore
3309 6064 3366 6113 et
3403 6070 3470 6112 vo
