3996 6450
524 559 630 617 598

1008 554 1097 611 HA
1105 550 1360 611 YMONIS
1394 546 1870 610 ﬁAEBERS'I'AT.
1909 550 2104 610 EPISC

2215 550 2325 606 pr.
2348 527 2525 608 pass
2559 550 2601 607 l.
2641 574 2710 595 α.-
2744 518 3095 608 conitum.
3133 548 3305 606 BIBL.

3680 549 3783 605 596

524 671 756 737 catioue,
801 667 925 741 quia
967 668 1193 724 ultimus
1217 677 1301 725 est
1327 676 1571 725 vocatus.
1623 668 1885 724 Maximus
1918 676 2096 723 autem
2126 670 2176 730 Α
2202 666 2543 723 luxuriantur
2566 709 2581 734 ,
2642 637 2993 738 crapulantur
3018 708 3033 732 ,
3095 666 3429 721 inebriantur
3460 707 3474 730 ,
3528 665 3786 720 luctamur

492 762 726 827 .labore,
761 759 1021 832 dignitate
1044 767 1103 815 et
1140 760 1542 831 praedicatione,
1582 761 1725 817 sicut
1756 761 1872 831 ipse
1914 761 1966 814 in
2007 774 2095 815 se-

493 852 812 925 quentibus
859 851 1190 919 manifestat,
1251 854 1343 908 ubi
1393 854 1561 911 dicit:
1611 853 1977 909 Abundantius
2025 853 2098 909 si-

522 944 737 1013 quidem
762 941 1001 997 omnibus
1027 941 1134 996 illis
1153 941 1403 997 laboraui.

592 1032 780 1089 Gratia
805 1043 984 1097 autem
1013 1032 1110 1087 Dei
1151 1049 1267 1087 sum
1301 1033 1356 1087 id
1376 1033 1515 1104 quod
1543 1048 1680 1099 sum,
1726 1032 1780 1087 id
1808 1038 1910 1098 est,
1935 1032 2098 1088 credo

522 1126 667 1195 quod
694 1141 812 1180 sum
846 1125 1122 1195 apostolus
1151 1133 1205 1179 et
1232 1125 1553 1195 praedicator
1592 1124 1885 1195 Evangelii,
1929 1132 2096 1180 totum

522 1225 609 1271 est
634 1215 728 1270 l‘ei
756 1214 951 1286 gratia.
979 1214 1045 1268 Et
1081 1214 1198 1284 ejus
1223 1212 1393 1284 gratia
1422 1216 1481 1269 in:
1525 1231 1606 1268 me
1640 1228 1807 1268 vacua
1834 1230 1935 1268 non
1975 1214 2094 1284 fuit.

523 1303 630 1360 Per
664 1304 894 1359 liberum
935 1305 1222 1360 arbitrium
1269 1312 1588 1374 cooperatus
1622 1312 1705 1359 est
1751 1304 1936 1375 gratiae
1979 1304 2093 1358 Dei.

433 1468 436 1473 ἢ
524 1398 643 1469 Ipsa
662 1407 841 1453 tamen
862 1398 1031 1469 gratia
1064 1397 1321 1467 prazvenit
1356 1411 1479 1451 eum
1513 1404 1570 1451 ut
1606 1397 1785 1462 vellet,
1816 1406 1869 1451 et
1911 1397 2098 1472 subse-

526 1509 650 1554 cuta
671 1507 775 1563 est,
819 1507 878 1553 ut
906 1505 1087 1569 posset
1134 1497 1359 1567 implere
1386 1496 1529 1565 quod
1574 1493 1806 1559 volebat,
1836 1502 1890 1548 et
1913 1493 1965 1547 in
1998 1494 2098 1548 hoc

437 1652 445 1670 ’
526 1592 668 1662 quod
714 1592 1044 1646 voluntatem
1088 1604 1241 1645 suam
1281 1588 1460 1660 junxit
1510 1587 1774 1642 voluntati
1808 1585 1926 1652 Dei,
1977 1585 2090 1642 ideo

527 1684 720 1755 dignus
748 1694 831 1737 est
878 1679 1329 1737 remuneratione.
1367 1679 1737 1733 Abundantius
1782 1686 1958 1733 autem
1988 1694 2100 1732 om-

528 1774 681 1828 nibus
707 1772 813 1829 illis
840 1774 1094 1837 laboraui,
1142 1773 1268 1843 quia
1302 1770 1374 1824 illi
1404 1771 1532 1826 solis
1561 1769 1757 1825 Judmis
1794 1780 1848 1825 et
1874 1768 2100 1841 singulis

525 1867 816 1936 provinciis
851 1866 1300 1938 prtedicaverunt.
1352 1863 1549 1918 Paulus
1593 1870 1771 1917 autem
1801 1870 1854 1917 et
1903 1860 2100 1916 iudicis

2197 761 2359 815 etiam
2382 775 2503 816 cum
2536 758 2908 815 malefecerint
2944 767 3000 813 et
3043 755 3318 813 exsultant
3364 755 3417 811 in
3469 757 3637 812 rebus
3664 772 3788 827 pes-

2200 852 2373 908 simis.
2399 850 2508 907 Nos
2537 858 2780 916 econtra,
2808 848 2899 920 qui
2940 849 2993 903 in
3024 846 3297 905 Christum
3327 848 3625 913 credimus,
3648 844 3789 917 jejuo

2196 960 2409 1011 namus,
2438 944 2744 1015 vigilamus,
2771 944 2838 997 ab
2874 942 3134 997 uxoribus
3174 940 3531 1006 abstinemus,
3565 937 3637 996 ab
3680 939 3789 995 illi-

2196 1037 2319 1092 citis
2363 1050 2638 1101 cavemus,
2684 1034 2852 1090 multa
2910 1034 3136 1089 adversa
3185 1040 3239 1087 et
3283 1030 3631 1087 incommoda
3690 1042 3788 1099 pro

2195 1124 2411 1181 Christo
2442 1125 2788 1180 sustinemus.
2818 1121 2926 1178 Sed
2965 1122 3137 1177 sancti
3176 1121 3231 1176 in
3270 1118 3374 1176 hac
3413 1120 3529 1173 vita
3557 1125 3789 1189 Sperant

2198 1219 2252 1273 in
2274 1218 2511 1282 Christo,
2530 1218 2814 1274 credentes
2847 1230 2906 1271 se
2940 1216 3226 1270 mundatus
3247 1215 3314 1268 ab
3337 1213 3457 1284 ipso
3481 1227 3510 1267 a
3544 1211 3792 1282 peccatis

2198 1310 2330 1375 suis,
2382 1322 2438 1364 et
2485 1326 2539 1364 m
2593 1308 2697 1362 alia
2726 1314 2948 1385 sperant
2998 1304 3454 1361 resurrectionem
3489 1300 3792 1357 beatitudi-

2199 1417 2428 1474 uemque
2469 1415 2803 1472 perennem:
2857 1407 2911 1455 et
2949 1399 3029 1454 sic
3076 1397 3365 1452 ﬁrmantur
3412 1395 3466 1450 in
3514 1395 3624 1450 hac
3673 1407 3786 1463 spe,

2197 1494 2350 1565 quasi
2367 1494 2477 1565 jam
2504 1499 2670 1548 totum
2700 1490 2827 1545 illud
2856 1489 3163 1561 possideant
3188 1489 3241 1542 in
3272 1502 3349 1542 re.

2272 1585 2428 1640 Nunc
2455 1595 2650 1649 autem,
2691 1583 2745 1638 id
2779 1582 2943 1637 estin
2988 1582 3092 1636 hac
3128 1588 3286 1635 aetate
3320 1579 3374 1634 in
3417 1592 3526 1649 qua
3576 1591 3788 1641 sumus,

2197 1677 2438 1734 Christus
2467 1676 2752 1731 resurrexit
2783 1692 2815 1730 a
2836 1676 3078 1740 mortuis,
3111 1673 3356 1745 primitiae
3385 1670 3787 1725 dormientium.

2268 1771 2544 1826 Primitias
2572 1769 2952 1825 dormientium
3002 1768 3133 1823 dicit
3169 1765 3448 1823 Christum
3500 1764 3635 1834 quia
3683 1764 3791 1834 ipse

2199 1870 2361 1932 caput
2414 1869 2497 1917 est
2550 1860 2789 1916 omnium
2818 1859 3136 1923 electorum,
3169 1857 3283 1928 ipse
3327 1857 3545 1926 primus
3579 1853 3791 1925 pr0pria

525 1966 582 2012 et
634 1956 899 2013 Gentibus
938 1956 1269 2028 praedicavit,
1327 1970 1461 2025 pene
1491 1954 1797 2008 universum
1843 1952 2095 2007 mundum
2142 2016 2158 2028 ἱ
2198 1955 2426 2020 virtute,
2462 1962 2518 2008 et
2545 1953 2613 2008 ad
2639 1954 2742 2007 hoc
2768 1960 2827 2006 ut
2857 1952 2971 2022 jam
3017 1966 3123 2004 non
3172 1948 3461 2012 moriatur,
3493 1944 3791 2002 resurrexit

525 2016 1049 2116 peratnbulans,laut
1076 2060 1172 2115 per
1196 2060 1277 2111 se,
1307 2054 1397 2098 aut
1421 2060 1516 2115 per
1542 2044 1795 2114 epistolas
1824 2058 1968 2099 suas.
2010 2042 2100 2097 Vel
2128 2016 2177 2091 Β
2203 2068 2234 2107 a
2278 2016 2525 2107 marinis,
2580 2016 3097 2119 ρυοηίαηιήιιίάεηι
3141 2062 3233 2118 ρει-
3283 2061 3452 2100 unum
3505 2044 3787 2105 hominem,

527 2139 695 2194 etiam
741 2140 797 2194 in
842 2140 947 2194 hoc
977 2136 1099 2209 plus
1134 2137 1239 2192 illis
1267 2136 1550 2200 laboravit,
1599 2136 1723 2206 quia
1770 2135 1844 2189 illi
1871 2149 1939 2189 ex
1967 2148 2101 2206 pra:-

530 2230 800 2285 dicalione
824 2231 1019 2286 victum
1048 2230 1338 2285 secundum
1362 2227 1707 2298 Evangelium
1735 2227 2099 2297 accipiebant;

528 2318 728 2377 Paulus
752 2336 885 2376 vero
914 2337 1019 2377 non
1043 2331 1126 2377 est
1149 2336 1278 2375 usus
1316 2321 1417 2375 hac
1462 2328 1749 2391 potestate,
1800 2320 1893 2376 sed
1921 2319 2105 2376 labore

528 2426 785 2467 manuum
812 2427 1031 2466 suarum
1081 2412 1315 2465 vivebat.
1352 2408 1449 2465 Vel
1503 2410 1625 2480 plus
1649 2409 1933 2475 laboravit,
1976 2410 2103 2479 quia

528 2500 605 2556 illi
651 2500 852 2557 ludatis
898 2502 1013 2572 (qui
1064 2502 1334 2556 habebant
1382 2500 1691 2571 Scripturas
1730 2501 1924 2569 quibus
1972 2501 2104 2555 vitia

529 2591 959 2657 damnabantur,
1009 2600 1065 2647 et
1105 2592 1330 2647 virtutes
1379 2591 1733 2665 augebantur)
1780 2592 2107 2661 praedicave-

538 2693 686 2751 runt,
710 2693 769 2742 et
794 2684 951 2740 factis
991 2684 1289 2750 miraculis,
1342 2682 1516 2739 facilis
1553 2684 1801 2739 doctrina
1849 2686 2107 2755 suspicie-

529 2776 690 2831 batur
723 2774 956 2840 illorum,
988 2774 1115 2845 quia
1148 2774 1226 2830 illi
1277 2775 1637 2846 cognitionem
1682 2775 1842 2830 unius
1870 2775 1966 2832 Dei
2005 2777 2106 2831 ha-

529 2865 766 2923 bebant:
799 2864 999 2923 Paulus
1019 2880 1150 2920 vero
1175 2867 1442 2936 gentibus,
1481 2866 1609 2921 vitia
1653 2867 1986 2938 virmtesque
2011 2882 2107 2923 ne-

530 2959 848 3014 scientibus.
879 2957 961 3013 Illi
984 2956 1183 3017 Judasis
1210 2959 1546 3030 prophetiam
1569 2959 1637 3015 de
1664 2958 1878 3015 Christo
1909 2961 2108 3017 baben-

532 3048 677 3105 tibus
699 3050 1089 3120 praedicabant,
1111 3050 1199 3106 cui
1229 3052 1629 3107 concordabant
1651 3067 1773 3122 qua:
1789 3052 1856 3107 de
1891 3051 2107 3108 Christo

531 3140 990 3210 praedicabantur.
1016 3142 1215 3199 Paulus
1246 3144 1495 3216 gentibus
1551 3143 1753 3199 nullam
1780 3144 1847 3199 de
1890 3143 2107 3200 Christo

530 3234 866 3303 prophetiam
898 3234 1238 3292 habentibus.
1297 3236 1420 3291 Non
1463 3254 1554 3307 ego
1605 3246 1803 3303 autem,
1850 3239 2108 3294 subaudis

514 3322 677 3381 .solus
710 3323 974 3392 laboravi,
999 3326 1088 3381 sed
1116 3328 1287 3397 gratia
1310 3327 1405 3383 Dei
1426 3345 1642 3384 mecum.
1670 3327 1731 3384 Si
1747 3339 1928 3386 autem
1948 3330 2105 3387 Chri-

533 3425 653 3472 stus
710 3415 1036 3485 praedicatur
1097 3419 1151 3473 in
1201 3420 1495 3483 miraculis,
1551 3431 1607 3476 et
1661 3423 1719 3477 in
1775 3423 2110 3479 auditoribus

534 3507 696 3562 corda
725 3522 917 3563 eorum
944 3510 1215 3580 tangendo
1242 3519 1297 3565 et
1316 3511 1636 3569 illustrando
1664 3514 1731 3568 ad
1760 3513 2105 3581 credendum,

534 3605 590 3652 et
618 3597 752 3653 mihi
784 3599 1006 3655 verbum
1033 3600 1428 3671 praedicationis
1451 3603 1827 3660 ministrando.

611 3682 730 3741 Sive
756 3687 892 3741 enim
926 3705 1040 3759 ego,
1079 3689 1182 3744 sive
1228 3689 1329 3756 illi,
1355 3690 1613 3749 subaudis
1641 3692 1730 3749 alii
1758 3693 2010 3764 apostoli,
2037 3697 2112 3752 sic

536 3774 936 3844 prwdicavimus
963 3817 979 3844 ,
1036 3778 1293 3836 subaudis
1364 3780 1504 3836 sicut
1566 3797 1726 3853 supra
1780 3798 2111 3841 commemo-

542 3864 681 3932 ravi,
725 3867 867 3937 quod
892 3867 1141 3928 Christus
1165 3881 1409 3930 mortuus
1445 3876 1701 3940 surrexit,
1733 3876 1900 3933 caelos
1926 3894 2115 3937 ascea-

537 3956 637 4024 dit,
666 3962 770 4013 etc.

607 4048 641 4103 Ι
643 4053 913 4106 nvenimur
938 4063 1111 4108 autem
1135 4064 1181 4110 et
1212 4055 1336 4127 falsi
1360 4066 1510 4115 testes
1535 4058 1654 4126 Dei,
1680 4060 1733 4117 id
1762 4069 1846 4117 est
1873 4077 1975 4133 pro
2004 4064 2117 4121 Deo

535 4141 903 4197 testimonium
932 4141 1191 4212 ferentes,
1220 4148 1524 4205 invenimur
1566 4151 1727 4207 falsi:
1768 4154 2016 4225 quoniam
2041 4164 2118 4210 te-

536 4229 839 4286 stimonium
888 4232 1115 4289 diximus
1157 4236 1405 4293 adversus
1431 4238 1596 4294 Deum
1618 4242 1755 4313 quod
1793 4245 2115 4299 suscitaverit

541 4321 828 4391 Christum,
871 4342 1020 4396 quem
1052 4343 1153 4381 non
1180 4331 1470 4396 suscitavit,
1498 4332 1773 4399 subaudis,
1801 4342 1859 4390 ut
1897 4337 2116 4407 quidam

541 4416 746 4482 dicunt,
775 4418 822 4472 si
848 4421 1174 4477 mortui.nou
1221 4433 1514 4493 resurgunt.
1564 4425 1620 4481 In
1648 4428 1907 4495 hislocis,
1959 4430 2118 4501 syllo-

544 4510 729 4578 gismis
751 4511 1047 4567 dialecticis
1076 4513 1239 4568 utitur
1260 4513 1573 4585 Apostolus,
1611 4528 1665 4573 et
1682 4520 1898 4575 videtur
1922 4537 2118 4589 negare

544 4601 686 4669 quod
707 4601 1009 4657 conﬁrmat.
1051 4601 1164 4659 Non
1197 4615 1322 4662 sunt
1347 4608 1491 4663 enim
1520 4608 1636 4664 falsi
1675 4618 1839 4666 testes
1868 4612 2114 4682 apostoli,

2202 2142 2393 2208 Adam,
2437 2157 2576 2195 mors
2608 2141 2801 2195 animas
2825 2146 2881 2195 et
2922 2137 3167 2209 corporis
3193 2136 3364 2202 venit,
3407 2144 3459 2189 et
3502 2151 3602 2205 per
3630 2148 3787 2187 unum

2202 2218 2481 2298 hominem,
2506 2230 2803 2297 Christum,
2823 2230 3128 2285 resurrectio
3147 2239 3500 2293 mortuorum,
3525 2225 3789 2281 bonorum

2205 2323 2596 2392 malorumque.

2279 2417 2640 2489 Unusquisque
2664 2426 2839 2472 autem
2870 2417 2925 2471 in
2945 2431 3039 2471 suo
3072 2415 3272 2471 ordine.
3306 2412 3385 2468 Ne
3412 2413 3665 2469 dicerent
3697 2411 3788 2475 illi,

2204 2519 2260 2568 et
2291 2510 2515 2565 forsitan
2538 2509 2790 2565 dicebant
2817 2522 2831 2562 :
2861 2506 3039 2576 Quare
3060 2507 3187 2578 justi
3226 2507 3316 2577 qui
3352 2514 3482 2561 ante
3513 2504 3787 2560 Christum

2206 2601 2402 2659 mortui
2453 2609 2612 2667 srmt,
2649 2610 2773 2655 ante
2818 2615 2940 2655 eum
2987 2616 3091 2655 non
3143 2598 3609 2655 resurrexerunt?
3658 2597 3787 2664 Quia

2203 2709 2300 2766 per
2326 2695 2479 2765 cujus
2515 2695 2767 2748 virtutem
2815 2692 3032 2762 quidam
3080 2691 3293 2747 illorum
3343 2699 3706 2746 surrexerunt
3739 2697 3789 2743 et

2205 2801 2393 2842 omnes
2415 2785 2661 2839 homines
2689 2783 2988 2839 surrecturi
3015 2791 3156 2838 sunt.
3184 2780 3444 2838 Primitia:
3464 2781 3655 2837 debuit
3676 2795 3787 2834 esse

2205 2878 2583 2935 dormientium
2603 2918 2618 2942 ,
2648 2876 2699 2931 id
2727 2886 2812 2932 est
2840 2877 3047 2948 primus
3072 2876 3257 2932 debuit
3303 2891 3627 2947 resurgere,
3657 2876 3790 2931 sicut

2205 2979 2261 3025 et
2288 2971 2416 3027 fecit
2444 2989 2457 3025 :
2491 2969 2684 3025 deinde
2711 2983 2900 3024 omnes
2937 2969 2990 3023 in
3022 2983 3120 3023 suo
3145 2969 3352 3032 ordine,
3381 2969 3666 3032 subaudis,
3702 2977 3789 3021 aut

2198 3062 2313 3134 jam
2342 3064 2759 3118 resurrexerunt
2788 3068 2881 3115 aut
2922 3061 3281 3116 resurrecturi
3311 3070 3458 3125 sunt,
3485 3065 3611 3131 post
3634 3058 3788 3114 Chri-

2206 3163 2351 3212 stum
2378 3154 2642 3215 videlicet,
2679 3153 2771 3223 qui
2798 3153 3100 3208 resurrexit
3129 3153 3356 3224 primus.
3388 3151 3593 3206 Deinde
3617 3153 3672 3204 Ιτὶ
3706 3150 3789 3220 qui

2205 3258 2325 3303 sunt
2351 3246 2568 3314 Christi,
2594 3248 2647 3300 in
2668 3246 2889 3301 adventu
2911 3246 3042 3317 ejus.
3060 3244 3290 3313 Quidam
3313 3244 3529 3300 codices
3550 3243 3751 3298 habent
3774 3260 3784 3294 ;

2211 3338 2413 3393 Deinde
2443 3337 2532 3407 qui
2577 3344 2703 3392 sunt
2736 3335 2957 3399 Christi,
2994 3336 3087 3406 qui
3118 3336 3171 3390 in
3201 3335 3435 3389 adventu
3466 3332 3590 3401 ejus
3617 3330 3784 3385 credi-

2214 3431 2427 3486 derunt.
2446 3428 2551 3484 Sed
2576 3427 2710 3483 falso
2734 3424 2992 3496 scriptum
3015 3434 3117 3481 est.
3145 3423 3369 3489 Deinde,
3394 3424 3594 3494 inquit,
3623 3422 3677 3477 hi
3703 3421 3786 3491 qui

2212 3529 2338 3576 sunt
2361 3518 2582 3584 Christi,
2609 3510 2891 3589 resurgen‘t
2918 3518 2972 3572 in
3014 3517 3244 3573 adventu
3275 3515 3391 3585 ejus
3419 3529 3547 3570 cum
3593 3512 3786 3567 venerit

2214 3612 2278 3666 ad
2302 3610 2585 3680 judicium.
2633 3607 2834 3664 Christi
2866 3614 3017 3674 sunt,
3047 3608 3138 3678 qui
3186 3606 3239 3662 in
3287 3619 3411 3661 eum
3452 3605 3711 3666 credunt,
3740 3609 3789 3655 et

2212 3703 2562 3759 crediderunt
2587 3709 2713 3756 ante
2735 3700 3023 3755 adventum
3045 3699 3179 3770 ejus.

2287 3792 2484 3847 Deinde
2527 3791 2678 3860 ﬁnis,
2723 3789 2979 3846 subaudis
3015 3790 3120 3845 erit
3144 3787 3363 3854 mundi;
3396 3786 3522 3842 ﬁnis
3564 3799 3785 3855 namque

2216 3883 2419 3949 mundi,
2448 3884 2777 3939 resurrectio
2817 3882 2951 3947 erit,
2981 3898 3098 3936 eum
3140 3879 3412 3935 tradiderit
3441 3895 3659 3950 regnum
3688 3877 3783 3931 Deo

2215 3988 2262 4031 et
2288 3976 2460 4030 Patri.
2485 3976 2626 4031 Deus
2655 3974 2814 4031 Pater
2841 3974 3021 4029 omnia
3046 3974 3267 4028 tradidit
3299 3971 3470 4037 Filio,
3504 3972 3648 4027 sicut
3684 3970 3788 4040 ipse

2217 4068 2331 4123 ait:
2362 4063 2553 4120 Omnia
2597 4063 2793 4119 tradita
2833 4072 2955 4119 sunt
2982 4063 3112 4141 mihi
3151 4081 3183 4117 a
3227 4060 3388 4117 Patre
3421 4077 3539 4117 meo
3577 4059 3783 4131 (Matth.

2216 4155 2315 4230 χι).
2348 4155 2414 4210 Et
2439 4155 2637 4211 Paulus
2662 4155 2813 4220 dicit,
2843 4155 2986 4225 quod
3026 4164 3153 4210 tunc
3188 4155 3260 4210 sit
3298 4153 3422 4208 ﬁnis
3448 4152 3641 4208 mundi
3673 4166 3790 4205 ven-

2218 4257 2391 4313 turus,
2419 4261 2542 4303 cum
2572 4246 2858 4302 tradiderit
2894 4260 3118 4314 regnum
3147 4245 3313 4301 Filius
3354 4245 3505 4299 Patri
3547 4258 3683 4307 suo,
3704 4243 3790 4313 qui

2217 4347 2299 4394 est
2328 4337 2487 4392 Deus.
2522 4336 2626 4393 Sed
2656 4338 2783 4407 quia
2812 4335 2955 4411 istud
2989 4349 3215 4407 regnum
3258 4335 3338 4390 sic
3379 4334 3520 4390 Filio
3559 4348 3592 4387 a
3617 4332 3789 4397 Patre,

2217 4438 2273 4485 et
2297 4429 2443 4484 Patri
2471 4444 2502 4483 a
2543 4426 2680 4484 Filio
2709 4430 2957 4496 traditur,
2994 4437 3053 4484 ut
3078 4427 3437 4483 communiter
3467 4426 3537 4481 ab
3566 4435 3792 4495 utroque

2217 4520 2578 4592 possideatur,
2616 4522 2899 4578 dicendum
2932 4523 3187 4588 breviter,
3224 4522 3370 4592 quod
3399 4520 3565 4575 Pater
3597 4517 3793 4575 homini

2218 4612 2354 4669 Filio
2381 4629 2410 4669 a
2438 4614 2615 4670 Verbo
2639 4624 2871 4685 sumpto,
2901 4615 3081 4670 omnia
3124 4612 3427 4678 tradiderit,
3455 4621 3517 4666 ut
3557 4611 3703 4667 sicut
3740 4610 3791 4664 iu

542 4694 668 4797 quia
703 4702 759 4750 et
793 4693 1039 4797 Christus
1064 4700 1314 4764 surrexit,
1340 4708 1395 4755 et
1419 4701 1615 4757 mortui
1643 4715 1941 4775 resurgent.
1976 4705 2041 4760 Et
2067 4708 2111 4763 si
2138 4735 2197 4797 Β
2216 4708 2355 4765 Filio
2374 4708 2625 4764 divinitas
2646 4716 2703 4763 et
2730 4709 3035 4763 humanitas
3055 4722 3160 4763 una
3190 4715 3277 4769 est
3296 4720 3531 4778 persona
3549 4747 3565 4769 ,
3595 4705 3675 4759 sic
3693 4716 3794 4757 uua
3850 4774 3857 4781 _

542 4785 617 4841 ita
646 4795 745 4850 est,
779 4795 840 4842 ut
890 4787 1106 4858 quidam
1154 4799 1394 4846 vestrum
1440 4793 1646 4860 dicunt,
1696 4795 1868 4851 adhuc
1914 4797 2036 4852 estis
2060 4785 2187 4853 ἐπ’
2217 4802 2288 4856 sit
2314 4807 2370 4855 et
2393 4800 2682 4870 possessio.
2713 4798 2791 4854 llli
2838 4801 2981 4855 enim
3026 4799 3231 4855 homini
3283 4807 3409 4854 tunc
3447 4806 3645 4853 cuncta
3694 4805 3799 4850 Ira-

540 4882 765 4952 peccatis
792 4884 991 4946 vestris,
1021 4884 1145 4954 quia
1173 4885 1428 4957 baptizati
1454 4887 1507 4942 in
1536 4887 1642 4944 ﬁde
1685 4889 1874 4945 mortis
1912 4890 2116 4946 Christi

540 4982 595 5029 et
624 4976 1037 5032 resurrectionis
1060 4974 1255 5045 fuistis,
1294 4988 1354 5034 ut
1394 4982 1763 5039 remissionem
1798 4984 2118 5054 acciperetis

538 5075 905 5135 peccatorum.
937 5067 1079 5141 Ergo
1108 5086 1213 5125 non
1257 5072 1540 5129 credentes
1564 5073 1837 5131 Christum
1872 5089 2118 5133 resurre-

539 5155 706 5222 xisse,
756 5157 811 5212 in
857 5159 1097 5229 peccatis
1138 5161 1252 5217 suis
1287 5165 1593 5232 manebant,
1647 5167 1771 5236 quia
1820 5167 2131 5238 baptismus-

540 5266 645 5307 non
675 5253 911 5323 prodest,
937 5255 1039 5309 nisi
1075 5256 1127 5310 in
1168 5255 1271 5311 ﬁde
1307 5255 1527 5314 Christi.

613 5342 754 5415 Ergo
782 5354 831 5399 et
858 5347 947 5417 qui
976 5345 1295 5402 dormierunt
1321 5347 1378 5404 in
1414 5347 1638 5413 Christo,
1670 5350 1723 5404 id
1766 5360 1850 5406 est
1889 5351 2113 5408 creden-

542 5443 624 5491 tes
650 5451 717 5492 ex
760 5437 912 5495 vobis
952 5439 1005 5493 in
1057 5440 1356 5504 Christum,
1405 5443 1531 5514 quia
1569 5440 1683 5512 jam
1728 5445 1926 5500 mortui
1970 5453 2115 5513 sunt,

541 5531 829 5600 perierunt,
859 5531 1115 5588 subaudis
1148 5534 1194 5589 si
1248 5533 1321 5588 ita
1357 5542 1440 5591 est
1482 5541 1541 5588 ut
1568 5549 1664 5590 vos
1690 5537 1911 5607 putatis.
1942 5536 2116 5595 Dene-

524 5623 718 5695 gando
746 5624 867 5679 talia
895 5625 1047 5691 dicit,
1075 5626 1302 5697 loquens
1330 5627 1609 5686 dialectice

616 5714 679 5770 Si
708 5717 761 5771 in
791 5718 889 5773 hac
916 5720 1018 5774 vita
1044 5728 1246 5775 tantum
1294 5721 1347 5775 in
1382 5719 1587 5775 Christo
1612 5732 1877 5792 sperantes
1917 5742 2121 5795 smnus,

545 5806 800 5862 subaudis
846 5816 901 5865 et
930 5824 1035 5863 non
1082 5811 1136 5866 in
1163 5812 1265 5868 alia
1310 5828 1428 5883 qua:
1475 5813 1581 5886 erit
1627 5823 1747 5886 post
1776 5820 2129 5875 resurrecti0¢

547 5910 694 5958 nem,
720 5896 1138 5967 miserabiliores,
1175 5903 1286 5961 sive
1320 5884 1650 5972 miseriores,
1674 5922 1856 5963 sumus
1886 5910 2124 5967 omnibus

549 5985 862 6055 hominibus,
892 5988 1235 6051 inﬁdelibus:
1267 5996 1393 6066 quia
1443 5998 1516 6052 illi
1564 5998 1666 6054 hac
1691 5999 1803 6055 vita
1849 5998 2124 6069 fruuntur,

2220 4893 2374 4957 didit,
2405 4893 2622 4963 quando
2648 4892 2717 4948 ab
2762 4893 3035 4963 unigenito
3080 4906 3177 4947 suo
3202 4892 3400 4961 suscipi
3430 4890 3627 4945 voluit.
3656 4887 3795 4944 Idem

2220 4984 2388 5042 Filius
2419 4986 2473 5041 in
2500 4986 2603 5041 ﬁne
2634 5001 2858 5058 regnum
2894 4986 3004 5041 Deo
3034 4994 3089 5041 et
3108 4984 3256 5040 Patri
3299 4983 3497 5051 tradet,
3535 4992 3660 5039 cum
3688 4983 3796 5036 ele-

2221 5087 2339 5135 ctos
2365 5093 2492 5134 suos
2521 5094 2658 5149 quos
2681 5094 2778 5135 suo
2820 5080 3080 5151 sanguine
3114 5079 3421 5151 acquisivit,
3448 5078 3518 5133 ad
3558 5085 3773 5133 contem

2221 5173 2511 5246 plationem
2559 5173 3028 5243 cognitionemque
3079 5172 3176 5228 Dei
3233 5171 3408 5227 Patris
3456 5169 3797 5242 perduxerit,

2222 5264 2511 5321 ostendens
2534 5263 2651 5334 ejus
2684 5273 2995 5336 regnantem
3026 5263 3192 5318 Deum
3220 5263 3440 5317 Patrem
3482 5277 3605 5318 cum
3630 5261 3803 5330 seipse

2222 5368 2278 5416 et
2320 5358 2523 5430 Spiritu
2560 5366 2768 5415 sancto.
2799 5358 2865 5413 Et
2894 5366 3020 5412 tunc
3061 5366 3244 5428 aperte
3287 5357 3499 5423 scient,
3536 5353 3804 5426 quomodo

2225 5451 2366 5506 Deus
2389 5449 2549 5506 Pater
2578 5465 2699 5506 cum
2730 5450 3004 5522 unigenito
3034 5464 3133 5504 suo
3165 5457 3220 5504 et
3248 5445 3456 5518 Spiritu
3497 5454 3688 5502 sancto
3716 5459 3804 5499 re-

2223 5553 2351 5615 gnet
2372 5545 2489 5600 sine
2517 5544 2624 5599 fine
2650 5543 2947 5599 immensus
2966 5552 3022 5597 et
3047 5541 3388 5612 omnipotens
3416 5557 3430 5594 :
3454 5547 3511 5595 et
3539 5539 3807 5609 quomodo

2230 5639 2447 5695 trinitas
2474 5645 2557 5694 est
2584 5638 2636 5693 in
2666 5638 2930 5709 personis,
2961 5645 3016 5693 et
3042 5637 3221 5692 unitas
3257 5637 3310 5691 in
3337 5634 3642 5691 substantia
3673 5634 3808 5687 divi-

2225 5731 2428 5787 nitatis.
2456 5729 2553 5785 Vel
2578 5740 2726 5785 certe
2752 5731 2931 5785 tradet
2960 5728 3128 5785 Filius
3157 5745 3380 5802 regnum
3409 5729 3520 5784 Deo
3551 5737 3605 5783 et
3636 5726 3805 5791 Patri,

2227 5839 2416 5880 omnes
2440 5821 2689 5878 videlicet
2712 5821 2933 5888 electos,
2964 5822 3089 5893 quia
3114 5822 3228 5893 ipse
3254 5821 3528 5878 videbitur
3557 5821 3610 5874 in
3635 5818 3805 5872 forma

2230 5914 2462 5970 hominis
2513 5914 2568 5969 in
2611 5914 2855 5985 judicio,
2911 5914 3289 5985 damnatisque
3335 5912 3481 5986 justa
3512 5906 3808 5968 sententia

2228 6002 2490 6074 mprobis,
2519 6014 2710 6060 annos
2741 6016 2926 6060 secum
2954 5994 3155 6060 electus
3184 6013 3414 6078 paterno
3441 6002 3611 6059 vultui
3654 5996 3813 6056 exhi-
