3996 6446
464 479 568 535 603

887 420 904 428 -
955 471 1308 532 HAYMONIS
1343 460 1819 526 HALBERS’I’AT.
1857 459 2048 520 EPlSC

2154 455 2262 514 PP.
2300 453 2486 512 PARS
2513 453 2554 511 l.
2577 481 2644 500 -ο
2664 449 3018 511 romam.
3049 451 3224 508 BIBL.

462 595 626 661 tuba,
657 593 712 649 id
754 600 837 649 est
881 593 935 647 in
966 589 1249 660 praeconiis
1287 586 1599 658 angelorum
1641 580 1931 639 descendet
1970 581 2036 634 de
2062 584 2116 646 Α
2139 571 2286 628 vires
2308 571 2585 661 ministrat
2615 577 2839 661 peccato
2862 565 3323 661 lenacceudendo
3349 565 3728 661 hominemad

463 687 622 744 caelo.
664 685 779 740 Non
806 692 886 740 est
921 683 1064 737 enim
1105 680 1508 752 intelligendum
1539 677 1683 748 quod
1714 675 1894 730 tubam
1921 688 2039 728 cor-

461 777 704 851 poralem
750 775 978 846 accipiat
1033 772 1296 845 angelus,
1349 772 1437 827 vel
1490 771 1606 841 ipse
1640 769 1806 842 judex
1852 781 2038 821 vocem

459 870 672 928 emittat
704 869 1018 931 humanam,
1051 867 1144 922 sed
1170 882 1273 921 vox
1303 865 1616 937 angelorum
1650 864 1776 919 tuba
1806 861 2042 933 appella-

465 971 553 1020 tur
579 971 800 1034 propter
837 961 1286 1034 magnitudinem,
1337 959 1476 1014 unde
1498 957 1695 1014 dicitur
1721 957 1773 1010 in
1802 954 2036 1010 Psalmo.

459 1057 705 1113 Ascendit
737 1057 877 1111 Deus
917 1057 970 1110 in
1005 1053 1405 1123 jubilationem,
1449 1062 1496 1107 et
1538 1051 1789 1104 Dominus
1827 1051 1883 1104 in
1922 1063 2041 1102 voce

458 1153 596 1206 tuba:
632 1149 806 1222 (Paul.
849 1149 1017 1214 ιινι).
1065 1147 1213 1202 Tuba
1262 1147 1426 1215 igitur
1464 1145 1535 1200 ibi
1583 1143 1897 1213 intelligitur
1938 1156 2042 1196 vox

457 1241 770 1311 angelorum
810 1255 934 1310 qua
959 1238 1218 1303 insonuit,
1259 1237 1478 1292 dicens:
1511 1235 1608 1290 Hic
1636 1233 1792 1289 Jesus
1829 1234 1918 1304 qui
1951 1248 2040 1288 as-

458 1343 706 1403 sumptus
735 1342 818 1387 est
855 1348 886 1386 a
915 1333 1067 1387 vobis
1104 1333 1158 1385 in
1202 1330 1420 1393 caelum,
1453 1331 1530 1385 sic
1566 1329 1746 1383 veniet
1784 1327 2043 1397 quemad-

457 1426 677 1481 modum
705 1425 914 1481 vidisti's
957 1440 1078 1481 eum
1112 1433 1326 1479 euntem
1358 1423 1410 1476 in
1445 1422 1660 1477 etclam.
1698 1420 1792 1475 Vel
1835 1422 1888 1475 in
1917 1421 2042 1474 tuba

459 1521 610 1580 dicit,
662 1520 714 1573 id
739 1528 824 1574 est
851 1519 904 1572 in
947 1517 1403 1580 manifestatione,
1427 1514 1582 1584 juxta
1612 1513 1770 1569 illud:
1799 1513 1929 1567 Cum
1961 1512 2042 1579 fa.

457 1613 531 1665 (is
553 1612 953 1682 eleemosynant,
987 1609 1094 1664 noli
1114 1609 1236 1663 tuba
1261 1624 1447 1662 canere
1473 1617 1593 1661 ante
1621 1617 1670 1660 te
1701 1605 1916 1676 (Matth.
1944 1607 2041 1674 vr),

458 1705 509 1759 id
551 1715 630 1760 est
677 1705 783 1760 noli
830 1704 1008 1760 facere
1057 1705 1109 1758 in
1158 1699 1617 1758 manifestatione.
1665 1697 1830 1754 Canet
1880 1699 2040 1762 enim,

459 1797 716 1851 subaudis
761 1795 1000 1867 angelus,
1034 1793 1182 1858 tuba,
1223 1794 1338 1848 sive
1369 1808 1490 1848 cum
1520 1791 1670 1855 tuba,
1698 1791 1749 1844 id
1780 1799 1862 1844 est
1899 1789 2046 1843 inso-

457 1889 607 1943 nabit
652 1904 754 1943 vox
800 1887 1075 1959 angelica,
1113 1896 1160 1940 et
1191 1885 1382 1939 mortui
1425 1891 1689 1952 resurgent
1729 1879 2043 1946 incorrupti,

2140 669 2420 734 peccatum
2463 659 2588 714 dum
2620 658 2890 730 prohibet.
2926 655 3182 710 Naturale
3223 671 3461 726 namque
3498 665 3587 710 est
3635 657 3732 711 hu-

2139 769 2315 810 mana:
2343 751 2643 825 fragilitati,
2673 761 2732 812 ut
2757 767 2921 806 omne
2946 750 3090 820 quod
3130 751 3251 820 plus
3287 751 3614 819 prohibetur
3645 767 3722 803 ar-

2141 845 2358 902 dentius
2401 845 2831 916 concupiscatur.
2867 841 2964 899 Vel
3005 843 3180 898 virtus
3219 843 3430 912 peccati
3467 850 3554 897 est
3598 839 3685 895 lex
3718 856 3730 892 :

2140 939 2269 1009 quia
2313 953 2410 1009 per
2443 939 2616 1010 legem
2669 945 3149 1006 quantumcunque
3189 935 3261 990 sit
3309 933 3735 1004 unumquodque

2141 1043 2421 1105 peccatum
2468 1033 2828 1101 cognoscitur.
2881 1030 2983 1098 Qui
3029 1031 3172 1086 enim
3219 1029 3337 1084 sine
3368 1028 3484 1099 lege
3520 1037 3732 1099 peccat,

2141 1125 2357 1180 videtur
2382 1125 2454 1189 ei,
2484 1125 2640 1194 quasi
2672 1125 2892 1193 impune
2920 1133 3143 1194 peccet:
3172 1139 3295 1177 cum
3331 1132 3514 1176 autem
3556 1123 3623 1174 ad
3663 1120 3735 1176 le»

2142 1233 2263 1288 gem
2311 1217 2610 1281 transierit,
2656 1217 2700 1271 si
2750 1217 2888 1272 ultra
2933 1217 3261 1286 peccaverit,
3313 1227 3516 1286 quanta
3562 1216 3736 1271 virtus

2140 1310 2372 1381 peccati,
2415 1310 2467 1365 id
2502 1318 2587 1365 est
2612 1320 2814 1380 quanta
2855 1311 3167 1382 magnitudo
3209 1311 3420 1380 peccati
3461 1311 3533 1364 sit
3568 1324 3737 1378 agno-

2143 1402 2266 1458 scit.

2215 1493 2323 1549 Dea
2345 1505 2520 1549 autem
2547 1495 2767 1564 gratias,
2791 1509 2908 1564 quae
2936 1492 3080 1547 cedit
3107 1491 3254 1546 nobis
3281 1492 3580 1554 victoriam,
3609 1491 3738 1547 sub.

2143 1589 2298 1643 audis
2347 1588 2538 1644 mortis
2577 1589 2626 1641 in
2667 1602 2783 1656 spe,
2827 1603 2920 1657 per
2957 1586 3240 1640 Dominum
3281 1597 3516 1640 nostr-unt
3554 1585 3738 1640 Iesum

2145 1678 2429 1734 Christum.
2461 1678 2670 1734 Laudat
2697 1677 2981 1748 Apostolus
3016 1679 3179 1732 Deum
3203 1676 3418 1732 Patrem
3443 1692 3475 1729 e
3498 1691 3735 1745 persomi

2144 1781 2479 1838 sanctorum,
2515 1773 2656 1842 quod
2687 1773 2972 1826 victoriam
3013 1771 3206 1830 mortis
3231 1781 3286 1826 et
3311 1770 3736 1826 resurrectionis

2147 1868 2346 1922 donum
2369 1867 2487 1937 jam
2516 1868 2718 1922 habent
2749 1867 2802 1920 in
2825 1881 2940 1936 spe.

539 1989 622 2036 est
662 1981 857 2053 integri
877 1955 1134 2050 'corpore
1152 2019 1166 2043 ’
1208 1979 1324 2033 sine
1369 1977 1724 2031 diminutione
1763 1974 2038 2028 melllbro-
2071 1955 2118 2018 Β
2215 1960 2424 2032 Itaque,
2449 1960 2642 2030 fratres
2662 1960 2780 2022 mei,
2809 1958 2913 2014 ﬁde
2937 1957 3212 2022 dilecti;
3236 1970 3316 2012 est
3346 1958 3501 2012 valde
3524 1957 3739 2011 amabi-

456 2088 572 2127 rum
627 2081 680 2128 et
735 2071 1102 2135 immortales,
1153 2081 1200 2124 et
1247 2087 1342 2124 nos
1395 2068 1582 2124 ﬁdeles
1625 2065 2039 2129 immutabimur,
2091 2127 2103 2138 .

455 2163 716 2219 subaudis
745 2165 800 2218 iu
823 2164 1016 2218 melius
1043 2163 1109 2216 ad
1136 2162 1386 2233 gloriam,
1411 2161 1537 2231 quia
1558 2167 1774 2213 aeternae
1797 2157 1919 2212 vita:
1942 2156 2044 2210 im-

455 2260 796 2316 mortalitate
824 2259 1267 2330 gloriﬁcahimur.

529 2350 748 2421 Oportet
769 2353 908 2406 enim
932 2350 1269 2421 corruptibile
1287 2350 1406 2414 hoc,
1433 2347 1692 2404 subaudis
1713 2360 1934 2416 corpus,
1961 2344 2043 2399 in-

455 2445 623 2500 duere
660 2445 1157 2514 incorruptionem;
1213 2443 1264 2498 id
1310 2451 1417 2509 est,
1459 2443 1584 2511 quia
1631 2441 1958 2495 resurrectio
1989 2439 2044 2494 in

455 2538 687 2592 veritate
716 2535 898 2591 futura
938 2546 1044 2601 est,
1084 2543 1302 2606 oportet
1327 2542 1384 2588 ut
1413 2532 1689 2604 corruptio
1723 2531 1961 2597 tollatur,
1987 2537 2045 2584 et

458 2628 796 2698 incorruptio
832 2629 1012 2684 detur.

528 2722 661 2777 Cum
694 2735 869 2777 autent
907 2722 1128 2778 mortale
1164 2723 1262 2777 Irae
1300 2721 1529 2775 induerit
1570 2718 2041 2784 immortalitatem,

460 2814 618 2886 quasi
649 2815 918 2885 tangendo
940 2824 995 2869 et
1011 2815 1178 2886 digito
1197 2813 1618 2868 demonstrando
1646 2826 1842 2881 corpus
1861 2825 2039 2877 suum,

462 2907 567 2962 hoc
591 2908 807 2963 dicebat
833 2908 1144 2979 Apostolus.
1200 2906 1315 2962 Hoc
1357 2907 1580 2960 mortale
1605 2905 1758 2970 dicit,
1786 2905 2042 2975 quoniam

460 3015 568 3055 non
600 2999 747 3055 aliud
776 3016 937 3072 quam
968 2999 1111 3072 quod
1155 3001 1475 3071 deposuero,
1519 2999 1773 3068 recipiam
1821 3000 2039 3069 corpus.

461 3087 605 3144 Tunc
646 3090 737 3159 ﬁet
772 3105 948 3145 sermo
973 3091 1064 3161 qui
1099 3091 1324 3161 scriptus
1366 3103 1462 3156 est,
1505 3089 1764 3144 subaudis
1793 3090 1845 3144 in
1879 3088 2040 3155 Osee,

459 3182 756 3238 secundum
781 3181 1150 3255 Septuaginta.
1177 3183 1435 3254 Absorpta
1456 3193 1530 3238 est
1547 3199 1689 3238 mors
1720 3183 1776 3237 in
1798 3183 2036 3249 victoria,

459 3275 515 3331 id
542 3284 628 3330 est
656 3274 710 3330 in
734 3275 906 3346 gloria
938 3287 994 3331 et
1015 3275 1220 3330 virtute
1254 3275 1688 3331 resurrectionis.
1734 3273 1887 3329 Sicut
1915 3289 2040 3344 par-

2146 2054 2241 2117 les,
2285 2055 2517 2115 stabiles,
2553 2054 2668 2108 sive
2701 2053 2872 2117 ﬁrmi,
2916 2062 3077 2106 estote
3120 2063 3168 2105 et
3205 2052 3497 2105 inmobiles
3533 2066 3602 2105 ne
3634 2068 3743 2105 mo-

2147 2146 2380 2200 veamini
2406 2162 2436 2199 a
2461 2147 2790 2200 rectitudine
2814 2145 2936 2200 ﬁdei
2960 2146 3275 2216 deceptione
3301 2153 3692 2212 corruptorum
3726 2163 3736 2197 :

2143 2239 2492 2302 abundantes,
2541 2239 2655 2292 sive
2693 2247 3004 2292 crescentes
3045 2238 3098 2292 in
3138 2238 3284 2291 omni
3319 2252 3486 2307 opere
3531 2236 3740 2291 Domim

2143 2346 2389 2400 semper,
2423 2331 2475 2385 id
2506 2338 2591 2386 est
2625 2330 2679 2385 in
2720 2330 3002 2401 praeceptis
3040 2330 3266 2400 iustitiae
3295 2329 3448 2384 omni
3497 2336 3743 2383 tempore

2144 2421 2413 2493 prolicite,
2439 2429 2547 2476 etc.

2733 2581 2958 2639 CAPUT
2998 2578 3142 2638 XVI.

2217 2718 2297 2775 De
2321 2717 2549 2774 collectis
2579 2727 2753 2772 autem
2788 2735 2906 2789 quae
2935 2717 3072 2785 ﬁunt
3096 2717 3150 2770 in
3183 2724 3412 2772 sanctos.
3457 2715 3661 2772 Paulus
3696 2727 3744 2770 et

2147 2810 2341 2881 reliqui
2399 2810 2626 2882 apostoli
2677 2811 2818 2880 apud
2869 2824 2963 2864 eos
3009 2824 3147 2880 quos
3200 2810 3498 2874 docebant,
3557 2824 3741 2864 curam

2146 2919 2361 2974 semper
2387 2912 2696 2958 sanctorum
2720 2903 2998 2971 gerebant,
3026 2903 3117 2974 qui
3141 2912 3298 2957 erant
3323 2901 3737 2975 Hierosolymis,

2145 3005 2200 3052 et
2234 2997 2348 3052 suis
2392 2995 2716 3052 substantiis
2761 2997 3046 3065 exspoliati
3077 2997 3146 3052 ab
3183 2997 3478 3052 incredulis
3520 3007 3742 3068 propter

2148 3091 2250 3145 hoc
2272 3090 2416 3159 quod
2448 3088 2787 3157 reliquerant
2813 3089 3132 3144 traditiones
3158 3099 3391 3160 patrum,
3419 3099 3478 3143 et
3503 3089 3743 3144 credide-

2147 3191 2272 3236 rant
2313 3182 2366 3236 in
2405 3179 2757 3237 Crucitlxum.
2807 3179 2929 3237 Ideo
2974 3182 3360 3256 praecipiebant
3389 3181 3641 3251 apostoli,
3682 3189 3740 3236 ut

2145 3275 2337 3332 diebus
2365 3275 2662 3331 Dominicis
2693 3277 2747 3331 in
2789 3291 2955 3330 unum
2984 3276 3318 3332 continentes
3368 3275 3742 3344 unusquisque

459 3368 678 3423 vissima
706 3377 855 3438 gutta
875 3382 1029 3438 aqua:
1054 3368 1106 3422 in
1126 3367 1308 3435 ignem
1326 3367 1562 3422 validum
1590 3368 1830 3438 projecta
1853 3367 2040 3422 absor-
2069 3336 2114 3401 Ο
2148 3371 2289 3440 quod
2318 3370 2421 3426 sibi
2459 3371 2734 3426 videretur
2757 3370 2915 3425 daret
2947 3369 3013 3423 ad
3041 3383 3178 3438 opus
3207 3367 3444 3432 illorum,
3493 3336 3549 3421 et
3590 3336 3738 3420 colli-

459 3459 638 3524 betur,
667 3460 741 3514 ita
771 3469 831 3514 ut
854 3474 960 3514 non
995 3458 1136 3513 ultra
1159 3459 1525 3524 videatur,sic
1559 3473 1708 3514 mora
1729 3457 2043 3512 absorbebi-

462 3561 552 3607 tur
576 3561 633 3607 et
662 3551 991 3623 deglutietur
1019 3551 1074 3605 in
1104 3550 1327 3606 victoria
1357 3559 1412 3605 et
1447 3549 1648 3605 virtute
1686 3550 2044 3605 resurrectio-

463 3645 581 3709 nis,
627 3653 686 3698 ut
715 3643 854 3698 ultra
885 3645 999 3716 jam
1046 3658 1160 3699 non
1194 3643 1477 3699 sentietur.
1526 3642 1660 3698 Nam
1702 3644 2048 3714 consumptio

466 3739 658 3794 mortis
690 3738 860 3808 gloria
885 3739 988 3793 erit
1011 3737 1444 3793 resurrectionis.

537 3827 635 3885 Ubi
655 3842 754 3896 est,
770 3847 929 3896 more,
946 3832 1164 3885 victoria
1195 3840 1286 3885 tua
1305 3831 1331 3885 .9
1350 3829 1466 3885 Vox
1487 3837 1798 3885 sanctorum
1815 3846 2048 3886 resuscr-

465 3932 700 3979 tatorum
758 3924 1133 3980 insultantium
1186 3923 1367 3978 morti.
1430 3923 1532 3979 Ubi
1589 3930 1672 3978 est
1727 3922 2048 3994 (inquiunt)

464 4018 692 4075 victoria
715 4029 827 4085 tua,
846 4033 880 4074 o
902 4033 1068 4087 mors,
1084 4036 1189 4092 qua
1207 4037 1375 4094 genus
1391 4021 1686 4077 humanum
1710 4021 1803 4076 tibi
1820 4020 2052 4091 subjeci-

462 4110 553 4176 sti,
591 4126 695 4182 qua
738 4114 902 4168 etiam
944 4112 1080 4168 Filio
1108 4112 1202 4168 Dei
1232 4115 1435 4169 homini
1479 4115 1620 4169 facto
1651 4113 1916 4168 dominari
1957 4128 2053 4167 vo-

464 4200 640 4266 luisti;
673 4210 728 4256 et
753 4212 839 4257 est
857 4218 1050 4258 sensus
1085 4221 1097 4256 :
1123 4202 1200 4258 Ne
1220 4204 1466 4275 glorieris
1489 4206 1649 4270 ultra,
1673 4205 1928 4274 quoniam
1955 4219 2052 4260 nos

459 4293 571 4363 jam
590 4294 1008 4358 resurreximus,
1033 4295 1125 4364 qui
1141 4303 1288 4349 tuam
1303 4297 1715 4349 amaritudinem
1733 4298 2054 4368 quandoque

465 4386 754 4440 sensimus.
810 4385 874 4438 Et
917 4385 1047 4454 quiti
1098 4385 1190 4439 tibi
1245 4386 1476 4455 proluit,
1519 4402 1552 4440 ο
1589 4401 1735 4441 mors
1780 4388 2052 4460 maligna,

467 4477 608 4546 quod
655 4476 1010 4547 gloriabaris?
1047 4477 1186 4532 Ecce
1223 4478 1314 4547 qui
1362 4494 1459 4548 per
1489 4487 1539 4533 te
1583 4480 1915 4534 transierunt
1965 4495 2054 4535 re-

467 4568 708 4638 gnabunt
748 4567 799 4622 in
830 4579 1032 4623 aeterna
1069 4569 1178 4624 vita
1219 4569 1406 4626 felices
1445 4586 1567 4627 cum
1608 4570 1826 4627 Christo
1871 4574 1964 4646 qui
2005 4581 2057 4627 te

470 4664 762 4730 superavit.
793 4663 894 4718 Ubi
919 4675 1016 4729 est,
1039 4681 1202 4731 mors,
1228 4663 1471 4719 stimulas
1503 4674 1621 4718 tuus
1645 4665 1671 4718 ?
1692 4663 1782 4720 Sic
1803 4664 2056 4720 videntur

470 4755 585 4810 haec
613 4755 772 4811 verba
803 4772 1018 4820 sonam,
1061 4759 1212 4828 quasi
1257 4759 1323 4812 de
1362 4766 1534 4814 morte
1572 4758 1822 4812 stimulus
1859 4772 2052 4829 proce-

469 4848 581 4904 dat.
615 4848 720 4905 Sed
754 4851 878 4921 quia
905 4852 1006 4906 iste
1044 4852 1292 4907 stimulus
1331 4863 1613 4923 peccatum
1652 4861 1753 4912 est,
1784 4853 1942 4907 datur
1971 4854 2052 4908 in-

471 4945 634 5018 telligi
659 4947 801 5017 quod
844 4961 990 5002 mors
1021 4948 1087 5002 de
1115 4947 1353 5012 stimulo,
1387 4947 1439 5002 id
1475 4956 1556 5002 cst
1582 4947 1650 5002 de
1675 4955 1895 5016 peccato
1927 4961 2053 5018 pro-

470 5039 654 5094 cessit.
680 5038 814 5094 Nam
831 5040 1039 5110 primus
1060 5041 1242 5105 homo,
1266 5041 1368 5095 nisi
1391 5049 1688 5104 peccasset,
1713 5039 1846 5094 mori
1867 5041 2054 5110 utique

471 5147 577 5188 non
629 5141 828 5204 posset.
877 5131 1158 5196 Peccavit,
1213 5141 1269 5188 et
1311 5133 1432 5189 ideo
1482 5143 1710 5188 mortem
1759 5134 1953 5188 animae
1997 5142 2054 5189 et

471 5229 718 5298 corporis
747 5227 993 5284 incurrit.
1027 5225 1134 5282 Nec
1171 5241 1301 5282 vero
1338 5227 1538 5282 dicitur
1581 5227 1742 5282 morti
1770 5226 1852 5283 :0
1880 5241 2048 5294 mors,

469 5319 563 5373 ubi
592 5328 673 5374 est
704 5329 989 5390 peccatum
1031 5335 1129 5391 pro
1168 5335 1274 5390 quo
1308 5321 1508 5373 mundo
1536 5318 1912 5374 damnabaris?
1961 5318 2056 5373 sed

474 5413 566 5468 ubi
591 5422 675 5470 est
699 5414 952 5470 stimulus
980 5414 1138 5469 tuus?
1161 5412 1313 5469 Unde
1341 5413 1590 5482 aperiens
1618 5412 1745 5483 quid
1777 5410 2055 5466 stimulum

475 5506 865 5577 appellaverit,
897 5507 1080 5562 subdit
1107 5524 1120 5560 :
1148 5504 1407 5561 Stimulas
1447 5516 1619 5560 autem
1651 5505 1836 5557 mortis
1873 5520 2059 5574 pecca-

475 5605 587 5650 tum
613 5607 709 5652 est.
739 5597 794 5653 Id
823 5605 906 5653 est
927 5596 1179 5653 stimulus
1210 5596 1299 5666 qui
1329 5604 1558 5652 mortem
1589 5594 1736 5662 facit,
1771 5604 2055 5666 peccatum

474 5698 579 5745 est.
630 5690 695 5745 Bt
731 5701 878 5748 recte
921 5697 1204 5762 peccatum
1257 5688 1507 5744 stimulus
1555 5687 1894 5758 appellatur:
1925 5703 2060 5758 quo-

479 5783 626 5838 niam
648 5783 791 5838 velut
820 5783 1070 5839 stimulus
1096 5797 1340 5847 carnem,
1371 5781 1452 5834 sic
1480 5790 1760 5850 peccatum
1791 5780 1980 5849 pungit
2005 5788 2062 5835 et

478 5875 729 5932 vulnerat
765 5877 1002 5930 animam
1043 5881 1098 5929 et
1117 5887 1333 5944 corpus.
1365 5873 1553 5929 Virtus
1578 5887 1728 5938 vero,
1760 5873 1814 5927 id
1840 5881 1923 5927 est
1945 5871 2061 5926 for-

2078 4713 2132 4776 D

2146 3463 2416 3533 gebantur
2451 3471 2700 3533 sumptus
2728 3478 2829 3533 per
2861 3461 3103 3534 singulas
3136 3460 3418 3525 ecclesias,
3457 3475 3519 3514 u.
3557 3468 3739 3529 postea

2144 3553 2358 3610 collecti
2398 3554 2748 3610 mitterentur
2784 3554 2884 3610 eis.
2929 3552 3074 3609 Sicut
3111 3553 3352 3608 ordinari
3391 3553 3447 3606 in
3490 3551 3740 3606 Ecclesiis

2145 3645 2389 3710 Galatia,
2422 3648 2474 3702 id
2511 3659 2594 3703 est
2621 3649 2762 3719 apud
2799 3646 3040 3713 Galatas,
3084 3649 3164 3702 ita
3205 3657 3254 3701 et
3288 3663 3375 3701 vos
3407 3647 3570 3715 facite
3600 3662 3618 3700 :
3654 3663 3743 3716 per

2147 3757 2307 3794 unum
2349 3740 2552 3794 sabbati
2582 3741 2934 3812 unusquisque
2979 3749 3204 3795 vestrum
3245 3740 3388 3810 apud
3429 3756 3488 3794 se
3523 3754 3743 3809 reapnnt

2149 3837 2434 3890 recondens
2452 3834 2592 3904 quod
2612 3834 2658 3888 ei
2688 3833 2814 3888 bene
2835 3833 3110 3905 placuerit,
3158 3843 3219 3887 ut
3249 3850 3354 3888 non
3388 3850 3507 3887 cum
3537 3851 3741 3898 tenero,

2149 3940 2272 3984 tunc
2301 3928 2530 3984 collecta:
2551 3928 2700 3997 ﬁant.
2742 3928 2912 3984 Unam
2940 3929 3150 3984 sabbati
3189 3928 3425 4000 appellat
3466 3929 3609 3984 diem
3641 3928 3741 3982 Duo

2152 4023 2428 4087 minicam,
2476 4021 2602 4092 quia
2638 4020 2780 4091 apud
2827 4019 3042 4075 Iudaeos
3095 4037 3198 4075 una
3239 4022 3470 4086 sabbati,
3521 4022 3603 4077 vel
3639 4038 3740 4076 una

2153 4114 2523 4177 sabbatorum,
2550 4112 2633 4168 vel
2670 4113 2842 4182 prima
2883 4112 3089 4168 sabbati
3119 4113 3437 4179 vocabatur,
3478 4114 3571 4184 qui
3605 4129 3741 4170 nunc

2153 4206 2222 4260 ob
2248 4204 2607 4260 reverentiam
2637 4203 2930 4259 Dominica:
2971 4205 3404 4271 resurrectionis,
3436 4206 3743 4263 Dominicus

2155 4297 2474 4369 appellatur.
2516 4296 2571 4350 lu
2600 4312 2707 4368 quo
2745 4298 3002 4367 praecepit
3039 4312 3252 4353 omnem
3295 4299 3506 4368 plebem
3545 4315 3741 4355 conve-

2156 4391 2273 4446 nire
2301 4392 2369 4444 ad
2394 4389 2702 4454 ecclesiam,
2736 4398 2790 4443 et
2820 4405 3150 4460 congregare
3171 4389 3294 4445 illos
3318 4389 3559 4461 singulos
3587 4400 3741 4461 prout

2158 4482 2444 4539 voluerunt
2491 4482 2557 4536 ad
2584 4497 2721 4552 opus
2753 4481 2964 4537 illorum
3011 4484 3100 4552 qui
3139 4490 3298 4537 erant
3334 4481 3738 4554 Hierosolymis,

2157 4585 2213 4632 et
2259 4577 2362 4632 hoc
2403 4575 2543 4648 apud
2587 4593 2645 4632 se
2695 4593 3136 4648 unumquemque
3181 4591 3445 4647 reponere
3492 4578 3645 4647 quasi
3692 4578 3742 4632 in

2159 4669 2458 4724 thesauro:
2491 4677 2573 4734 ut,
2626 4669 2880 4725 veniente
2929 4669 3216 4739 Apostolo,
3244 4670 3507 4724 haberent
3562 4671 3741 4724 omnia

2155 4772 2458 4835 praeparata
2511 4777 2632 4834 qum
2681 4763 2934 4819 volebant
2989 4764 3204 4819 mittere
3243 4781 3256 4817 :
3299 4765 3555 4834 quoniam
3607 4763 3745 4834 quod

2157 4857 2414 4927 paulatim
2455 4856 2745 4926 colligitur,
2781 4871 2878 4911 nec
2905 4871 3067 4927 grave
3095 4867 3198 4920 est,
3224 4866 3277 4911 et
3311 4857 3588 4914 invenitur
3615 4858 3744 4914 mal-

2158 4959 2292 5004 tum.
2320 4949 2443 5004 ideo
2472 4957 2650 5004 autem
2680 4950 2937 5019 praecepit
2972 4951 3037 5004 ad
3063 4949 3348 5005 ecclesiam
3376 4952 3480 5006 hoc
3505 4952 3740 5008 deferre:

2157 5041 2301 5110 quod
2333 5039 2546 5095 volebat
2577 5042 2947 5111 unusquisque
2975 5041 3126 5106 dare,
3162 5049 3220 5096 ut
3241 5043 3368 5097 dum
3393 5043 3484 5098 ille
3513 5045 3738 5100 diceret:

2159 5133 2272 5187 Hoc
2300 5132 2418 5187 volo
2461 5133 2674 5187 mittere
2719 5133 2922 5188 sanctis
2959 5134 3050 5204 qui
3088 5143 3215 5189 sunt
3255 5134 3646 5210 Hierosolymis
3680 5139 3742 5194 de

2156 5227 2403 5297 portione
2446 5240 2587 5290 mea,
2630 5225 2720 5279 alii
2747 5225 2902 5280 istius
2935 5226 3077 5281 bono
3105 5227 3531 5284 exhortarentur
3557 5231 3622 5283 ad
3659 5244 3743 5283 ca-

2158 5319 2280 5375 dem
2304 5318 2567 5374 l'acienda.
2598 5317 2662 5372 Et
2702 5327 2877 5372 tamen
2908 5335 2974 5375 ne
2995 5334 3024 5373 a
3060 5319 3218 5375 malis
3247 5298 3514 5377 ministris
3555 5321 3740 5393 deper-

2161 5410 2303 5464 irent
2350 5407 2437 5463 illa
2480 5408 2638 5471 dona,
2669 5407 2715 5463 sl
2759 5409 2900 5479 apud
2949 5409 3236 5465 ecclesiam
3286 5425 3349 5467 ea
3389 5411 3740 5480 dimitterent,

2160 5503 2418 5574 praecepit
2443 5511 2500 5556 ut
2533 5516 2717 5556 secum
2749 5504 3017 5558 referrent
3051 5513 3107 5559 et
3144 5511 3262 5560 tuto
3287 5503 3346 5558 in
3376 5502 3496 5560 loco
3520 5503 3746 5576 depone-

2165 5604 2307 5662 rent,
2337 5595 2691 5665 quoadusque
2717 5596 2832 5667 ipse
2863 5597 3088 5658 veniret.

2236 5687 2367 5744 Cum
2389 5700 2562 5743 autem
2591 5707 2819 5760 prmsens
2842 5690 3015 5758 fuero,
3044 5706 3175 5762 quos
3202 5690 3567 5761 probaueritis,
3591 5691 3642 5744 id
3666 5697 3745 5744 est

2167 5795 2303 5852 quos
2329 5780 2552 5835 idoneos
2581 5779 2979 5849 judicaveritis,
3021 5781 3106 5834 vel
3141 5781 3438 5836 laudabiles
3458 5778 3747 5836 ostenderi-

2167 5873 2269 5938 tis;
2299 5879 2353 5926 et
2399 5880 2481 5927 est
2526 5873 2628 5926 isto
2659 5871 2711 5926 in
2759 5869 2877 5927 loco
2907 5871 3080 5928 media
3123 5869 3434 5938 distinctio,
3467 5888 3530 5927 ac
3564 5881 3740 5941 postea

471 5970 658 6032 ﬂuido
683 5969 884 6043 peccati
907 5968 1025 6037 tam,
1064 5968 1324 6028 subaudis
1347 5975 1432 6025 est
1459 5985 1476 6026 ς
1501 5967 1627 6041 quia
1667 5966 2066 6041 quodammodo
2168 5975 2298 6026 mox
2319 5963 2786 6023 subluferendum.
2814 5965 2926 6024 llos
2953 5967 3167 6025 mittam
3196 5980 3292 6041 per
3321 5955 3740 6043 epistolas,’sub-
