3996 6448
302 516 404 576 συε

983 508 1349 574 EXPOSI'HO
1381 511 1452 572 IN
1484 508 1634 568 BPP.
1674 510 1735 568 S.
1775 507 1882 567 PM

1995 537 2099 565 .-—-
2123 510 2191 566 IN
2230 510 2446 570 EPIST.
2482 512 2533 570 ll
2562 513 2656 571 AD
2690 513 2849 572 (ιω.

3442 514 3555 571 ϐυθ

303 630 456 687 audis
484 642 634 687 meas
667 635 827 699 atque
846 634 1061 684 vestras
1086 626 1417 683 laudatorias
1439 623 1509 680 de
1529 631 1710 682 vestra
1734 621 1877 678 bona
1902 624 1958 686 Α
1979 631 2100 679 sunt
2123 624 2369 694 primin
2394 624 2625 690 Achaia,
2651 628 2905 697 quoniam
2927 627 3089 698 primi
3110 627 3457 685 crediderunt
3477 636 3551 685 ex

300 721 599 791 voluntate,
631 720 723 778 vel
756 712 1268 785 eorumendatorias,
1296 718 1497 790 quibus
1518 728 1613 772 eos
1639 715 1780 785 apud
1807 714 1874 769 ll-

302 816 451 875 deies
494 817 555 873 in
593 813 928 873 Hierusalem
965 812 1375 879 commendabo,
1415 821 1479 866 ut
1517 809 1878 881 suscipiantur

301 922 424 965 cum
450 916 602 978 pace.

374 1000 531 1068 Quod
549 1001 597 1056 si
623 999 837 1071 dignum
861 998 1022 1069 fuerit
1046 1004 1105 1051 ut
1131 1011 1224 1068 ego
1246 1011 1398 1062 eam;
1422 992 1478 1049 id
1501 999 1585 1049 est
1612 992 1658 1047 si
1684 1005 1877 1062 magna

302 1094 466 1148 fuerit
485 1091 734 1162 pecunia,
762 1099 821 1145 ut
841 1104 941 1162 ego
967 1089 1169 1160 possim
1189 1103 1313 1142 cum
1339 1088 1543 1141 honore
1562 1084 1706 1139 illam
1737 1082 1881 1139 ferre

304 1186 395 1257 qui
426 1198 543 1239 sum
571 1182 844 1255 apostolus
868 1188 923 1236 et
956 1182 1256 1252 episcopus,
1289 1193 1500 1233 mecum
1540 1176 1712 1231 ibunt.
1739 1173 1877 1228 Nolo

304 1278 442 1332 enim
455 1295 543 1333 vos
560 1277 713 1332 modo
735 1277 791 1330 in
812 1275 1034 1329 transitu
1057 1273 1246 1334 videre,
1273 1273 1528 1341 quoniam
1545 1270 1707 1324 multi
1724 1276 1881 1323 erant

305 1372 623 1443 corrigenda
670 1370 725 1424 in
777 1369 912 1434 illis,
952 1380 1070 1437 qum
1117 1367 1170 1420 in
1207 1365 1434 1421 transitu
1476 1378 1581 1416 non
1628 1367 1881 1433 poterant

303 1462 541 1532 corrigi,
585 1461 707 1515 ideo
753 1458 856 1513 hoc
896 1458 1025 1513 dicit
1059 1474 1075 1511 :
1105 1454 1432 1510 Permanebo
1468 1464 1646 1507 autem
1687 1449 1881 1520 Ephesi

302 1569 466 1623 usque
493 1551 563 1605 ad
591 1548 945 1605 Pentecosten.
996 1548 1113 1603 Non
1145 1547 1209 1602 dc
1236 1546 1555 1602 Pentecoste
1576 1543 1881 1600 Judzeorum

304 1644 434 1701 dicit
458 1655 517 1699 ut
535 1653 773 1715 putatur,
801 1643 895 1698 sed
921 1641 1374 1705 Christianormn,
1410 1637 1626 1709 quando
1649 1636 1883 1707 Spiritus

303 1746 524 1794 sanctus
546 1737 694 1791 venit
716 1750 879 1805 super
905 1733 1298 1789 multitudinem
1328 1730 1684 1787 credentium.

374 1831 583 1887 Ostium
614 1833 749 1885 enim
774 1830 904 1883 mihi
924 1839 1160 1899 apertum
1185 1838 1258 1882 est
1293 1842 1540 1897 magnum
1563 1835 1609 1879 et
1644 1822 1881 1889 evidens;

302 1925 359 1980 id
384 1933 488 1989 est,
513 1924 674 1979 multa
706 1922 867 1978 conia
892 1923 1167 1977 hominum
1200 1931 1385 1989 parata
1417 1926 1542 1973 sunt
1561 1919 1627 1971 ad
1655 1917 1880 1971 creden-

1975 715 2208 782 Achteis,
2230 725 2287 771 et
2315 717 2703 774 ordinaverunt
2744 734 2803 775 se
2843 728 2904 775 ut
2945 721 3315 778 ministrarent
3343 722 3555 780 sanctis

1976 806 2068 877 qui
2094 814 2223 862 sunt
2246 804 2656 878 Hierosolymis.
2687 806 2912 865 Obsecro
2937 822 3114 866 autem
3139 820 3197 866 ut
3234 822 3285 867 et
3307 829 3393 869 eos
3419 812 3550 868 sub-

1977 896 2079 950 diti
2093 898 2207 952 sitis
2224 897 2504 968 ejusmodi,
2523 898 2575 953 id
2597 908 2702 965 est,
2718 900 3017 958 imitatores
3034 904 3155 960 sitis
3180 905 3554 965 ministrantes

1978 989 2208 1055 saeuis;
2241 997 2287 1042 et
2315 991 2456 1043 omni
2489 992 2791 1059 cooperanti
2806 1000 2855 1046 et
2878 992 3162 1061 laboranti,
3192 996 3450 1052 subaudis
3471 996 3552 1053 si-

1980 1080 2051 1134 tis
2072 1079 2269 1135 mdditi
2295 1080 2408 1136 sive
2435 1081 2760 1137 imitatores.

2049 1168 2265 1224 Gaudeo
2294 1180 2465 1225 autem
2489 1172 2545 1225 its
2582 1173 2863 1242 praemia
2890 1171 3169 1244 Stephants
3193 1185 3242 1229 et
3274 1174 3552 1233 Fortunati

1978 1268 2027 1315 et
2069 1259 2301 1314 Achaici.
2336 1259 2503 1315 Datur
2544 1261 2793 1332 intelligi.
2820 1265 2963 1332 quod
3006 1263 3062 1318 bi
3112 1272 3241 1326 tres,
3276 1265 3550 1335 Stephana‘

1977 1350 2253 1417 videlicet,
2282 1349 2611 1406 Fortunatus
2629 1391 2645 1417 ,
2690 1367 2899 1410 necnon
2927 1363 2984 1409 et
3006 1354 3296 1414 Achaicus,
3338 1358 3555 1427 expleto

1979 1446 2128 1500 omni
2176 1446 2478 1501 ministerio
2527 1462 2624 1502 suo
2677 1448 2819 1518 apud
2868 1457 3087 1504 sanctos
3137 1449 3550 1521 Hierosolymis,

1980 1547 2246 1594 venerunt
2263 1540 2330 1594 ad
2358 1538 2582 1594 Paulum
2603 1550 2891 1610 antequam
2921 1540 3190 1595 redissent
3212 1540 3555 1597 Corinthum.

1980 1630 2115 1685 Nam
2149 1628 2415 1684 Corinthii
2463 1640 2621 1684 erant
2662 1645 2882 1700 genere,
2915 1632 2968 1686 in
3007 1647 3236 1701 quorum
3266 1635 3557 1704 praesentia

1980 1718 2192 1774 lutatus
2241 1728 2323 1775 est
2365 1719 2674 1789 Apostolus.
2703 1719 2963 1786 Quoniam
3010 1722 3065 1775 id
3105 1723 3241 1794 quod
3284 1724 3424 1778 vobis
3465 1725 3558 1779 de-

1978 1823 2111 1879 erat,
2134 1814 2234 1883 ipsi
2263 1812 2660 1883 suppleverunt,
2704 1812 2792 1867 ubi
2834 1812 2992 1867 datur
3020 1813 3244 1885 intelligi
3278 1817 3420 1885 quod
3452 1816 3555 1875 mi-

1980 1903 2347 1959 nistraverunt
2380 1888 2646 1973 ~Apostolo
2675 1918 2743 1959 ex
2783 1919 2880 1959 sua
2926 1904 3245 1970 substantia,
3275 1907 3417 1976 quod
3464 1906 3559 1963 alii

304 1982 558 2081 dum,'et
590 2014 702 2085 jam
750 2013 1033 2068 manifesta
1081 1982 1215 2066 sunt
1244 2011 1370 2080 quia
1410 2010 1479 2064 de
1524 2007 1733 2062 illorum
1776 2006 1880 2061 ﬁde
1908 1982 1955 2045 ³
1981 1998 2248 2054 Corinthii
2292 1999 2488 2069 quibus
2530 1998 2646 2053 haec
2690 1997 2961 2052 scribebat
2996 2013 3103 2052 non
3138 2009 3385 2068 egerant,
3416 2000 3560 2056 unde
3596 2068 3601 2076 ι

303 2122 410 2183 non
439 2107 745 2172 dubitatur;
770 2116 819 2160 et
849 2104 1135 2160 adversarii
1160 2102 1331 2167 multi,
1356 2101 1610 2157 subaudis
1629 2101 1719 2171 qui
1750 2098 1881 2155 mihi

302 2199 659 2254 adversantur
684 2212 781 2267 pro
803 2196 915 2252 suis
937 2192 1251 2267 propinquis
1282 2204 1336 2249 et
1361 2192 1549 2247 amicis
1575 2207 1707 2261 quos
1728 2190 1883 2247 Chri-

302 2297 387 2346 sto
407 2287 684 2359 coniunxi.

371 2380 433 2438 Si
472 2381 664 2436 venerit
703 2381 769 2436 ad
792 2394 888 2436 vos
927 2378 1248 2445 Timotheus,
1283 2377 1375 2449 qui
1408 2377 1547 2432 hanc
1586 2375 1878 2446 Epistolam

300 2473 455 2529 vobis
494 2472 751 2544 portabit,
798 2472 965 2526 ridete
1006 2480 1062 2525 ut
1104 2471 1215 2526 sine
1255 2472 1440 2537 timore
1480 2472 1550 2524 sit
1587 2469 1726 2540 apud
1769 2486 1895 2524 vos“

301 2562 549 2621 Forsitan
587 2563 763 2619 fuerat
807 2564 949 2634 apud
995 2560 1114 2618 illos
1156 2560 1269 2631 jam
1316 2577 1438 2617 cum
1491 2561 1707 2627 timore,
1756 2560 1880 2631 quia

303 2657 732 2730 pseudoapostoli
791 2657 1100 2713 excitabant
1160 2654 1591 2727 persecutionem
1641 2668 1881 2725 pagano-

305 2765 426 2806 rum
453 2757 636 2806 contra
673 2749 875 2805 ﬁdeles.
908 2746 1053 2819 Opus
1074 2749 1211 2802 enim
1244 2747 1451 2802 Domini
1478 2757 1727 2818 operatur
1745 2746 1883 2800 sicut

304 2849 354 2895 et
378 2855 495 2912 ego,
528 2840 583 2895 id
609 2847 693 2895 est
728 2839 1027 2895 doctrinam
1049 2847 1104 2893 et
1127 2839 1509 2893 miraculorum
1540 2838 1795 2891 virtutem
1816 2834 1884 2891 ad

306 2932 535 2988 salutem
566 2933 867 2987 animarum
894 2944 1216 2987 vestrarum.

378 3026 463 3083 Ne
483 3028 598 3099 quis
618 3041 741 3098 ergo
764 3022 914 3081 illum
941 3034 1173 3096 spernat,
1198 3024 1322 3094 quia
1349 3021 1577 3078 forsitan
1597 3023 1708 3095 jam
1736 3020 1884 3077 illum

307 3127 641 3192 spreverant.

377 3209 454 3264 De
476 3208 659 3280 Apollo
696 3216 869 3263 autem
898 3208 1063 3279 fratre
1095 3215 1276 3261 notum
1314 3206 1453 3261 vobis
1488 3205 1643 3277 facio,
1669 3206 1879 3277 fratres.

308 3299 407 3356 llic
436 3300 720 3371 episcopus
759 3298 1162 3355 Corinthiorum
1194 3314 1224 3352 a
1251 3296 1418 3352 Paulo
1455 3296 1631 3353 fuerat
1667 3296 1883 3352 ordina-

1979 2090 2073 2154 ait,
2109 2088 2259 2154 Quod
2305 2088 2448 2143 vobis
2491 2088 2701 2153 deerat,
2742 2087 2841 2157 ipsi
2880 2086 3279 2159 suppleverunt,
3308 2090 3561 2146 videlicet

1979 2182 2336 2237 ministrando
2368 2180 2521 2235 mihi.
2574 2237 2579 2243 ,

2054 2271 2358 2343 Refecerunt
2406 2272 2544 2326 enim
2585 2279 2633 2326 et
2678 2288 2849 2326 meum
2891 2273 3134 2344 spiritum
3176 2273 3362 2344 utique
3394 2274 3554 2341 fame,

1980 2364 2097 2429 siti,
2120 2373 2176 2419 et
2218 2363 2494 2420 laboribus
2535 2364 2851 2435 fatigatum;
2889 2374 2938 2420 et
2985 2367 3349 2436 uestrum,qui
3396 2366 3558 2422 laetati

1981 2455 2119 2511 estis
2162 2455 2471 2520 audientes,
2501 2456 2643 2524 quod
2690 2455 2822 2511 mihi
2870 2455 3245 2511 ministrarent
3279 2456 3397 2512 vice
3438 2471 3558 2511 om-

1981 2547 2131 2604 nium
2155 2556 2414 2603 vestrum.
2445 2547 2751 2618 Cognoscite
2775 2565 2897 2620 ergo
2916 2550 3007 2603 oui
3029 2549 3290 2620 ejusmodi
3317 2560 3439 2604 sunt
3459 2566 3476 2614 ;
3505 2549 3558 2604 id

1980 2637 2304 2709 est,diligite
2324 2646 2379 2694 et
2404 2648 2586 2695 notate
2614 2649 2777 2709 atque
2802 2640 3087 2695 imitamini
3112 2640 3247 2696 tales
3272 2645 3418 2696 viros
3442 2659 3455 2694 :
3478 2638 3561 2696 vel

1981 2730 2310 2799 cognoscite,
2336 2729 2391 2785 id
2424 2737 2509 2785 est
2533 2729 2732 2785 subditi
2757 2739 2934 2786 estote
2958 2731 3067 2786 illis
3088 2746 3210 2786 cum
3234 2732 3561 2799 humilitate,

1983 2820 2075 2889 qui
2109 2820 2238 2874 talia
2266 2829 2451 2893 agunt.

2058 2908 2306 2967 Salutant
2340 2927 2425 2965 vos
2460 2910 2708 2968 Ecclesia:
2732 2929 2913 2968 omnes
2945 2913 3106 2980 Asia,
3129 2913 3184 2970 id
3208 2923 3310 2980 est,
3332 2916 3563 2971 salutem

1984 3000 2138 3056 vobis
2182 3008 2403 3071 optant;
2449 3003 2603 3073 quasi
2654 3003 2844 3058 dicat:
2878 3004 2991 3060 llas
3030 3005 3305 3064 Eedesias
3360 3008 3564 3063 imitari
3618 2996 3623 2997 ί
3726 2986 3743 2997 “

1986 3093 2215 3158 debetis,
2240 3108 2360 3163 quae
2388 3094 2517 3149 mihi
2546 3102 2602 3149 et
2629 3096 2832 3150 sanctis
2859 3096 2949 3167 qui
2976 3104 3110 3153 sunt
3128 3098 3187 3152 in
3205 3098 3563 3165 Hierusalem,

1988 3185 2298 3241 ministrant
2321 3185 2389 3240 de
2416 3186 2533 3242 suis
2555 3188 2894 3243 substantiis.

2058 3278 2306 3336 Salutant
2328 3296 2419 3335 uos
2444 3279 2636 3349 fratres
2662 3297 2858 3337 omnes.
2890 3280 2991 3337 Hic
3031 3282 3207 3354 tangit
3246 3296 3439 3340 omnes
3470 3285 3565 3340 ad.

308 3403 429 3458 tus,
469 3348 563 3448 ἔδει
599 3348 659 3448 nrt
688 3392 765 3447 illi
803 3400 1083 3463 coeperunt
1121 3391 1346 3453 dicere:
1380 3390 1491 3462 Ego
1542 3406 1658 3446 sum
1708 3388 1877 3457 Pauli,

1995 3373 2188 3439 iutores
2228 3387 2386 3438 suos;
2420 3370 2646 3427 salutate
2678 3373 2897 3429 invicem
2941 3348 3220 3430 ia‘osehlo
3260 3387 3472 3443 sancto,
3508 3376 3564 3432 id

305 3500 407 3559 ego
430 3485 641 3558 Apollo,
685 3500 786 3558 ego
807 3501 935 3541 vero
963 3484 1179 3555 Cepbae,
1208 3499 1333 3540 cum
1369 3494 1475 3539 nou
1502 3484 1763 3556 potuisset
1789 3499 1883 3540 eos

306 3578 515 3643 sedare,
575 3575 780 3632 relictis
818 3575 924 3631 illis
972 3574 1105 3630 abiit
1140 3574 1410 3645 Ephesum
1469 3574 1536 3628 ad
1582 3573 1878 3645 apostolum

308 3667 563 3735 Paulum;
610 3681 771 3739 quem
801 3682 925 3723 cum
951 3675 1137 3736 postea
1168 3675 1383 3739 rogaret
1406 3664 1716 3736 Apostolus,
1745 3665 1886 3721 sicut

308 3762 399 3818 hic
437 3761 651 3825 dicitur,
700 3766 758 3815 ut
782 3759 985 3814 rediret
1012 3757 1366 3823 Corinthum,
1399 3756 1587 3821 noluit,
1635 3757 1762 3827 quia
1803 3757 1886 3811 in-

308 3864 583 3923 correptos
624 3866 717 3908 eos
743 3850 919 3906 adhuc
960 3849 1184 3904 sciebat.
1226 3846 1404 3902 Veniet
1442 3857 1638 3911 autem,
1677 3862 1797 3901 cum
1836 3848 1884 3900 ei

307 3962 528 4004 uacuum
568 3944 754 4014 fuerit,
800 3942 857 3998 id
881 3950 968 3996 est
993 3953 1119 3997 cum
1147 3953 1245 3995 vos
1281 3938 1598 3993 emendatos
1631 3950 1753 3992 esse
1785 3951 1884 3990 au-

308 4037 488 4093 dierit.

390 4124 636 4196 Vigilare.
680 4120 901 4193 Vigilat,
940 4120 1031 4190 qui
1075 4117 1142 4175 ad
1181 4125 1457 4188 aspectum
1496 4117 1609 4173 veri
1645 4115 1883 4183 luminis,

309 4216 509 4272 mentis
535 4213 718 4270 oculos
739 4221 959 4284 apertos
985 4218 1169 4276 tenet;
1198 4207 1405 4280 vigilat,
1430 4207 1523 4277 qui
1552 4214 1731 4262 servat
1751 4222 1883 4277 ope-

310 4306 480 4362 rando
504 4306 647 4376 quod
673 4303 875 4369 credit;
900 4310 1034 4357 state
1059 4301 1114 4354 in
1136 4298 1242 4368 ﬁde
1258 4338 1274 4364 ,
1306 4313 1377 4353 ne
1400 4296 1764 4353 succumbatis
1796 4298 1886 4353 de-

308 4402 450 4474 cepti
476 4402 544 4457 ab
574 4397 874 4455 inﬁdelibus
895 4437 911 4460 ,
951 4402 1011 4450 ut
1041 4393 1258 4466 possitis
1297 4391 1485 4447 audire
1515 4406 1635 4446 cum
1661 4388 1841 4462 Moyse
1866 4403 1883 4444 :

1983 3472 2069 3520 εει
2096 3473 2247 3519 casto
2274 3472 2330 3519 θι
2357 3478 2509 3520 vero.

2056 3553 2322 3611 Salutatio
2364 3572 2479 3612 mea
2509 3572 2670 3612 masta
2710 3553 2893 3613 Pauli.
2918 3556 3072 3614 Alius
3097 3558 3238 3615 hanc
3265 3557 3562 3630 Epistolam

1982 3648 2299 3719 scripserat,
2329 3649 2473 3706 sicut
2504 3658 2560 3706 et
2604 3650 2779 3707 alias:
2808 3650 2905 3707 sed
2957 3651 3079 3722 ipse
3100 3650 3389 3723 Apostolus
3440 3666 3567 3724 pro-

1984 3740 2100 3811 pria
2129 3757 2288 3796 manu
2315 3741 2369 3794 in
2400 3742 2506 3796 line
2534 3741 2636 3797 hoc
2660 3742 2867 3797 addidit
3216 3752 3219 3755 '

2040 3833 2117 3889 -Si
2147 3836 2263 3905 quis
2301 3850 2405 3889 non
2440 3843 2583 3888 autat
2616 3833 2901 3889 Dominum
2933 3851 3119 3890 suum
3155 3836 3222 3891 sit
3261 3837 3562 3909 anathema.

1984 3924 2287 3980 Anathema
2318 3923 2507 3980 Graeco
2532 3939 2785 3980 sermone
2823 3925 3019 3981 dicitur
3043 3926 3287 3995 perditus
3308 3928 3395 3982 vel
3427 3943 3563 3983 con»

1985 4016 2294 4081 demnatus,
2320 4015 2371 4070 id
2396 4024 2481 4070 est
2507 4015 2719 4071 alienus
2742 4023 2797 4071 et
2822 4025 3105 4086 separatus
3130 4027 3163 4070 a
3188 4015 3321 4073 Dee.
3348 4018 3419 4072 Et.
3438 4018 3564 4073 sub-

1985 4107 2153 4163 int‘crt
2212 4108 2564 4172 maranatha,
2612 4108 2757 4177 quod
2809 4108 2981 4178 magis
3025 4118 3109 4164 est
3160 4108 3356 4180 Syrum
3401 4126 3563 4180 quam

1987 4199 2292 4264 Hebraanm,
2328 4199 2539 4254 tametsi
2583 4214 2647 4255 ex
2699 4199 2936 4255 conﬁnio
2965 4206 3323 4269 utrarumque
3352 4200 3563 4271 lingua.

1987 4308 2130 4357 rum,
2156 4291 2355 4361 aliquid
2399 4298 2456 4346 et
2498 4290 2779 4347 Hebraeum
2826 4301 2998 4349 sonet.
3037 4292 3427 4363 Interpretatur
3470 4310 3563 4350 au-

1986 4392 2094 4439 tem
2121 4395 2137 4435 :
2170 4380 2427 4437 Dominus
2456 4389 2636 4436 noster
2663 4382 2843 4446 venit;
2874 4392 2935 4439 ut
2963 4385 3034 4441 sit
3059 4396 3254 4439 sensus
3282 4401 3296 4440 :
3327 4384 3565 4441 Anauro-

311 4471 397 4552 ΐᾶ
435 4503 613 4549 autem
639 4491 725 4546 hic
764 4499 846 4545 sta
883 4503 1085 4542 mecum
1110 4486 1290 4558 (Deut.
1331 4484 1406 4556 v).
1458 4481 1687 4539 Viriliter
1727 4487 1883 4553 agile,
1982 4490 2113 4541 ma.
2150 4474 2202 4529 id
2250 4481 2333 4528 est
2371 4471 2641 4543 perditio,
2689 4473 2771 4531 eis
2810 4474 2863 4530 in
2925 4475 3157 4531 adventu
3209 4475 3423 4532 Domini
3471 4476 3564 4547 qui

309 4603 412 4645 nec
450 4585 714 4651 molliter,
761 4596 935 4651 neque
974 4578 1340 4643 muliebriter,
1384 4577 1480 4631 sed
1527 4575 1752 4631 ﬁrmiter
1788 4590 1886 4645 pn-

309 4685 472 4750 gnate
496 4683 685 4731 contra
714 4672 910 4729 diaboli
943 4677 1292 4727 tentamenta.
1324 4666 1725 4738 Confortamini,
1753 4666 1881 4722 sub-

310 4770 467 4827 audis
509 4768 564 4823 in
611 4766 862 4833 Domino,
906 4764 1096 4820 nonin
1124 4760 1320 4817 vestris
1348 4759 1575 4826 meritis,
1616 4772 1789 4829 neque
1829 4758 1882 4811 in

312 4867 495 4915 vestra
531 4858 749 4913 virtute.

385 4948 576 5005 Omnia
617 4957 786 5003 vestra
816 4946 871 5000 in
907 4943 1164 4999 charitate
1197 4943 1350 5012 fiant,
1384 4940 1440 4995 id
1479 4946 1563 4995 est
1601 4938 1886 4994 dilectione

311 5039 408 5095 Dei
438 5046 494 5092 et
518 5036 772 5108 proximi,
795 5050 900 5090 non
930 5033 1129 5104 duplici
1154 5032 1356 5097 animo,
1380 5045 1556 5102 neque
1581 5044 1745 5086 causa
1770 5029 1886 5084 ina-

314 5133 400 5190 nis
426 5132 627 5203 gloriae.

387 5223 573 5279 Nostis
619 5225 834 5276 domum
864 5218 1145 5289 Stephano.-
1184 5224 1233 5270 et
1276 5211 1575 5268 Fortunati.
1617 5211 1887 5282 Stephana

316 5314 515 5372 nobilis
538 5312 784 5385 quaedam
826 5320 946 5365 erat
976 5318 1250 5369 matrona,
1294 5304 1449 5374 cuius
1493 5302 1698 5358 familia
1744 5302 1889 5358 facta

314 5414 437 5464 erat
458 5403 721 5469 Ecclesia,
744 5402 995 5460 similiter
1019 5410 1075 5456 et
1095 5400 1287 5456 domus
1301 5394 1600 5452 Fortunati.
1627 5393 1889 5461 Quoniam

1987 4580 2112 4621 eum
2147 4581 2251 4621 non
2280 4574 2486 4631 amant,
2513 4573 2607 4620 aut
2634 4565 2849 4623 venisse
2873 4576 2969 4623 aut
2992 4574 3280 4625 venturum
3306 4582 3428 4624 esse
3456 4582 3562 4624 non

1989 4656 2238 4714 credunt.

1908 4711 1962 4774 υ
1998 4711 2038 4714 γ
2058 4711 2247 4805 Cratia
2268 4714 2475 4805 Domini
2505 4751 2668 4806 nostri
2695 4749 2826 4807 Iesu
2854 4748 3051 4807 Christi
3078 4751 3379 4819 vobiscum;
3406 4753 3458 4809 id
3485 4762 3569 4810 θδι

1992 4843 2146 4908 ﬁdes,
2176 4843 2423 4899 remissio
2447 4851 2812 4913 peccatorum,
2843 4850 2899 4899 et
2937 4851 3131 4900 cuneta
3155 4844 3250 4902 Dei
3277 4845 3416 4900 dona
3447 4858 3567 4914 quae

1990 4934 2162 5005 gratis
2191 4934 2388 4989 dantur
2418 4932 2684 4989 ﬁdelibus.

2066 5022 2308 5078 Charitas
2348 5038 2461 5077 mea
2484 5039 2602 5077 cunt
2627 5024 2865 5081 omnibus
2904 5026 3083 5092 nobis;
3112 5025 3169 5083 id
3193 5034 3300 5091 est,
3333 5040 3396 5081 ea
3437 5024 3569 5081 dile-

1994 5115 2172 5171 ctione
2198 5128 2304 5184 qua
2324 5128 2420 5170 vos
2445 5113 2849 5186 diligo,diligite
2870 5133 2966 5174 vos
2997 5118 3248 5183 invicem,
3265 5126 3322 5172 et
3344 5132 3409 5173 ea
3434 5120 3565 5173 cha—

1994 5214 2156 5268 ritate
2178 5226 2284 5280 qua
2318 5211 2483 5266 Deum
2515 5210 2698 5282 diligo,
2723 5209 2959 5281 diligatis
2992 5225 3135 5267 eum.
3162 5208 3349 5273 Amen,
3379 5208 3432 5264 id
3459 5216 3565 5275 est,

1992 5305 2085 5361 tiat
2112 5304 2253 5374 quod
2274 5312 2440 5375 opto;
2472 5302 2575 5370 vel,
2606 5317 2731 5361 vera
2766 5304 2877 5361 sint
2908 5302 3107 5361 omnia,
3130 5300 3377 5372 superius
3405 5315 3438 5356 a
3479 5310 3568 5356 me

1986 5395 2153 5459 dicta.

326 5531 3534 5563 Μ

1019 5643 1124 5721 ΙΝ
1190 5632 1767 5719 EPISTOLAM
1828 5638 1905 5717 II
1964 5624 2097 5718 AD
2171 5632 2833 5720 COBINTHIOS.

846 5872 1355 5933 ARGUMENTUM.

258 6018 301 6037 ,.
384 5971 644 6047 Apostole
689 5967 979 6031 recedente
1020 5982 1052 6027 a
1091 5964 1419 6037 Corinthiis,
1470 5981 1594 6024 cum
1644 5967 1885 6027 audisset

1992 5890 2086 5932 eos
2113 5874 2361 5932 seductos
2387 5832 2509 5931 esse
2534 5890 2564 5930 a
2592 5832 3080 5945 pscudoapostolis,
3104 5872 3405 5929 discordias
3425 5886 3539 5943 quo

1988 5981 2100 6038 que
2129 5966 2349 6033 habere,
2379 5966 2599 6047 scripsit
2621 5965 2705 6023 eis
2735 5965 2974 6040 priorem
3014 5963 3308 6040 Epistulam
3358 5962 3418 6020 in
3453 5975 3565 6056 qua
