  <div class='ocr_page' id='page_1' title='image "/cluster/home/n/w/nwhite01/storage/ocr_20150623/117/hvd.32044015466899/311.png"; bbox 0 0 3996 6472; ppageno 0'>
   <div class='ocr_carea' id='block_1_1' title="bbox 484 499 584 558">
    <p class='ocr_par' dir='ltr' id='par_1_1' title="bbox 484 499 584 558">
     <span class='ocr_line' id='line_1_1' title="bbox 484 499 584 558; baseline -0.03 0"><span class='ocrx_word' id='word_1_1' title='bbox 484 499 584 558; x_wconf 79' lang='lat' dir='ltr'><strong>6H</strong></span> 
     </span>
    </p>
   </div>
   <div class='ocr_carea' id='block_1_2' title="bbox 942 475 3246 554">
    <p class='ocr_par' dir='ltr' id='par_1_2' title="bbox 942 475 3246 554">
     <span class='ocr_line' id='line_1_2' title="bbox 942 475 3246 554; baseline -0.008 0"><span class='ocrx_word' id='word_1_2' title='bbox 942 490 1295 554; x_wconf 79' lang='lat' dir='ltr'><strong>HAYMONIS</strong></span> <span class='ocrx_word' id='word_1_3' title='bbox 1331 483 1805 548; x_wconf 73' lang='lat' dir='ltr'><strong>HALBERSTAT.</strong></span> <span class='ocrx_word' id='word_1_4' title='bbox 1847 489 2063 546; x_wconf 85' lang='lat' dir='ltr'><strong>EPlSC.</strong></span> <span class='ocrx_word' id='word_1_5' title='bbox 2099 480 2251 545; x_wconf 85' lang='lat' dir='ltr'><strong>OPP.</strong></span> <span class='ocrx_word' id='word_1_6' title='bbox 2291 481 2472 542; x_wconf 79' lang='lat' dir='ltr'><strong>PARS</strong></span> <span class='ocrx_word' id='word_1_7' title='bbox 2507 483 2550 540; x_wconf 81' lang='grc'><strong>1.</strong></span> <span class='ocrx_word' id='word_1_8' title='bbox 2579 513 2651 526; x_wconf 94' lang='lat'><strong>-—</strong></span> <span class='ocrx_word' id='word_1_9' title='bbox 2683 477 3044 541; x_wconf 72' lang='lat' dir='ltr'><strong>COMMENT.</strong></span> <span class='ocrx_word' id='word_1_10' title='bbox 3083 475 3246 538; x_wconf 85' lang='lat' dir='ltr'><strong>BIBL.</strong></span> 
     </span>
    </p>
   </div>
   <div class='ocr_carea' id='block_1_3' title="bbox 482 596 3740 678">
    <p class='ocr_par' dir='ltr' id='par_1_3' title="bbox 482 596 3740 678">
     <span class='ocr_line' id='line_1_3' title="bbox 482 596 3740 678; baseline -0.004 -11"><span class='ocrx_word' id='word_1_11' title='bbox 482 612 806 676; x_wconf 86' lang='lat' dir='ltr'><strong>animarum,</strong></span> <span class='ocrx_word' id='word_1_12' title='bbox 840 618 894 666; x_wconf 88' lang='lat' dir='ltr'><strong>et</strong></span> <span class='ocrx_word' id='word_1_13' title='bbox 932 608 1238 664; x_wconf 80' lang='lat' dir='ltr'><strong>sacerdotes</strong></span> <span class='ocrx_word' id='word_1_14' title='bbox 1261 607 1578 678; x_wconf 88' lang='lat' dir='ltr'><strong>populorum</strong></span> <span class='ocrx_word' id='word_1_15' title='bbox 1599 647 1613 671; x_wconf 95' lang='lat'><strong>,</strong></span> <span class='ocrx_word' id='word_1_16' title='bbox 1641 613 1701 660; x_wconf 90' lang='lat' dir='ltr'><strong>ut</strong></span> <span class='ocrx_word' id='word_1_17' title='bbox 1728 603 2064 660; x_wconf 82' lang='lat' dir='ltr'><strong>sanctiﬂcent</strong></span> <span class='ocrx_word' id='word_1_18' title='bbox 2091 604 2141 664; x_wconf 80' lang='grc' dir='ltr'><strong>Α</strong></span> <span class='ocrx_word' id='word_1_19' title='bbox 2168 601 2382 670; x_wconf 81' lang='lat' dir='ltr'><strong>darguit</strong></span> <span class='ocrx_word' id='word_1_20' title='bbox 2408 615 2502 655; x_wconf 86' lang='lat' dir='ltr'><strong>eos</strong></span> <span class='ocrx_word' id='word_1_21' title='bbox 2525 597 2758 663; x_wconf 72' lang='lat' dir='ltr'><strong>fortiter,</strong></span> <span class='ocrx_word' id='word_1_22' title='bbox 2789 605 2845 652; x_wconf 89' lang='lat' dir='ltr'><strong>et</strong></span> <span class='ocrx_word' id='word_1_23' title='bbox 2876 598 3132 667; x_wconf 70' lang='lat' dir='ltr'><strong>praecepit</strong></span> <span class='ocrx_word' id='word_1_24' title='bbox 3157 596 3304 651; x_wconf 89' lang='lat' dir='ltr'><strong>illum</strong></span> <span class='ocrx_word' id='word_1_25' title='bbox 3343 597 3435 666; x_wconf 87' lang='lat' dir='ltr'><strong>qui</strong></span> <span class='ocrx_word' id='word_1_26' title='bbox 3474 597 3740 653; x_wconf 86' lang='lat' dir='ltr'><strong>incestum</strong></span> 
     </span>
    </p>
   </div>
   <div class='ocr_carea' id='block_1_4' title="bbox 481 693 2059 774">
    <p class='ocr_par' dir='ltr' id='par_1_4' title="bbox 481 693 2059 774">
     <span class='ocr_line' id='line_1_4' title="bbox 481 693 2059 774; baseline -0.007 -15"><span class='ocrx_word' id='word_1_27' title='bbox 481 717 597 766; x_wconf 88' lang='lat' dir='ltr'><strong>eos,</strong></span> <span class='ocrx_word' id='word_1_28' title='bbox 621 702 774 774; x_wconf 81' lang='lat' dir='ltr'><strong>juxta</strong></span> <span class='ocrx_word' id='word_1_29' title='bbox 814 701 955 771; x_wconf 86' lang='lat' dir='ltr'><strong>quod</strong></span> <span class='ocrx_word' id='word_1_30' title='bbox 993 699 1184 755; x_wconf 91' lang='lat' dir='ltr'><strong>Petrus</strong></span> <span class='ocrx_word' id='word_1_31' title='bbox 1217 697 1352 753; x_wconf 89' lang='lat' dir='ltr'><strong>dicit</strong></span> <span class='ocrx_word' id='word_1_32' title='bbox 1386 717 1398 752; x_wconf 88' lang='lat'><strong>:</strong></span> <span class='ocrx_word' id='word_1_33' title='bbox 1447 695 1548 751; x_wconf 85' lang='lat' dir='ltr'><strong>Vos</strong></span> <span class='ocrx_word' id='word_1_34' title='bbox 1573 706 1745 750; x_wconf 81' lang='lat' dir='ltr'><strong>autem</strong></span> <span class='ocrx_word' id='word_1_35' title='bbox 1771 711 1930 766; x_wconf 84' lang='lat' dir='ltr'><strong>genus</strong></span> <span class='ocrx_word' id='word_1_36' title='bbox 1959 693 2059 748; x_wconf 88' lang='lat' dir='ltr'><strong>ele-</strong></span> 
     </span>
    </p>
   </div>
   <div class='ocr_carea' id='block_1_5' title="bbox 484 784 2058 863">
    <p class='ocr_par' dir='ltr' id='par_1_5' title="bbox 484 784 2058 863">
     <span class='ocr_line' id='line_1_5' title="bbox 484 784 2058 863; baseline -0.007 -14"><span class='ocrx_word' id='word_1_37' title='bbox 484 807 646 860; x_wconf 79' lang='lat' dir='ltr'><strong>ctum,</strong></span> <span class='ocrx_word' id='word_1_38' title='bbox 673 792 842 863; x_wconf 84' lang='lat' dir='ltr'><strong>regale</strong></span> <span class='ocrx_word' id='word_1_39' title='bbox 865 791 1235 852; x_wconf 80' lang='lat' dir='ltr'><strong>sacerdotium,</strong></span> <span class='ocrx_word' id='word_1_40' title='bbox 1264 807 1388 862; x_wconf 86' lang='lat' dir='ltr'><strong>gens</strong></span> <span class='ocrx_word' id='word_1_41' title='bbox 1413 798 1591 844; x_wconf 85' lang='lat' dir='ltr'><strong>sancta</strong></span> <span class='ocrx_word' id='word_1_42' title='bbox 1623 787 1672 859; x_wconf 90' lang='grc'><strong>(1</strong></span> <span class='ocrx_word' id='word_1_43' title='bbox 1698 784 1840 841; x_wconf 86' lang='lat' dir='ltr'><strong>Petr.</strong></span> <span class='ocrx_word' id='word_1_44' title='bbox 1867 789 1947 858; x_wconf 86' lang='grc' dir='ltr'><strong>ιι),</strong></span> <span class='ocrx_word' id='word_1_45' title='bbox 1969 786 2058 856; x_wconf 90' lang='lat' dir='ltr'><strong>qui</strong></span> 
     </span>
    </p>
   </div>
   <div class='ocr_carea' id='block_1_6' title="bbox 479 877 2058 955">
    <p class='ocr_par' dir='ltr' id='par_1_6' title="bbox 479 877 2058 955">
     <span class='ocr_line' id='line_1_6' title="bbox 479 877 2058 955; baseline -0.006 -15"><span class='ocrx_word' id='word_1_46' title='bbox 479 893 531 940; x_wconf 82' lang='lat' dir='ltr'><strong>et</strong></span> <span class='ocrx_word' id='word_1_47' title='bbox 565 884 785 955; x_wconf 81' lang='lat' dir='ltr'><strong>signavit</strong></span> <span class='ocrx_word' id='word_1_48' title='bbox 825 899 944 949; x_wconf 87' lang='lat' dir='ltr'><strong>nos,</strong></span> <span class='ocrx_word' id='word_1_49' title='bbox 989 883 1042 937; x_wconf 89' lang='lat' dir='ltr'><strong>id</strong></span> <span class='ocrx_word' id='word_1_50' title='bbox 1083 891 1166 938; x_wconf 91' lang='lat' dir='ltr'><strong>est</strong></span> <span class='ocrx_word' id='word_1_51' title='bbox 1196 882 1286 951; x_wconf 89' lang='lat' dir='ltr'><strong>qui</strong></span> <span class='ocrx_word' id='word_1_52' title='bbox 1323 879 1612 952; x_wconf 91' lang='lat' dir='ltr'><strong>assignavit</strong></span> <span class='ocrx_word' id='word_1_53' title='bbox 1640 894 1755 943; x_wconf 91' lang='lat' dir='ltr'><strong>nos,</strong></span> <span class='ocrx_word' id='word_1_54' title='bbox 1785 877 1960 932; x_wconf 86' lang='lat' dir='ltr'><strong>dando</strong></span> <span class='ocrx_word' id='word_1_55' title='bbox 1986 877 2058 932; x_wconf 86' lang='lat' dir='ltr'><strong>si-</strong></span> 
     </span>
    </p>
   </div>
   <div class='ocr_carea' id='block_1_7' title="bbox 482 967 2056 1049">
    <p class='ocr_par' dir='ltr' id='par_1_7' title="bbox 482 967 2056 1049">
     <span class='ocr_line' id='line_1_7' title="bbox 482 967 2056 1049; baseline -0.007 -18"><span class='ocrx_word' id='word_1_56' title='bbox 482 991 642 1049; x_wconf 81' lang='lat' dir='ltr'><strong>gnum</strong></span> <span class='ocrx_word' id='word_1_57' title='bbox 675 992 829 1031; x_wconf 92' lang='lat' dir='ltr'><strong>suum</strong></span> <span class='ocrx_word' id='word_1_58' title='bbox 869 975 1042 1030; x_wconf 90' lang='lat' dir='ltr'><strong>nobis.</strong></span> <span class='ocrx_word' id='word_1_59' title='bbox 1087 974 1222 1028; x_wconf 90' lang='lat' dir='ltr'><strong>Dum</strong></span> <span class='ocrx_word' id='word_1_60' title='bbox 1258 975 1401 1028; x_wconf 89' lang='lat' dir='ltr'><strong>enim</strong></span> <span class='ocrx_word' id='word_1_61' title='bbox 1435 971 1569 1027; x_wconf 79' lang='lat' dir='ltr'><strong>dixit</strong></span> <span class='ocrx_word' id='word_1_62' title='bbox 1596 970 1880 1026; x_wconf 86' lang='lat' dir='ltr'><strong>Christus:</strong></span> <span class='ocrx_word' id='word_1_63' title='bbox 1911 967 2056 1022; x_wconf 84' lang='lat' dir='ltr'><strong>Sicut</strong></span> 
     </span>
    </p>
   </div>
   <div class='ocr_carea' id='block_1_8' title="bbox 480 1063 2056 1137">
    <p class='ocr_par' dir='ltr' id='par_1_8' title="bbox 480 1063 2056 1137">
     <span class='ocr_line' id='line_1_8' title="bbox 480 1063 2056 1137; baseline -0.004 -17"><span class='ocrx_word' id='word_1_64' title='bbox 480 1083 562 1121; x_wconf 89' lang='lat' dir='ltr'><strong>me</strong></span> <span class='ocrx_word' id='word_1_65' title='bbox 598 1073 735 1121; x_wconf 86' lang='lat' dir='ltr'><strong>misit</strong></span> <span class='ocrx_word' id='word_1_66' title='bbox 776 1065 958 1133; x_wconf 86' lang='lat' dir='ltr'><strong>Pater,</strong></span> <span class='ocrx_word' id='word_1_67' title='bbox 989 1077 1034 1121; x_wconf 91' lang='lat' dir='ltr'><strong>et</strong></span> <span class='ocrx_word' id='word_1_68' title='bbox 1063 1083 1156 1137; x_wconf 90' lang='lat' dir='ltr'><strong>ego</strong></span> <span class='ocrx_word' id='word_1_69' title='bbox 1202 1068 1350 1119; x_wconf 87' lang='lat' dir='ltr'><strong>mitto</strong></span> <span class='ocrx_word' id='word_1_70' title='bbox 1380 1082 1464 1119; x_wconf 85' lang='lat' dir='ltr'><strong>vos</strong></span> <span class='ocrx_word' id='word_1_71' title='bbox 1490 1063 1669 1134; x_wconf 77' lang='lat' dir='ltr'><strong>(Jonn.</strong></span> <span class='ocrx_word' id='word_1_72' title='bbox 1704 1063 1778 1134; x_wconf 81' lang='lat' dir='ltr'><strong>v1)</strong></span> <span class='ocrx_word' id='word_1_73' title='bbox 1801 1103 1814 1125; x_wconf 92' lang='lat'><strong>,</strong></span> <span class='ocrx_word' id='word_1_74' title='bbox 1845 1063 2056 1132; x_wconf 89' lang='lat' dir='ltr'><strong>signum</strong></span> 
     </span>
    </p>
   </div>
   <div class='ocr_carea' id='block_1_9' title="bbox 479 1151 2056 1230">
    <p class='ocr_par' dir='ltr' id='par_1_9' title="bbox 479 1151 2056 1230">
     <span class='ocr_line' id='line_1_9' title="bbox 479 1151 2056 1230; baseline -0.007 -16"><span class='ocrx_word' id='word_1_75' title='bbox 479 1173 634 1214; x_wconf 84' lang='lat' dir='ltr'><strong>suum</strong></span> <span class='ocrx_word' id='word_1_76' title='bbox 668 1160 719 1212; x_wconf 92' lang='lat' dir='ltr'><strong>in</strong></span> <span class='ocrx_word' id='word_1_77' title='bbox 751 1159 829 1214; x_wconf 87' lang='lat' dir='ltr'><strong>eis</strong></span> <span class='ocrx_word' id='word_1_78' title='bbox 856 1159 1054 1230; x_wconf 85' lang='lat' dir='ltr'><strong>posuit,</strong></span> <span class='ocrx_word' id='word_1_79' title='bbox 1091 1167 1140 1212; x_wconf 89' lang='lat' dir='ltr'><strong>et</strong></span> <span class='ocrx_word' id='word_1_80' title='bbox 1179 1157 1321 1211; x_wconf 85' lang='lat' dir='ltr'><strong>dedit</strong></span> <span class='ocrx_word' id='word_1_81' title='bbox 1344 1157 1526 1228; x_wconf 87' lang='lat' dir='ltr'><strong>pignus</strong></span> <span class='ocrx_word' id='word_1_82' title='bbox 1553 1155 1765 1224; x_wconf 80' lang='lat' dir='ltr'><strong>spiritus</strong></span> <span class='ocrx_word' id='word_1_83' title='bbox 1799 1155 1853 1207; x_wconf 91' lang='lat' dir='ltr'><strong>in</strong></span> <span class='ocrx_word' id='word_1_84' title='bbox 1884 1151 2056 1206; x_wconf 86' lang='lat' dir='ltr'><strong>cordi-</strong></span> 
     </span>
    </p>
   </div>
   <div class='ocr_carea' id='block_1_10' title="bbox 481 1244 2054 1318">
    <p class='ocr_par' dir='ltr' id='par_1_10' title="bbox 481 1244 2054 1318">
     <span class='ocr_line' id='line_1_10' title="bbox 481 1244 2054 1318; baseline -0.005 -16"><span class='ocrx_word' id='word_1_85' title='bbox 481 1247 576 1302; x_wconf 82' lang='lat' dir='ltr'><strong>bus</strong></span> <span class='ocrx_word' id='word_1_86' title='bbox 600 1249 809 1303; x_wconf 84' lang='lat' dir='ltr'><strong>nostris.</strong></span> <span class='ocrx_word' id='word_1_87' title='bbox 862 1248 1064 1318; x_wconf 80' lang='lat' dir='ltr'><strong>Pignus</strong></span> <span class='ocrx_word' id='word_1_88' title='bbox 1107 1254 1190 1302; x_wconf 84' lang='lat' dir='ltr'><strong>est</strong></span> <span class='ocrx_word' id='word_1_89' title='bbox 1231 1246 1444 1316; x_wconf 87' lang='lat' dir='ltr'><strong>proprie</strong></span> <span class='ocrx_word' id='word_1_90' title='bbox 1489 1244 1630 1313; x_wconf 88' lang='lat' dir='ltr'><strong>quod</strong></span> <span class='ocrx_word' id='word_1_91' title='bbox 1674 1251 1894 1314; x_wconf 86' lang='lat' dir='ltr'><strong>propter</strong></span> <span class='ocrx_word' id='word_1_92' title='bbox 1941 1255 2054 1295; x_wconf 89' lang='lat' dir='ltr'><strong>rem</strong></span> 
     </span>
    </p>
   </div>
   <div class='ocr_carea' id='block_1_11' title="bbox 481 1329 2056 1404">
    <p class='ocr_par' dir='ltr' id='par_1_11' title="bbox 481 1329 2056 1404">
     <span class='ocr_line' id='line_1_11' title="bbox 481 1329 2056 1404; baseline -0.006 -11"><span class='ocrx_word' id='word_1_93' title='bbox 481 1339 741 1393; x_wconf 87' lang='lat' dir='ltr'><strong>creditam</strong></span> <span class='ocrx_word' id='word_1_94' title='bbox 765 1338 942 1404; x_wconf 90' lang='lat' dir='ltr'><strong>datur,</strong></span> <span class='ocrx_word' id='word_1_95' title='bbox 964 1345 1022 1391; x_wconf 89' lang='lat' dir='ltr'><strong>ut</strong></span> <span class='ocrx_word' id='word_1_96' title='bbox 1047 1337 1171 1392; x_wconf 88' lang='lat' dir='ltr'><strong>dum</strong></span> <span class='ocrx_word' id='word_1_97' title='bbox 1198 1336 1283 1390; x_wconf 87' lang='lat' dir='ltr'><strong>illa</strong></span> <span class='ocrx_word' id='word_1_98' title='bbox 1311 1335 1515 1390; x_wconf 85' lang='lat' dir='ltr'><strong>reddita</strong></span> <span class='ocrx_word' id='word_1_99' title='bbox 1541 1332 1718 1394; x_wconf 83' lang='lat' dir='ltr'><strong>fuerit,</strong></span> <span class='ocrx_word' id='word_1_100' title='bbox 1747 1331 1887 1387; x_wconf 88' lang='lat' dir='ltr'><strong>istud</strong></span> <span class='ocrx_word' id='word_1_101' title='bbox 1919 1329 2056 1385; x_wconf 90' lang='lat' dir='ltr'><strong>reci-</strong></span> 
     </span>
    </p>
   </div>
   <div class='ocr_carea' id='block_1_12' title="bbox 480 1419 2051 1497">
    <p class='ocr_par' dir='ltr' id='par_1_12' title="bbox 480 1419 2051 1497">
     <span class='ocr_line' id='line_1_12' title="bbox 480 1419 2051 1497; baseline -0.004 -17"><span class='ocrx_word' id='word_1_102' title='bbox 480 1427 677 1497; x_wconf 83' lang='lat' dir='ltr'><strong>piatur.</strong></span> <span class='ocrx_word' id='word_1_103' title='bbox 721 1427 826 1482; x_wconf 85' lang='lat' dir='ltr'><strong>Sed</strong></span> <span class='ocrx_word' id='word_1_104' title='bbox 869 1428 958 1483; x_wconf 90' lang='lat' dir='ltr'><strong>hic</strong></span> <span class='ocrx_word' id='word_1_105' title='bbox 995 1425 1277 1497; x_wconf 82' lang='lat' dir='ltr'><strong>Apostolus</strong></span> <span class='ocrx_word' id='word_1_106' title='bbox 1313 1424 1492 1496; x_wconf 88' lang='lat' dir='ltr'><strong>potius</strong></span> <span class='ocrx_word' id='word_1_107' title='bbox 1530 1438 1628 1494; x_wconf 91' lang='lat' dir='ltr'><strong>pro</strong></span> <span class='ocrx_word' id='word_1_108' title='bbox 1657 1423 1817 1476; x_wconf 87' lang='lat' dir='ltr'><strong>arrha</strong></span> <span class='ocrx_word' id='word_1_109' title='bbox 1853 1419 2051 1492; x_wconf 86' lang='lat' dir='ltr'><strong>posuit,</strong></span> 
     </span>
    </p>
   </div>
   <div class='ocr_carea' id='block_1_13' title="bbox 481 1509 2055 1588">
    <p class='ocr_par' dir='ltr' id='par_1_13' title="bbox 481 1509 2055 1588">
     <span class='ocr_line' id='line_1_13' title="bbox 481 1509 2055 1588; baseline -0.005 -16"><span class='ocrx_word' id='word_1_110' title='bbox 481 1534 600 1588; x_wconf 66' lang='lat' dir='ltr'><strong>qua:</strong></span> <span class='ocrx_word' id='word_1_111' title='bbox 628 1518 737 1573; x_wconf 89' lang='lat' dir='ltr'><strong>Deo</strong></span> <span class='ocrx_word' id='word_1_112' title='bbox 768 1520 944 1584; x_wconf 90' lang='lat' dir='ltr'><strong>datur,</strong></span> <span class='ocrx_word' id='word_1_113' title='bbox 975 1526 1035 1572; x_wconf 92' lang='lat' dir='ltr'><strong>ut</strong></span> <span class='ocrx_word' id='word_1_114' title='bbox 1075 1527 1254 1572; x_wconf 89' lang='lat' dir='ltr'><strong>certus</strong></span> <span class='ocrx_word' id='word_1_115' title='bbox 1284 1516 1354 1570; x_wconf 88' lang='lat' dir='ltr'><strong>sit</strong></span> <span class='ocrx_word' id='word_1_116' title='bbox 1397 1518 1461 1570; x_wconf 90' lang='lat' dir='ltr'><strong>de</strong></span> <span class='ocrx_word' id='word_1_117' title='bbox 1489 1514 1773 1584; x_wconf 89' lang='lat' dir='ltr'><strong>promisso,</strong></span> <span class='ocrx_word' id='word_1_118' title='bbox 1823 1520 1878 1567; x_wconf 90' lang='lat' dir='ltr'><strong>et</strong></span> <span class='ocrx_word' id='word_1_119' title='bbox 1912 1509 2055 1581; x_wconf 89' lang='lat' dir='ltr'><strong>quod</strong></span> 
     </span>
    </p>
   </div>
   <div class='ocr_carea' id='block_1_14' title="bbox 479 1603 2054 1680">
    <p class='ocr_par' dir='ltr' id='par_1_14' title="bbox 479 1603 2054 1680">
     <span class='ocr_line' id='line_1_14' title="bbox 479 1603 2054 1680; baseline -0.006 -15"><span class='ocrx_word' id='word_1_120' title='bbox 479 1610 659 1665; x_wconf 86' lang='lat' dir='ltr'><strong>minus</strong></span> <span class='ocrx_word' id='word_1_121' title='bbox 693 1610 863 1676; x_wconf 84' lang='lat' dir='ltr'><strong>deest,</strong></span> <span class='ocrx_word' id='word_1_122' title='bbox 902 1609 1252 1680; x_wconf 82' lang='lat' dir='ltr'><strong>compleatur.</strong></span> <span class='ocrx_word' id='word_1_123' title='bbox 1295 1607 1399 1662; x_wconf 82' lang='lat' dir='ltr'><strong>Nos</strong></span> <span class='ocrx_word' id='word_1_124' title='bbox 1428 1621 1556 1677; x_wconf 89' lang='lat' dir='ltr'><strong>ergo</strong></span> <span class='ocrx_word' id='word_1_125' title='bbox 1580 1607 1798 1660; x_wconf 91' lang='lat' dir='ltr'><strong>arrham</strong></span> <span class='ocrx_word' id='word_1_126' title='bbox 1825 1607 1937 1658; x_wconf 82' lang='lat' dir='ltr'><strong>sive</strong></span> <span class='ocrx_word' id='word_1_127' title='bbox 1967 1603 2054 1673; x_wconf 63' lang='lat' dir='ltr'><strong>pio</strong></span> 
     </span>
    </p>
   </div>
   <div class='ocr_carea' id='block_1_15' title="bbox 480 1694 2053 1774">
    <p class='ocr_par' dir='ltr' id='par_1_15' title="bbox 480 1694 2053 1774">
     <span class='ocr_line' id='line_1_15' title="bbox 480 1694 2053 1774; baseline -0.006 -18"><span class='ocrx_word' id='word_1_128' title='bbox 480 1718 617 1774; x_wconf 90' lang='lat' dir='ltr'><strong>gnus</strong></span> <span class='ocrx_word' id='word_1_129' title='bbox 643 1703 964 1774; x_wconf 88' lang='lat' dir='ltr'><strong>accepimus,</strong></span> <span class='ocrx_word' id='word_1_130' title='bbox 995 1701 1219 1773; x_wconf 81' lang='lat' dir='ltr'><strong>gratiam</strong></span> <span class='ocrx_word' id='word_1_131' title='bbox 1246 1699 1497 1754; x_wconf 85' lang='lat' dir='ltr'><strong>videlicet</strong></span> <span class='ocrx_word' id='word_1_132' title='bbox 1527 1698 1698 1752; x_wconf 89' lang='lat' dir='ltr'><strong>sancti</strong></span> <span class='ocrx_word' id='word_1_133' title='bbox 1730 1695 1963 1766; x_wconf 89' lang='lat' dir='ltr'><strong>Spiritus</strong></span> <span class='ocrx_word' id='word_1_134' title='bbox 1997 1694 2053 1748; x_wconf 89' lang='lat' dir='ltr'><strong>in</strong></span> 
     </span>
    </p>
   </div>
   <div class='ocr_carea' id='block_1_16' title="bbox 478 1785 2054 1861">
    <p class='ocr_par' dir='ltr' id='par_1_16' title="bbox 478 1785 2054 1861">
     <span class='ocr_line' id='line_1_16' title="bbox 478 1785 2054 1861; baseline -0.004 -16"><span class='ocrx_word' id='word_1_135' title='bbox 478 1791 814 1861; x_wconf 86' lang='lat' dir='ltr'><strong>baptismate,</strong></span> <span class='ocrx_word' id='word_1_136' title='bbox 843 1801 902 1846; x_wconf 90' lang='lat' dir='ltr'><strong>ut</strong></span> <span class='ocrx_word' id='word_1_137' title='bbox 931 1791 1276 1846; x_wconf 88' lang='lat' dir='ltr'><strong>securitatem</strong></span> <span class='ocrx_word' id='word_1_138' title='bbox 1313 1797 1369 1843; x_wconf 89' lang='lat' dir='ltr'><strong>et</strong></span> <span class='ocrx_word' id='word_1_139' title='bbox 1404 1787 1776 1842; x_wconf 90' lang='lat' dir='ltr'><strong>certitudinem</strong></span> <span class='ocrx_word' id='word_1_140' title='bbox 1821 1785 1888 1839; x_wconf 91' lang='lat' dir='ltr'><strong>de</strong></span> <span class='ocrx_word' id='word_1_141' title='bbox 1928 1797 2054 1854; x_wconf 89' lang='lat' dir='ltr'><strong>pro-</strong></span> 
     </span>
    </p>
   </div>
   <div class='ocr_carea' id='block_1_17' title="bbox 476 1877 2053 1952">
    <p class='ocr_par' dir='ltr' id='par_1_17' title="bbox 476 1877 2053 1952">
     <span class='ocr_line' id='line_1_17' title="bbox 476 1877 2053 1952; baseline -0.004 -16"><span class='ocrx_word' id='word_1_142' title='bbox 476 1882 734 1938; x_wconf 87' lang='lat' dir='ltr'><strong>missione</strong></span> <span class='ocrx_word' id='word_1_143' title='bbox 760 1893 975 1937; x_wconf 67' lang='lat' dir='ltr'><strong>:eternre</strong></span> <span class='ocrx_word' id='word_1_144' title='bbox 999 1882 1187 1952; x_wconf 77' lang='lat' dir='ltr'><strong>patria:</strong></span> <span class='ocrx_word' id='word_1_145' title='bbox 1217 1881 1528 1935; x_wconf 87' lang='lat' dir='ltr'><strong>habeamus.</strong></span> <span class='ocrx_word' id='word_1_146' title='bbox 1561 1877 1760 1932; x_wconf 81' lang='lat' dir='ltr'><strong>Testem</strong></span> <span class='ocrx_word' id='word_1_147' title='bbox 1788 1877 1954 1931; x_wconf 87' lang='lat' dir='ltr'><strong>Deum</strong></span> <span class='ocrx_word' id='word_1_148' title='bbox 1975 1877 2053 1930; x_wconf 89' lang='lat' dir='ltr'><strong>in-</strong></span> 
     </span>
    </p>
   </div>
   <div class='ocr_carea' id='block_1_18' title="bbox 2157 688 3742 763">
    <p class='ocr_par' dir='ltr' id='par_1_18' title="bbox 2157 688 3742 763">
     <span class='ocr_line' id='line_1_18' title="bbox 2157 688 3742 763; baseline -0.001 -17"><span class='ocrx_word' id='word_1_149' title='bbox 2157 699 2486 763; x_wconf 85' lang='lat' dir='ltr'><strong>patraverat,</strong></span> <span class='ocrx_word' id='word_1_150' title='bbox 2537 706 2567 744; x_wconf 90' lang='lat' dir='ltr'><strong>a</strong></span> <span class='ocrx_word' id='word_1_151' title='bbox 2611 689 2882 744; x_wconf 83' lang='lat' dir='ltr'><strong>consortio</strong></span> <span class='ocrx_word' id='word_1_152' title='bbox 2921 689 3162 743; x_wconf 89' lang='lat' dir='ltr'><strong>omnium</strong></span> <span class='ocrx_word' id='word_1_153' title='bbox 3212 688 3520 743; x_wconf 76' lang='lat' dir='ltr'><strong>excludere.</strong></span> <span class='ocrx_word' id='word_1_154' title='bbox 3575 688 3742 757; x_wconf 85' lang='lat' dir='ltr'><strong>Cujus</strong></span> 
     </span>
    </p>
   </div>
   <div class='ocr_carea' id='block_1_19' title="bbox 2157 781 3743 853">
    <p class='ocr_par' dir='ltr' id='par_1_19' title="bbox 2157 781 3743 853">
     <span class='ocr_line' id='line_1_19' title="bbox 2157 781 3743 853; baseline -0.001 -15"><span class='ocrx_word' id='word_1_155' title='bbox 2157 788 2336 842; x_wconf 82' lang='lat' dir='ltr'><strong>verbis</strong></span> <span class='ocrx_word' id='word_1_156' title='bbox 2380 785 2455 839; x_wconf 89' lang='lat' dir='ltr'><strong>illi</strong></span> <span class='ocrx_word' id='word_1_157' title='bbox 2491 785 2803 839; x_wconf 91' lang='lat' dir='ltr'><strong>obedientes</strong></span> <span class='ocrx_word' id='word_1_158' title='bbox 2837 781 3074 844; x_wconf 82' lang='lat' dir='ltr'><strong>fuerunt,</strong></span> <span class='ocrx_word' id='word_1_159' title='bbox 3115 791 3450 853; x_wconf 87' lang='lat' dir='ltr'><strong>egeruntque</strong></span> <span class='ocrx_word' id='word_1_160' title='bbox 3475 783 3743 853; x_wconf 68' lang='lat' dir='ltr'><strong>ptmiten—</strong></span> 
     </span>
    </p>
   </div>
   <div class='ocr_carea' id='block_1_20' title="bbox 2161 876 3740 946">
    <p class='ocr_par' dir='ltr' id='par_1_20' title="bbox 2161 876 3740 946">
     <span class='ocr_line' id='line_1_20' title="bbox 2161 876 3740 946; baseline -0.003 -12"><span class='ocrx_word' id='word_1_161' title='bbox 2161 881 2308 944; x_wconf 91' lang='lat' dir='ltr'><strong>tiam,</strong></span> <span class='ocrx_word' id='word_1_162' title='bbox 2340 888 2394 934; x_wconf 89' lang='lat' dir='ltr'><strong>et</strong></span> <span class='ocrx_word' id='word_1_163' title='bbox 2435 879 2582 934; x_wconf 90' lang='lat' dir='ltr'><strong>illum</strong></span> <span class='ocrx_word' id='word_1_164' title='bbox 2623 895 2652 932; x_wconf 90' lang='lat' dir='ltr'><strong>a</strong></span> <span class='ocrx_word' id='word_1_165' title='bbox 2694 893 2752 932; x_wconf 90' lang='lat' dir='ltr'><strong>se</strong></span> <span class='ocrx_word' id='word_1_166' title='bbox 2791 885 3285 946; x_wconf 84' lang='lat' dir='ltr'><strong>sequestraverunt.</strong></span> <span class='ocrx_word' id='word_1_167' title='bbox 3329 876 3481 943; x_wconf 83' lang='lat' dir='ltr'><strong>Quod</strong></span> <span class='ocrx_word' id='word_1_168' title='bbox 3509 887 3571 930; x_wconf 90' lang='lat' dir='ltr'><strong>ut</strong></span> <span class='ocrx_word' id='word_1_169' title='bbox 3597 877 3740 946; x_wconf 81' lang='lat' dir='ltr'><strong>Apo-</strong></span> 
     </span>
    </p>
   </div>
   <div class='ocr_carea' id='block_1_21' title="bbox 2156 968 3744 1041">
    <p class='ocr_par' dir='ltr' id='par_1_21' title="bbox 2156 968 3744 1041">
     <span class='ocr_line' id='line_1_21' title="bbox 2156 968 3744 1041; baseline -0.001 -15"><span class='ocrx_word' id='word_1_170' title='bbox 2156 971 2323 1026; x_wconf 87' lang='lat' dir='ltr'><strong>stolus</strong></span> <span class='ocrx_word' id='word_1_171' title='bbox 2353 971 2588 1041; x_wconf 80' lang='lat' dir='ltr'><strong>agnovit,</strong></span> <span class='ocrx_word' id='word_1_172' title='bbox 2635 969 2788 1024; x_wconf 83' lang='lat' dir='ltr'><strong>valde</strong></span> <span class='ocrx_word' id='word_1_173' title='bbox 2825 968 3035 1022; x_wconf 63' lang='lat' dir='ltr'><strong>laetatus</strong></span> <span class='ocrx_word' id='word_1_174' title='bbox 3069 977 3174 1032; x_wconf 82' lang='lat' dir='ltr'><strong>est,</strong></span> <span class='ocrx_word' id='word_1_175' title='bbox 3201 968 3413 1024; x_wconf 84' lang='lat' dir='ltr'><strong>reducit</strong></span> <span class='ocrx_word' id='word_1_176' title='bbox 3443 976 3626 1023; x_wconf 84' lang='lat' dir='ltr'><strong>tamen</strong></span> <span class='ocrx_word' id='word_1_177' title='bbox 3665 969 3744 1025; x_wconf 82' lang='lat' dir='ltr'><strong>eis</strong></span> 
     </span>
    </p>
   </div>
   <div class='ocr_carea' id='block_1_22' title="bbox 2157 1059 3742 1132">
    <p class='ocr_par' dir='ltr' id='par_1_22' title="bbox 2157 1059 3742 1132">
     <span class='ocr_line' id='line_1_22' title="bbox 2157 1059 3742 1132; baseline -0.001 -15"><span class='ocrx_word' id='word_1_178' title='bbox 2157 1064 2222 1117; x_wconf 88' lang='lat' dir='ltr'><strong>ad</strong></span> <span class='ocrx_word' id='word_1_179' title='bbox 2276 1063 2591 1118; x_wconf 86' lang='lat' dir='ltr'><strong>memoriam</strong></span> <span class='ocrx_word' id='word_1_180' title='bbox 2641 1061 2876 1132; x_wconf 84' lang='lat' dir='ltr'><strong>qualiter</strong></span> <span class='ocrx_word' id='word_1_181' title='bbox 2921 1076 3016 1116; x_wconf 89' lang='lat' dir='ltr'><strong>eos</strong></span> <span class='ocrx_word' id='word_1_182' title='bbox 3055 1059 3306 1126; x_wconf 79' lang='lat' dir='ltr'><strong>deﬂebat,</strong></span> <span class='ocrx_word' id='word_1_183' title='bbox 3355 1071 3410 1114; x_wconf 87' lang='lat' dir='ltr'><strong>et</strong></span> <span class='ocrx_word' id='word_1_184' title='bbox 3445 1061 3742 1129; x_wconf 83' lang='lat' dir='ltr'><strong>alloquitur</strong></span> 
     </span>
    </p>
   </div>
   <div class='ocr_carea' id='block_1_23' title="bbox 2155 1154 3738 1224">
    <p class='ocr_par' dir='ltr' id='par_1_23' title="bbox 2155 1154 3738 1224">
     <span class='ocr_line' id='line_1_23' title="bbox 2155 1154 3738 1224; baseline -0.001 -15"><span class='ocrx_word' id='word_1_185' title='bbox 2155 1155 2274 1210; x_wconf 90' lang='lat' dir='ltr'><strong>illos</strong></span> <span class='ocrx_word' id='word_1_186' title='bbox 2297 1155 2492 1219; x_wconf 88' lang='lat' dir='ltr'><strong>adhuc,</strong></span> <span class='ocrx_word' id='word_1_187' title='bbox 2517 1154 2766 1224; x_wconf 85' lang='lat' dir='ltr'><strong>inquiens</strong></span> <span class='ocrx_word' id='word_1_188' title='bbox 2792 1173 2805 1206; x_wconf 90' lang='lat'><strong>:</strong></span> <span class='ocrx_word' id='word_1_189' title='bbox 2839 1169 2940 1208; x_wconf 90' lang='lat' dir='ltr'><strong>non</strong></span> <span class='ocrx_word' id='word_1_190' title='bbox 2965 1163 3020 1207; x_wconf 87' lang='lat' dir='ltr'><strong>ut</strong></span> <span class='ocrx_word' id='word_1_191' title='bbox 3043 1155 3442 1216; x_wconf 87' lang='lat' dir='ltr'><strong>contristemini,</strong></span> <span class='ocrx_word' id='word_1_192' title='bbox 3477 1155 3738 1210; x_wconf 79' lang='lat' dir='ltr'><strong>subaudis</strong></span> 
     </span>
    </p>
   </div>
   <div class='ocr_carea' id='block_1_24' title="bbox 2156 1245 3739 1315">
    <p class='ocr_par' dir='ltr' id='par_1_24' title="bbox 2156 1245 3739 1315">
     <span class='ocr_line' id='line_1_24' title="bbox 2156 1245 3739 1315; baseline -0.001 -13"><span class='ocrx_word' id='word_1_193' title='bbox 2156 1247 2269 1302; x_wconf 64' lang='lat' dir='ltr'><strong>haec</strong></span> <span class='ocrx_word' id='word_1_194' title='bbox 2293 1247 2471 1303; x_wconf 78' lang='lat' dir='ltr'><strong>scribo</strong></span> <span class='ocrx_word' id='word_1_195' title='bbox 2495 1247 2670 1310; x_wconf 91' lang='lat' dir='ltr'><strong>modo,</strong></span> <span class='ocrx_word' id='word_1_196' title='bbox 2701 1247 2792 1315; x_wconf 88' lang='lat' dir='ltr'><strong>qui</strong></span> <span class='ocrx_word' id='word_1_197' title='bbox 2825 1246 3195 1315; x_wconf 69' lang='lat' dir='ltr'><strong>pmnitentiam</strong></span> <span class='ocrx_word' id='word_1_198' title='bbox 3229 1245 3528 1311; x_wconf 86' lang='lat' dir='ltr'><strong>habuistis,</strong></span> <span class='ocrx_word' id='word_1_199' title='bbox 3556 1247 3654 1301; x_wconf 84' lang='lat' dir='ltr'><strong>sed</strong></span> <span class='ocrx_word' id='word_1_200' title='bbox 3681 1256 3739 1300; x_wconf 88' lang='lat' dir='ltr'><strong>ut</strong></span> 
     </span>
    </p>
   </div>
   <div class='ocr_carea' id='block_1_25' title="bbox 2155 1337 3741 1410">
    <p class='ocr_par' dir='ltr' id='par_1_25' title="bbox 2155 1337 3741 1410">
     <span class='ocr_line' id='line_1_25' title="bbox 2155 1337 3741 1410; baseline -0.001 -14"><span class='ocrx_word' id='word_1_201' title='bbox 2155 1340 2336 1396; x_wconf 87' lang='lat' dir='ltr'><strong>sciatis</strong></span> <span class='ocrx_word' id='word_1_202' title='bbox 2369 1355 2529 1410; x_wconf 89' lang='lat' dir='ltr'><strong>quam</strong></span> <span class='ocrx_word' id='word_1_203' title='bbox 2559 1338 2877 1393; x_wconf 87' lang='lat' dir='ltr'><strong>charitatem</strong></span> <span class='ocrx_word' id='word_1_204' title='bbox 2911 1338 3137 1394; x_wconf 85' lang='lat' dir='ltr'><strong>habeam</strong></span> <span class='ocrx_word' id='word_1_205' title='bbox 3166 1337 3530 1394; x_wconf 80' lang='lat' dir='ltr'><strong>abundantius</strong></span> <span class='ocrx_word' id='word_1_206' title='bbox 3556 1340 3610 1394; x_wconf 91' lang='lat' dir='ltr'><strong>in</strong></span> <span class='ocrx_word' id='word_1_207' title='bbox 3639 1355 3741 1394; x_wconf 82' lang='lat' dir='ltr'><strong>vo-</strong></span> 
     </span>
    </p>
   </div>
   <div class='ocr_carea' id='block_1_26' title="bbox 2153 1429 3739 1502">
    <p class='ocr_par' dir='ltr' id='par_1_26' title="bbox 2153 1429 3739 1502">
     <span class='ocr_line' id='line_1_26' title="bbox 2153 1429 3739 1502; baseline 0.001 -18"><span class='ocrx_word' id='word_1_208' title='bbox 2153 1430 2274 1494; x_wconf 86' lang='lat' dir='ltr'><strong>bis,</strong></span> <span class='ocrx_word' id='word_1_209' title='bbox 2324 1430 2580 1485; x_wconf 89' lang='lat' dir='ltr'><strong>subaudis</strong></span> <span class='ocrx_word' id='word_1_210' title='bbox 2633 1437 2914 1501; x_wconf 81' lang='lat' dir='ltr'><strong>postquam</strong></span> <span class='ocrx_word' id='word_1_211' title='bbox 2971 1429 3150 1484; x_wconf 85' lang='lat' dir='ltr'><strong>audivi</strong></span> <span class='ocrx_word' id='word_1_212' title='bbox 3203 1443 3298 1486; x_wconf 81' lang='lat' dir='ltr'><strong>vos</strong></span> <span class='ocrx_word' id='word_1_213' title='bbox 3358 1432 3739 1502; x_wconf 65' lang='lat' dir='ltr'><strong>paenitentiam</strong></span> 
     </span>
    </p>
   </div>
   <div class='ocr_carea' id='block_1_27' title="bbox 2154 1523 2348 1593">
    <p class='ocr_par' dir='ltr' id='par_1_27' title="bbox 2154 1523 2348 1593">
     <span class='ocr_line' id='line_1_27' title="bbox 2154 1523 2348 1593; baseline -0.01 -16"><span class='ocrx_word' id='word_1_214' title='bbox 2154 1523 2348 1593; x_wconf 81' lang='lat' dir='ltr'><strong>egisse.</strong></span> 
     </span>
    </p>
   </div>
   <div class='ocr_carea' id='block_1_28' title="bbox 2223 1609 3740 1681">
    <p class='ocr_par' dir='ltr' id='par_1_28' title="bbox 2223 1609 3740 1681">
     <span class='ocr_line' id='line_1_28' title="bbox 2223 1609 3740 1681; baseline 0.004 -16"><span class='ocrx_word' id='word_1_215' title='bbox 2223 1609 2280 1666; x_wconf 89' lang='lat' dir='ltr'><strong>Si</strong></span> <span class='ocrx_word' id='word_1_216' title='bbox 2322 1610 2436 1681; x_wconf 86' lang='lat' dir='ltr'><strong>quis</strong></span> <span class='ocrx_word' id='word_1_217' title='bbox 2481 1621 2654 1664; x_wconf 87' lang='lat' dir='ltr'><strong>autem</strong></span> <span class='ocrx_word' id='word_1_218' title='bbox 2705 1619 3028 1666; x_wconf 66' lang='lat' dir='ltr'><strong>contratavit</strong></span> <span class='ocrx_word' id='word_1_219' title='bbox 3062 1627 3162 1677; x_wconf 84' lang='lat' dir='ltr'><strong>me,</strong></span> <span class='ocrx_word' id='word_1_220' title='bbox 3195 1613 3455 1670; x_wconf 82' lang='lat' dir='ltr'><strong>subaudis</strong></span> <span class='ocrx_word' id='word_1_221' title='bbox 3501 1615 3618 1670; x_wconf 84' lang='lat' dir='ltr'><strong>sive</strong></span> <span class='ocrx_word' id='word_1_222' title='bbox 3646 1616 3740 1671; x_wconf 80' lang='lat' dir='ltr'><strong>ille</strong></span> 
     </span>
    </p>
   </div>
   <div class='ocr_carea' id='block_1_29' title="bbox 2154 1699 3739 1776">
    <p class='ocr_par' dir='ltr' id='par_1_29' title="bbox 2154 1699 3739 1776">
     <span class='ocr_line' id='line_1_29' title="bbox 2154 1699 3739 1776; baseline 0.006 -23"><span class='ocrx_word' id='word_1_223' title='bbox 2154 1699 2245 1770; x_wconf 89' lang='lat' dir='ltr'><strong>qui</strong></span> <span class='ocrx_word' id='word_1_224' title='bbox 2274 1715 2494 1755; x_wconf 78' lang='lat' dir='ltr'><strong>uxorem</strong></span> <span class='ocrx_word' id='word_1_225' title='bbox 2525 1699 2695 1769; x_wconf 88' lang='lat' dir='ltr'><strong>patris</strong></span> <span class='ocrx_word' id='word_1_226' title='bbox 2731 1700 2956 1769; x_wconf 86' lang='lat' dir='ltr'><strong>accepit,</strong></span> <span class='ocrx_word' id='word_1_227' title='bbox 2993 1715 3086 1756; x_wconf 85' lang='lat' dir='ltr'><strong>seu</strong></span> <span class='ocrx_word' id='word_1_228' title='bbox 3123 1701 3200 1756; x_wconf 89' lang='lat' dir='ltr'><strong>illi</strong></span> <span class='ocrx_word' id='word_1_229' title='bbox 3232 1703 3324 1773; x_wconf 89' lang='lat' dir='ltr'><strong>qui</strong></span> <span class='ocrx_word' id='word_1_230' title='bbox 3361 1705 3431 1759; x_wconf 87' lang='lat' dir='ltr'><strong>ad</strong></span> <span class='ocrx_word' id='word_1_231' title='bbox 3459 1705 3593 1760; x_wconf 83' lang='lat' dir='ltr'><strong>vitia</strong></span> <span class='ocrx_word' id='word_1_232' title='bbox 3618 1707 3739 1776; x_wconf 82' lang='lat' dir='ltr'><strong>pri-</strong></span> 
     </span>
    </p>
   </div>
   <div class='ocr_carea' id='block_1_30' title="bbox 2153 1791 3737 1864">
    <p class='ocr_par' dir='ltr' id='par_1_30' title="bbox 2153 1791 3737 1864">
     <span class='ocr_line' id='line_1_30' title="bbox 2153 1791 3737 1864; baseline 0.004 -19"><span class='ocrx_word' id='word_1_233' title='bbox 2153 1791 2291 1845; x_wconf 79' lang='lat' dir='ltr'><strong>stina</strong></span> <span class='ocrx_word' id='word_1_234' title='bbox 2323 1791 2615 1856; x_wconf 88' lang='lat' dir='ltr'><strong>redierunt,</strong></span> <span class='ocrx_word' id='word_1_235' title='bbox 2641 1807 2742 1844; x_wconf 92' lang='lat' dir='ltr'><strong>non</strong></span> <span class='ocrx_word' id='word_1_236' title='bbox 2770 1807 2849 1844; x_wconf 85' lang='lat' dir='ltr'><strong>me</strong></span> <span class='ocrx_word' id='word_1_237' title='bbox 2874 1793 3225 1858; x_wconf 89' lang='lat' dir='ltr'><strong>contristavit,</strong></span> <span class='ocrx_word' id='word_1_238' title='bbox 3249 1795 3505 1852; x_wconf 78' lang='lat' dir='ltr'><strong>subaudis</strong></span> <span class='ocrx_word' id='word_1_239' title='bbox 3533 1798 3737 1864; x_wconf 87' lang='lat' dir='ltr'><strong>solum,</strong></span> 
     </span>
    </p>
   </div>
   <div class='ocr_carea' id='block_1_31' title="bbox 2151 1881 3741 1957">
    <p class='ocr_par' dir='ltr' id='par_1_31' title="bbox 2151 1881 3741 1957">
     <span class='ocr_line' id='line_1_31' title="bbox 2151 1881 3741 1957; baseline 0.006 -23"><span class='ocrx_word' id='word_1_240' title='bbox 2151 1881 2242 1935; x_wconf 88' lang='lat' dir='ltr'><strong>sed</strong></span> <span class='ocrx_word' id='word_1_241' title='bbox 2273 1897 2336 1935; x_wconf 72' lang='lat' dir='ltr'><strong>ex</strong></span> <span class='ocrx_word' id='word_1_242' title='bbox 2369 1891 2538 1952; x_wconf 80' lang='lat' dir='ltr'><strong>parte,</strong></span> <span class='ocrx_word' id='word_1_243' title='bbox 2569 1881 2824 1937; x_wconf 86' lang='lat' dir='ltr'><strong>subaudis</strong></span> <span class='ocrx_word' id='word_1_244' title='bbox 2853 1883 3194 1938; x_wconf 85' lang='lat' dir='ltr'><strong>contristavit</strong></span> <span class='ocrx_word' id='word_1_245' title='bbox 3235 1901 3348 1952; x_wconf 90' lang='lat' dir='ltr'><strong>vos,</strong></span> <span class='ocrx_word' id='word_1_246' title='bbox 3389 1887 3482 1957; x_wconf 86' lang='lat' dir='ltr'><strong>qui</strong></span> <span class='ocrx_word' id='word_1_247' title='bbox 3527 1890 3741 1944; x_wconf 83' lang='lat' dir='ltr'><strong>condo-</strong></span> 
     </span>
    </p>
   </div>
   <div class='ocr_carea' id='block_1_32' title="bbox 475 1957 3739 2047">
    <p class='ocr_par' dir='ltr' id='par_1_32' title="bbox 475 1957 3739 2047">
     <span class='ocr_line' id='line_1_32' title="bbox 475 1957 3739 2047; baseline 0.002 -18"><span class='ocrx_word' id='word_1_248' title='bbox 475 1990 597 2030; x_wconf 86' lang='lat' dir='ltr'><strong>voco</strong></span> <span class='ocrx_word' id='word_1_249' title='bbox 619 1974 674 2028; x_wconf 91' lang='lat' dir='ltr'><strong>in</strong></span> <span class='ocrx_word' id='word_1_250' title='bbox 703 1975 934 2028; x_wconf 89' lang='lat' dir='ltr'><strong>animam</strong></span> <span class='ocrx_word' id='word_1_251' title='bbox 964 1991 1154 2040; x_wconf 87' lang='lat' dir='ltr'><strong>meam,</strong></span> <span class='ocrx_word' id='word_1_252' title='bbox 1179 1974 1231 2028; x_wconf 92' lang='lat' dir='ltr'><strong>id</strong></span> <span class='ocrx_word' id='word_1_253' title='bbox 1268 1983 1370 2040; x_wconf 89' lang='lat' dir='ltr'><strong>est,</strong></span> <span class='ocrx_word' id='word_1_254' title='bbox 1411 1973 1455 2028; x_wconf 88' lang='lat' dir='ltr'><strong>si</strong></span> <span class='ocrx_word' id='word_1_255' title='bbox 1496 1972 1746 2035; x_wconf 90' lang='lat' dir='ltr'><strong>mentiar,</strong></span> <span class='ocrx_word' id='word_1_256' title='bbox 1775 1970 1923 2026; x_wconf 87' lang='lat' dir='ltr'><strong>illum</strong></span> <span class='ocrx_word' id='word_1_257' title='bbox 1965 1970 2051 2024; x_wconf 87' lang='lat' dir='ltr'><strong>in-</strong></span> <span class='ocrx_word' id='word_1_258' title='bbox 2081 1957 2128 2018; x_wconf 82' lang='grc' dir='ltr'><strong>Β</strong></span> <span class='ocrx_word' id='word_1_259' title='bbox 2155 1974 2330 2030; x_wconf 90' lang='lat' dir='ltr'><strong>luistis</strong></span> <span class='ocrx_word' id='word_1_260' title='bbox 2359 1990 2519 2043; x_wconf 89' lang='lat' dir='ltr'><strong>super</strong></span> <span class='ocrx_word' id='word_1_261' title='bbox 2556 1973 2767 2028; x_wconf 89' lang='lat' dir='ltr'><strong>illorum</strong></span> <span class='ocrx_word' id='word_1_262' title='bbox 2802 1975 3060 2040; x_wconf 86' lang='lat' dir='ltr'><strong>reatibus,</strong></span> <span class='ocrx_word' id='word_1_263' title='bbox 3104 1985 3160 2031; x_wconf 88' lang='lat' dir='ltr'><strong>et</strong></span> <span class='ocrx_word' id='word_1_264' title='bbox 3195 1979 3286 2047; x_wconf 91' lang='lat' dir='ltr'><strong>qui</strong></span> <span class='ocrx_word' id='word_1_265' title='bbox 3334 1980 3464 2034; x_wconf 89' lang='lat' dir='ltr'><strong>mihi</strong></span> <span class='ocrx_word' id='word_1_266' title='bbox 3501 1982 3641 2036; x_wconf 85' lang='lat' dir='ltr'><strong>estis</strong></span> <span class='ocrx_word' id='word_1_267' title='bbox 3681 1982 3739 2036; x_wconf 86' lang='lat' dir='ltr'><strong>in</strong></span> 
     </span>
    </p>
   </div>
   <div class='ocr_carea' id='block_1_33' title="bbox 472 2066 2048 2138">
    <p class='ocr_par' dir='ltr' id='par_1_33' title="bbox 472 2066 2048 2138">
     <span class='ocr_line' id='line_1_33' title="bbox 472 2066 2048 2138; baseline 0.001 -19"><span class='ocrx_word' id='word_1_268' title='bbox 472 2081 608 2122; x_wconf 89' lang='lat' dir='ltr'><strong>voco</strong></span> <span class='ocrx_word' id='word_1_269' title='bbox 645 2077 831 2122; x_wconf 88' lang='lat' dir='ltr'><strong>contra</strong></span> <span class='ocrx_word' id='word_1_270' title='bbox 881 2067 1118 2122; x_wconf 89' lang='lat' dir='ltr'><strong>animam</strong></span> <span class='ocrx_word' id='word_1_271' title='bbox 1169 2083 1343 2121; x_wconf 89' lang='lat' dir='ltr'><strong>meam</strong></span> <span class='ocrx_word' id='word_1_272' title='bbox 1376 2108 1390 2129; x_wconf 92' lang='lat'><strong>,</strong></span> <span class='ocrx_word' id='word_1_273' title='bbox 1449 2067 1586 2138; x_wconf 85' lang='lat' dir='ltr'><strong>quod</strong></span> <span class='ocrx_word' id='word_1_274' title='bbox 1639 2083 1854 2136; x_wconf 75' lang='lat' dir='ltr'><strong>parcens</strong></span> <span class='ocrx_word' id='word_1_275' title='bbox 1911 2066 2048 2121; x_wconf 89' lang='lat' dir='ltr'><strong>vobis</strong></span> 
     </span>
    </p>
   </div>
   <div class='ocr_carea' id='block_1_34' title="bbox 475 2159 2050 2225">
    <p class='ocr_par' dir='ltr' id='par_1_34' title="bbox 475 2159 2050 2225">
     <span class='ocr_line' id='line_1_34' title="bbox 475 2159 2050 2225; baseline 0 -11"><span class='ocrx_word' id='word_1_276' title='bbox 475 2176 579 2214; x_wconf 91' lang='lat' dir='ltr'><strong>non</strong></span> <span class='ocrx_word' id='word_1_277' title='bbox 611 2161 727 2214; x_wconf 87' lang='lat' dir='ltr'><strong>veni</strong></span> <span class='ocrx_word' id='word_1_278' title='bbox 765 2160 905 2214; x_wconf 87' lang='lat' dir='ltr'><strong>ultra</strong></span> <span class='ocrx_word' id='word_1_279' title='bbox 950 2159 1280 2225; x_wconf 79' lang='lat' dir='ltr'><strong>Corinthum,</strong></span> <span class='ocrx_word' id='word_1_280' title='bbox 1337 2160 1389 2214; x_wconf 90' lang='lat' dir='ltr'><strong>id</strong></span> <span class='ocrx_word' id='word_1_281' title='bbox 1439 2168 1542 2225; x_wconf 86' lang='lat' dir='ltr'><strong>est,</strong></span> <span class='ocrx_word' id='word_1_282' title='bbox 1586 2175 1652 2213; x_wconf 89' lang='lat' dir='ltr'><strong>ne</strong></span> <span class='ocrx_word' id='word_1_283' title='bbox 1702 2159 1854 2214; x_wconf 85' lang='lat' dir='ltr'><strong>vobis</strong></span> <span class='ocrx_word' id='word_1_284' title='bbox 1897 2160 2050 2214; x_wconf 89' lang='lat' dir='ltr'><strong>oneri</strong></span> 
     </span>
    </p>
   </div>
   <div class='ocr_carea' id='block_1_35' title="bbox 473 2251 2046 2324">
    <p class='ocr_par' dir='ltr' id='par_1_35' title="bbox 473 2251 2046 2324">
     <span class='ocr_line' id='line_1_35' title="bbox 473 2251 2046 2324; baseline 0 -18"><span class='ocrx_word' id='word_1_285' title='bbox 473 2264 669 2319; x_wconf 88' lang='lat' dir='ltr'><strong>essem,</strong></span> <span class='ocrx_word' id='word_1_286' title='bbox 709 2263 764 2307; x_wconf 90' lang='lat' dir='ltr'><strong>et</strong></span> <span class='ocrx_word' id='word_1_287' title='bbox 801 2269 897 2308; x_wconf 87' lang='lat' dir='ltr'><strong>vos</strong></span> <span class='ocrx_word' id='word_1_288' title='bbox 943 2254 1317 2310; x_wconf 84' lang='lat' dir='ltr'><strong>contristarcm</strong></span> <span class='ocrx_word' id='word_1_289' title='bbox 1363 2268 1485 2308; x_wconf 90' lang='lat' dir='ltr'><strong>meo</strong></span> <span class='ocrx_word' id='word_1_290' title='bbox 1533 2256 1783 2317; x_wconf 89' lang='lat' dir='ltr'><strong>adventu,</strong></span> <span class='ocrx_word' id='word_1_291' title='bbox 1831 2251 2046 2324; x_wconf 89' lang='lat' dir='ltr'><strong>peperci</strong></span> 
     </span>
    </p>
   </div>
   <div class='ocr_carea' id='block_1_36' title="bbox 474 2344 2050 2415">
    <p class='ocr_par' dir='ltr' id='par_1_36' title="bbox 474 2344 2050 2415">
     <span class='ocr_line' id='line_1_36' title="bbox 474 2344 2050 2415; baseline 0.001 -17"><span class='ocrx_word' id='word_1_292' title='bbox 474 2345 628 2400; x_wconf 89' lang='lat' dir='ltr'><strong>vobis</strong></span> <span class='ocrx_word' id='word_1_293' title='bbox 669 2359 737 2399; x_wconf 90' lang='lat' dir='ltr'><strong>ne</strong></span> <span class='ocrx_word' id='word_1_294' title='bbox 774 2345 1017 2400; x_wconf 81' lang='lat' dir='ltr'><strong>venirem</strong></span> <span class='ocrx_word' id='word_1_295' title='bbox 1061 2344 1413 2410; x_wconf 86' lang='lat' dir='ltr'><strong>Corinthum,</strong></span> <span class='ocrx_word' id='word_1_296' title='bbox 1461 2345 1600 2400; x_wconf 88' lang='lat' dir='ltr'><strong>ultra</strong></span> <span class='ocrx_word' id='word_1_297' title='bbox 1626 2385 1640 2410; x_wconf 90' lang='lat'><strong>,</strong></span> <span class='ocrx_word' id='word_1_298' title='bbox 1681 2345 1734 2399; x_wconf 94' lang='lat' dir='ltr'><strong>id</strong></span> <span class='ocrx_word' id='word_1_299' title='bbox 1769 2353 1853 2400; x_wconf 87' lang='lat' dir='ltr'><strong>est</strong></span> <span class='ocrx_word' id='word_1_300' title='bbox 1901 2353 2050 2415; x_wconf 88' lang='lat' dir='ltr'><strong>post-</strong></span> 
     </span>
    </p>
   </div>
   <div class='ocr_carea' id='block_1_37' title="bbox 473 2436 2050 2509">
    <p class='ocr_par' dir='ltr' id='par_1_37' title="bbox 473 2436 2050 2509">
     <span class='ocr_line' id='line_1_37' title="bbox 473 2436 2050 2509; baseline -0.001 -18"><span class='ocrx_word' id='word_1_301' title='bbox 473 2453 634 2508; x_wconf 88' lang='lat' dir='ltr'><strong>quam</strong></span> <span class='ocrx_word' id='word_1_302' title='bbox 672 2455 702 2492; x_wconf 88' lang='lat' dir='ltr'><strong>a</strong></span> <span class='ocrx_word' id='word_1_303' title='bbox 737 2439 887 2494; x_wconf 81' lang='lat' dir='ltr'><strong>vobis</strong></span> <span class='ocrx_word' id='word_1_304' title='bbox 925 2439 1143 2493; x_wconf 87' lang='lat' dir='ltr'><strong>recessi.</strong></span> <span class='ocrx_word' id='word_1_305' title='bbox 1187 2437 1310 2492; x_wconf 88' lang='lat' dir='ltr'><strong>Non</strong></span> <span class='ocrx_word' id='word_1_306' title='bbox 1357 2438 1507 2509; x_wconf 86' lang='lat' dir='ltr'><strong>quasi</strong></span> <span class='ocrx_word' id='word_1_307' title='bbox 1551 2439 1884 2491; x_wconf 85' lang='lat' dir='ltr'><strong>dominamur</strong></span> <span class='ocrx_word' id='word_1_308' title='bbox 1925 2436 2050 2505; x_wconf 81' lang='lat' dir='ltr'><strong>ﬁdei</strong></span> 
     </span>
    </p>
   </div>
   <div class='ocr_carea' id='block_1_38' title="bbox 475 2528 2048 2601">
    <p class='ocr_par' dir='ltr' id='par_1_38' title="bbox 475 2528 2048 2601">
     <span class='ocr_line' id='line_1_38' title="bbox 475 2528 2048 2601; baseline 0 -17"><span class='ocrx_word' id='word_1_309' title='bbox 475 2540 675 2593; x_wconf 70' lang='lat' dir='ltr'><strong>vestrm,</strong></span> <span class='ocrx_word' id='word_1_310' title='bbox 713 2532 850 2586; x_wconf 90' lang='lat' dir='ltr'><strong>sicut</strong></span> <span class='ocrx_word' id='word_1_311' title='bbox 886 2531 1271 2601; x_wconf 88' lang='lat' dir='ltr'><strong>imperatores,</strong></span> <span class='ocrx_word' id='word_1_312' title='bbox 1310 2531 1436 2600; x_wconf 88' lang='lat' dir='ltr'><strong>quia</strong></span> <span class='ocrx_word' id='word_1_313' title='bbox 1473 2529 1628 2584; x_wconf 90' lang='lat' dir='ltr'><strong>unius</strong></span> <span class='ocrx_word' id='word_1_314' title='bbox 1659 2528 1780 2584; x_wconf 87' lang='lat' dir='ltr'><strong>ﬁdei</strong></span> <span class='ocrx_word' id='word_1_315' title='bbox 1813 2531 1926 2600; x_wconf 80' lang='lat' dir='ltr'><strong>jam</strong></span> <span class='ocrx_word' id='word_1_316' title='bbox 1956 2546 2048 2584; x_wconf 92' lang='lat' dir='ltr'><strong>su-</strong></span> 
     </span>
    </p>
   </div>
   <div class='ocr_carea' id='block_1_39' title="bbox 476 2624 2050 2695">
    <p class='ocr_par' dir='ltr' id='par_1_39' title="bbox 476 2624 2050 2695">
     <span class='ocr_line' id='line_1_39' title="bbox 476 2624 2050 2695; baseline -0.001 -17"><span class='ocrx_word' id='word_1_317' title='bbox 476 2639 597 2678; x_wconf 91' lang='lat' dir='ltr'><strong>mus</strong></span> <span class='ocrx_word' id='word_1_318' title='bbox 638 2641 734 2680; x_wconf 92' lang='lat' dir='ltr'><strong>vos</strong></span> <span class='ocrx_word' id='word_1_319' title='bbox 773 2633 826 2680; x_wconf 93' lang='lat' dir='ltr'><strong>et</strong></span> <span class='ocrx_word' id='word_1_320' title='bbox 861 2641 980 2690; x_wconf 91' lang='lat' dir='ltr'><strong>nos,</strong></span> <span class='ocrx_word' id='word_1_321' title='bbox 1021 2625 1110 2679; x_wconf 88' lang='lat' dir='ltr'><strong>sed</strong></span> <span class='ocrx_word' id='word_1_322' title='bbox 1147 2625 1415 2695; x_wconf 82' lang='lat' dir='ltr'><strong>adjutores</strong></span> <span class='ocrx_word' id='word_1_323' title='bbox 1449 2641 1628 2678; x_wconf 86' lang='lat' dir='ltr'><strong>sumus</strong></span> <span class='ocrx_word' id='word_1_324' title='bbox 1666 2624 1844 2694; x_wconf 87' lang='lat' dir='ltr'><strong>gaudii</strong></span> <span class='ocrx_word' id='word_1_325' title='bbox 1875 2625 2050 2691; x_wconf 84' lang='lat' dir='ltr'><strong>vestri,</strong></span> 
     </span>
    </p>
   </div>
   <div class='ocr_carea' id='block_1_40' title="bbox 476 2714 2050 2787">
    <p class='ocr_par' dir='ltr' id='par_1_40' title="bbox 476 2714 2050 2787">
     <span class='ocr_line' id='line_1_40' title="bbox 476 2714 2050 2787; baseline 0 -18"><span class='ocrx_word' id='word_1_326' title='bbox 476 2714 531 2770; x_wconf 91' lang='lat' dir='ltr'><strong>id</strong></span> <span class='ocrx_word' id='word_1_327' title='bbox 566 2725 649 2771; x_wconf 87' lang='lat' dir='ltr'><strong>est</strong></span> <span class='ocrx_word' id='word_1_328' title='bbox 697 2717 988 2787; x_wconf 77' lang='lat' dir='ltr'><strong>gaudemus</strong></span> <span class='ocrx_word' id='word_1_329' title='bbox 1035 2717 1087 2770; x_wconf 92' lang='lat' dir='ltr'><strong>in</strong></span> <span class='ocrx_word' id='word_1_330' title='bbox 1129 2717 1234 2771; x_wconf 90' lang='lat' dir='ltr'><strong>ﬁde</strong></span> <span class='ocrx_word' id='word_1_331' title='bbox 1267 2715 1529 2787; x_wconf 91' lang='lat' dir='ltr'><strong>bonisque</strong></span> <span class='ocrx_word' id='word_1_332' title='bbox 1583 2716 1856 2785; x_wconf 87' lang='lat' dir='ltr'><strong>operibus.</strong></span> <span class='ocrx_word' id='word_1_333' title='bbox 1911 2714 2050 2769; x_wconf 85' lang='lat' dir='ltr'><strong>Nam</strong></span> 
     </span>
    </p>
   </div>
   <div class='ocr_carea' id='block_1_41' title="bbox 473 2805 2054 2876">
    <p class='ocr_par' dir='ltr' id='par_1_41' title="bbox 473 2805 2054 2876">
     <span class='ocr_line' id='line_1_41' title="bbox 473 2805 2054 2876; baseline 0 -16"><span class='ocrx_word' id='word_1_334' title='bbox 473 2805 579 2876; x_wconf 81' lang='lat' dir='ltr'><strong>ﬁde</strong></span> <span class='ocrx_word' id='word_1_335' title='bbox 605 2809 777 2874; x_wconf 82' lang='lat' dir='ltr'><strong>statis,</strong></span> <span class='ocrx_word' id='word_1_336' title='bbox 805 2819 860 2863; x_wconf 90' lang='lat' dir='ltr'><strong>et</strong></span> <span class='ocrx_word' id='word_1_337' title='bbox 889 2808 1088 2863; x_wconf 91' lang='lat' dir='ltr'><strong>idcirco</strong></span> <span class='ocrx_word' id='word_1_338' title='bbox 1113 2824 1216 2864; x_wconf 92' lang='lat' dir='ltr'><strong>non</strong></span> <span class='ocrx_word' id='word_1_339' title='bbox 1247 2806 1586 2863; x_wconf 88' lang='lat' dir='ltr'><strong>dominamur</strong></span> <span class='ocrx_word' id='word_1_340' title='bbox 1620 2806 1792 2862; x_wconf 91' lang='lat' dir='ltr'><strong>vobis.</strong></span> <span class='ocrx_word' id='word_1_341' title='bbox 1835 2805 1927 2860; x_wconf 88' lang='lat' dir='ltr'><strong>Sic</strong></span> <span class='ocrx_word' id='word_1_342' title='bbox 1961 2805 2054 2860; x_wconf 91' lang='lat' dir='ltr'><strong>de-</strong></span> 
     </span>
    </p>
   </div>
   <div class='ocr_carea' id='block_1_42' title="bbox 472 2887 2049 2973">
    <p class='ocr_par' dir='ltr' id='par_1_42' title="bbox 472 2887 2049 2973">
     <span class='ocr_line' id='line_1_42' title="bbox 472 2887 2049 2973; baseline 0 -20"><span class='ocrx_word' id='word_1_343' title='bbox 472 2897 606 2954; x_wconf 86' lang='lat' dir='ltr'><strong>bent</strong></span> <span class='ocrx_word' id='word_1_344' title='bbox 635 2900 842 2970; x_wconf 65' lang='lat' dir='ltr'><strong>praalati</strong></span> <span class='ocrx_word' id='word_1_345' title='bbox 880 2887 1067 2970; x_wconf 82' lang='lat' dir='ltr'><strong>agere;</strong></span> <span class='ocrx_word' id='word_1_346' title='bbox 1110 2916 1245 2973; x_wconf 91' lang='lat' dir='ltr'><strong>quos</strong></span> <span class='ocrx_word' id='word_1_347' title='bbox 1274 2901 1457 2957; x_wconf 89' lang='lat' dir='ltr'><strong>vident</strong></span> <span class='ocrx_word' id='word_1_348' title='bbox 1493 2901 1822 2957; x_wconf 87' lang='lat' dir='ltr'><strong>concordare</strong></span> <span class='ocrx_word' id='word_1_349' title='bbox 1852 2899 1953 2955; x_wconf 90' lang='lat' dir='ltr'><strong>sibi</strong></span> <span class='ocrx_word' id='word_1_350' title='bbox 1995 2900 2049 2954; x_wconf 90' lang='lat' dir='ltr'><strong>in</strong></span> 
     </span>
    </p>
   </div>
   <div class='ocr_carea' id='block_1_43' title="bbox 472 2989 2050 3062">
    <p class='ocr_par' dir='ltr' id='par_1_43' title="bbox 472 2989 2050 3062">
     <span class='ocr_line' id='line_1_43' title="bbox 472 2989 2050 3062; baseline 0 -16"><span class='ocrx_word' id='word_1_351' title='bbox 472 2989 612 3046; x_wconf 87' lang='lat' dir='ltr'><strong>bona</strong></span> <span class='ocrx_word' id='word_1_352' title='bbox 637 2994 1048 3048; x_wconf 87' lang='lat' dir='ltr'><strong>conversatione</strong></span> <span class='ocrx_word' id='word_1_353' title='bbox 1074 3007 1179 3048; x_wconf 91' lang='lat' dir='ltr'><strong>non</strong></span> <span class='ocrx_word' id='word_1_354' title='bbox 1204 2993 1398 3049; x_wconf 92' lang='lat' dir='ltr'><strong>debent</strong></span> <span class='ocrx_word' id='word_1_355' title='bbox 1425 3009 1483 3048; x_wconf 92' lang='lat' dir='ltr'><strong>se</strong></span> <span class='ocrx_word' id='word_1_356' title='bbox 1513 2992 1616 3047; x_wconf 91' lang='lat' dir='ltr'><strong>illis</strong></span> <span class='ocrx_word' id='word_1_357' title='bbox 1639 2990 1895 3062; x_wconf 64' lang='lat' dir='ltr'><strong>praeferre</strong></span> <span class='ocrx_word' id='word_1_358' title='bbox 1912 3032 1927 3057; x_wconf 98' lang='lat'><strong>,</strong></span> <span class='ocrx_word' id='word_1_359' title='bbox 1956 2989 2050 3046; x_wconf 88' lang='lat' dir='ltr'><strong>sed</strong></span> 
     </span>
    </p>
   </div>
   <div class='ocr_carea' id='block_1_44' title="bbox 473 3084 2050 3155">
    <p class='ocr_par' dir='ltr' id='par_1_44' title="bbox 473 3084 2050 3155">
     <span class='ocr_line' id='line_1_44' title="bbox 473 3084 2050 3155; baseline 0.001 -16"><span class='ocrx_word' id='word_1_360' title='bbox 473 3098 777 3155; x_wconf 76' lang='lat' dir='ltr'><strong>cozequare.</strong></span> <span class='ocrx_word' id='word_1_361' title='bbox 820 3084 964 3152; x_wconf 83' lang='lat' dir='ltr'><strong>Quos</strong></span> <span class='ocrx_word' id='word_1_362' title='bbox 990 3094 1170 3141; x_wconf 89' lang='lat' dir='ltr'><strong>autem</strong></span> <span class='ocrx_word' id='word_1_363' title='bbox 1202 3103 1230 3140; x_wconf 90' lang='lat' dir='ltr'><strong>a</strong></span> <span class='ocrx_word' id='word_1_364' title='bbox 1260 3087 1346 3140; x_wconf 86' lang='lat' dir='ltr'><strong>via</strong></span> <span class='ocrx_word' id='word_1_365' title='bbox 1386 3086 1722 3142; x_wconf 87' lang='lat' dir='ltr'><strong>rectitudinis</strong></span> <span class='ocrx_word' id='word_1_366' title='bbox 1746 3087 1931 3142; x_wconf 89' lang='lat' dir='ltr'><strong>vident</strong></span> <span class='ocrx_word' id='word_1_367' title='bbox 1957 3085 2050 3141; x_wconf 85' lang='lat' dir='ltr'><strong>de-</strong></span> 
     </span>
    </p>
   </div>
   <div class='ocr_carea' id='block_1_45' title="bbox 468 3176 2049 3248">
    <p class='ocr_par' dir='ltr' id='par_1_45' title="bbox 468 3176 2049 3248">
     <span class='ocr_line' id='line_1_45' title="bbox 468 3176 2049 3248; baseline 0.002 -18"><span class='ocrx_word' id='word_1_368' title='bbox 468 3177 652 3242; x_wconf 90' lang='lat' dir='ltr'><strong>viare,</strong></span> <span class='ocrx_word' id='word_1_369' title='bbox 685 3177 738 3231; x_wconf 91' lang='lat' dir='ltr'><strong>in</strong></span> <span class='ocrx_word' id='word_1_370' title='bbox 772 3176 888 3232; x_wconf 91' lang='lat' dir='ltr'><strong>illos</strong></span> <span class='ocrx_word' id='word_1_371' title='bbox 909 3177 1105 3234; x_wconf 89' lang='lat' dir='ltr'><strong>debent</strong></span> <span class='ocrx_word' id='word_1_372' title='bbox 1133 3179 1510 3234; x_wconf 87' lang='lat' dir='ltr'><strong>auctoritatem</strong></span> <span class='ocrx_word' id='word_1_373' title='bbox 1538 3187 1593 3234; x_wconf 88' lang='lat' dir='ltr'><strong>et</strong></span> <span class='ocrx_word' id='word_1_374' title='bbox 1616 3179 1911 3248; x_wconf 85' lang='lat' dir='ltr'><strong>potentiam</strong></span> <span class='ocrx_word' id='word_1_375' title='bbox 1938 3194 2049 3233; x_wconf 79' lang='lat' dir='ltr'><strong>suae</strong></span> 
     </span>
    </p>
   </div>
   <div class='ocr_carea' id='block_1_46' title="bbox 467 3269 2048 3340">
    <p class='ocr_par' dir='ltr' id='par_1_46' title="bbox 467 3269 2048 3340">
     <span class='ocr_line' id='line_1_46' title="bbox 467 3269 2048 3340; baseline 0.003 -20"><span class='ocrx_word' id='word_1_376' title='bbox 467 3269 835 3338; x_wconf 66' lang='lat' dir='ltr'><strong>praepositum:</strong></span> <span class='ocrx_word' id='word_1_377' title='bbox 858 3269 1163 3334; x_wconf 90' lang='lat' dir='ltr'><strong>ostendere,</strong></span> <span class='ocrx_word' id='word_1_378' title='bbox 1186 3270 1327 3339; x_wconf 89' lang='lat' dir='ltr'><strong>quod</strong></span> <span class='ocrx_word' id='word_1_379' title='bbox 1353 3278 1638 3340; x_wconf 90' lang='lat' dir='ltr'><strong>utrumque</strong></span> <span class='ocrx_word' id='word_1_380' title='bbox 1656 3269 1849 3324; x_wconf 90' lang='lat' dir='ltr'><strong>Petrus</strong></span> <span class='ocrx_word' id='word_1_381' title='bbox 1872 3279 2048 3325; x_wconf 90' lang='lat' dir='ltr'><strong>osten-</strong></span> 
     </span>
    </p>
   </div>
   <div class='ocr_carea' id='block_1_47' title="bbox 470 3335 2118 3432">
    <p class='ocr_par' dir='ltr' id='par_1_47' title="bbox 470 3335 2118 3432">
     <span class='ocr_line' id='line_1_47' title="bbox 470 3335 2118 3432; baseline 0.001 -17"><span class='ocrx_word' id='word_1_382' title='bbox 470 3335 550 3415; x_wconf 75' lang='lat' dir='ltr'><strong>dit</strong></span> <span class='ocrx_word' id='word_1_383' title='bbox 577 3335 634 3415; x_wconf 82' lang='lat' dir='ltr'><strong>in</strong></span> <span class='ocrx_word' id='word_1_384' title='bbox 667 3359 916 3417; x_wconf 89' lang='lat' dir='ltr'><strong>Cornelio</strong></span> <span class='ocrx_word' id='word_1_385' title='bbox 945 3370 999 3415; x_wconf 89' lang='lat' dir='ltr'><strong>et</strong></span> <span class='ocrx_word' id='word_1_386' title='bbox 1030 3335 1260 3426; x_wconf 82' lang='lat' dir='ltr'><strong>Anania,</strong></span> <span class='ocrx_word' id='word_1_387' title='bbox 1290 3335 1579 3416; x_wconf 76' lang='lat' dir='ltr'><strong>humilians</strong></span> <span class='ocrx_word' id='word_1_388' title='bbox 1606 3377 1662 3417; x_wconf 89' lang='lat' dir='ltr'><strong>se</strong></span> <span class='ocrx_word' id='word_1_389' title='bbox 1688 3376 1814 3432; x_wconf 85' lang='lat' dir='ltr'><strong>erga</strong></span> <span class='ocrx_word' id='word_1_390' title='bbox 1845 3361 2048 3417; x_wconf 87' lang='lat' dir='ltr'><strong>Cornc-</strong></span> <span class='ocrx_word' id='word_1_391' title='bbox 2074 3335 2118 3400; x_wconf 61' lang='grc' dir='ltr'><strong>(ἶ</strong></span> 
     </span>
    </p>
   </div>
   <div class='ocr_carea' id='block_1_48' title="bbox 468 3451 1973 3523">
    <p class='ocr_par' dir='ltr' id='par_1_48' title="bbox 468 3451 1973 3523">
     <span class='ocr_line' id='line_1_48' title="bbox 468 3451 1973 3523; baseline -0.001 -16"><span class='ocrx_word' id='word_1_392' title='bbox 468 3451 601 3507; x_wconf 89' lang='lat' dir='ltr'><strong>lium</strong></span> <span class='ocrx_word' id='word_1_393' title='bbox 633 3471 645 3507; x_wconf 91' lang='lat'><strong>:</strong></span> <span class='ocrx_word' id='word_1_394' title='bbox 683 3460 738 3509; x_wconf 86' lang='lat' dir='ltr'><strong>et</strong></span> <span class='ocrx_word' id='word_1_395' title='bbox 764 3453 878 3508; x_wconf 93' lang='lat' dir='ltr'><strong>solo</strong></span> <span class='ocrx_word' id='word_1_396' title='bbox 905 3453 1072 3509; x_wconf 88' lang='lat' dir='ltr'><strong>verbo</strong></span> <span class='ocrx_word' id='word_1_397' title='bbox 1098 3453 1363 3508; x_wconf 86' lang='lat' dir='ltr'><strong>Ananiam</strong></span> <span class='ocrx_word' id='word_1_398' title='bbox 1392 3467 1515 3508; x_wconf 91' lang='lat' dir='ltr'><strong>cum</strong></span> <span class='ocrx_word' id='word_1_399' title='bbox 1538 3468 1705 3509; x_wconf 86' lang='lat' dir='ltr'><strong>uxore</strong></span> <span class='ocrx_word' id='word_1_400' title='bbox 1729 3453 1973 3523; x_wconf 88' lang='lat' dir='ltr'><strong>perdens.</strong></span> 
     </span>
    </p>
   </div>
   <div class='ocr_carea' id='block_1_49' title="bbox 1079 3609 1415 3668">
    <p class='ocr_par' dir='ltr' id='par_1_49' title="bbox 1079 3609 1415 3668">
     <span class='ocr_line' id='line_1_49' title="bbox 1079 3609 1415 3668; baseline 0 -2"><span class='ocrx_word' id='word_1_401' title='bbox 1079 3609 1314 3668; x_wconf 82' lang='lat' dir='ltr'><strong>CAPUT</strong></span> <span class='ocrx_word' id='word_1_402' title='bbox 1351 3611 1415 3666; x_wconf 80' lang='lat' dir='ltr'><strong>ll.</strong></span> 
     </span>
    </p>
   </div>
   <div class='ocr_carea' id='block_1_50' title="bbox 545 3721 2051 3796">
    <p class='ocr_par' dir='ltr' id='par_1_50' title="bbox 545 3721 2051 3796">
     <span class='ocr_line' id='line_1_50' title="bbox 545 3721 2051 3796; baseline 0 -18"><span class='ocrx_word' id='word_1_403' title='bbox 545 3721 608 3778; x_wconf 86' lang='lat' dir='ltr'><strong>Si</strong></span> <span class='ocrx_word' id='word_1_404' title='bbox 632 3722 768 3776; x_wconf 87' lang='lat' dir='ltr'><strong>enim</strong></span> <span class='ocrx_word' id='word_1_405' title='bbox 793 3737 886 3793; x_wconf 88' lang='lat' dir='ltr'><strong>ego</strong></span> <span class='ocrx_word' id='word_1_406' title='bbox 915 3739 1002 3777; x_wconf 85' lang='lat' dir='ltr'><strong>vos</strong></span> <span class='ocrx_word' id='word_1_407' title='bbox 1032 3725 1302 3789; x_wconf 74' lang='lat' dir='ltr'><strong>contristo,</strong></span> <span class='ocrx_word' id='word_1_408' title='bbox 1337 3733 1383 3778; x_wconf 87' lang='lat' dir='ltr'><strong>et</strong></span> <span class='ocrx_word' id='word_1_409' title='bbox 1413 3724 1527 3796; x_wconf 86' lang='lat' dir='ltr'><strong>quis</strong></span> <span class='ocrx_word' id='word_1_410' title='bbox 1553 3732 1626 3778; x_wconf 90' lang='lat' dir='ltr'><strong>est</strong></span> <span class='ocrx_word' id='word_1_411' title='bbox 1654 3725 1744 3796; x_wconf 86' lang='lat' dir='ltr'><strong>qui</strong></span> <span class='ocrx_word' id='word_1_412' title='bbox 1777 3741 1857 3778; x_wconf 86' lang='lat' dir='ltr'><strong>me</strong></span> <span class='ocrx_word' id='word_1_413' title='bbox 1887 3723 2051 3792; x_wconf 67' lang='lat' dir='ltr'><strong>la’tiﬁ-</strong></span> 
     </span>
    </p>
   </div>
   <div class='ocr_carea' id='block_1_51' title="bbox 470 3813 2051 3888">
    <p class='ocr_par' dir='ltr' id='par_1_51' title="bbox 470 3813 2051 3888">
     <span class='ocr_line' id='line_1_51' title="bbox 470 3813 2051 3888; baseline 0.003 -20"><span class='ocrx_word' id='word_1_414' title='bbox 470 3822 568 3879; x_wconf 88' lang='lat' dir='ltr'><strong>cet,</strong></span> <span class='ocrx_word' id='word_1_415' title='bbox 599 3813 700 3867; x_wconf 86' lang='lat' dir='ltr'><strong>nisi</strong></span> <span class='ocrx_word' id='word_1_416' title='bbox 723 3813 809 3868; x_wconf 81' lang='lat' dir='ltr'><strong>ille</strong></span> <span class='ocrx_word' id='word_1_417' title='bbox 830 3815 918 3885; x_wconf 86' lang='lat' dir='ltr'><strong>qui</strong></span> <span class='ocrx_word' id='word_1_418' title='bbox 939 3815 1272 3869; x_wconf 82' lang='lat' dir='ltr'><strong>contristatur</strong></span> <span class='ocrx_word' id='word_1_419' title='bbox 1291 3833 1352 3870; x_wconf 78' lang='lat' dir='ltr'><strong>ex</strong></span> <span class='ocrx_word' id='word_1_420' title='bbox 1375 3818 1494 3871; x_wconf 83' lang='lat' dir='ltr'><strong>me?</strong></span> <span class='ocrx_word' id='word_1_421' title='bbox 1522 3817 1573 3871; x_wconf 87' lang='lat' dir='ltr'><strong>id</strong></span> <span class='ocrx_word' id='word_1_422' title='bbox 1600 3826 1702 3881; x_wconf 89' lang='lat' dir='ltr'><strong>est,</strong></span> <span class='ocrx_word' id='word_1_423' title='bbox 1731 3819 1774 3872; x_wconf 91' lang='lat' dir='ltr'><strong>si</strong></span> <span class='ocrx_word' id='word_1_424' title='bbox 1804 3833 1903 3888; x_wconf 91' lang='lat' dir='ltr'><strong>ego</strong></span> <span class='ocrx_word' id='word_1_425' title='bbox 1922 3833 2051 3873; x_wconf 77' lang='lat' dir='ltr'><strong>con-</strong></span> 
     </span>
    </p>
   </div>
   <div class='ocr_carea' id='block_1_52' title="bbox 465 3905 2050 3980">
    <p class='ocr_par' dir='ltr' id='par_1_52' title="bbox 465 3905 2050 3980">
     <span class='ocr_line' id='line_1_52' title="bbox 465 3905 2050 3980; baseline 0.004 -21"><span class='ocrx_word' id='word_1_426' title='bbox 465 3906 631 3961; x_wconf 84' lang='lat' dir='ltr'><strong>trislo</strong></span> <span class='ocrx_word' id='word_1_427' title='bbox 680 3905 912 3976; x_wconf 87' lang='lat' dir='ltr'><strong>aliquem</strong></span> <span class='ocrx_word' id='word_1_428' title='bbox 979 3916 1216 3962; x_wconf 88' lang='lat' dir='ltr'><strong>vestrum</strong></span> <span class='ocrx_word' id='word_1_429' title='bbox 1273 3907 1490 3964; x_wconf 77' lang='lat' dir='ltr'><strong>fortiter</strong></span> <span class='ocrx_word' id='word_1_430' title='bbox 1542 3911 1944 3980; x_wconf 86' lang='lat' dir='ltr'><strong>redarguendo,</strong></span> <span class='ocrx_word' id='word_1_431' title='bbox 1993 3919 2050 3965; x_wconf 86' lang='lat' dir='ltr'><strong>et</strong></span> 
     </span>
    </p>
   </div>
   <div class='ocr_carea' id='block_1_53' title="bbox 471 3998 2045 4070">
    <p class='ocr_par' dir='ltr' id='par_1_53' title="bbox 471 3998 2045 4070">
     <span class='ocr_line' id='line_1_53' title="bbox 471 3998 2045 4070; baseline 0.004 -19"><span class='ocrx_word' id='word_1_432' title='bbox 471 3998 668 4052; x_wconf 90' lang='lat' dir='ltr'><strong>acriter</strong></span> <span class='ocrx_word' id='word_1_433' title='bbox 692 3998 1054 4068; x_wconf 87' lang='lat' dir='ltr'><strong>corripiendo,</strong></span> <span class='ocrx_word' id='word_1_434' title='bbox 1085 3999 1206 4069; x_wconf 88' lang='lat' dir='ltr'><strong>quis</strong></span> <span class='ocrx_word' id='word_1_435' title='bbox 1249 4010 1332 4054; x_wconf 84' lang='lat' dir='ltr'><strong>est</strong></span> <span class='ocrx_word' id='word_1_436' title='bbox 1372 4001 1464 4070; x_wconf 90' lang='lat' dir='ltr'><strong>qui</strong></span> <span class='ocrx_word' id='word_1_437' title='bbox 1511 4017 1599 4056; x_wconf 88' lang='lat' dir='ltr'><strong>me</strong></span> <span class='ocrx_word' id='word_1_438' title='bbox 1647 4001 1898 4067; x_wconf 63' lang='lat' dir='ltr'><strong>laetiﬁcet,</strong></span> <span class='ocrx_word' id='word_1_439' title='bbox 1943 4002 2045 4058; x_wconf 91' lang='lat' dir='ltr'><strong>nisi</strong></span> 
     </span>
    </p>
   </div>
   <div class='ocr_carea' id='block_1_54' title="bbox 469 4087 2048 4159">
    <p class='ocr_par' dir='ltr' id='par_1_54' title="bbox 469 4087 2048 4159">
     <span class='ocr_line' id='line_1_54' title="bbox 469 4087 2048 4159; baseline 0.004 -18"><span class='ocrx_word' id='word_1_440' title='bbox 469 4087 558 4143; x_wconf 84' lang='lat' dir='ltr'><strong>ille</strong></span> <span class='ocrx_word' id='word_1_441' title='bbox 604 4088 693 4158; x_wconf 90' lang='lat' dir='ltr'><strong>qui</strong></span> <span class='ocrx_word' id='word_1_442' title='bbox 746 4089 1098 4144; x_wconf 80' lang='lat' dir='ltr'><strong>contristatur</strong></span> <span class='ocrx_word' id='word_1_443' title='bbox 1143 4103 1241 4159; x_wconf 87' lang='lat' dir='ltr'><strong>per</strong></span> <span class='ocrx_word' id='word_1_444' title='bbox 1295 4105 1468 4144; x_wconf 90' lang='lat' dir='ltr'><strong>meam</strong></span> <span class='ocrx_word' id='word_1_445' title='bbox 1524 4093 1942 4148; x_wconf 86' lang='lat' dir='ltr'><strong>admonitionem</strong></span> <span class='ocrx_word' id='word_1_446' title='bbox 1981 4093 2048 4148; x_wconf 88' lang='lat' dir='ltr'><strong>de</strong></span> 
     </span>
    </p>
   </div>
   <div class='ocr_carea' id='block_1_55' title="bbox 470 4179 2045 4252">
    <p class='ocr_par' dir='ltr' id='par_1_55' title="bbox 470 4179 2045 4252">
     <span class='ocr_line' id='line_1_55' title="bbox 470 4179 2045 4252; baseline 0.003 -19"><span class='ocrx_word' id='word_1_447' title='bbox 470 4189 622 4233; x_wconf 86' lang='lat' dir='ltr'><strong>reatu</strong></span> <span class='ocrx_word' id='word_1_448' title='bbox 665 4195 762 4234; x_wconf 86' lang='lat' dir='ltr'><strong>suo</strong></span> <span class='ocrx_word' id='word_1_449' title='bbox 795 4179 1159 4250; x_wconf 84' lang='lat' dir='ltr'><strong>promovendo</strong></span> <span class='ocrx_word' id='word_1_450' title='bbox 1195 4180 1259 4234; x_wconf 90' lang='lat' dir='ltr'><strong>ad</strong></span> <span class='ocrx_word' id='word_1_451' title='bbox 1285 4181 1698 4252; x_wconf 74' lang='lat' dir='ltr'><strong>ptenitentiam?</strong></span> <span class='ocrx_word' id='word_1_452' title='bbox 1735 4182 1866 4236; x_wconf 90' lang='lat' dir='ltr'><strong>Dum</strong></span> <span class='ocrx_word' id='word_1_453' title='bbox 1901 4185 2045 4238; x_wconf 90' lang='lat' dir='ltr'><strong>enim</strong></span> 
     </span>
    </p>
   </div>
   <div class='ocr_carea' id='block_1_56' title="bbox 467 4270 2042 4346">
    <p class='ocr_par' dir='ltr' id='par_1_56' title="bbox 467 4270 2042 4346">
     <span class='ocr_line' id='line_1_56' title="bbox 467 4270 2042 4346; baseline 0.004 -22"><span class='ocrx_word' id='word_1_454' title='bbox 467 4270 557 4324; x_wconf 91' lang='lat' dir='ltr'><strong>ille</strong></span> <span class='ocrx_word' id='word_1_455' title='bbox 587 4271 938 4326; x_wconf 87' lang='lat' dir='ltr'><strong>contristatur</strong></span> <span class='ocrx_word' id='word_1_456' title='bbox 971 4273 1036 4326; x_wconf 89' lang='lat' dir='ltr'><strong>de</strong></span> <span class='ocrx_word' id='word_1_457' title='bbox 1065 4282 1286 4342; x_wconf 88' lang='lat' dir='ltr'><strong>peccato</strong></span> <span class='ocrx_word' id='word_1_458' title='bbox 1307 4289 1426 4338; x_wconf 90' lang='lat' dir='ltr'><strong>suo,</strong></span> <span class='ocrx_word' id='word_1_459' title='bbox 1447 4283 1500 4329; x_wconf 87' lang='lat' dir='ltr'><strong>et</strong></span> <span class='ocrx_word' id='word_1_460' title='bbox 1519 4276 1628 4346; x_wconf 84' lang='lat' dir='ltr'><strong>agit</strong></span> <span class='ocrx_word' id='word_1_461' title='bbox 1653 4275 2042 4346; x_wconf 73' lang='lat' dir='ltr'><strong>pmnitenliani,</strong></span> 
     </span>
    </p>
   </div>
   <div class='ocr_carea' id='block_1_57' title="bbox 470 4363 2050 4437">
    <p class='ocr_par' dir='ltr' id='par_1_57' title="bbox 470 4363 2050 4437">
     <span class='ocr_line' id='line_1_57' title="bbox 470 4363 2050 4437; baseline 0.004 -20"><span class='ocrx_word' id='word_1_462' title='bbox 470 4369 598 4417; x_wconf 89' lang='lat' dir='ltr'><strong>tunc</strong></span> <span class='ocrx_word' id='word_1_463' title='bbox 641 4377 732 4417; x_wconf 86' lang='lat' dir='ltr'><strong>me</strong></span> <span class='ocrx_word' id='word_1_464' title='bbox 780 4363 1031 4417; x_wconf 68' lang='lat' dir='ltr'><strong>laetiﬁcat.</strong></span> <span class='ocrx_word' id='word_1_465' title='bbox 1087 4363 1183 4419; x_wconf 86' lang='lat' dir='ltr'><strong>Sic</strong></span> <span class='ocrx_word' id='word_1_466' title='bbox 1222 4367 1591 4436; x_wconf 88' lang='lat' dir='ltr'><strong>unusquisque</strong></span> <span class='ocrx_word' id='word_1_467' title='bbox 1634 4369 1955 4437; x_wconf 75' lang='lat' dir='ltr'><strong>przedicator</strong></span> <span class='ocrx_word' id='word_1_468' title='bbox 1993 4378 2050 4424; x_wconf 90' lang='lat' dir='ltr'><strong>et</strong></span> 
     </span>
    </p>
   </div>
   <div class='ocr_carea' id='block_1_58' title="bbox 469 4452 2047 4529">
    <p class='ocr_par' dir='ltr' id='par_1_58' title="bbox 469 4452 2047 4529">
     <span class='ocr_line' id='line_1_58' title="bbox 469 4452 2047 4529; baseline 0.007 -24"><span class='ocrx_word' id='word_1_469' title='bbox 469 4452 743 4523; x_wconf 67' lang='lat' dir='ltr'><strong>praelatus,</strong></span> <span class='ocrx_word' id='word_1_470' title='bbox 775 4469 880 4522; x_wconf 93' lang='lat' dir='ltr'><strong>quo</strong></span> <span class='ocrx_word' id='word_1_471' title='bbox 911 4453 1140 4523; x_wconf 89' lang='lat' dir='ltr'><strong>amplius</strong></span> <span class='ocrx_word' id='word_1_472' title='bbox 1173 4455 1317 4510; x_wconf 77' lang='lat' dir='ltr'><strong>videt</strong></span> <span class='ocrx_word' id='word_1_473' title='bbox 1341 4458 1648 4513; x_wconf 89' lang='lat' dir='ltr'><strong>contristari</strong></span> <span class='ocrx_word' id='word_1_474' title='bbox 1682 4459 1950 4529; x_wconf 83' lang='lat' dir='ltr'><strong>subjectos</strong></span> <span class='ocrx_word' id='word_1_475' title='bbox 1981 4460 2047 4516; x_wconf 88' lang='lat' dir='ltr'><strong>de</strong></span> 
     </span>
    </p>
   </div>
   <div class='ocr_carea' id='block_1_59' title="bbox 472 4548 2049 4625">
    <p class='ocr_par' dir='ltr' id='par_1_59' title="bbox 472 4548 2049 4625">
     <span class='ocr_line' id='line_1_59' title="bbox 472 4548 2049 4625; baseline 0.005 -25"><span class='ocrx_word' id='word_1_476' title='bbox 472 4555 622 4600; x_wconf 88' lang='lat' dir='ltr'><strong>reatu</strong></span> <span class='ocrx_word' id='word_1_477' title='bbox 665 4561 782 4614; x_wconf 88' lang='lat' dir='ltr'><strong>suo,</strong></span> <span class='ocrx_word' id='word_1_478' title='bbox 829 4559 883 4604; x_wconf 91' lang='lat' dir='ltr'><strong>et</strong></span> <span class='ocrx_word' id='word_1_479' title='bbox 921 4548 1104 4620; x_wconf 91' lang='lat' dir='ltr'><strong>lugere</strong></span> <span class='ocrx_word' id='word_1_480' title='bbox 1146 4551 1515 4620; x_wconf 67' lang='lat' dir='ltr'><strong>paenitentiam</strong></span> <span class='ocrx_word' id='word_1_481' title='bbox 1557 4556 1784 4625; x_wconf 85' lang='lat' dir='ltr'><strong>agendo,</strong></span> <span class='ocrx_word' id='word_1_482' title='bbox 1825 4570 1889 4610; x_wconf 88' lang='lat' dir='ltr'><strong>eo</strong></span> <span class='ocrx_word' id='word_1_483' title='bbox 1933 4569 2049 4608; x_wconf 86' lang='lat' dir='ltr'><strong>am-</strong></span> 
     </span>
    </p>
   </div>
   <div class='ocr_carea' id='block_1_60' title="bbox 469 4637 1713 4709">
    <p class='ocr_par' dir='ltr' id='par_1_60' title="bbox 469 4637 1713 4709">
     <span class='ocr_line' id='line_1_60' title="bbox 469 4637 1713 4709; baseline 0.008 -19"><span class='ocrx_word' id='word_1_484' title='bbox 469 4637 610 4709; x_wconf 90' lang='lat' dir='ltr'><strong>plius</strong></span> <span class='ocrx_word' id='word_1_485' title='bbox 640 4638 943 4696; x_wconf 69' lang='lat' dir='ltr'><strong>laetiﬁcatur</strong></span> <span class='ocrx_word' id='word_1_486' title='bbox 971 4653 1150 4698; x_wconf 91' lang='lat' dir='ltr'><strong>certus</strong></span> <span class='ocrx_word' id='word_1_487' title='bbox 1179 4644 1244 4698; x_wconf 92' lang='lat' dir='ltr'><strong>de</strong></span> <span class='ocrx_word' id='word_1_488' title='bbox 1277 4646 1448 4700; x_wconf 89' lang='lat' dir='ltr'><strong>salute</strong></span> <span class='ocrx_word' id='word_1_489' title='bbox 1481 4647 1713 4701; x_wconf 90' lang='lat' dir='ltr'><strong>illorum.</strong></span> 
     </span>
    </p>
   </div>
   <div class='ocr_carea' id='block_1_61' title="bbox 544 4731 2043 4810">
    <p class='ocr_par' dir='ltr' id='par_1_61' title="bbox 544 4731 2043 4810">
     <span class='ocr_line' id='line_1_61' title="bbox 544 4731 2043 4810; baseline 0.005 -24"><span class='ocrx_word' id='word_1_490' title='bbox 544 4731 626 4787; x_wconf 86' lang='lat' dir='ltr'><strong>Ne</strong></span> <span class='ocrx_word' id='word_1_491' title='bbox 663 4735 926 4788; x_wconf 84' lang='lat' dir='ltr'><strong>tristitiam</strong></span> <span class='ocrx_word' id='word_1_492' title='bbox 965 4753 1120 4806; x_wconf 87' lang='lat' dir='ltr'><strong>super</strong></span> <span class='ocrx_word' id='word_1_493' title='bbox 1155 4739 1419 4792; x_wconf 88' lang='lat' dir='ltr'><strong>tristitiam</strong></span> <span class='ocrx_word' id='word_1_494' title='bbox 1454 4739 1690 4792; x_wconf 84' lang='lat' dir='ltr'><strong>habeam.</strong></span> <span class='ocrx_word' id='word_1_495' title='bbox 1730 4739 1884 4794; x_wconf 84' lang='lat' dir='ltr'><strong>Modo</strong></span> <span class='ocrx_word' id='word_1_496' title='bbox 1922 4741 2043 4810; x_wconf 80' lang='lat' dir='ltr'><strong>qui-</strong></span> 
     </span>
    </p>
   </div>
   <div class='ocr_carea' id='block_1_62' title="bbox 467 4825 2045 4903">
    <p class='ocr_par' dir='ltr' id='par_1_62' title="bbox 467 4825 2045 4903">
     <span class='ocr_line' id='line_1_62' title="bbox 467 4825 2045 4903; baseline 0.006 -23"><span class='ocrx_word' id='word_1_497' title='bbox 467 4825 590 4881; x_wconf 90' lang='lat' dir='ltr'><strong>dem</strong></span> <span class='ocrx_word' id='word_1_498' title='bbox 629 4828 851 4883; x_wconf 86' lang='lat' dir='ltr'><strong>audiens</strong></span> <span class='ocrx_word' id='word_1_499' title='bbox 882 4843 977 4884; x_wconf 87' lang='lat' dir='ltr'><strong>vos</strong></span> <span class='ocrx_word' id='word_1_500' title='bbox 1018 4831 1179 4886; x_wconf 89' lang='lat' dir='ltr'><strong>variis</strong></span> <span class='ocrx_word' id='word_1_501' title='bbox 1207 4832 1478 4886; x_wconf 89' lang='lat' dir='ltr'><strong>erroribus</strong></span> <span class='ocrx_word' id='word_1_502' title='bbox 1513 4832 1833 4903; x_wconf 81' lang='lat' dir='ltr'><strong>implicatos,</strong></span> <span class='ocrx_word' id='word_1_503' title='bbox 1871 4834 2045 4890; x_wconf 87' lang='lat' dir='ltr'><strong>habeo</strong></span> 
     </span>
    </p>
   </div>
   <div class='ocr_carea' id='block_1_63' title="bbox 466 4918 2046 4998">
    <p class='ocr_par' dir='ltr' id='par_1_63' title="bbox 466 4918 2046 4998">
     <span class='ocr_line' id='line_1_63' title="bbox 466 4918 2046 4998; baseline 0.008 -26"><span class='ocrx_word' id='word_1_504' title='bbox 466 4918 761 4982; x_wconf 89' lang='lat' dir='ltr'><strong>tristitiam,</strong></span> <span class='ocrx_word' id='word_1_505' title='bbox 813 4922 904 4976; x_wconf 90' lang='lat' dir='ltr'><strong>sed</strong></span> <span class='ocrx_word' id='word_1_506' title='bbox 943 4921 987 4977; x_wconf 90' lang='lat' dir='ltr'><strong>si</strong></span> <span class='ocrx_word' id='word_1_507' title='bbox 1027 4937 1228 4977; x_wconf 89' lang='lat' dir='ltr'><strong>venero</strong></span> <span class='ocrx_word' id='word_1_508' title='bbox 1271 4924 1336 4977; x_wconf 89' lang='lat' dir='ltr'><strong>ad</strong></span> <span class='ocrx_word' id='word_1_509' title='bbox 1372 4938 1467 4977; x_wconf 80' lang='lat' dir='ltr'><strong>vos</strong></span> <span class='ocrx_word' id='word_1_510' title='bbox 1505 4932 1559 4978; x_wconf 89' lang='lat' dir='ltr'><strong>et</strong></span> <span class='ocrx_word' id='word_1_511' title='bbox 1588 4925 1922 4998; x_wconf 85' lang='lat' dir='ltr'><strong>incorreptos</strong></span> <span class='ocrx_word' id='word_1_512' title='bbox 1949 4943 2046 4984; x_wconf 88' lang='lat' dir='ltr'><strong>vos</strong></span> 
     </span>
    </p>
   </div>
   <div class='ocr_carea' id='block_1_64' title="bbox 375 5011 2046 5086">
    <p class='ocr_par' dir='ltr' id='par_1_64' title="bbox 375 5011 2046 5086">
     <span class='ocr_line' id='line_1_64' title="bbox 375 5011 2046 5086; baseline 0.007 -22"><span class='ocrx_word' id='word_1_513' title='bbox 375 5079 380 5084; x_wconf 18' lang='grc' dir='ltr'><em>θ</em></span> <span class='ocrx_word' id='word_1_514' title='bbox 465 5011 740 5076; x_wconf 79' lang='lat' dir='ltr'><strong>invenero,</strong></span> <span class='ocrx_word' id='word_1_515' title='bbox 765 5015 1084 5069; x_wconf 84' lang='lat' dir='ltr'><strong>tunchabco</strong></span> <span class='ocrx_word' id='word_1_516' title='bbox 1107 5015 1380 5070; x_wconf 89' lang='lat' dir='ltr'><strong>tristitiam</strong></span> <span class='ocrx_word' id='word_1_517' title='bbox 1401 5030 1561 5086; x_wconf 88' lang='lat' dir='ltr'><strong>super</strong></span> <span class='ocrx_word' id='word_1_518' title='bbox 1581 5017 1876 5081; x_wconf 84' lang='lat' dir='ltr'><strong>tristitiam.</strong></span> <span class='ocrx_word' id='word_1_519' title='bbox 1899 5020 2046 5076; x_wconf 88' lang='lat' dir='ltr'><strong>ideo-</strong></span> 
     </span>
    </p>
   </div>
   <div class='ocr_carea' id='block_1_65' title="bbox 465 5107 1321 5178">
    <p class='ocr_par' dir='ltr' id='par_1_65' title="bbox 465 5107 1321 5178">
     <span class='ocr_line' id='line_1_65' title="bbox 465 5107 1321 5178; baseline 0.004 -20"><span class='ocrx_word' id='word_1_520' title='bbox 465 5121 569 5176; x_wconf 89' lang='lat' dir='ltr'><strong>que</strong></span> <span class='ocrx_word' id='word_1_521' title='bbox 595 5119 692 5160; x_wconf 92' lang='lat' dir='ltr'><strong>vos</strong></span> <span class='ocrx_word' id='word_1_522' title='bbox 719 5121 909 5161; x_wconf 88' lang='lat' dir='ltr'><strong>moneo</strong></span> <span class='ocrx_word' id='word_1_523' title='bbox 936 5117 993 5160; x_wconf 91' lang='lat' dir='ltr'><strong>ut</strong></span> <span class='ocrx_word' id='word_1_524' title='bbox 1021 5107 1321 5178; x_wconf 85' lang='lat' dir='ltr'><strong>corrigatis.</strong></span> 
     </span>
    </p>
   </div>
   <div class='ocr_carea' id='block_1_66' title="bbox 463 5196 2043 5272">
    <p class='ocr_par' dir='ltr' id='par_1_66' title="bbox 463 5196 2043 5272">
     <span class='ocr_line' id='line_1_66' title="bbox 463 5196 2043 5272; baseline 0.005 -22"><span class='ocrx_word' id='word_1_525' title='bbox 463 5211 465 5213; x_wconf 81' lang='lat'>‘</span> <span class='ocrx_word' id='word_1_526' title='bbox 538 5196 678 5250; x_wconf 89' lang='lat' dir='ltr'><strong>Nam</strong></span> <span class='ocrx_word' id='word_1_527' title='bbox 698 5213 761 5251; x_wconf 75' lang='lat' dir='ltr'><strong>ex</strong></span> <span class='ocrx_word' id='word_1_528' title='bbox 781 5197 944 5252; x_wconf 84' lang='lat' dir='ltr'><strong>multa</strong></span> <span class='ocrx_word' id='word_1_529' title='bbox 971 5198 1301 5254; x_wconf 81' lang='lat' dir='ltr'><strong>tribulatione</strong></span> <span class='ocrx_word' id='word_1_530' title='bbox 1323 5209 1371 5255; x_wconf 87' lang='lat' dir='ltr'><strong>et</strong></span> <span class='ocrx_word' id='word_1_531' title='bbox 1393 5203 1637 5271; x_wconf 86' lang='lat' dir='ltr'><strong>angustia</strong></span> <span class='ocrx_word' id='word_1_532' title='bbox 1671 5203 1840 5256; x_wconf 89' lang='lat' dir='ltr'><strong>cordis</strong></span> <span class='ocrx_word' id='word_1_533' title='bbox 1858 5243 1872 5267; x_wconf 90' lang='lat'><strong>,</strong></span> <span class='ocrx_word' id='word_1_534' title='bbox 1899 5203 2043 5272; x_wconf 86' lang='lat' dir='ltr'><strong>quod</strong></span> 
     </span>
    </p>
   </div>
   <div class='ocr_carea' id='block_1_67' title="bbox 465 5290 2042 5366">
    <p class='ocr_par' dir='ltr' id='par_1_67' title="bbox 465 5290 2042 5366">
     <span class='ocr_line' id='line_1_67' title="bbox 465 5290 2042 5366; baseline 0.006 -24"><span class='ocrx_word' id='word_1_535' title='bbox 465 5301 626 5342; x_wconf 89' lang='lat' dir='ltr'><strong>unum</strong></span> <span class='ocrx_word' id='word_1_536' title='bbox 649 5300 754 5354; x_wconf 89' lang='lat' dir='ltr'><strong>est,</strong></span> <span class='ocrx_word' id='word_1_537' title='bbox 773 5290 968 5360; x_wconf 87' lang='lat' dir='ltr'><strong>scripsi</strong></span> <span class='ocrx_word' id='word_1_538' title='bbox 999 5291 1148 5347; x_wconf 91' lang='lat' dir='ltr'><strong>vobis</strong></span> <span class='ocrx_word' id='word_1_539' title='bbox 1171 5293 1402 5362; x_wconf 89' lang='lat' dir='ltr'><strong>priorem</strong></span> <span class='ocrx_word' id='word_1_540' title='bbox 1428 5295 1706 5365; x_wconf 86' lang='lat' dir='ltr'><strong>epistolam</strong></span> <span class='ocrx_word' id='word_1_541' title='bbox 1736 5311 1827 5366; x_wconf 90' lang='lat' dir='ltr'><strong>per</strong></span> <span class='ocrx_word' id='word_1_542' title='bbox 1851 5296 2042 5350; x_wconf 85' lang='lat' dir='ltr'><strong>multas</strong></span> 
     </span>
    </p>
   </div>
   <div class='ocr_carea' id='block_1_68' title="bbox 463 5375 2042 5457">
    <p class='ocr_par' dir='ltr' id='par_1_68' title="bbox 463 5375 2042 5457">
     <span class='ocr_line' id='line_1_68' title="bbox 463 5375 2042 5457; baseline 0.008 -27"><span class='ocrx_word' id='word_1_543' title='bbox 463 5375 746 5450; x_wconf 79' lang='lat' dir='ltr'><strong>larrymas,</strong></span> <span class='ocrx_word' id='word_1_544' title='bbox 785 5382 838 5436; x_wconf 91' lang='lat' dir='ltr'><strong>id</strong></span> <span class='ocrx_word' id='word_1_545' title='bbox 877 5392 991 5446; x_wconf 90' lang='lat' dir='ltr'><strong>est,</strong></span> <span class='ocrx_word' id='word_1_546' title='bbox 1027 5395 1164 5453; x_wconf 85' lang='lat' dir='ltr'><strong>pene</strong></span> <span class='ocrx_word' id='word_1_547' title='bbox 1199 5393 1330 5455; x_wconf 90' lang='lat' dir='ltr'><strong>quot</strong></span> <span class='ocrx_word' id='word_1_548' title='bbox 1377 5386 1611 5457; x_wconf 80' lang='lat' dir='ltr'><strong>syllabas</strong></span> <span class='ocrx_word' id='word_1_549' title='bbox 1650 5388 1918 5441; x_wconf 84' lang='lat' dir='ltr'><strong>dictabam</strong></span> <span class='ocrx_word' id='word_1_550' title='bbox 1957 5387 2042 5442; x_wconf 89' lang='lat' dir='ltr'><strong>vel</strong></span> 
     </span>
    </p>
   </div>
   <div class='ocr_carea' id='block_1_69' title="bbox 441 5471 2040 5548">
    <p class='ocr_par' dir='ltr' id='par_1_69' title="bbox 441 5471 2040 5548">
     <span class='ocr_line' id='line_1_69' title="bbox 441 5471 2040 5548; baseline 0.006 -22"><span class='ocrx_word' id='word_1_551' title='bbox 441 5471 798 5540; x_wconf 73' lang='lat' dir='ltr'><strong>‘scribebam,</strong></span> <span class='ocrx_word' id='word_1_552' title='bbox 831 5475 984 5544; x_wconf 92' lang='lat' dir='ltr'><strong>quasi</strong></span> <span class='ocrx_word' id='word_1_553' title='bbox 1022 5483 1097 5530; x_wconf 92' lang='lat' dir='ltr'><strong>tot</strong></span> <span class='ocrx_word' id='word_1_554' title='bbox 1133 5474 1400 5548; x_wconf 87' lang='lat' dir='ltr'><strong>lacrymas</strong></span> <span class='ocrx_word' id='word_1_555' title='bbox 1445 5477 1756 5531; x_wconf 79' lang='lat' dir='ltr'><strong>fundebam.</strong></span> <span class='ocrx_word' id='word_1_556' title='bbox 1804 5477 2040 5535; x_wconf 83' lang='lat' dir='ltr'><strong>Audiens</strong></span> 
     </span>
    </p>
   </div>
   <div class='ocr_carea' id='block_1_70' title="bbox 461 5561 2036 5636">
    <p class='ocr_par' dir='ltr' id='par_1_70' title="bbox 461 5561 2036 5636">
     <span class='ocr_line' id='line_1_70' title="bbox 461 5561 2036 5636; baseline 0.006 -20"><span class='ocrx_word' id='word_1_557' title='bbox 461 5561 748 5633; x_wconf 82' lang='lat' dir='ltr'><strong>Apostolus</strong></span> <span class='ocrx_word' id='word_1_558' title='bbox 791 5566 1050 5636; x_wconf 88' lang='lat' dir='ltr'><strong>quosdam</strong></span> <span class='ocrx_word' id='word_1_559' title='bbox 1095 5565 1493 5622; x_wconf 89' lang='lat' dir='ltr'><strong>Corinthiorum</strong></span> <span class='ocrx_word' id='word_1_560' title='bbox 1539 5569 1605 5622; x_wconf 88' lang='lat' dir='ltr'><strong>ad</strong></span> <span class='ocrx_word' id='word_1_561' title='bbox 1642 5567 1866 5635; x_wconf 90' lang='lat' dir='ltr'><strong>pristina</strong></span> <span class='ocrx_word' id='word_1_562' title='bbox 1907 5571 2036 5626; x_wconf 80' lang='lat' dir='ltr'><strong>vitia</strong></span> 
     </span>
    </p>
   </div>
   <div class='ocr_carea' id='block_1_71' title="bbox 461 5653 2037 5726">
    <p class='ocr_par' dir='ltr' id='par_1_71' title="bbox 461 5653 2037 5726">
     <span class='ocr_line' id='line_1_71' title="bbox 461 5653 2037 5726; baseline 0.006 -21"><span class='ocrx_word' id='word_1_563' title='bbox 461 5653 679 5720; x_wconf 89' lang='lat' dir='ltr'><strong>redisse,</strong></span> <span class='ocrx_word' id='word_1_564' title='bbox 729 5666 780 5708; x_wconf 90' lang='lat' dir='ltr'><strong>et</strong></span> <span class='ocrx_word' id='word_1_565' title='bbox 831 5656 898 5710; x_wconf 86' lang='lat' dir='ltr'><strong>ad</strong></span> <span class='ocrx_word' id='word_1_566' title='bbox 943 5653 1370 5721; x_wconf 78' lang='lat' dir='ltr'><strong>fornicationem,</strong></span> <span class='ocrx_word' id='word_1_567' title='bbox 1417 5664 1472 5710; x_wconf 92' lang='lat' dir='ltr'><strong>et</strong></span> <span class='ocrx_word' id='word_1_568' title='bbox 1511 5655 1881 5726; x_wconf 68' lang='lat' dir='ltr'><strong>paenitentiam</strong></span> <span class='ocrx_word' id='word_1_569' title='bbox 1932 5673 2037 5714; x_wconf 90' lang='lat' dir='ltr'><strong>non</strong></span> 
     </span>
    </p>
   </div>
   <div class='ocr_carea' id='block_1_72' title="bbox 460 5743 2033 5819">
    <p class='ocr_par' dir='ltr' id='par_1_72' title="bbox 460 5743 2033 5819">
     <span class='ocr_line' id='line_1_72' title="bbox 460 5743 2033 5819; baseline 0.004 -20"><span class='ocrx_word' id='word_1_570' title='bbox 460 5743 652 5816; x_wconf 82' lang='lat' dir='ltr'><strong>egisse,</strong></span> <span class='ocrx_word' id='word_1_571' title='bbox 684 5744 902 5816; x_wconf 87' lang='lat' dir='ltr'><strong>insuper</strong></span> <span class='ocrx_word' id='word_1_572' title='bbox 945 5746 1231 5816; x_wconf 89' lang='lat' dir='ltr'><strong>quemdam</strong></span> <span class='ocrx_word' id='word_1_573' title='bbox 1258 5744 1468 5802; x_wconf 90' lang='lat' dir='ltr'><strong>illorum</strong></span> <span class='ocrx_word' id='word_1_574' title='bbox 1506 5748 1776 5819; x_wconf 74' lang='lat' dir='ltr'><strong>accepisse</strong></span> <span class='ocrx_word' id='word_1_575' title='bbox 1813 5765 2033 5805; x_wconf 80' lang='lat' dir='ltr'><strong>uxorem</strong></span> 
     </span>
    </p>
   </div>
   <div class='ocr_carea' id='block_1_73' title="bbox 455 5835 2036 5904">
    <p class='ocr_par' dir='ltr' id='par_1_73' title="bbox 455 5835 2036 5904">
     <span class='ocr_line' id='line_1_73' title="bbox 455 5835 2036 5904; baseline 0.005 -16"><span class='ocrx_word' id='word_1_576' title='bbox 455 5835 648 5904; x_wconf 83' lang='lat' dir='ltr'><strong>patris,</strong></span> <span class='ocrx_word' id='word_1_577' title='bbox 677 5835 896 5888; x_wconf 86' lang='lat' dir='ltr'><strong>nimiam</strong></span> <span class='ocrx_word' id='word_1_578' title='bbox 926 5835 1196 5891; x_wconf 73' lang='lat' dir='ltr'><strong>tristitiam</strong></span> <span class='ocrx_word' id='word_1_579' title='bbox 1227 5837 1435 5903; x_wconf 86' lang='lat' dir='ltr'><strong>habuit,</strong></span> <span class='ocrx_word' id='word_1_580' title='bbox 1471 5847 1526 5892; x_wconf 73' lang='lat' dir='ltr'><strong>et</strong></span> <span class='ocrx_word' id='word_1_581' title='bbox 1556 5839 1776 5894; x_wconf 88' lang='lat' dir='ltr'><strong>multum</strong></span> <span class='ocrx_word' id='word_1_582' title='bbox 1808 5839 2036 5896; x_wconf 84' lang='lat' dir='ltr'><strong>deﬂebat</strong></span> 
     </span>
    </p>
   </div>
   <div class='ocr_carea' id='block_1_74' title="bbox 436 5919 2031 6004">
    <p class='ocr_par' dir='ltr' id='par_1_74' title="bbox 436 5919 2031 6004">
     <span class='ocr_line' id='line_1_74' title="bbox 436 5919 2031 6004; baseline 0.005 -22"><span class='ocrx_word' id='word_1_583' title='bbox 436 5919 572 5983; x_wconf 46' lang='lat' dir='ltr'><strong>res.</strong></span> <span class='ocrx_word' id='word_1_584' title='bbox 627 5927 774 5982; x_wconf 85' lang='lat' dir='ltr'><strong>Unde</strong></span> <span class='ocrx_word' id='word_1_585' title='bbox 805 5937 853 5981; x_wconf 85' lang='lat' dir='ltr'><strong>ct</strong></span> <span class='ocrx_word' id='word_1_586' title='bbox 883 5930 1115 5998; x_wconf 80' lang='lat' dir='ltr'><strong>priorem</strong></span> <span class='ocrx_word' id='word_1_587' title='bbox 1140 5931 1418 6000; x_wconf 70' lang='lat' dir='ltr'><strong>epistolam</strong></span> <span class='ocrx_word' id='word_1_588' title='bbox 1449 5934 1527 5988; x_wconf 83' lang='lat' dir='ltr'><strong>eis</strong></span> <span class='ocrx_word' id='word_1_589' title='bbox 1551 5934 1699 5987; x_wconf 86' lang='lat' dir='ltr'><strong>misit</strong></span> <span class='ocrx_word' id='word_1_590' title='bbox 1735 5934 1784 5987; x_wconf 88' lang='lat' dir='ltr'><strong>in</strong></span> <span class='ocrx_word' id='word_1_591' title='bbox 1814 5951 1915 6004; x_wconf 83' lang='lat' dir='ltr'><strong>qua</strong></span> <span class='ocrx_word' id='word_1_592' title='bbox 1951 5951 2031 5990; x_wconf 87' lang='lat' dir='ltr'><strong>re-</strong></span> 
     </span>
    </p>
   </div>
   <div class='ocr_carea' id='block_1_75' title="bbox 2153 2066 3735 2135">
    <p class='ocr_par' dir='ltr' id='par_1_75' title="bbox 2153 2066 3735 2135">
     <span class='ocr_line' id='line_1_75' title="bbox 2153 2066 3735 2135; baseline 0.004 -15"><span class='ocrx_word' id='word_1_593' title='bbox 2153 2066 2415 2120; x_wconf 83' lang='lat' dir='ltr'><strong>charitate</strong></span> <span class='ocrx_word' id='word_1_594' title='bbox 2446 2067 2600 2120; x_wconf 92' lang='lat' dir='ltr'><strong>uniti.</strong></span> <span class='ocrx_word' id='word_1_595' title='bbox 2647 2066 2903 2135; x_wconf 89' lang='lat' dir='ltr'><strong>Sequitur</strong></span> <span class='ocrx_word' id='word_1_596' title='bbox 2933 2086 2945 2122; x_wconf 90' lang='lat'><strong>:</strong></span> <span class='ocrx_word' id='word_1_597' title='bbox 2973 2078 3029 2122; x_wconf 84' lang='lat' dir='ltr'><strong>ut</strong></span> <span class='ocrx_word' id='word_1_598' title='bbox 3051 2085 3156 2122; x_wconf 84' lang='lat' dir='ltr'><strong>non</strong></span> <span class='ocrx_word' id='word_1_599' title='bbox 3175 2086 3380 2126; x_wconf 84' lang='lat' dir='ltr'><strong>onerem</strong></span> <span class='ocrx_word' id='word_1_600' title='bbox 3406 2089 3589 2127; x_wconf 82' lang='lat' dir='ltr'><strong>omnes</strong></span> <span class='ocrx_word' id='word_1_601' title='bbox 3617 2091 3735 2129; x_wconf 80' lang='lat' dir='ltr'><strong>vos.</strong></span> 
     </span>
    </p>
   </div>
   <div class='ocr_carea' id='block_1_76' title="bbox 2151 2155 3741 2232">
    <p class='ocr_par' dir='ltr' id='par_1_76' title="bbox 2151 2155 3741 2232">
     <span class='ocr_line' id='line_1_76' title="bbox 2151 2155 3741 2232; baseline 0.005 -20"><span class='ocrx_word' id='word_1_602' title='bbox 2151 2155 2392 2213; x_wconf 87' lang='lat' dir='ltr'><strong>Onerare</strong></span> <span class='ocrx_word' id='word_1_603' title='bbox 2421 2168 2504 2212; x_wconf 88' lang='lat' dir='ltr'><strong>est</strong></span> <span class='ocrx_word' id='word_1_604' title='bbox 2528 2174 2664 2213; x_wconf 93' lang='lat' dir='ltr'><strong>onus</strong></span> <span class='ocrx_word' id='word_1_605' title='bbox 2691 2168 2746 2212; x_wconf 93' lang='lat' dir='ltr'><strong>et</strong></span> <span class='ocrx_word' id='word_1_606' title='bbox 2770 2161 2978 2229; x_wconf 88' lang='lat' dir='ltr'><strong>pondus</strong></span> <span class='ocrx_word' id='word_1_607' title='bbox 3005 2160 3220 2230; x_wconf 83' lang='lat' dir='ltr'><strong>aliquod</strong></span> <span class='ocrx_word' id='word_1_608' title='bbox 3248 2163 3544 2232; x_wconf 85' lang='lat' dir='ltr'><strong>imponere.</strong></span> <span class='ocrx_word' id='word_1_609' title='bbox 3591 2164 3741 2220; x_wconf 80' lang='lat' dir='ltr'><strong>Sen-</strong></span> 
     </span>
    </p>
   </div>
   <div class='ocr_carea' id='block_1_77' title="bbox 2151 2247 3739 2321">
    <p class='ocr_par' dir='ltr' id='par_1_77' title="bbox 2151 2247 3739 2321">
     <span class='ocr_line' id='line_1_77' title="bbox 2151 2247 3739 2321; baseline 0.006 -19"><span class='ocrx_word' id='word_1_610' title='bbox 2151 2263 2242 2302; x_wconf 90' lang='lat' dir='ltr'><strong>sus</strong></span> <span class='ocrx_word' id='word_1_611' title='bbox 2271 2249 2370 2302; x_wconf 85' lang='lat' dir='ltr'><strong>iste</strong></span> <span class='ocrx_word' id='word_1_612' title='bbox 2394 2257 2477 2302; x_wconf 90' lang='lat' dir='ltr'><strong>est</strong></span> <span class='ocrx_word' id='word_1_613' title='bbox 2510 2267 2522 2300; x_wconf 88' lang='lat'><strong>:</strong></span> <span class='ocrx_word' id='word_1_614' title='bbox 2553 2247 2668 2302; x_wconf 86' lang='lat' dir='ltr'><strong>Non</strong></span> <span class='ocrx_word' id='word_1_615' title='bbox 2699 2251 3016 2318; x_wconf 87' lang='lat' dir='ltr'><strong>reprehendi</strong></span> <span class='ocrx_word' id='word_1_616' title='bbox 3054 2251 3173 2304; x_wconf 88' lang='lat' dir='ltr'><strong>ideo</strong></span> <span class='ocrx_word' id='word_1_617' title='bbox 3204 2251 3603 2321; x_wconf 81' lang='lat' dir='ltr'><strong>delinquentes,</strong></span> <span class='ocrx_word' id='word_1_618' title='bbox 3635 2271 3739 2311; x_wconf 83' lang='lat' dir='ltr'><strong>ne-</strong></span> 
     </span>
    </p>
   </div>
   <div class='ocr_carea' id='block_1_78' title="bbox 2152 2342 3739 2413">
    <p class='ocr_par' dir='ltr' id='par_1_78' title="bbox 2152 2342 3739 2413">
     <span class='ocr_line' id='line_1_78' title="bbox 2152 2342 3739 2413; baseline 0 -16"><span class='ocrx_word' id='word_1_619' title='bbox 2152 2357 2257 2412; x_wconf 88' lang='lat' dir='ltr'><strong>que</strong></span> <span class='ocrx_word' id='word_1_620' title='bbox 2295 2342 2754 2397; x_wconf 84' lang='lat' dir='ltr'><strong>excommunicavi</strong></span> <span class='ocrx_word' id='word_1_621' title='bbox 2783 2342 2840 2396; x_wconf 87' lang='lat' dir='ltr'><strong>in</strong></span> <span class='ocrx_word' id='word_1_622' title='bbox 2866 2342 3034 2413; x_wconf 86' lang='lat' dir='ltr'><strong>priori</strong></span> <span class='ocrx_word' id='word_1_623' title='bbox 3071 2343 3319 2413; x_wconf 86' lang='lat' dir='ltr'><strong>epistola,</strong></span> <span class='ocrx_word' id='word_1_624' title='bbox 3361 2354 3425 2400; x_wconf 75' lang='lat' dir='ltr'><strong>ut</strong></span> <span class='ocrx_word' id='word_1_625' title='bbox 3463 2362 3561 2403; x_wconf 82' lang='lat' dir='ltr'><strong>vos</strong></span> <span class='ocrx_word' id='word_1_626' title='bbox 3598 2364 3739 2405; x_wconf 78' lang='lat' dir='ltr'><strong>one.</strong></span> 
     </span>
    </p>
   </div>
   <div class='ocr_carea' id='block_1_79' title="bbox 2151 2434 3736 2510">
    <p class='ocr_par' dir='ltr' id='par_1_79' title="bbox 2151 2434 3736 2510">
     <span class='ocr_line' id='line_1_79' title="bbox 2151 2434 3736 2510; baseline 0.006 -21"><span class='ocrx_word' id='word_1_627' title='bbox 2151 2449 2329 2490; x_wconf 89' lang='lat' dir='ltr'><strong>rarem</strong></span> <span class='ocrx_word' id='word_1_628' title='bbox 2374 2449 2437 2489; x_wconf 89' lang='lat' dir='ltr'><strong>ea</strong></span> <span class='ocrx_word' id='word_1_629' title='bbox 2487 2434 2859 2504; x_wconf 90' lang='lat' dir='ltr'><strong>correptione,</strong></span> <span class='ocrx_word' id='word_1_630' title='bbox 2903 2435 2991 2505; x_wconf 92' lang='lat' dir='ltr'><strong>qui</strong></span> <span class='ocrx_word' id='word_1_631' title='bbox 3035 2435 3276 2505; x_wconf 77' lang='lat' dir='ltr'><strong>perfecte</strong></span> <span class='ocrx_word' id='word_1_632' title='bbox 3315 2443 3736 2510; x_wconf 78' lang='lat' dir='ltr'><strong>conversamini,</strong></span> 
     </span>
    </p>
   </div>
   <div class='ocr_carea' id='block_1_80' title="bbox 2150 2525 3738 2595">
    <p class='ocr_par' dir='ltr' id='par_1_80' title="bbox 2150 2525 3738 2595">
     <span class='ocr_line' id='line_1_80' title="bbox 2150 2525 3738 2595; baseline 0.007 -16"><span class='ocrx_word' id='word_1_633' title='bbox 2150 2540 2324 2595; x_wconf 86' lang='lat' dir='ltr'><strong>neque</strong></span> <span class='ocrx_word' id='word_1_634' title='bbox 2349 2525 2514 2580; x_wconf 90' lang='lat' dir='ltr'><strong>etiam</strong></span> <span class='ocrx_word' id='word_1_635' title='bbox 2550 2525 2672 2580; x_wconf 89' lang='lat' dir='ltr'><strong>ideo</strong></span> <span class='ocrx_word' id='word_1_636' title='bbox 2706 2526 2876 2580; x_wconf 87' lang='lat' dir='ltr'><strong>recito</strong></span> <span class='ocrx_word' id='word_1_637' title='bbox 2917 2526 3060 2590; x_wconf 76' lang='lat' dir='ltr'><strong>talia,</strong></span> <span class='ocrx_word' id='word_1_638' title='bbox 3100 2536 3159 2581; x_wconf 91' lang='lat' dir='ltr'><strong>ut</strong></span> <span class='ocrx_word' id='word_1_639' title='bbox 3191 2542 3287 2584; x_wconf 90' lang='lat' dir='ltr'><strong>vos</strong></span> <span class='ocrx_word' id='word_1_640' title='bbox 3321 2545 3543 2586; x_wconf 84' lang='lat' dir='ltr'><strong>onerem</strong></span> <span class='ocrx_word' id='word_1_641' title='bbox 3569 2536 3738 2590; x_wconf 84' lang='lat' dir='ltr'><strong>modo</strong></span> 
     </span>
    </p>
   </div>
   <div class='ocr_carea' id='block_1_81' title="bbox 2151 2618 3738 2700">
    <p class='ocr_par' dir='ltr' id='par_1_81' title="bbox 2151 2618 3738 2700">
     <span class='ocr_line' id='line_1_81' title="bbox 2151 2618 3738 2700; baseline 0.007 -28"><span class='ocrx_word' id='word_1_642' title='bbox 2151 2618 2667 2700; x_wconf 76' lang='lat' dir='ltr'><strong>excommunicando</strong></span> <span class='ocrx_word' id='word_1_643' title='bbox 2699 2627 2758 2672; x_wconf 87' lang='lat' dir='ltr'><strong>et</strong></span> <span class='ocrx_word' id='word_1_644' title='bbox 2791 2619 3177 2690; x_wconf 85' lang='lat' dir='ltr'><strong>redarguendo,</strong></span> <span class='ocrx_word' id='word_1_645' title='bbox 3220 2622 3313 2675; x_wconf 85' lang='lat' dir='ltr'><strong>sed</strong></span> <span class='ocrx_word' id='word_1_646' title='bbox 3355 2631 3414 2677; x_wconf 87' lang='lat' dir='ltr'><strong>ut</strong></span> <span class='ocrx_word' id='word_1_647' title='bbox 3443 2624 3518 2678; x_wconf 82' lang='lat' dir='ltr'><strong>illi</strong></span> <span class='ocrx_word' id='word_1_648' title='bbox 3557 2631 3738 2683; x_wconf 88' lang='lat' dir='ltr'><strong>corri-</strong></span> 
     </span>
    </p>
   </div>
   <div class='ocr_carea' id='block_1_82' title="bbox 2151 2711 3508 2782">
    <p class='ocr_par' dir='ltr' id='par_1_82' title="bbox 2151 2711 3508 2782">
     <span class='ocr_line' id='line_1_82' title="bbox 2151 2711 3508 2782; baseline 0.004 -16"><span class='ocrx_word' id='word_1_649' title='bbox 2151 2720 2406 2782; x_wconf 69' lang='lat' dir='ltr'><strong>gerentur</strong></span> <span class='ocrx_word' id='word_1_650' title='bbox 2444 2712 2535 2781; x_wconf 90' lang='lat' dir='ltr'><strong>qui</strong></span> <span class='ocrx_word' id='word_1_651' title='bbox 2573 2726 2602 2765; x_wconf 86' lang='lat' dir='ltr'><strong>a</strong></span> <span class='ocrx_word' id='word_1_652' title='bbox 2641 2711 2726 2765; x_wconf 86' lang='lat' dir='ltr'><strong>via</strong></span> <span class='ocrx_word' id='word_1_653' title='bbox 2761 2712 3101 2768; x_wconf 86' lang='lat' dir='ltr'><strong>rectitudinis</strong></span> <span class='ocrx_word' id='word_1_654' title='bbox 3141 2711 3508 2771; x_wconf 84' lang='lat' dir='ltr'><strong>deviaverunt.</strong></span> 
     </span>
    </p>
   </div>
   <div class='ocr_carea' id='block_1_83' title="bbox 2223 2802 3735 2875">
    <p class='ocr_par' dir='ltr' id='par_1_83' title="bbox 2223 2802 3735 2875">
     <span class='ocr_line' id='line_1_83' title="bbox 2223 2802 3735 2875; baseline 0.005 -17"><span class='ocrx_word' id='word_1_655' title='bbox 2223 2803 2428 2858; x_wconf 85' lang='lat' dir='ltr'><strong>Suﬁicit</strong></span> <span class='ocrx_word' id='word_1_656' title='bbox 2459 2803 2555 2869; x_wconf 87' lang='lat' dir='ltr'><strong>illi,</strong></span> <span class='ocrx_word' id='word_1_657' title='bbox 2591 2802 2930 2868; x_wconf 80' lang='lat' dir='ltr'><strong>fornicatori,</strong></span> <span class='ocrx_word' id='word_1_658' title='bbox 2953 2807 3042 2874; x_wconf 84' lang='lat' dir='ltr'><strong>qui</strong></span> <span class='ocrx_word' id='word_1_659' title='bbox 3071 2805 3332 2875; x_wconf 83' lang='lat' dir='ltr'><strong>ejusmodi</strong></span> <span class='ocrx_word' id='word_1_660' title='bbox 3353 2817 3451 2872; x_wconf 79' lang='lat' dir='ltr'><strong>est,</strong></span> <span class='ocrx_word' id='word_1_661' title='bbox 3479 2809 3735 2866; x_wconf 79' lang='lat' dir='ltr'><strong>videlicet</strong></span> 
     </span>
    </p>
   </div>
   <div class='ocr_carea' id='block_1_84' title="bbox 2150 2897 3735 2970">
    <p class='ocr_par' dir='ltr' id='par_1_84' title="bbox 2150 2897 3735 2970">
     <span class='ocr_line' id='line_1_84' title="bbox 2150 2897 3735 2970; baseline 0.006 -18"><span class='ocrx_word' id='word_1_662' title='bbox 2150 2897 2243 2968; x_wconf 87' lang='lat' dir='ltr'><strong>qui</strong></span> <span class='ocrx_word' id='word_1_663' title='bbox 2284 2914 2506 2952; x_wconf 82' lang='lat' dir='ltr'><strong>uxorem</strong></span> <span class='ocrx_word' id='word_1_664' title='bbox 2549 2898 2722 2968; x_wconf 87' lang='lat' dir='ltr'><strong>patris</strong></span> <span class='ocrx_word' id='word_1_665' title='bbox 2769 2899 2995 2968; x_wconf 88' lang='lat' dir='ltr'><strong>accepit,</strong></span> <span class='ocrx_word' id='word_1_666' title='bbox 3045 2899 3336 2970; x_wconf 83' lang='lat' dir='ltr'><strong>objurgatio</strong></span> <span class='ocrx_word' id='word_1_667' title='bbox 3381 2904 3513 2969; x_wconf 64' lang='lat' dir='ltr'><strong>hiet,</strong></span> <span class='ocrx_word' id='word_1_668' title='bbox 3553 2905 3610 2959; x_wconf 89' lang='lat' dir='ltr'><strong>id</strong></span> <span class='ocrx_word' id='word_1_669' title='bbox 3649 2917 3735 2961; x_wconf 76' lang='lat' dir='ltr'><strong>est</strong></span> 
     </span>
    </p>
   </div>
   <div class='ocr_carea' id='block_1_85' title="bbox 2150 2990 3729 3061">
    <p class='ocr_par' dir='ltr' id='par_1_85' title="bbox 2150 2990 3729 3061">
     <span class='ocr_line' id='line_1_85' title="bbox 2150 2990 3729 3061; baseline 0.004 -15"><span class='ocrx_word' id='word_1_670' title='bbox 2150 2990 2417 3058; x_wconf 88' lang='lat' dir='ltr'><strong>correptio</strong></span> <span class='ocrx_word' id='word_1_671' title='bbox 2464 2999 2520 3046; x_wconf 90' lang='lat' dir='ltr'><strong>et</strong></span> <span class='ocrx_word' id='word_1_672' title='bbox 2559 2990 2898 3061; x_wconf 89' lang='lat' dir='ltr'><strong>redargutio,</strong></span> <span class='ocrx_word' id='word_1_673' title='bbox 2928 3007 3044 3061; x_wconf 77' lang='lat' dir='ltr'><strong>qua:</strong></span> <span class='ocrx_word' id='word_1_674' title='bbox 3076 2991 3136 3060; x_wconf 79' lang='lat' dir='ltr'><strong>ﬁt</strong></span> <span class='ocrx_word' id='word_1_675' title='bbox 3168 3009 3200 3044; x_wconf 91' lang='lat' dir='ltr'><strong>a</strong></span> <span class='ocrx_word' id='word_1_676' title='bbox 3240 2991 3508 3060; x_wconf 74' lang='lat' dir='ltr'><strong>pluribus,</strong></span> <span class='ocrx_word' id='word_1_677' title='bbox 3539 2996 3594 3051; x_wconf 83' lang='lat' dir='ltr'><strong>id</strong></span> <span class='ocrx_word' id='word_1_678' title='bbox 3626 3006 3729 3060; x_wconf 79' lang='lat' dir='ltr'><strong>est,</strong></span> 
     </span>
    </p>
   </div>
   <div class='ocr_carea' id='block_1_86' title="bbox 2149 3081 3734 3158">
    <p class='ocr_par' dir='ltr' id='par_1_86' title="bbox 2149 3081 3734 3158">
     <span class='ocr_line' id='line_1_86' title="bbox 2149 3081 3734 3158; baseline 0.003 -20"><span class='ocrx_word' id='word_1_679' title='bbox 2149 3082 2343 3138; x_wconf 83' lang='lat' dir='ltr'><strong>suﬁicit</strong></span> <span class='ocrx_word' id='word_1_680' title='bbox 2381 3081 2454 3136; x_wconf 91' lang='lat' dir='ltr'><strong>illi</strong></span> <span class='ocrx_word' id='word_1_681' title='bbox 2496 3083 2562 3137; x_wconf 90' lang='lat' dir='ltr'><strong>ad</strong></span> <span class='ocrx_word' id='word_1_682' title='bbox 2601 3082 2971 3152; x_wconf 66' lang='lat' dir='ltr'><strong>penitentiam</strong></span> <span class='ocrx_word' id='word_1_683' title='bbox 3013 3084 3285 3154; x_wconf 88' lang='lat' dir='ltr'><strong>correptio</strong></span> <span class='ocrx_word' id='word_1_684' title='bbox 3328 3095 3384 3140; x_wconf 85' lang='lat' dir='ltr'><strong>et</strong></span> <span class='ocrx_word' id='word_1_685' title='bbox 3423 3085 3734 3158; x_wconf 70' lang='lat' dir='ltr'><strong>objugatio</strong></span> 
     </span>
    </p>
   </div>
   <div class='ocr_carea' id='block_1_87' title="bbox 2149 3174 3728 3247">
    <p class='ocr_par' dir='ltr' id='par_1_87' title="bbox 2149 3174 3728 3247">
     <span class='ocr_line' id='line_1_87' title="bbox 2149 3174 3728 3247; baseline 0.002 -16"><span class='ocrx_word' id='word_1_686' title='bbox 2149 3176 2436 3247; x_wconf 80' lang='lat' dir='ltr'><strong>generalis,</strong></span> <span class='ocrx_word' id='word_1_687' title='bbox 2470 3185 2524 3230; x_wconf 89' lang='lat' dir='ltr'><strong>et</strong></span> <span class='ocrx_word' id='word_1_688' title='bbox 2559 3175 2702 3245; x_wconf 92' lang='lat' dir='ltr'><strong>quod</strong></span> <span class='ocrx_word' id='word_1_689' title='bbox 2732 3191 2762 3228; x_wconf 90' lang='lat' dir='ltr'><strong>a</strong></span> <span class='ocrx_word' id='word_1_690' title='bbox 2792 3174 3069 3230; x_wconf 78' lang='lat' dir='ltr'><strong>consortio</strong></span> <span class='ocrx_word' id='word_1_691' title='bbox 3097 3177 3338 3230; x_wconf 89' lang='lat' dir='ltr'><strong>omnium</strong></span> <span class='ocrx_word' id='word_1_692' title='bbox 3365 3187 3606 3233; x_wconf 78' lang='lat' dir='ltr'><strong>vestrum</strong></span> <span class='ocrx_word' id='word_1_693' title='bbox 3631 3195 3728 3234; x_wconf 77' lang='lat' dir='ltr'><strong>ex-</strong></span> 
     </span>
    </p>
   </div>
   <div class='ocr_carea' id='block_1_88' title="bbox 2148 3266 3730 3340">
    <p class='ocr_par' dir='ltr' id='par_1_88' title="bbox 2148 3266 3730 3340">
     <span class='ocr_line' id='line_1_88' title="bbox 2148 3266 3730 3340; baseline 0.003 -18"><span class='ocrx_word' id='word_1_694' title='bbox 2148 3267 2329 3323; x_wconf 91' lang='lat' dir='ltr'><strong>clusus</strong></span> <span class='ocrx_word' id='word_1_695' title='bbox 2367 3277 2467 3322; x_wconf 89' lang='lat' dir='ltr'><strong>est.</strong></span> <span class='ocrx_word' id='word_1_696' title='bbox 2523 3266 2654 3320; x_wconf 87' lang='lat' dir='ltr'><strong>Nam</strong></span> <span class='ocrx_word' id='word_1_697' title='bbox 2703 3267 2755 3321; x_wconf 93' lang='lat' dir='ltr'><strong>in</strong></span> <span class='ocrx_word' id='word_1_698' title='bbox 2799 3266 2963 3337; x_wconf 92' lang='lat' dir='ltr'><strong>priori</strong></span> <span class='ocrx_word' id='word_1_699' title='bbox 3010 3266 3234 3336; x_wconf 82' lang='lat' dir='ltr'><strong>epistola</strong></span> <span class='ocrx_word' id='word_1_700' title='bbox 3270 3271 3528 3340; x_wconf 71' lang='lat' dir='ltr'><strong>praecepit</strong></span> <span class='ocrx_word' id='word_1_701' title='bbox 3575 3271 3730 3326; x_wconf 86' lang='lat' dir='ltr'><strong>illum</strong></span> 
     </span>
    </p>
   </div>
   <div class='ocr_carea' id='block_1_89' title="bbox 2150 3357 3729 3432">
    <p class='ocr_par' dir='ltr' id='par_1_89' title="bbox 2150 3357 3729 3432">
     <span class='ocr_line' id='line_1_89' title="bbox 2150 3357 3729 3432; baseline 0.003 -19"><span class='ocrx_word' id='word_1_702' title='bbox 2150 3357 2270 3427; x_wconf 84' lang='lat' dir='ltr'><strong>ejici</strong></span> <span class='ocrx_word' id='word_1_703' title='bbox 2309 3375 2339 3413; x_wconf 90' lang='lat' dir='ltr'><strong>a</strong></span> <span class='ocrx_word' id='word_1_704' title='bbox 2375 3359 2630 3413; x_wconf 81' lang='lat' dir='ltr'><strong>societate</strong></span> <span class='ocrx_word' id='word_1_705' title='bbox 2673 3357 2927 3422; x_wconf 88' lang='lat' dir='ltr'><strong>ﬁdelium,</strong></span> <span class='ocrx_word' id='word_1_706' title='bbox 2976 3359 3222 3429; x_wconf 89' lang='lat' dir='ltr'><strong>inquiens</strong></span> <span class='ocrx_word' id='word_1_707' title='bbox 3253 3377 3264 3412; x_wconf 91' lang='lat'>:</span> <span class='ocrx_word' id='word_1_708' title='bbox 3299 3359 3602 3432; x_wconf 69' lang='lat' dir='ltr'><strong>Expurgatc</strong></span> <span class='ocrx_word' id='word_1_709' title='bbox 3647 3380 3729 3417; x_wconf 78' lang='lat' dir='ltr'><strong>ve-</strong></span> 
     </span>
    </p>
   </div>
   <div class='ocr_carea' id='block_1_90' title="bbox 2150 3449 3728 3524">
    <p class='ocr_par' dir='ltr' id='par_1_90' title="bbox 2150 3449 3728 3524">
     <span class='ocr_line' id='line_1_90' title="bbox 2150 3449 3728 3524; baseline 0.002 -18"><span class='ocrx_word' id='word_1_710' title='bbox 2150 3461 2234 3506; x_wconf 87' lang='lat' dir='ltr'><strong>tus</strong></span> <span class='ocrx_word' id='word_1_711' title='bbox 2267 3451 2572 3521; x_wconf 78' lang='lat' dir='ltr'><strong>fermentum</strong></span> <span class='ocrx_word' id='word_1_712' title='bbox 2603 3449 2654 3522; x_wconf 87' lang='grc'><strong>(1</strong></span> <span class='ocrx_word' id='word_1_713' title='bbox 2682 3450 2801 3505; x_wconf 87' lang='lat' dir='ltr'><strong>Cor.</strong></span> <span class='ocrx_word' id='word_1_714' title='bbox 2836 3450 2900 3520; x_wconf 82' lang='grc' dir='ltr'><strong>ι),</strong></span> <span class='ocrx_word' id='word_1_715' title='bbox 2929 3449 3076 3505; x_wconf 85' lang='lat' dir='ltr'><strong>illum</strong></span> <span class='ocrx_word' id='word_1_716' title='bbox 3100 3460 3441 3521; x_wconf 80' lang='lat' dir='ltr'><strong>peccatorem</strong></span> <span class='ocrx_word' id='word_1_717' title='bbox 3465 3455 3564 3524; x_wconf 80' lang='lat' dir='ltr'><strong>qui</strong></span> <span class='ocrx_word' id='word_1_718' title='bbox 3597 3471 3728 3510; x_wconf 74' lang='lat' dir='ltr'><strong>uxo-</strong></span> 
     </span>
    </p>
   </div>
   <div class='ocr_carea' id='block_1_91' title="bbox 2149 3543 3724 3614">
    <p class='ocr_par' dir='ltr' id='par_1_91' title="bbox 2149 3543 3724 3614">
     <span class='ocr_line' id='line_1_91' title="bbox 2149 3543 3724 3614; baseline 0.003 -16"><span class='ocrx_word' id='word_1_719' title='bbox 2149 3559 2262 3600; x_wconf 88' lang='lat' dir='ltr'><strong>rem</strong></span> <span class='ocrx_word' id='word_1_720' title='bbox 2306 3544 2474 3614; x_wconf 90' lang='lat' dir='ltr'><strong>patris</strong></span> <span class='ocrx_word' id='word_1_721' title='bbox 2509 3544 2742 3614; x_wconf 81' lang='lat' dir='ltr'><strong>accepit,</strong></span> <span class='ocrx_word' id='word_1_722' title='bbox 2781 3543 3027 3614; x_wconf 78' lang='lat' dir='ltr'><strong>expellite</strong></span> <span class='ocrx_word' id='word_1_723' title='bbox 3053 3553 3106 3599; x_wconf 90' lang='lat' dir='ltr'><strong>et</strong></span> <span class='ocrx_word' id='word_1_724' title='bbox 3129 3544 3308 3614; x_wconf 82' lang='lat' dir='ltr'><strong>ejicite</strong></span> <span class='ocrx_word' id='word_1_725' title='bbox 3334 3561 3363 3599; x_wconf 87' lang='lat' dir='ltr'><strong>a</strong></span> <span class='ocrx_word' id='word_1_726' title='bbox 3387 3556 3570 3602; x_wconf 80' lang='lat' dir='ltr'><strong>vestro</strong></span> <span class='ocrx_word' id='word_1_727' title='bbox 3594 3563 3724 3603; x_wconf 56' lang='lat' dir='ltr'><strong>cono</strong></span> 
     </span>
    </p>
   </div>
   <div class='ocr_carea' id='block_1_92' title="bbox 2148 3635 3728 3709">
    <p class='ocr_par' dir='ltr' id='par_1_92' title="bbox 2148 3635 3728 3709">
     <span class='ocr_line' id='line_1_92' title="bbox 2148 3635 3728 3709; baseline 0.001 -18"><span class='ocrx_word' id='word_1_728' title='bbox 2148 3636 2317 3691; x_wconf 87' lang='lat' dir='ltr'><strong>sortio</strong></span> <span class='ocrx_word' id='word_1_729' title='bbox 2337 3653 2352 3702; x_wconf 91' lang='lat'><strong>;</strong></span> <span class='ocrx_word' id='word_1_730' title='bbox 2376 3644 2428 3690; x_wconf 93' lang='lat' dir='ltr'><strong>et</strong></span> <span class='ocrx_word' id='word_1_731' title='bbox 2454 3651 2519 3690; x_wconf 91' lang='lat' dir='ltr'><strong>ne</strong></span> <span class='ocrx_word' id='word_1_732' title='bbox 2545 3636 2598 3690; x_wconf 90' lang='lat' dir='ltr'><strong>in</strong></span> <span class='ocrx_word' id='word_1_733' title='bbox 2625 3635 3052 3704; x_wconf 76' lang='lat' dir='ltr'><strong>deeperatiouem</strong></span> <span class='ocrx_word' id='word_1_734' title='bbox 3083 3636 3422 3692; x_wconf 88' lang='lat' dir='ltr'><strong>delaberetur</strong></span> <span class='ocrx_word' id='word_1_735' title='bbox 3442 3638 3486 3692; x_wconf 85' lang='lat' dir='ltr'><strong>si</strong></span> <span class='ocrx_word' id='word_1_736' title='bbox 3516 3654 3728 3709; x_wconf 83' lang='lat' dir='ltr'><strong>semper</strong></span> 
     </span>
    </p>
   </div>
   <div class='ocr_carea' id='block_1_93' title="bbox 2148 3728 3722 3793">
    <p class='ocr_par' dir='ltr' id='par_1_93' title="bbox 2148 3728 3722 3793">
     <span class='ocr_line' id='line_1_93' title="bbox 2148 3728 3722 3793; baseline 0.003 -11"><span class='ocrx_word' id='word_1_737' title='bbox 2148 3728 2396 3783; x_wconf 83' lang='lat' dir='ltr'><strong>exclusus</strong></span> <span class='ocrx_word' id='word_1_738' title='bbox 2427 3736 2572 3782; x_wconf 90' lang='lat' dir='ltr'><strong>esset</strong></span> <span class='ocrx_word' id='word_1_739' title='bbox 2597 3744 2626 3781; x_wconf 89' lang='lat' dir='ltr'><strong>a</strong></span> <span class='ocrx_word' id='word_1_740' title='bbox 2655 3729 2912 3783; x_wconf 86' lang='lat' dir='ltr'><strong>societate</strong></span> <span class='ocrx_word' id='word_1_741' title='bbox 2949 3728 3205 3793; x_wconf 90' lang='lat' dir='ltr'><strong>ﬁdelium,</strong></span> <span class='ocrx_word' id='word_1_742' title='bbox 3237 3731 3554 3786; x_wconf 88' lang='lat' dir='ltr'><strong>reconciliat</strong></span> <span class='ocrx_word' id='word_1_743' title='bbox 3574 3733 3722 3787; x_wconf 86' lang='lat' dir='ltr'><strong>illum</strong></span> 
     </span>
    </p>
   </div>
   <div class='ocr_carea' id='block_1_94' title="bbox 2149 3818 3724 3891">
    <p class='ocr_par' dir='ltr' id='par_1_94' title="bbox 2149 3818 3724 3891">
     <span class='ocr_line' id='line_1_94' title="bbox 2149 3818 3724 3891; baseline 0.004 -19"><span class='ocrx_word' id='word_1_744' title='bbox 2149 3819 2249 3873; x_wconf 91' lang='lat' dir='ltr'><strong>hoc</strong></span> <span class='ocrx_word' id='word_1_745' title='bbox 2280 3819 2436 3874; x_wconf 89' lang='lat' dir='ltr'><strong>modo</strong></span> <span class='ocrx_word' id='word_1_746' title='bbox 2467 3833 2793 3888; x_wconf 86' lang='lat' dir='ltr'><strong>cognoscens</strong></span> <span class='ocrx_word' id='word_1_747' title='bbox 2817 3818 2962 3874; x_wconf 82' lang='lat' dir='ltr'><strong>illum</strong></span> <span class='ocrx_word' id='word_1_748' title='bbox 2992 3834 3110 3874; x_wconf 87' lang='lat' dir='ltr'><strong>esse</strong></span> <span class='ocrx_word' id='word_1_749' title='bbox 3136 3830 3422 3891; x_wconf 89' lang='lat' dir='ltr'><strong>purgatum</strong></span> <span class='ocrx_word' id='word_1_750' title='bbox 3460 3841 3474 3876; x_wconf 88' lang='lat'><strong>:</strong></span> <span class='ocrx_word' id='word_1_751' title='bbox 3513 3823 3724 3879; x_wconf 90' lang='lat' dir='ltr'><strong>diabolo</strong></span> 
     </span>
    </p>
   </div>
   <div class='ocr_carea' id='block_1_95' title="bbox 2148 3909 3724 3985">
    <p class='ocr_par' dir='ltr' id='par_1_95' title="bbox 2148 3909 3724 3985">
     <span class='ocr_line' id='line_1_95' title="bbox 2148 3909 3724 3985; baseline 0.004 -23"><span class='ocrx_word' id='word_1_752' title='bbox 2148 3909 2347 3964; x_wconf 88' lang='lat' dir='ltr'><strong>etenim</strong></span> <span class='ocrx_word' id='word_1_753' title='bbox 2389 3917 2704 3979; x_wconf 81' lang='lat' dir='ltr'><strong>suggerente</strong></span> <span class='ocrx_word' id='word_1_754' title='bbox 2740 3909 2998 3977; x_wconf 88' lang='lat' dir='ltr'><strong>peccavit,</strong></span> <span class='ocrx_word' id='word_1_755' title='bbox 3025 3919 3080 3964; x_wconf 86' lang='lat' dir='ltr'><strong>et</strong></span> <span class='ocrx_word' id='word_1_756' title='bbox 3107 3925 3172 3964; x_wconf 85' lang='lat' dir='ltr'><strong>eo</strong></span> <span class='ocrx_word' id='word_1_757' title='bbox 3201 3910 3498 3979; x_wconf 84' lang='lat' dir='ltr'><strong>ﬁagellante</strong></span> <span class='ocrx_word' id='word_1_758' title='bbox 3535 3929 3724 3985; x_wconf 82' lang='lat' dir='ltr'><strong>purga-</strong></span> 
     </span>
    </p>
   </div>
   <div class='ocr_carea' id='block_1_96' title="bbox 2149 3999 3724 4070">
    <p class='ocr_par' dir='ltr' id='par_1_96' title="bbox 2149 3999 3724 4070">
     <span class='ocr_line' id='line_1_96' title="bbox 2149 3999 3724 4070; baseline 0.004 -17"><span class='ocrx_word' id='word_1_759' title='bbox 2149 4007 2235 4055; x_wconf 90' lang='lat' dir='ltr'><strong>tus</strong></span> <span class='ocrx_word' id='word_1_760' title='bbox 2265 4009 2367 4064; x_wconf 87' lang='lat' dir='ltr'><strong>est,</strong></span> <span class='ocrx_word' id='word_1_761' title='bbox 2407 3999 2620 4068; x_wconf 85' lang='lat' dir='ltr'><strong>quando</strong></span> <span class='ocrx_word' id='word_1_762' title='bbox 2661 4000 2887 4054; x_wconf 89' lang='lat' dir='ltr'><strong>traditus</strong></span> <span class='ocrx_word' id='word_1_763' title='bbox 2921 4008 3004 4054; x_wconf 90' lang='lat' dir='ltr'><strong>est</strong></span> <span class='ocrx_word' id='word_1_764' title='bbox 3050 4002 3302 4070; x_wconf 89' lang='lat' dir='ltr'><strong>potestati</strong></span> <span class='ocrx_word' id='word_1_765' title='bbox 3345 4003 3508 4059; x_wconf 88' lang='lat' dir='ltr'><strong>illius.</strong></span> <span class='ocrx_word' id='word_1_766' title='bbox 3553 4005 3635 4060; x_wconf 83' lang='lat' dir='ltr'><strong>Ita</strong></span> <span class='ocrx_word' id='word_1_767' title='bbox 3672 4017 3724 4060; x_wconf 74' lang='lat' dir='ltr'><strong>ut</strong></span> 
     </span>
    </p>
   </div>
   <div class='ocr_carea' id='block_1_97' title="bbox 2147 4091 3721 4160">
    <p class='ocr_par' dir='ltr' id='par_1_97' title="bbox 2147 4091 3721 4160">
     <span class='ocr_line' id='line_1_97' title="bbox 2147 4091 3721 4160; baseline 0.004 -15"><span class='ocrx_word' id='word_1_768' title='bbox 2147 4092 2437 4145; x_wconf 85' lang='lat' dir='ltr'><strong>econtrario</strong></span> <span class='ocrx_word' id='word_1_769' title='bbox 2472 4092 2640 4160; x_wconf 82' lang='lat' dir='ltr'><strong>magis</strong></span> <span class='ocrx_word' id='word_1_770' title='bbox 2667 4091 2886 4154; x_wconf 75' lang='lat' dir='ltr'><strong>donetis,</strong></span> <span class='ocrx_word' id='word_1_771' title='bbox 2913 4091 2962 4144; x_wconf 89' lang='lat' dir='ltr'><strong>id</strong></span> <span class='ocrx_word' id='word_1_772' title='bbox 2991 4101 3096 4156; x_wconf 80' lang='lat' dir='ltr'><strong>est,</strong></span> <span class='ocrx_word' id='word_1_773' title='bbox 3129 4102 3260 4147; x_wconf 86' lang='lat' dir='ltr'><strong>tunc</strong></span> <span class='ocrx_word' id='word_1_774' title='bbox 3289 4093 3520 4150; x_wconf 74' lang='lat' dir='ltr'><strong>sufﬁciet</strong></span> <span class='ocrx_word' id='word_1_775' title='bbox 3547 4097 3595 4151; x_wconf 91' lang='lat' dir='ltr'><strong>ei</strong></span> <span class='ocrx_word' id='word_1_776' title='bbox 3623 4099 3721 4152; x_wconf 85' lang='lat' dir='ltr'><strong>ob-</strong></span> 
     </span>
    </p>
   </div>
   <div class='ocr_carea' id='block_1_98' title="bbox 2142 4179 3721 4251">
    <p class='ocr_par' dir='ltr' id='par_1_98' title="bbox 2142 4179 3721 4251">
     <span class='ocr_line' id='line_1_98' title="bbox 2142 4179 3721 4251; baseline 0.004 -16"><span class='ocrx_word' id='word_1_777' title='bbox 2142 4179 2382 4251; x_wconf 88' lang='lat' dir='ltr'><strong>jurgatio</strong></span> <span class='ocrx_word' id='word_1_778' title='bbox 2403 4195 2523 4250; x_wconf 65' lang='lat' dir='ltr'><strong>quae</strong></span> <span class='ocrx_word' id='word_1_779' title='bbox 2552 4179 2695 4234; x_wconf 80' lang='lat' dir='ltr'><strong>facta</strong></span> <span class='ocrx_word' id='word_1_780' title='bbox 2718 4188 2798 4235; x_wconf 86' lang='lat' dir='ltr'><strong>est</strong></span> <span class='ocrx_word' id='word_1_781' title='bbox 2828 4180 2901 4234; x_wconf 92' lang='lat' dir='ltr'><strong>illi</strong></span> <span class='ocrx_word' id='word_1_782' title='bbox 2921 4182 2990 4236; x_wconf 89' lang='lat' dir='ltr'><strong>ab</strong></span> <span class='ocrx_word' id='word_1_783' title='bbox 3016 4182 3269 4236; x_wconf 83' lang='lat' dir='ltr'><strong>omnibus</strong></span> <span class='ocrx_word' id='word_1_784' title='bbox 3290 4185 3466 4250; x_wconf 86' lang='lat' dir='ltr'><strong>vobis,</strong></span> <span class='ocrx_word' id='word_1_785' title='bbox 3495 4186 3539 4239; x_wconf 86' lang='lat' dir='ltr'><strong>si</strong></span> <span class='ocrx_word' id='word_1_786' title='bbox 3567 4202 3721 4241; x_wconf 84' lang='lat' dir='ltr'><strong>econ-</strong></span> 
     </span>
    </p>
   </div>
   <div class='ocr_carea' id='block_1_99' title="bbox 2146 4271 3720 4342">
    <p class='ocr_par' dir='ltr' id='par_1_99' title="bbox 2146 4271 3720 4342">
     <span class='ocr_line' id='line_1_99' title="bbox 2146 4271 3720 4342; baseline 0.003 -16"><span class='ocrx_word' id='word_1_787' title='bbox 2146 4273 2316 4326; x_wconf 84' lang='lat' dir='ltr'><strong>trario</strong></span> <span class='ocrx_word' id='word_1_788' title='bbox 2363 4271 2684 4341; x_wconf 83' lang='lat' dir='ltr'><strong>indulgeatis</strong></span> <span class='ocrx_word' id='word_1_789' title='bbox 2730 4272 2778 4326; x_wconf 90' lang='lat' dir='ltr'><strong>ei</strong></span> <span class='ocrx_word' id='word_1_790' title='bbox 2826 4273 2967 4339; x_wconf 88' lang='lat' dir='ltr'><strong>quod</strong></span> <span class='ocrx_word' id='word_1_791' title='bbox 3012 4272 3258 4342; x_wconf 83' lang='lat' dir='ltr'><strong>deliquit,</strong></span> <span class='ocrx_word' id='word_1_792' title='bbox 3297 4284 3345 4328; x_wconf 82' lang='lat' dir='ltr'><strong>et</strong></span> <span class='ocrx_word' id='word_1_793' title='bbox 3388 4275 3720 4331; x_wconf 75' lang='lat' dir='ltr'><strong>consolemiiu&#39;</strong></span> 
     </span>
    </p>
   </div>
   <div class='ocr_carea' id='block_1_100' title="bbox 2145 4366 3720 4437">
    <p class='ocr_par' dir='ltr' id='par_1_100' title="bbox 2145 4366 3720 4437">
     <span class='ocr_line' id='line_1_100' title="bbox 2145 4366 3720 4437; baseline 0.001 -15"><span class='ocrx_word' id='word_1_794' title='bbox 2145 4382 2292 4430; x_wconf 88' lang='lat' dir='ltr'><strong>eum,</strong></span> <span class='ocrx_word' id='word_1_795' title='bbox 2328 4383 2389 4421; x_wconf 90' lang='lat' dir='ltr'><strong>ne</strong></span> <span class='ocrx_word' id='word_1_796' title='bbox 2423 4367 2578 4437; x_wconf 82' lang='lat' dir='ltr'><strong>forte,</strong></span> <span class='ocrx_word' id='word_1_797' title='bbox 2615 4366 2870 4421; x_wconf 85' lang='lat' dir='ltr'><strong>subaudis</strong></span> <span class='ocrx_word' id='word_1_798' title='bbox 2897 4367 3149 4422; x_wconf 79' lang='lat' dir='ltr'><strong>exclusus</strong></span> <span class='ocrx_word' id='word_1_799' title='bbox 3179 4385 3207 4421; x_wconf 89' lang='lat' dir='ltr'><strong>a</strong></span> <span class='ocrx_word' id='word_1_800' title='bbox 3237 4370 3410 4433; x_wconf 88' lang='lat' dir='ltr'><strong>vobis,</strong></span> <span class='ocrx_word' id='word_1_801' title='bbox 3454 4371 3720 4424; x_wconf 81' lang='lat' dir='ltr'><strong>abundan-</strong></span> 
     </span>
    </p>
   </div>
   <div class='ocr_carea' id='block_1_101' title="bbox 2149 4457 3718 4528">
    <p class='ocr_par' dir='ltr' id='par_1_101' title="bbox 2149 4457 3718 4528">
     <span class='ocr_line' id='line_1_101' title="bbox 2149 4457 3718 4528; baseline 0.004 -18"><span class='ocrx_word' id='word_1_802' title='bbox 2149 4459 2271 4511; x_wconf 89' lang='lat' dir='ltr'><strong>tiori</strong></span> <span class='ocrx_word' id='word_1_803' title='bbox 2299 4458 2511 4512; x_wconf 86' lang='lat' dir='ltr'><strong>tristitia</strong></span> <span class='ocrx_word' id='word_1_804' title='bbox 2547 4457 2886 4512; x_wconf 79' lang='lat' dir='ltr'><strong>absorbeatur</strong></span> <span class='ocrx_word' id='word_1_805' title='bbox 2917 4459 3006 4528; x_wconf 88' lang='lat' dir='ltr'><strong>qui</strong></span> <span class='ocrx_word' id='word_1_806' title='bbox 3031 4459 3287 4528; x_wconf 82' lang='lat' dir='ltr'><strong>ejusmodi</strong></span> <span class='ocrx_word' id='word_1_807' title='bbox 3309 4471 3405 4523; x_wconf 75' lang='lat' dir='ltr'><strong>est,</strong></span> <span class='ocrx_word' id='word_1_808' title='bbox 3443 4462 3494 4516; x_wconf 88' lang='lat' dir='ltr'><strong>id</strong></span> <span class='ocrx_word' id='word_1_809' title='bbox 3523 4473 3626 4525; x_wconf 82' lang='lat' dir='ltr'><strong>est,</strong></span> <span class='ocrx_word' id='word_1_810' title='bbox 3657 4477 3718 4517; x_wconf 81' lang='lat' dir='ltr'><strong>ne</strong></span> 
     </span>
    </p>
   </div>
   <div class='ocr_carea' id='block_1_102' title="bbox 2149 4549 3717 4624">
    <p class='ocr_par' dir='ltr' id='par_1_102' title="bbox 2149 4549 3717 4624">
     <span class='ocr_line' id='line_1_102' title="bbox 2149 4549 3717 4624; baseline 0.003 -21"><span class='ocrx_word' id='word_1_811' title='bbox 2149 4549 2287 4604; x_wconf 64' lang='lat' dir='ltr'><strong>fin-te</strong></span> <span class='ocrx_word' id='word_1_812' title='bbox 2317 4549 2370 4602; x_wconf 90' lang='lat' dir='ltr'><strong>in</strong></span> <span class='ocrx_word' id='word_1_813' title='bbox 2403 4551 2828 4618; x_wconf 83' lang='lat' dir='ltr'><strong>desperationem</strong></span> <span class='ocrx_word' id='word_1_814' title='bbox 2859 4552 3057 4605; x_wconf 85' lang='lat' dir='ltr'><strong>cadens</strong></span> <span class='ocrx_word' id='word_1_815' title='bbox 3087 4550 3311 4606; x_wconf 76' lang='lat' dir='ltr'><strong>sutfocet</strong></span> <span class='ocrx_word' id='word_1_816' title='bbox 3340 4567 3398 4607; x_wconf 83' lang='lat' dir='ltr'><strong>se</strong></span> <span class='ocrx_word' id='word_1_817' title='bbox 3421 4552 3616 4624; x_wconf 85' lang='lat' dir='ltr'><strong>laqueo</strong></span> <span class='ocrx_word' id='word_1_818' title='bbox 3640 4553 3717 4607; x_wconf 79' lang='lat' dir='ltr'><strong>vel</strong></span> 
     </span>
    </p>
   </div>
   <div class='ocr_carea' id='block_1_103' title="bbox 2150 4642 3716 4712">
    <p class='ocr_par' dir='ltr' id='par_1_103' title="bbox 2150 4642 3716 4712">
     <span class='ocr_line' id='line_1_103' title="bbox 2150 4642 3716 4712; baseline 0.004 -16"><span class='ocrx_word' id='word_1_819' title='bbox 2150 4644 2327 4697; x_wconf 87' lang='lat' dir='ltr'><strong>tradat</strong></span> <span class='ocrx_word' id='word_1_820' title='bbox 2353 4658 2410 4697; x_wconf 85' lang='lat' dir='ltr'><strong>se</strong></span> <span class='ocrx_word' id='word_1_821' title='bbox 2440 4642 2798 4712; x_wconf 88' lang='lat' dir='ltr'><strong>voluptatibus</strong></span> <span class='ocrx_word' id='word_1_822' title='bbox 2823 4643 2981 4711; x_wconf 90' lang='lat' dir='ltr'><strong>hujus</strong></span> <span class='ocrx_word' id='word_1_823' title='bbox 3007 4645 3205 4706; x_wconf 59' lang='lat' dir='ltr'><strong>saeculi,</strong></span> <span class='ocrx_word' id='word_1_824' title='bbox 3238 4646 3424 4700; x_wconf 86' lang='lat' dir='ltr'><strong>dicens</strong></span> <span class='ocrx_word' id='word_1_825' title='bbox 3455 4647 3596 4702; x_wconf 84' lang='lat' dir='ltr'><strong>intra</strong></span> <span class='ocrx_word' id='word_1_826' title='bbox 3627 4663 3716 4702; x_wconf 84' lang='lat' dir='ltr'><strong>se:</strong></span> 
     </span>
    </p>
   </div>
   <div class='ocr_carea' id='block_1_104' title="bbox 2146 4740 3717 4810">
    <p class='ocr_par' dir='ltr' id='par_1_104' title="bbox 2146 4740 3717 4810">
     <span class='ocr_line' id='line_1_104' title="bbox 2146 4740 3717 4810; baseline 0.001 -14"><span class='ocrx_word' id='word_1_827' title='bbox 2146 4740 2265 4796; x_wconf 81' lang='lat' dir='ltr'><strong>Jam</strong></span> <span class='ocrx_word' id='word_1_828' title='bbox 2286 4756 2410 4810; x_wconf 80' lang='lat' dir='ltr'><strong>quia</strong></span> <span class='ocrx_word' id='word_1_829' title='bbox 2433 4755 2462 4793; x_wconf 91' lang='lat' dir='ltr'><strong>a</strong></span> <span class='ocrx_word' id='word_1_830' title='bbox 2485 4740 2743 4794; x_wconf 85' lang='lat' dir='ltr'><strong>societate</strong></span> <span class='ocrx_word' id='word_1_831' title='bbox 2771 4740 3005 4795; x_wconf 89' lang='lat' dir='ltr'><strong>ﬁdelium</strong></span> <span class='ocrx_word' id='word_1_832' title='bbox 3033 4740 3084 4795; x_wconf 91' lang='lat' dir='ltr'><strong>in</strong></span> <span class='ocrx_word' id='word_1_833' title='bbox 3108 4743 3358 4810; x_wconf 62' lang='lat' dir='ltr'><strong>praesenti</strong></span> <span class='ocrx_word' id='word_1_834' title='bbox 3386 4751 3444 4798; x_wconf 90' lang='lat' dir='ltr'><strong>et</strong></span> <span class='ocrx_word' id='word_1_835' title='bbox 3468 4743 3520 4797; x_wconf 93' lang='lat' dir='ltr'><strong>in</strong></span> <span class='ocrx_word' id='word_1_836' title='bbox 3547 4742 3717 4798; x_wconf 76' lang='lat' dir='ltr'><strong>futuro</strong></span> 
     </span>
    </p>
   </div>
   <div class='ocr_carea' id='block_1_105' title="bbox 2145 4833 3716 4899">
    <p class='ocr_par' dir='ltr' id='par_1_105' title="bbox 2145 4833 3716 4899">
     <span class='ocr_line' id='line_1_105' title="bbox 2145 4833 3716 4899; baseline 0.001 -8"><span class='ocrx_word' id='word_1_837' title='bbox 2145 4850 2240 4891; x_wconf 88' lang='lat' dir='ltr'><strong>ero</strong></span> <span class='ocrx_word' id='word_1_838' title='bbox 2269 4834 2540 4899; x_wconf 80' lang='lat' dir='ltr'><strong>exclusus,</strong></span> <span class='ocrx_word' id='word_1_839' title='bbox 2571 4834 2804 4888; x_wconf 79' lang='lat' dir='ltr'><strong>inseram</strong></span> <span class='ocrx_word' id='word_1_840' title='bbox 2853 4849 2937 4888; x_wconf 92' lang='lat' dir='ltr'><strong>me</strong></span> <span class='ocrx_word' id='word_1_841' title='bbox 2981 4833 3230 4889; x_wconf 88' lang='lat' dir='ltr'><strong>omnibus</strong></span> <span class='ocrx_word' id='word_1_842' title='bbox 3279 4834 3716 4892; x_wconf 82' lang='lat' dir='ltr'><strong>delectationibus</strong></span> 
     </span>
    </p>
   </div>
   <div class='ocr_carea' id='block_1_106' title="bbox 2145 4923 3713 4994">
    <p class='ocr_par' dir='ltr' id='par_1_106' title="bbox 2145 4923 3713 4994">
     <span class='ocr_line' id='line_1_106' title="bbox 2145 4923 3713 4994; baseline 0.002 -14"><span class='ocrx_word' id='word_1_843' title='bbox 2145 4934 2200 4980; x_wconf 89' lang='lat' dir='ltr'><strong>et</strong></span> <span class='ocrx_word' id='word_1_844' title='bbox 2235 4924 2615 4994; x_wconf 84' lang='lat' dir='ltr'><strong>voluptatibus.</strong></span> <span class='ocrx_word' id='word_1_845' title='bbox 2666 4923 2942 4994; x_wconf 83' lang='lat' dir='ltr'><strong>lmlulgete</strong></span> <span class='ocrx_word' id='word_1_846' title='bbox 2980 4924 3050 4989; x_wconf 91' lang='lat' dir='ltr'><strong>ei,</strong></span> <span class='ocrx_word' id='word_1_847' title='bbox 3091 4932 3147 4980; x_wconf 91' lang='lat' dir='ltr'><strong>et</strong></span> <span class='ocrx_word' id='word_1_848' title='bbox 3177 4924 3532 4980; x_wconf 87' lang='lat' dir='ltr'><strong>consolamini</strong></span> <span class='ocrx_word' id='word_1_849' title='bbox 3575 4942 3713 4993; x_wconf 84' lang='lat' dir='ltr'><strong>eum,</strong></span> 
     </span>
    </p>
   </div>
   <div class='ocr_carea' id='block_1_107' title="bbox 2144 5015 3100 5085">
    <p class='ocr_par' dir='ltr' id='par_1_107' title="bbox 2144 5015 3100 5085">
     <span class='ocr_line' id='line_1_107' title="bbox 2144 5015 3100 5085; baseline -0.002 -13"><span class='ocrx_word' id='word_1_850' title='bbox 2144 5032 2215 5072; x_wconf 89' lang='lat' dir='ltr'><strong>ne</strong></span> <span class='ocrx_word' id='word_1_851' title='bbox 2251 5016 2498 5085; x_wconf 90' lang='lat' dir='ltr'><strong>desperet</strong></span> <span class='ocrx_word' id='word_1_852' title='bbox 2539 5016 2604 5070; x_wconf 92' lang='lat' dir='ltr'><strong>de</strong></span> <span class='ocrx_word' id='word_1_853' title='bbox 2645 5016 2795 5070; x_wconf 86' lang='lat' dir='ltr'><strong>venia</strong></span> <span class='ocrx_word' id='word_1_854' title='bbox 2839 5024 2893 5069; x_wconf 89' lang='lat' dir='ltr'><strong>et</strong></span> <span class='ocrx_word' id='word_1_855' title='bbox 2932 5015 3100 5070; x_wconf 88' lang='lat' dir='ltr'><strong>salute</strong></span> 
     </span>
    </p>
   </div>
   <div class='ocr_carea' id='block_1_108' title="bbox 2219 5106 3713 5178">
    <p class='ocr_par' dir='ltr' id='par_1_108' title="bbox 2219 5106 3713 5178">
     <span class='ocr_line' id='line_1_108' title="bbox 2219 5106 3713 5178; baseline 0.003 -17"><span class='ocrx_word' id='word_1_856' title='bbox 2219 5106 2442 5177; x_wconf 84' lang='lat' dir='ltr'><strong>Propter</strong></span> <span class='ocrx_word' id='word_1_857' title='bbox 2481 5108 2639 5178; x_wconf 86' lang='lat' dir='ltr'><strong>quod,</strong></span> <span class='ocrx_word' id='word_1_858' title='bbox 2687 5108 2942 5163; x_wconf 88' lang='lat' dir='ltr'><strong>subaudis</strong></span> <span class='ocrx_word' id='word_1_859' title='bbox 2985 5124 3052 5163; x_wconf 88' lang='lat' dir='ltr'><strong>ne</strong></span> <span class='ocrx_word' id='word_1_860' title='bbox 3095 5109 3233 5164; x_wconf 80' lang='lat' dir='ltr'><strong>forte</strong></span> <span class='ocrx_word' id='word_1_861' title='bbox 3295 5111 3646 5166; x_wconf 83' lang='lat' dir='ltr'><strong>absorbeatur</strong></span> <span class='ocrx_word' id='word_1_862' title='bbox 3685 5128 3713 5165; x_wconf 76' lang='grc' dir='ltr'><strong>ε</strong></span> 
     </span>
    </p>
   </div>
   <div class='ocr_carea' id='block_1_109' title="bbox 2145 5197 3713 5268">
    <p class='ocr_par' dir='ltr' id='par_1_109' title="bbox 2145 5197 3713 5268">
     <span class='ocr_line' id='line_1_109' title="bbox 2145 5197 3713 5268; baseline -0.003 -12"><span class='ocrx_word' id='word_1_863' title='bbox 2145 5200 2313 5256; x_wconf 81' lang='lat' dir='ltr'><strong>nimia</strong></span> <span class='ocrx_word' id='word_1_864' title='bbox 2341 5199 2580 5264; x_wconf 88' lang='lat' dir='ltr'><strong>tristitia,</strong></span> <span class='ocrx_word' id='word_1_865' title='bbox 2609 5207 2661 5252; x_wconf 89' lang='lat' dir='ltr'><strong>et</strong></span> <span class='ocrx_word' id='word_1_866' title='bbox 2684 5197 2896 5252; x_wconf 75' lang='lat' dir='ltr'><strong>labatur</strong></span> <span class='ocrx_word' id='word_1_867' title='bbox 2921 5199 2974 5252; x_wconf 90' lang='lat' dir='ltr'><strong>in</strong></span> <span class='ocrx_word' id='word_1_868' title='bbox 3004 5199 3430 5268; x_wconf 78' lang='lat' dir='ltr'><strong>desperationem</strong></span> <span class='ocrx_word' id='word_1_869' title='bbox 3454 5242 3470 5266; x_wconf 88' lang='lat'><strong>,</strong></span> <span class='ocrx_word' id='word_1_870' title='bbox 3513 5203 3713 5255; x_wconf 76' lang='lat' dir='ltr'><strong>obsecro</strong></span> 
     </span>
    </p>
   </div>
   <div class='ocr_carea' id='block_1_110' title="bbox 2145 5289 3710 5358">
    <p class='ocr_par' dir='ltr' id='par_1_110' title="bbox 2145 5289 3710 5358">
     <span class='ocr_line' id='line_1_110' title="bbox 2145 5289 3710 5358; baseline -0.002 -12"><span class='ocrx_word' id='word_1_871' title='bbox 2145 5309 2257 5357; x_wconf 86' lang='lat' dir='ltr'><strong>vos,</strong></span> <span class='ocrx_word' id='word_1_872' title='bbox 2290 5306 2323 5345; x_wconf 97' lang='lat' dir='ltr'><strong>o</strong></span> <span class='ocrx_word' id='word_1_873' title='bbox 2347 5289 2636 5354; x_wconf 88' lang='lat' dir='ltr'><strong>Corinthii,</strong></span> <span class='ocrx_word' id='word_1_874' title='bbox 2671 5298 2726 5343; x_wconf 89' lang='lat' dir='ltr'><strong>ut</strong></span> <span class='ocrx_word' id='word_1_875' title='bbox 2758 5289 3074 5358; x_wconf 79' lang='lat' dir='ltr'><strong>eonﬁrmetis</strong></span> <span class='ocrx_word' id='word_1_876' title='bbox 3110 5290 3165 5344; x_wconf 75' lang='lat' dir='ltr'><strong>in</strong></span> <span class='ocrx_word' id='word_1_877' title='bbox 3197 5289 3351 5344; x_wconf 75' lang='lat' dir='ltr'><strong>illum</strong></span> <span class='ocrx_word' id='word_1_878' title='bbox 3389 5292 3710 5352; x_wconf 66' lang='lat' dir='ltr'><strong>alacritatem,</strong></span> 
     </span>
    </p>
   </div>
   <div class='ocr_carea' id='block_1_111' title="bbox 2147 5383 3713 5456">
    <p class='ocr_par' dir='ltr' id='par_1_111' title="bbox 2147 5383 3713 5456">
     <span class='ocr_line' id='line_1_111' title="bbox 2147 5383 3713 5456; baseline -0.001 -15"><span class='ocrx_word' id='word_1_879' title='bbox 2147 5384 2456 5456; x_wconf 86' lang='lat' dir='ltr'><strong>recipiendo</strong></span> <span class='ocrx_word' id='word_1_880' title='bbox 2490 5383 2636 5439; x_wconf 88' lang='lat' dir='ltr'><strong>illum</strong></span> <span class='ocrx_word' id='word_1_881' title='bbox 2666 5383 2720 5438; x_wconf 91' lang='lat' dir='ltr'><strong>in</strong></span> <span class='ocrx_word' id='word_1_882' title='bbox 2746 5391 2984 5439; x_wconf 86' lang='lat' dir='ltr'><strong>vestram</strong></span> <span class='ocrx_word' id='word_1_883' title='bbox 3033 5383 3343 5439; x_wconf 85' lang='lat' dir='ltr'><strong>societatem</strong></span> <span class='ocrx_word' id='word_1_884' title='bbox 3377 5393 3441 5438; x_wconf 76' lang='lat' dir='ltr'><strong>et</strong></span> <span class='ocrx_word' id='word_1_885' title='bbox 3483 5398 3713 5440; x_wconf 82' lang='lat' dir='ltr'><strong>commu-</strong></span> 
     </span>
    </p>
   </div>
   <div class='ocr_carea' id='block_1_112' title="bbox 2145 5492 2382 5532">
    <p class='ocr_par' dir='ltr' id='par_1_112' title="bbox 2145 5492 2382 5532">
     <span class='ocr_line' id='line_1_112' title="bbox 2145 5492 2382 5532; baseline -0.013 0"><span class='ocrx_word' id='word_1_886' title='bbox 2145 5492 2382 5532; x_wconf 76' lang='lat' dir='ltr'><strong>mortem.</strong></span> 
     </span>
    </p>
   </div>
   <div class='ocr_carea' id='block_1_113' title="bbox 2217 5564 3708 5635">
    <p class='ocr_par' dir='ltr' id='par_1_113' title="bbox 2217 5564 3708 5635">
     <span class='ocr_line' id='line_1_113' title="bbox 2217 5564 3708 5635; baseline -0.001 -14"><span class='ocrx_word' id='word_1_887' title='bbox 2217 5566 2346 5621; x_wconf 83' lang='lat' dir='ltr'><strong>Ideo</strong></span> <span class='ocrx_word' id='word_1_888' title='bbox 2377 5566 2514 5620; x_wconf 86' lang='lat' dir='ltr'><strong>enim</strong></span> <span class='ocrx_word' id='word_1_889' title='bbox 2551 5575 2598 5620; x_wconf 87' lang='lat' dir='ltr'><strong>et</strong></span> <span class='ocrx_word' id='word_1_890' title='bbox 2636 5566 2820 5635; x_wconf 83' lang='lat' dir='ltr'><strong>scripsi</strong></span> <span class='ocrx_word' id='word_1_891' title='bbox 2858 5564 3019 5631; x_wconf 84' lang='lat' dir='ltr'><strong>vobis,</strong></span> <span class='ocrx_word' id='word_1_892' title='bbox 3047 5564 3307 5620; x_wconf 80' lang='lat' dir='ltr'><strong>subaudis</strong></span> <span class='ocrx_word' id='word_1_893' title='bbox 3333 5567 3433 5620; x_wconf 86' lang='lat' dir='ltr'><strong>ista</strong></span> <span class='ocrx_word' id='word_1_894' title='bbox 3463 5565 3528 5620; x_wconf 85' lang='lat' dir='ltr'><strong>de</strong></span> <span class='ocrx_word' id='word_1_895' title='bbox 3563 5579 3708 5619; x_wconf 81' lang='lat' dir='ltr'><strong>rece-</strong></span> 
     </span>
    </p>
   </div>
   <div class='ocr_carea' id='block_1_114' title="bbox 2143 5656 3704 5730">
    <p class='ocr_par' dir='ltr' id='par_1_114' title="bbox 2143 5656 3704 5730">
     <span class='ocr_line' id='line_1_114' title="bbox 2143 5656 3704 5730; baseline -0.002 -17"><span class='ocrx_word' id='word_1_896' title='bbox 2143 5659 2326 5730; x_wconf 84' lang='lat' dir='ltr'><strong>ptione</strong></span> <span class='ocrx_word' id='word_1_897' title='bbox 2349 5657 2492 5712; x_wconf 87' lang='lat' dir='ltr'><strong>illius</strong></span> <span class='ocrx_word' id='word_1_898' title='bbox 2520 5656 2726 5723; x_wconf 83' lang='lat' dir='ltr'><strong>fratris,</strong></span> <span class='ocrx_word' id='word_1_899' title='bbox 2759 5666 2815 5710; x_wconf 86' lang='lat' dir='ltr'><strong>ut</strong></span> <span class='ocrx_word' id='word_1_900' title='bbox 2839 5673 3142 5728; x_wconf 80' lang='lat' dir='ltr'><strong>cognoscam</strong></span> <span class='ocrx_word' id='word_1_901' title='bbox 3171 5660 3598 5726; x_wconf 80' lang='lat' dir='ltr'><strong>experimentum</strong></span> <span class='ocrx_word' id='word_1_902' title='bbox 3619 5670 3704 5710; x_wconf 54' lang='lat' dir='ltr'><strong>te</strong></span> 
     </span>
    </p>
   </div>
   <div class='ocr_carea' id='block_1_115' title="bbox 2137 5748 3704 5818">
    <p class='ocr_par' dir='ltr' id='par_1_115' title="bbox 2137 5748 3704 5818">
     <span class='ocr_line' id='line_1_115' title="bbox 2137 5748 3704 5818; baseline -0.003 -14"><span class='ocrx_word' id='word_1_903' title='bbox 2137 5759 2312 5805; x_wconf 75' lang='lat' dir='ltr'><strong>stram</strong></span> <span class='ocrx_word' id='word_1_904' title='bbox 2333 5789 2348 5813; x_wconf 92' lang='lat'><strong>,</strong></span> <span class='ocrx_word' id='word_1_905' title='bbox 2375 5748 2429 5803; x_wconf 92' lang='lat' dir='ltr'><strong>id</strong></span> <span class='ocrx_word' id='word_1_906' title='bbox 2454 5757 2570 5813; x_wconf 87' lang='lat' dir='ltr'><strong>est,</strong></span> <span class='ocrx_word' id='word_1_907' title='bbox 2605 5756 2666 5802; x_wconf 90' lang='lat' dir='ltr'><strong>ut</strong></span> <span class='ocrx_word' id='word_1_908' title='bbox 2699 5748 2919 5818; x_wconf 90' lang='lat' dir='ltr'><strong>probem</strong></span> <span class='ocrx_word' id='word_1_909' title='bbox 2951 5764 3019 5801; x_wconf 87' lang='lat' dir='ltr'><strong>an</strong></span> <span class='ocrx_word' id='word_1_910' title='bbox 3052 5748 3105 5802; x_wconf 85' lang='lat' dir='ltr'><strong>in</strong></span> <span class='ocrx_word' id='word_1_911' title='bbox 3141 5748 3382 5802; x_wconf 67' lang='lat' dir='ltr'><strong>omnibus</strong></span> <span class='ocrx_word' id='word_1_912' title='bbox 3423 5748 3704 5802; x_wconf 69' lang='lat' dir='ltr'><strong>obedéeuta</strong></span> 
     </span>
    </p>
   </div>
   <div class='ocr_carea' id='block_1_116' title="bbox 2133 5838 3704 5912">
    <p class='ocr_par' dir='ltr' id='par_1_116' title="bbox 2133 5838 3704 5912">
     <span class='ocr_line' id='line_1_116' title="bbox 2133 5838 3704 5912; baseline -0.004 -14"><span class='ocrx_word' id='word_1_913' title='bbox 2133 5844 2274 5906; x_wconf 67' lang='lat' dir='ltr'><strong>sitis,</strong></span> <span class='ocrx_word' id='word_1_914' title='bbox 2307 5857 2428 5912; x_wconf 70' lang='lat' dir='ltr'><strong>qua:</strong></span> <span class='ocrx_word' id='word_1_915' title='bbox 2455 5841 2604 5897; x_wconf 88' lang='lat' dir='ltr'><strong>vobis</strong></span> <span class='ocrx_word' id='word_1_916' title='bbox 2627 5855 2952 5910; x_wconf 57' lang='lat' dir='ltr'><strong>praecepero.</strong></span> <span class='ocrx_word' id='word_1_917' title='bbox 2993 5838 3110 5896; x_wconf 86' lang='lat' dir='ltr'><strong>Jam</strong></span> <span class='ocrx_word' id='word_1_918' title='bbox 3139 5840 3386 5911; x_wconf 81' lang='lat' dir='ltr'><strong>superius</strong></span> <span class='ocrx_word' id='word_1_919' title='bbox 3405 5840 3704 5896; x_wconf 66' lang='lat' dir='ltr'><strong>obedientes</strong></span> 
     </span>
    </p>
   </div>
   <div class='ocr_carea' id='block_1_117' title="bbox 2138 5931 3700 6001">
    <p class='ocr_par' dir='ltr' id='par_1_117' title="bbox 2138 5931 3700 6001">
     <span class='ocr_line' id='line_1_117' title="bbox 2138 5931 3700 6001; baseline -0.006 -15"><span class='ocrx_word' id='word_1_920' title='bbox 2138 5933 2213 5988; x_wconf 91' lang='lat' dir='ltr'><strong>illi</strong></span> <span class='ocrx_word' id='word_1_921' title='bbox 2244 5933 2476 5995; x_wconf 77' lang='lat' dir='ltr'><strong>fuerant,</strong></span> <span class='ocrx_word' id='word_1_922' title='bbox 2504 5931 2721 6001; x_wconf 79' lang='lat' dir='ltr'><strong>quando</strong></span> <span class='ocrx_word' id='word_1_923' title='bbox 2749 5931 2893 5985; x_wconf 81' lang='lat' dir='ltr'><strong>illum</strong></span> <span class='ocrx_word' id='word_1_924' title='bbox 2933 5949 2964 5983; x_wconf 77' lang='lat' dir='ltr'><strong>a</strong></span> <span class='ocrx_word' id='word_1_925' title='bbox 2992 5946 3087 5985; x_wconf 88' lang='lat' dir='ltr'><strong>suo</strong></span> <span class='ocrx_word' id='word_1_926' title='bbox 3121 5931 3346 6001; x_wconf 71' lang='lat' dir='ltr'><strong>collegio</strong></span> <span class='ocrx_word' id='word_1_927' title='bbox 3372 5931 3700 6000; x_wconf 60' lang='lat' dir='ltr'><strong>expulerunt,</strong></span> 
     </span>
    </p>
   </div>
  </div>
