3996 6444
242 482 347 546 613

920 474 1282 538 EXPOSH'IO
1315 475 1387 533 1N
1424 470 1678 533 EPP..S.
1713 470 1823 530 PAI

1930 466 2628 531 .-msrtsr.uan
2664 433 2823 532 eos.

3389 475 3492 537 6M

239 610 299 661 et
324 599 539 670 quando
562 597 817 670 praecepit
843 605 910 654 ut
940 598 1039 653 vin‘
1066 613 1173 654 non
1200 597 1377 654 velato
1404 594 1581 667 capite
1608 599 1819 648 starent
1843 597 1892 654 Α
1921 588 2364 652 contradictores,
2386 590 2739 661 philosophos
2766 590 3034 657 videlicet,
3058 606 3261 664 magos,
3285 602 3339 650 et
3361 593 3494 652 alios

242 711 298 750 in
325 692 573 758 ecclesia,
606 690 860 746 mulieres
890 688 1086 757 velato,
1124 699 1181 746 et
1217 688 1433 744 volebat
1464 684 1640 741 adimo
1682 696 1814 756 pro-

238 790 375 853 bare
410 788 768 846 obedientiam
822 788 1033 845 illorum
1084 789 1139 844 in
1184 787 1288 845 hoc
1317 828 1333 855 ,
1383 794 1446 842 ut
1497 792 1817 840 revocarent

241 880 497 950 ejectum.

312 970 411 1032 Cui
437 981 611 1027 autem
644 970 844 1042 aliquid
871 966 1106 1026 donastis
1141 978 1188 1026 et
1224 982 1338 1041 ego.
1374 964 1541 1025 Paulo
1574 964 1816 1041 apostolo

239 1077 487 1133 morante
513 1065 653 1137 apud
677 1079 788 1128 eos,
821 1063 1033 1119 cuidam
1056 1064 1298 1135 peccanti
1326 1062 1647 1117 dimiserunt
1674 1061 1817 1130 quod

241 1160 563 1231 deliquerat,
602 1165 658 1213 et
694 1159 808 1229 ipse
840 1156 1124 1227 Apostolus
1163 1169 1229 1211 ne
1272 1154 1547 1210 videretur
1580 1153 1650 1209 ab
1694 1151 1814 1208 illo—

239 1266 359 1306 rum
400 1251 601 1307 unione
634 1247 863 1319 sejungi,
916 1246 1136 1303 indulsit
1168 1248 1331 1303 etiam
1375 1246 1489 1318 ipse
1521 1242 1618 1301 illi.
1664 1244 1819 1302 Unde

238 1342 371 1399 dicit
426 1341 584 1397 modo
621 1358 637 1395 :
674 1340 773 1396 Cui
827 1350 1007 1394 autem
1035 1339 1300 1403 donastis,
1332 1338 1445 1394 sive
1493 1336 1813 1404 indulsistis,

237 1432 453 1504 quando
479 1432 621 1503 apud
648 1440 746 1486 vos
766 1442 939 1495 eram,
971 1438 1024 1486 et
1044 1444 1144 1501 ego
1165 1427 1417 1485 similiter
1438 1426 1630 1483 donavi
1652 1436 1709 1482 et
1735 1427 1818 1481 in-

240 1521 400 1578 dulsi.
438 1517 785 1577 Consuetudo
807 1527 890 1575 est
916 1518 1161 1584 dicendi,
1190 1518 1410 1574 donavit
1445 1518 1577 1573 mihi
1624 1530 1819 1587 pecca-

240 1623 380 1683 tum,
424 1612 481 1671 id
519 1622 605 1670 est
643 1612 882 1670 indulsit.
918 1613 1119 1669 Volens
1146 1627 1276 1683 ergo
1304 1612 1592 1684 Apostolus
1618 1624 1817 1683 provo-

240 1723 369 1766 care
405 1706 530 1765 illos'
552 1707 617 1763 ad
648 1707 1138 1763 reconciliationem
1167 1706 1323 1775 ejecti
1343 1747 1359 1773 ,
1394 1714 1449 1762 et
1473 1715 1534 1762 ut
1557 1707 1606 1762 ei
1638 1706 1819 1763 dimit-

236 1810 450 1867 terent,
486 1799 602 1856 vult
629 1800 915 1856 ostendere
944 1807 1003 1854 ut
1025 1800 1165 1856 sicut
1186 1801 1303 1870 ipse
1329 1799 1551 1854 indulsit
1572 1799 1823 1871 peccanti'

236 1893 454 1962 quando
491 1890 564 1946 illi
604 1889 942 1953 dimiserunt,
988 1888 1068 1945 sic
1110 1897 1165 1945 et
1207 1888 1284 1943 illi
1331 1888 1642 1960 indulgeant
1687 1889 1812 1943 dum

1918 681 2201 753 plurimos,
2232 696 2332 737 nec
2367 690 2577 752 poterat
2600 684 2715 753 ipse
2739 684 2886 740 solus
2915 693 3202 755 utrumque
3227 702 3409 757 agere,
3439 694 3497 743 et

1917 772 2251 844 philosophis
2276 774 2550 838 resistere,
2585 775 2976 831 et-volentibus
3006 778 3235 833 credere
3270 779 3496 835 verbum

1919 862 2109 919 salutis
2148 864 2464 933 praedicare.
2525 863 2585 920 Si
2628 874 2808 920 autem
2865 867 3045 921 Titum
3091 868 3383 924 invenisset
3420 869 3496 926 ibi

1917 957 2075 1013 sicuti
2126 958 2395 1028 sperabat,
2446 956 2561 1028 ipse
2598 957 2788 1028 utique
2833 959 3111 1016 resisteret
3146 961 3495 1030 adversariis,

1917 1058 1975 1105 et
2003 1049 2157 1105 Titus
2186 1049 2503 1119 przedicaret
2532 1050 2949 1120 simplicioribus
2980 1053 3075 1123 qui
3116 1053 3499 1111 desiderabant

1917 1141 2158 1197 credere.
2211 1141 2476 1211 Apparuit
2508 1155 2721 1211 quoque
2748 1143 2797 1198 ei
2825 1143 2879 1197 in
2906 1143 3094 1199 eodem
3127 1144 3244 1200 loco
3273 1146 3359 1201 vir
3391 1145 3499 1201 Ma-

1918 1231 2070 1296 cedo,
2106 1230 2294 1287 dicens
2322 1248 2336 1285 :
2366 1230 2648 1287 Transierit
2672 1233 2731 1287 in
2760 1231 3127 1289 Macedoniam
3161 1236 3356 1306 adjuva
3398 1253 3497 1294 nos

1918 1320 2056 1394 (Aet.
2082 1322 2195 1395 xvr)
2216 1362 2233 1388 ,
2259 1323 2352 1394 qui
2387 1337 2419 1379 a
2453 1324 2764 1380 doctoribus
2799 1325 3022 1395 angelus
3054 1327 3228 1384 bonus
3255 1325 3498 1397 ejusdem

1918 1414 2096 1483 gentis
2121 1414 2441 1484 praepositus
2469 1413 2633 1471 fuisse
2655 1416 2914 1472 creditur.

1990 1503 2099 1559 Deo
2133 1514 2333 1571 autem,
2366 1504 2621 1561 subaudis
2646 1506 2814 1574 Patri,
2840 1509 3038 1578 gratia
3064 1508 3379 1579 interimus,
3406 1513 3498 1585 qui

1918 1613 2119 1669 sentper
2141 1599 2427 1670 triumphat
2465 1615 2578 1665 nos,
2618 1600 2674 1656 id
2705 1609 2809 1666 est,
2846 1602 2940 1672 qui
2980 1601 3112 1656 facit
3147 1618 3244 1660 nos
3280 1619 3498 1676 semper

1921 1689 2277 1759 triumphare,
2303 1690 2670 1746 et‘victoriatn
2692 1691 2910 1757 habens,
2936 1692 2991 1746 in
3024 1693 3238 1751 Christo
3262 1694 3415 1762 Jesu,
3442 1697 3500 1755 id

1920 1787 2022 1847 est,
2059 1794 2157 1850 per
2195 1778 2471 1836 Christum
2505 1781 2687 1837 Jesum
2736 1782 3109 1840 inﬁdelitatem
3150 1786 3495 1853 demde,

1920 1878 1976 1927 et
2004 1870 2166 1927 ﬁdem
2202 1872 2259 1926 in
2294 1871 2549 1927 cordibus
2578 1872 2919 1928 (latentium
2945 1874 3255 1944 plac-tando,
3285 1887 3344 1932 et
3370 1878 3498 1933 inﬁ-

239 1953 355 2054 ipse
379 1981 638 2053 indulget.
666 1979 1003 2051 Quapropter
1034 1979 1215 2034 subdit
1242 1997 1256 2033 :
1282 1978 1425 2033 Nam
1459 1953 1509 2033 ei
1545 1994 1638 2050 ego
1673 1979 1814 2049 quod
1844 1953 1890 2014 Β
1916 1962 2125 2019 deum“
2149 1962 2388 2018 θίθοίθηε
2417 1962 2624 2054 θάθιφξο
2652 1972 2699 2018 οι
2723 1963 2935 2054 Odorem
2966 1965 3165 2054 πρικὲω
3188 1982 3302 2020 sua?
3324 1968 3500 2022 mani-

236 2075 448 2140 donavi,
485 2075 600 2131 sive
629 2072 824 2128 indulsi
856 2070 955 2137 illi,
990 2072 1036 2127 si
1074 2071 1202 2141 quid
1227 2070 1420 2127 donavi
1448 2080 1671 2141 propter
1698 2084 1815 2137 vos,

241 2169 335 2240 qni
355 2166 623 2223 Volebatis
652 2166 703 2223 ei
742 2166 1035 2230 dimittere,
1072 2163 1267 2219 indulsi
1293 2173 1348 2219 et
1382 2178 1483 2235 ego
1515 2163 1569 2218 in
1597 2179 1819 2229 persona

242 2257 460 2328 Christi,
482 2260 594 2317 hoc
630 2269 713 2316 est
738 2259 857 2316 vice
890 2258 1113 2323 Christi,
1150 2257 1241 2328 qui
1271 2256 1423 2314 nobis
1450 2257 1707 2327 apostolis
1729 2257 1821 2312 de—

240 2352 319 2408 dit
344 2356 663 2422 potestatem
688 2349 886 2423 ligandi
911 2359 966 2406 et
987 2348 1249 2404 solvendi.
1300 2347 1418 2404 Non
1441 2348 1630 2404 leviter
1652 2348 1819 2403 dabat

236 2441 622 2515 indulgentiam
642 2441 932 2513 Apostolus
952 2438 1404 2509 delinquentibus,
1427 2440 1529 2494 nisi
1556 2438 1632 2493 illi
1658 2452 1824 2509 quem

235 2535 451 2592 videbat
478 2550 512 2590 a
540 2535 754 2592 Christo
782 2550 902 2592 esse
927 2533 1181 2600 solutum,
1212 2532 1365 2603 cujus
1386 2531 1702 2603 poenitentia
1729 2546 1821 2588 ac-

237 2638 393 2699 cepta
420 2636 541 2684 erat
567 2628 695 2683 Deo.
734 2624 805 2683 Ut
833 2644 937 2682 non
969 2626 1456 2691 circumveniamur,
1488 2624 1541 2681 id
1563 2632 1648 2680 est
1672 2622 1820 2679 deci-

236 2721 472 2792 piamur,
494 2732 524 2774 a
540 2714 766 2774 Satana.
798 2717 945 2785 Ideo,
969 2718 1164 2788 inquit,
1192 2716 1446 2788 praecipio
1464 2716 1624 2771 vobis
1646 2722 1709 2770 ut
1737 2716 1821 2771 in-

236 2813 503 2887 dulgeatis
530 2812 691 2869 fratri
720 2811 987 2884 peccanti,
1030 2812 1168 2870 sicut
1211 2818 1268 2866 et
1306 2823 1407 2882 ego
1440 2808 1710 2880 indulgeo,
1744 2822 1818 2863 ne

236 2905 569 2976 decipiamur
604 2920 637 2960 a
676 2901 876 2960 Satana
911 2904 1001 2975 qui
1039 2902 1310 2959 desiderat
1337 2900 1635 2956 discordias
1664 2913 1819 2972 gene-

237 3013 383 3056 rare.
416 2994 747 3068 lPlerumque
773 2998 897 3053 dum
923 3010 1062 3051 unus
1100 2993 1213 3049 vult
1250 2993 1679 3049 misericordiam
1723 3005 1815 3048 ex-

237 3091 411 3150 hiberi
438 3088 588 3146 fratri
613 3089 881 3162 peecanti,
913 3087 1232 3143 dimittenda
1252 3085 1302 3141 ei
1328 3085 1470 3155 quod
1503 3082 1729 3154 deliquit
1762 3088 1819 3138 et

235 3182 591 3245 reconciliare
625 3181 911 3239 conventui
950 3178 1206 3245 ﬁdelium,
1261 3177 1397 3232 alius
1440 3173 1654 3231 diabolo
1695 3188 1819 3229 sua-

238 3275 403 3332 dente
445 3289 549 3330 non
592 3273 709 3329 vult
756 3270 1036 3342 indulgere
1072 3283 1399 3342 permanens
1422 3267 1477 3322 in
1506 3265 1705 3321 duritia
1733 3264 1815 3321 sui

238 3367 439 3423 cordis.
484 3364 639 3422 Unde
668 3378 807 3435 saepe
835 3363 1009 3419 solent
1031 3361 1164 3417 oriri
1194 3359 1477 3415 discordia:
1504 3366 1559 3413 et
1590 3357 1721 3412 rixa:
1741 3357 1819 3413 in-

238 3466 325 3516 ter
361 3458 480 3513 illos
516 3458 607 3528 qui
645 3456 907 3511 dissident
943 3462 995 3508 et
1024 3451 1334 3508 discordant
1362 3446 1661 3519 injudicio.
1697 3445 1823 3503 Non

239 3551 376 3608 enim
418 3552 723 3620 ignoramus
769 3545 1101 3618 cogitationes
1147 3543 1283 3616 ejus,
1308 3542 1381 3597 id
1414 3549 1523 3606 est,
1572 3539 1820 3605 astutias,

242 3642 395 3699 dolos
422 3652 470 3697 et
500 3640 715 3697 fraudes
744 3639 940 3695 diaboli
968 3654 1073 3694 non
1109 3640 1438 3711 ignoramus,
1475 3634 1569 3690 sed
1592 3633 1818 3689 scimus.

314 3733 445 3790 Cum
482 3735 737 3789 renisam
778 3740 953 3785 autem
992 3728 1267 3783 Troadem.
1308 3725 1480 3782 Troas
1517 3725 1708 3781 civitas
1739 3731 1823 3780 est

188 3890 209 3895 ρ
243 3826 578 3891 Grincornm,
623 3836 743 3897 qute
774 3820 936 3891 Il‘roja
976 3823 1103 3877 olim
1135 3829 1323 3876 vocata
1358 3827 1477 3886 est;
1513 3827 1569 3875 et
1606 3820 1826 3890 ponitur

246 3920 538 3992 improprie
568 3937 583 3971 :
608 3916 843 3985 Phrygia
871 3914 1015 3969 enim
1044 3912 1322 3982 provincia
1360 3919 1445 3965 est
1482 3909 1820 3965 Graecorum.

245 4010 408 4080 Troja
438 4010 584 4080 regio
610 4016 692 4062 est
718 4008 769 4060 in
800 4007 915 4075 ipsa
948 4002 1211 4073 Phrygia;
1259 4000 1450 4055 civitas
1479 4014 1611 4055 vero
1654 3998 1827 4069 appel-

202 4158 205 4161 ,
245 4101 357 4156 lata
387 4113 470 4155 εει
499 4097 652 4151 ilium
671 4137 685 4161 ,
719 4096 859 4149 sicut
896 4094 949 4147 in
981 4090 1203 4162 Virgilio
1230 4090 1498 4145 habetur:
1531 4087 1827 4159 Ceciditque

248 4191 529 4260 superbum
552 4188 731 4255 Ilium.
766 4186 1100 4254 ‘Herumqne
1122 4181 1341 4253 ponitur
1373 4192 1569 4235 nomen
1595 4179 1827 4250 regionis

246 4298 350 4358 pro
371 4283 605 4346 civitate,
638 4290 694 4337 et
717 4278 1012 4350 appellatur
1036 4275 1213 4345 Troj.
1245 4272 1463 4344 Propter
1489 4270 1828 4343 Evangelia!»

250 4375 479 4438 Christi,
513 4374 566 4428 id
592 4380 677 4427 est
700 4373 766 4427 ad
793 4367 1192 4442 prmdicandum
1220 4364 1567 4434 Evangelium
1590 4364 1824 4429 Christi,

250 4479 299 4526 et
322 4468 507 4523 ostium
526 4466 654 4521 mihi
674 4474 915 4535 opertum
935 4471 1061 4516 esset
1089 4461 1145 4514 in
1178 4460 1418 4522 Damno,
1447 4459 1499 4513 id
1524 4465 1628 4522 est,
1661 4457 1827 4512 multa

250 4562 415 4618 corda
445 4560 716 4614 hominum
744 4562 931 4625 parata
962 4568 1057 4623 per
1082 4550 1364 4605 Dominum
1386 4549 1452 4603 ad
1478 4548 1825 4615 credendum,

1919 2054 2076 2125 {estut
2103 2070 2194 2124 per
2214 2070 2310 2109 nos
2340 2053 2396 2108 in
2418 2051 2698 2109 οηικὶιοοο
2717 2092 2734 2119 ,
2764 2062 2871 2107 tam
2904 2053 2963 2108 in
2992 2052 3191 2109 Judaeis
3231 2070 3393 2124 quam
3438 2055 3499 2113 in

1917 2144 2185 2216 gentibus.
2228 2144 2463 2203 Odorem
2489 2146 2543 2199 in
2574 2144 2677 2201 hoc
2715 2144 2833 2199 loco
2873 2144 3105 2215 appellat
3136 2146 3499 2215 cognitionem

1917 2247 2123 2293 sanctae
2158 2234 2458 2292 Trinitatis.
2513 2235 2773 2293 Aromata
2801 2236 2967 2307 igitur
2992 2244 3051 2291 et
3070 2246 3343 2307 unguenta
3370 2251 3500 2299 cum

1918 2329 2047 2386 alibi
2070 2329 2204 2394 sint,
2227 2329 2355 2384 alibi
2388 2330 2610 2386 odorem
2637 2330 2888 2395 reddunt,
2910 2328 2994 2385 sic
3016 2329 3277 2399 apostolis
3296 2329 3507 2399 ρτωῶε

1917 2423 2169 2479 cantibus
2199 2423 2359 2478 ﬁdem
2388 2431 2592 2479 senate
2614 2421 2916 2487 Trinitatis,
2942 2431 2998 2476 et
3026 2422 3219 2481 notitia
3242 2423 3500 2481 divinita-

1917 2514 1991 2570 tis
2009 2513 2398 2583 omnipotentis
2424 2512 2539 2579 Dei,
2571 2528 2695 2568 cum
2724 2514 2841 2584 ipsa
2864 2514 3123 2570 divinitas
3149 2529 3256 2570 non
3288 2513 3502 2571 videre-

1917 2610 2027 2670 tur,
2055 2611 2242 2671 utpote
2270 2617 2389 2672 quae
2419 2601 2705 2657 invisibilis
2731 2611 2832 2667 est,
2874 2603 3001 2658 dum
3035 2617 3133 2673 per
3160 2603 3503 2673 pradiin-

1917 2695 2424 2766 nemapostolerum
2448 2695 2781 2765 recipiebant
2793 2695 2952 2751 ﬁdem
2965 2693 3103 2763 ejus,
3127 2696 3507 2767 odoremque-

1918 2786 2204 2847 dammodo
2244 2795 2301 2842 et
2336 2787 2703 2859 cognitionem
2728 2788 3028 2844 divinitatis
3056 2787 3200 2844 illius
3232 2790 3503 2860 percipie-

1917 2880 2232 2950 banttquia
2272 2877 2469 2937 Christi
2490 2878 2655 2934 bonus
2682 2879 2814 2934 odor
2833 2896 3014 2935 sumus
3044 2879 3157 2936 Deo
3196 2881 3256 2935 in
3301 2880 3382 2937 his
3409 2880 3507 2953 qui

1916 2982 2157 3045 pereunt,
2182 2982 2230 3028 et
2260 2972 2418 3026 inhit
2440 2972 2535 3044 qui
2563 2971 2693 3027 salui
2723 2973 2877 3041 ﬁunt.
2910 2972 3162 3043 Legimus
3197 2975 3253 3029 in
3280 2972 3500 3041 Genesi,

1918 3067 2062 3139 quod
2096 3066 2211 3123 Noe
2234 3065 2496 3122 eﬂ'erente
2520 3064 2850 3123 sacriﬁcium
2870 3075 2994 3136 post
3023 3065 3210 3125 diluvii
3244 3066 3506 3123 cessatio-

1919 3174 2077 3223 nem,
2123 3158 2378 3215 odoratus
2423 3164 2509 3213 est
2551 3154 2807 3213 Dominus
2846 3158 3069 3215 odorem
3111 3158 3393 3215 suavitatis
3420 3158 3505 3215 in-

1920 3256 2130 3307 tentum
2154 3258 2215 3304 ut
2234 3246 2580 3304 benediceret
2604 3247 2683 3301 illi
2705 3259 2760 3302 et
2782 3246 2910 3303 ﬁliis
2936 3247 3076 3318 ejus.
3102 3248 3220 3306 Non
3246 3250 3504 3309 debemus

1922 3353 2051 3410 ergo
2095 3337 2377 3410 pueriliter
2421 3337 2720 3409 intelligere
2754 3339 2896 3408 quod
2937 3337 3100 3406 Deus,
3140 3339 3239 3410 qui
3280 3341 3505 3410 spiritus

1921 3439 2026 3495 est,
2049 3430 2105 3485 in
2130 3430 2296 3485 odore
2310 3437 2370 3483 et
2396 3428 2545 3483 iunio
2571 3428 2815 3491 carnium
2844 3429 3182 3485 delectetur:
3206 3431 3299 3499 sed
3324 3432 3503 3488 inten-

1922 3524 2124 3580 tionem
2148 3522 2290 3577 illius
2307 3522 2435 3577 boni
2469 3521 2568 3576 viri
2601 3506 2787 3577 sancta
2809 3520 3042 3591 appellat
3064 3520 3345 3593 Scriptura
3368 3525 3504 3582 odo-

1923 3633 2038 3681 rem
2066 3616 2373 3681 suavitatis,
2413 3629 2520 3685 qua
2564 3614 2864 3671 delectatus
2902 3624 2988 3670 est
3028 3616 3189 3671 Deus.

1922 3708 1980 3765 in
2010 3710 2112 3765 hoc
2136 3708 2256 3764 loco
2281 3706 2691 3777 intelligendum
2726 3705 2967 3762 studium
2988 3717 3050 3761 et
3066 3707 3271 3769 bonam
3318 3707 3507 3765 volun-

1923 3810 2091 3859 tatem
2122 3801 2599 3869 intentienemqne.
2619 3801 2842 3855 odorem
2883 3799 3241 3868 appellatum.
3276 3799 3502 3869 Christi,

1923 3893 2119 3963 inquit,
2144 3893 2319 3951 bonus
2346 3893 2484 3948 odor
2509 3905 2699 3949 sumus
2723 3891 2832 3947 Deo
2854 3930 2873 3957 ,
2908 3891 2963 3945 id
2988 3901 3097 3956 est,
3135 3892 3190 3946 in
3222 3891 3506 3953 Christum

1923 3985 2225 4048 credentes,
2256 3992 2318 4038 et
2355 3998 2387 4036 a
2415 3981 2633 4037 Christo
2675 3981 2876 4047 educti,
2914 3981 3256 4052 posedicando
3304 3994 3505 4054 myste-

1925 4076 2066 4133 rium
2114 4072 2501 4133 incarnationis
2547 4069 2688 4140 ejus,
2736 4071 3024 4141 passionis,
3064 4056 3507 4149 resuwecticnis,

1926 4164 2282 4231 ascensionis,
2332 4162 2653 4237 mysterium
2699 4177 2915 4233 quoque
2957 4172 3159 4219 sancta:
3188 4161 3504 4237 Trinitatis;

1924 4260 2099 4315 bonus
2124 4257 2261 4312 odor
2290 4236 2475 4311 sumus
2498 4253 2660 4319 illius,
2682 4254 2820 4325 quia
2847 4248 3043 4309 bonam
3074 4253 3275 4309 famam
3303 4254 3419 4322 ejus
3444 4236 3509 4312 ac

1926 4351 2090 4415 totius
2118 4346 2398 4404 Trinitatis
2425 4345 2654 4416 gloriam
2682 4346 3068 4418 praedicamus,
3113 4346 3222 4413 Deo
3254 4348 3510 4411 subaudis

1925 4443 2074 4501 Patri
2100 4442 2405 4512 placentes,
2440 4439 2565 4495 talia
2605 4439 2869 4496 iaciendo.
2912 4441 2988 4495 Et
3026 4440 3320 4496 notandum
3364 4442 3508 4512 quod

1926 4534 2216 4607 sultjungat
2245 4553 2260 4591 :
2289 4534 2346 4589 In
2374 4534 2480 4598 his.
2511 4532 2706 4602 i..quit,
2737 4533 2827 4603 qui
2856 4532 2987 4588 salvi
3011 4533 3147 4589 ﬁunt
3169 4546 3351 4590 nostra
3372 4549 3510 4606 pm-

249 4666 358 4708 non
386 4650 543 4705 habui
570 4648 793 4718 requiem
824 4649 880 4699 in
913 4645 1099 4713 ερινειιι
1122 4656 1273 4741 fleo,
1312 4641 1388 4741 at
1415 4648 1500 4695 est
1544 4641 1599 4694 in
1645 4640 1825 4695 unum
1853 4678 1905 4741 Β
1929 4630 2215 4741 ﬂictuque:
2257 4628 2408 4741 cinia
2439 4625 2525 4741 irisI
2550 4627 2641 4695 qui
2669 4635 2897 4741 pereunt
2928 4626 3102 4729 bonus
3130 4626 3273 4741 'odor
3293 4643 3510 4741 nattinnt:

249 4758 394 4806 meo,
422 4759 482 4797 eo
516 4742 653 4813 quod
682 4755 785 4794 non
809 4736 1093 4792 inuenerint
1120 4733 1334 4796 Titium,
1361 4732 1576 4801 fratrem
1612 4748 1824 4798 meum;

250 4834 343 4891 sed
380 4832 694 4903 calefaciens
730 4830 828 4892 eis,
867 4828 919 4883 id
956 4837 1063 4891 est,
1108 4824 1353 4880 salutans
1386 4837 1517 4887 eos,
1565 4821 1827 4893 proferam

250 4946 370 4989 sunt
423 4929 477 4982 in
532 4924 891 4980 Macedonians
929 4918 1259 4991 provinciam
1294 4917 1456 4971 aliam
1486 4915 1823 4971 Graecorum.

255 5022 395 5080 Dicit
432 5020 621 5074 beatus
644 5014 1038 5084 Hieronymus:
1065 5010 1199 5077 Quis
1230 5021 1336 5064 non
1367 5008 1574 5063 invenit
1602 5007 1832 5064 ﬁstulam

251 5124 408 5171 suam
458 5108 776 5179 Apostolus,
824 5105 879 5160 id
920 5112 1005 5159 est
1041 5100 1221 5156 Titum
1246 5103 1614 5169 interpretem
1651 5112 1833 5165 suum,

248 5203 380 5262 ideo
400 5200 640 5255 recessit.
679 5195 788 5251 Sed
816 5193 1043 5264 quaestio
1067 5200 1154 5247 est
1178 5191 1231 5245 in
1261 5191 1363 5245 hoc
1400 5189 1517 5243 loco
1547 5205 1560 5242 :
1604 5186 1661 5243 Si
1694 5188 1837 5259 Apo-

247 5292 431 5352 stolus
462 5289 702 5347 omnium
733 5286 968 5357 gentium
1000 5284 1200 5355 linguis
1242 5290 1454 5352 poterat
1485 5280 1647 5350 loqui,
1694 5280 1834 5336 sicut

254 5387 374 5460 ipse
414 5384 548 5440 dicit
574 5383 635 5436 in
672 5379 846 5450 priori
878 5373 1390 5448 epistdac'Gratias
1418 5388 1519 5444 ago
1547 5372 1653 5431 Deo
1674 5373 1832 5443 .quod

254 5482 492 5538 omnium
512 5487 737 5534 vestrum
778 5475 971 5545 linguis
1003 5473 1188 5544 loquor
1226 5470 1282 5541 ('1
1318 5470 1441 5525 Cor.
1488 5468 1627 5542 xiv),
1658 5482 1835 5538 quare

257 5569 546 5630 recesserit
572 5583 603 5623 a
624 5566 844 5622 "l-‘roade
860 5563 1004 5636 quod
1040 5563 1245 5619 scilicet
1272 5561 1425 5616 Titus
1451 5560 1687 5626 abesset,
1723 5574 1837 5614 rna-

249 5663 413 5717 ‘xitne'
449 5672 569 5716 cum
612 5658 782 5715 multa
827 5656 991 5713 corda
1024 5663 1208 5711 essent
1246 5659 1440 5726 parma
1474 5651 1557 5707 illi
1602 5652 1835 5707 ad-cne-

245 5752 541 5809 etende
572 5751 833 5819 Quaem
867 5746 1029 5803 modo
1053 5744 1464 5814 solvitnruquia
1494 5744 1629 5799 dum
1658 5741 1836 5800 γάρ

250 5842 684 5909 setﬂ‘roa’dem,
720 5840 1037 5901 ltcetmtta
1056 5841 1218 5897 cuius
1241 5838 1739 5909 invenissem-sata
1764 5835 1833 5892 ad

261 5938 618 6004 credendum,
675 5936 879 5993 invenit
924 5940 1103 6007 tamen
1152 5931 1349 5989 multos
1392 5930 1733 5988 adversarios
1780 5938 1835 5986 et

1922 4721 2152 4786 Christi,
2171 4720 2280 4775 Deo
2306 4718 2453 4776 Patri
2473 4717 2766 4789 placentes;
2784 4718 2908 4788 quia
2930 4718 3068 4775 sicut
3092 4718 3265 4790 placet
3291 4718 3512 4777 Denuo-

1924 4824 2103 4870 strutn
2125 4812 2321 4869 bonum
2351 4810 2763 4879 studium,qnod
2792 4809 3149 4879 impendimus
3173 4811 3258 4867 his
3283 4812 3373 4881 qui
3397 4810 3508 4885 sal-

1932 4914 2151 4971 vantur,
2165 4905 2243 4960 sic
2267 4903 2443 4976 placet
2453 4904 2615 4959 etiam
2638 4901 2765 4957 illud
2781 4904 2922 4972 quod
2946 4903 3306 4974 impendimus
3318 4902 3404 4957 his
3417 4902 3509 4974 qui

1924 5007 2180 5070 pereunt,
2209 4997 2459 5068 quoniam
2487 5004 2673 5053 nostra
2699 4994 2946 5050 voluntas
2979 4995 3098 5051 talis
3119 5004 3227 5060 est,
3255 5003 3315 5057 ut
3342 4994 3507 5053 νεΙΙετ

1938 5104 2058 5144 mus
2084 5101 2275 5143 omnes
2304 5088 2371 5160 (si
2401 5088 2702 5159 possemus)
2727 5086 2937 5153 salvare
2968 5103 2982 5140 :
3012 5086 3240 5155 ideoque
3278 5085 3512 5155 delectar

1932 5188 2024 5236 tur
2059 5181 2227 5235 odore
2265 5187 2462 5235 nostra:
2508 5178 2838 5235 intentionis.
2894 5176 3021 5235 Sive
3055 5177 3265 5248 ergoin
3300 5176 3388 5233 his
3416 5178 3510 5248 qui

1935 5272 2232 5338 salvantur,
2260 5271 2372 5325 sive
2407 5271 2459 5325 in
2491 5270 2573 5325 liis
2598 5270 2689 5340 qui
2715 5278 2965 5341 pereunt,
2992 5269 3167 5324 bonus
3193 5268 3328 5324 odor
3355 5277 3514 5337 erant

1932 5365 2162 5437 apostoli
2191 5364 2298 5419 Deo
2325 5362 2469 5417 Patri
2496 5362 2791 5432 placentes,
2820 5362 2945 5433 quia
2981 5360 3264 5419 sinceriter
3301 5367 3359 5417 et
3396 5359 3512 5419 sine

1937 5458 2244 5519 adulatione
2270 5456 2658 5527 praedicabant.
3428 5439 3433 5442 ’
3488 5516 3491 5523 ι

2010 5552 2143 5613 Aliis
2169 5550 2377 5625 quidem
2402 5563 2589 5609 sumus
2616 5546 2746 5611 odor
2767 5546 2948 5605 mortis
2976 5547 3030 5600 in
3042 5554 3280 5612 mortem,
3305 5544 3408 5603 illis
3431 5543 3515 5601 νίας

1932 5645 2135 5707 delicat
2166 5645 2359 5716 quibus
2381 5641 2756 5713 praedicamus,
2783 5640 2829 5711 si
2858 5647 3215 5707 contemnunt
3245 5639 3511 5717 credere:

1936 5738 2061 5799 alii!
2091 5746 2269 5801 autem
2296 5735 2428 5795 ador
2463 5734 2579 5791 vitae
2615 5734 2669 5789 in
2696 5732 2878 5798 vitam,
2900 5730 3016 5799 illis
3055 5729 3149 5803 qni
3190 5728 3415 5793 audiunt
3454 5736 3517 5787 et

1938 5831 2189 5897 credunt.
2233 5829 2368 5887 Cum
2416 5842 2522 5883 una
2577 5833 2721 5883 esset
2762 5824 3073 5897 praedicatio
3112 5822 3515 5901 apostolorum.

1940 5940 2104 5996 quam
2133 5920 2515 5994 iumondebaat
2550 5920 2799 5987 manilius
2837 5927 2891 5979 et
2932 5918 3232 6001 volentibus
3260 5914 3515 6001 prodere,
